3946 6432
135 525 248 633 6δέ

1440 562 1871 636 BERNELINI
1914 570 2240 639 MUSICA;

3419 578 3541 640 654

1354 834 2309 967 unaunam:

754 1039 1007 1127 CITA
1064 1041 1211 1126 ET
1268 1038 1545 1130 VERA
1607 1041 2037 1129 DIVISIO
2092 1039 2894 1131 MONOCHORDI

1414 1216 1490 1270 IN
1520 1197 1903 1273 DlATONlCO
1932 1218 2237 1275 GENERE.

193 1341 441 1422 Edimus
469 1356 724 1422 sequens
750 1339 1100 1422 opusculum
1130 1356 1199 1396 ex
1228 1341 1830 1422 cod..m'embranac_eo
1861 1342 2322 1422 regine‘sueciac
2370 1342 2694 1422 Christiane,
2741 1344 2843 1422 qui
2890 1348 3243 1422 asservatuc
3269 1345 3331 1402 in
3381 1347 3527 1404 bibl.

130 1414 405 1469 Vaticana
432 1410 702 1484 sign—atus
730 1410 1025 1484 olim_480,
1060 1428 1217 1467 nunc
1252 1413 1404 1468 1661.
1439 1412 1501 1466 In
1535 1413 1720 1468 fronte
1760 1413 1879 1468 haec
1926 1410 2103 1469 habet
2145 1414 2313 1470 Abaci
2361 1415 2564 1484 regula:
2613 1410 2817 1470 et'atia
2867 1415 3133 1484 quaedam.
3183 1416 3529 1475 Cbaractere

128 1485 432 1547 recentiori
465 1482 736 1538 additur:
772 1482 829 1538 G.
864 1482 1131 1551 Scholasti
1158 1484 1386 1539 Abacus.
1436 1485 1719 1539 Bernelini
1760 1485 1989 1551 Abacus,
2037 1487 2264 1540 musica.
2315 1482 2492 1540 Arith.
2538 1489 2590 1540 et
2633 1487 2810 1542 Geom.

2906 1487 3109 1542 erberti
3153 1487 3223 1542 ad
3271 1488 3526 1546 Adalbol-

126 1557 251 1631 dam
269 1555 586 1631 nonnulla,
606 1558 714 1609 etc.
748 1552 916 1631 illum
939 1548 1220 1631 nimirum
1238 1554 1648 1631 Adelboldum,
1662 1555 1768 1631 qui
1792 1548 1985 1631 adhuc
1999 1555 2406 1631 scholasticus,
2420 1556 2624 1631 factus
2647 1560 2853 1631 postea
2871 1557 3181 1629 episcopus
3199 1561 3527 1631 Trajecten-

125 1628 224 1693 sis,
258 1627 540 1699 Gerberto
563 1626 684 1699 jam
714 1625 972 1699 pontifici
1000 1626 1387 1699 subnomine
1416 1625 1703 1682 Silvestri‘
1731 1627 1786 1699 (II
1813 1626 2075 1699 vicissim
2099 1627 2400 1699 inscripsit
2418 1625 2702 1682 libellum.
2727 1625 3040 1699 Qerbertus
3060 1625 3195 1684 vero
3211 1645 3274 1685 se
3298 1625 3526 1688 Schola-

126 1700 338 1773 sticum
371 1696 637 1773 nominat
663 1696 724 1773 in
758 1697 959 1773 regula
977 1696 1043 1751 de
1072 1697 1246 1773 Aeaco
1274 1699 1533 1773 computi,
1565 1715 1691 1767 quae
1725 1697 1783 1773 in
1816 1696 2050 1773 laudato
2086 1696 2301 1773 codice—
2328 1698 2541 1773 legitur
2588 1704 2732 1773 post,
2763 1698 2929 1773 Bedes
2971 1716 3179 1773 versus
3222 1702 3296 1756 De
3341 1704 3525 1773 confe-
3570 1744 3585 1752 -

123 1771 316 1835 ctione,
351 1775 464 1824 etc.
499 1768 779 1839 Sequitur
811 1784 873 1840 p.
904 1770 966 1822 18
991 1770 1246 1838 praefatio
1285 1769 1473 1833 Abacz,
1524 1786 1685 1839 quem
1721 1770 1916 1840 jum‘or
1966 1771 2290 1824 Bcrnelinus
2336 1768 2509 1824 edidit
2553 1768 2816 1825 Porisius.
2863 1771 3091 1832 Domino
3137 1771 3347 1828 Amelio
3397 1768 3524 1829 Ber-

122 1841 343 1927 nelinas
373 1856 504 1922 suus
522 1844 750 1927 aeternae
775 1839 1055 1927 felicitatis
1080 1855 1299 1927 manas.
1331 1840 1542 1909 Mirari,
1564 1839 1736 1927 eam
1766 1847 1963 1927 sancte,
2012 1855 2120 1927 non
2169 1840 2355 1927 desino
2402 1842 2704 1927 exactioni}
2748 1843 2863 1897 tua.”
2908 1842 3388 1927 instantiquetc.
3410 1846 3523 1927 Ap-

124 1912 375 1987 pellatur
384 1912 461 1987 _in
482 1911 694 1987 eadem
727 1909 1063 1987 praefatione
1091 1911 1330 1987 limatius
1352 1911 1683 1987 penerabitis
1711 1911 1957 1987 sacerdos
1976 1914 2034 1987 ret
2080 1911 2377 1967 monachus
2395 1929 2418 1987 Ξ
2434 1984 2442 1987 _
2464 1912 2821 1987 mentionem
2867 1928 3102 1987 quoque
3146 1913 3309 1987 facit
3330 1909 3526 1987 operis

121 1980 213 2039 lini
235 2000 336 2056 pp.
371 1981 629 2038 Gcrberti.
664 1980 843 2053 pf3h.
878 1980 1171 2052 Opusculo
1201 1981 1272 2037 de
1301 1981 1493 2038 Abaco
1523 1999 1658 2037 mox
1685 1982 2064 2054 subjungitur
2093 1999 2349 2054 praesens
2380 1982 2499 2038 Cito
2527 1991 2578 2038 ct
2605 1999 2733 2039 vera
2761 1980 2958 2039 divisio
2984 1980 3354 2043 ἦιοηοσήονάί.

191 2214 512 2273 Dimidium
526 2212 1149 2286 proslambanomenos
1171 2218 1261 2269 est
1284 2214 1458 2281 Mese,
1478 2213 1657 2286 hujus
1673 2232 1770 2270 au-
1795 2220 1851 2285 Α
1880 2214 2063 2270 trardi
2078 2213 2242 2287 prius
2256 2219 2462 2270 tonum
2475 2221 2532 2270 et
2543 2216 2941 2284 semitonium,
2958 2220 3163 2289 postea
3173 2218 3322 2275 duos
3335 2221 3522 2278 tonos.

123 2309 237 2360 tem
270 2302 588 2358 dimidium
618 2307 707 2358 est
746 2307 877 2357 nete
926 2301 1336 2375 hyperboleon,
1382 2305 1551 2373 cujus
1598 2303 1772 2359 tertia

121 2410 253 2466 pars
285 2392 402 2448 sibi
433 2391 634 2447 addita
656 2395 746 2447 est
784 2396 914 2447 nete
964 2392 1443 2464 diezeugmenon.
1489 2392 1767 2464 Ejusdem

122 2486 249 2538 nete
281 2479 677 2553 byperboleon
708 2480 994 2536 medietas
1027 2479 1299 2536 similiter
1327 2481 1378 2536 ei
1409 2481 1627 2548 addita,
1679 2485 1769 2536 est

122 2575 396 2644 paranete
426 2569 880 2642 diezeugmenon
908 2588 921 2637 ;
955 2571 1123 2640 cujus
1155 2574 1362 2641 quarta
1405 2586 1539 2641 pars
1572 2572 1647 2641 (l)
1679 2575 1769 2624 est

120 2663 396 2731 paranete
408 2657 822 2730 byperboleon,
839 2657 1017 2728 hujus
1030 2662 1226 2713 autem
1239 2659 1521 2713 medietas
1538 2659 1648 2714 sibi
1672 2660 1765 2713 ad-

120 2748 240 2803 dita
270 2752 363 2803 est
389 2745 524 2801 trite
561 2746 1039 2818 diezeugmenon.
1083 2746 1263 2816 hujus
1311 2750 1509 2802 autem
1558 2752 1768 2819 quarta

120 2853 252 2909 pars
282 2837 361 2908 (2)
393 2839 483 2891 est
514 2834 647 2891 trite
677 2834 1088 2906 byperboleon.
1122 2836 1260 2891 Nete
1307 2836 1764 2908 diezeugmenon

120 2929 315 2981 autem
345 2924 519 2980 tertia
548 2940 685 2995 pars
716 2923 827 2978 sibi
858 2923 1057 2979 addita
1103 2928 1191 2979 est
1243 2940 1565 2995 paramese.
1623 2926 1766 2980 Ecce

120 3015 302 3070 babes
334 3018 463 3069 octo
493 3012 832 3079 divisiones,
866 3029 1115 3083 quarum
1148 3012 1462 3082 unicuique
1492 3014 1563 3068 ad
1595 3030 1763 3069 suam

119 3104 423 3176 diapason,
457 3100 677 3157 scilicet
703 3118 888 3173 usque
917 3100 1567 3173 proslambanomenon,
1592 3107 1649 3157 et
1669 3103 1769 3157 ha-

118 3192 285 3248 bebis
317 3190 652 3264 quindecim
676 3206 873 3258 sonos,
898 3190 960 3245 in
979 3189 1071 3245 bis
1090 3190 1370 3262 diapason
1393 3191 1764 3247 constitutos.

118 3280 318 3336 Prima
346 3278 571 3352 species
601 3278 961 3335 diatessaron
994 3282 1217 3334 constat
1267 3295 1335 3334 ex
1383 3283 1539 3348 tono,
1591 3280 1765 3336 semi-

119 3370 279 3426 tonio
311 3372 370 3424 et
398 3372 535 3424 tono
563 3367 661 3439 (3).
695 3368 963 3424 Secunda
991 3384 1060 3422 ex
1090 3367 1319 3423 duobus
1348 3368 1501 3423 tonis
1523 3372 1579 3423 et
1599 3368 1768 3425 semi-

116 3457 299 3515 tonio.
333 3456 534 3513 Tertia
563 3473 630 3511 ex
655 3455 965 3512 semitonio
994 3460 1053 3511 et
1082 3456 1312 3512 duobus
1350 3456 1524 3512 tonis.
1573 3457 1769 3512 Prima

115 3546 346 3621 species
375 3545 648 3617 diapente
687 3548 915 3600 constat
960 3560 1029 3600 ex
1080 3544 1270 3616 prima
1316 3544 1507 3615 specie
1554 3545 1770 3600 diates-

116 3652 289 3692 saron
324 3634 550 3706 adjecto
581 3638 718 3689 tono
745 3633 1041 3705 superius.
1084 3634 1355 3689 Secunda
1401 3651 1469 3689 ex
1513 3635 1770 3690 secunda

119 3725 488 3781 diatessaron
516 3723 742 3794 adjecto
766 3727 904 3778 tono
924 3722 1227 3801 superius.
1259 3723 1453 3778 Tertia
1482 3740 1551 3778 ex
1598 3723 1769 3779 tertia

118 3813 492 3871 diatessaron
523 3812 748 3884 adjecto
778 3816 915 3868 tono
948 3811 1211 3867 inferius.
1246 3813 1461 3878 Quarta
1490 3830 1557 3868 ex
1578 3813 1769 3884 prima

118 3903 315 3975 specie
364 3902 728 3957 diatessaron
781 3900 1005 3971 adjecto
1060 3904 1197 3956 tono
1244 3901 1510 3957 inferius.
1558 3902 1766 3958 Protus

115 3996 355 4048 constat
384 4006 453 4045 ex
480 3990 672 4062 prima
702 3989 893 4062 specie
925 3990 1216 4062 diapente,
1249 3994 1306 4046 et
1336 3990 1527 4062 prima
1576 3990 1768 4063 specie

113 4082 485 4138 diatessaron
531 4078 839 4151 superius;
892 4078 1219 4152 subjugalis
1265 4081 1393 4150 ejus
1441 4096 1510 4135 ex
1563 4081 1764 4136 eadem

109 4171 310 4243 specie
340 4169 635 4240 diapente,
668 4172 725 4223 et
762 4168 965 4223 eadem
992 4167 1184 4240 specie
1213 4168 1582 4225 diatessaron
1604 4187 1765 4241 supe-

108 4263 229 4315 rius
245 4259 349 4331 (4).
371 4257 662 4313 Deutcrus
675 4262 902 4313 constat
913 4275 981 4312 ex
994 4257 1255 4312 secunda
1267 4257 1459 4328 specie
1472 4257 1764 4330 diapente,

111 4347 454 4404 etsecunda
485 4345 674 4417 specie
703 4346 1067 4401 diatessaron
1117 4346 1389 4418 superius
1438 4346 1767 4419 subjugalis

111 4439 241 4510 ejus
273 4453 347 4492 ex
375 4435 580 4490 eadem
613 4434 803 4506 specie
834 4434 1124 4507 diapente,
1161 4440 1219 4489 et
1260 4436 1423 4490 tertia
1454 4434 1532 4506 (5)
1576 4437 1766 4507 specie

111 4527 483 4583 diatessaron
512 4522 774 4578 inferius.
808 4522 1006 4578 Tritus
1038 4528 1266 4578 constat
1292 4540 1360 4578 ex
1387 4522 1559 4579 tertia
1578 4522 1768 4595 specie

113 4614 413 4687 diapente,
436 4615 494 4666 et
522 4611 695 4666 tertia
714 4611 907 4682 specie
923 4611 1286 4667 diatessaron
1310 4630 1322 4680 ;
1343 4612 1422 4683 (6)
1440 4612 1768 4686 subjugalis

113 4704 242 4775 ejus
273 4718 346 4757 ex
374 4700 579 4756 eadem
632 4700 824 4772 specie
877 4699 1171 4773 diapente,
1217 4706 1275 4756 et
1323 4701 1526 4757 eadem
1577 4703 1768 4774 specie

115 4792 485 4847 diatessaron
516 4789 781 4846 inferius.
813 4789 1132 4846 Tetrardus
1173 4794 1400 4846 constat
1446 4808 1514 4846 ex
1561 4796 1770 4863 quarta

114 4880 310 4953 specie
342 4879 638 4951 diapente,
671 4883 729 4934 et
760 4878 951 4949 prima
1001 4878 1194 4950 specie
1254 4879 1620 4936 diatessaron
1666 4896 1765 4935 su-

1878 2303 2244 2359 Concordant
2281 2308 2476 2359 autem
2508 2305 2700 2375 prima
2747 2304 2938 2377 specie
2986 2305 3373 2376 diatessaron,
3423 2325 3527 2365 exa-

1877 2395 2064 2463 cepto,
2098 2392 2255 2463 quod
2286 2393 2551 2448 Tetrardi
2582 2398 2673 2450 est
2702 2395 2941 2465 inferior
2971 2394 3069 2466 (7).
3118 2395 3424 2454 Deuterius
3470 2402 3529 2455 et

1876 2480 2050 2536 tritus
2081 2481 2318 2536 omnino
2348 2481 2625 2536 contrarii
2648 2485 2818 2547 sunt;
2843 2498 2978 2537 cum
2999 2482 3272 2555 diapente
3289 2484 3523 2542 Deuteri

1874 2569 2039 2639 prius
2070 2573 2187 2624 tres
2219 2572 2387 2624 tonos
2419 2568 2652 2635 habeat,
2676 2574 2733 2625 et
2748 2574 2951 2641 postea
2972 2570 3382 2639 semitonium;
3404 2572 3524 2629 dia-

1875 2662 2046 2727 pente
2063 2675 2194 2714 vero
2216 2657 2337 2712 triti
2360 2657 2526 2729 prius
2549 2658 2947 2728 semitonium,
2971 2662 3174 2730 postea
3188 2663 3307 2715 tres
3326 2663 3517 2730 tonos;

1875 2752 1931 2799 et
1960 2745 2326 2802 diatessaron
2358 2746 2583 2803 deuteri
2615 2747 2693 2802 sit
2720 2748 2971 2803 duorum
3010 2752 3285 2804 tonorum
3322 2753 3382 2805 et
3426 2765 3518 2806 se-

1877 2834 2127 2903 mitonii,
2141 2834 2501 2891 diatessaron
2520 2840 2712 2891 autem
2731 2836 2852 2891 triti
2881 2836 3173 2893 semitonii
3190 2841 3249 2893 et
3267 2837 3518 2894 duorum

1871 2926 2166 2978 tonorum.
2184 2923 2241 2978 Si
2268 2923 2618 2980 converteris
2640 2923 2910 2997 diapente
2927 2925 3097 2997 preti,
3122 2925 3373 2982 efﬁcitur
3392 2924 3516 2983 dia-

1875 3017 2046 3082 pente
2074 3013 2336 3069 tetrardi.
2371 3013 2599 3069 Rursus
2640 3013 2880 3069 tetrardi
2906 3014 3200 3086 diapente
3241 3031 3520 3072 conversa

1876 3107 2111 3157 resonat
2141 3101 2413 3174 diapente
2442 3102 2613 3174 proti.
2656 3102 3029 3159 Diatessaron
3072 3120 3206 3160 vero
3253 3104 3518 3176 ipsorum

1876 3205 1990 3244 non
2024 3190 2400 3247 convertitur.
2449 3190 2509 3247 Si
2557 3191 2910 3247 converteris
2957 3191 3228 3265 diapente
3270 3192 3515 3265 deuteri,

1874 3277 2124 3334 efﬁcitur
2134 3279 2402 3351 diapente
2414 3279 2555 3334 triti.
2573 3279 2800 3335 Rursus
2817 3280 2938 3335 triti
2956 3279 3225 3353 diapente
3242 3297 3522 3337 conversa

1876 3371 2110 3422 resonat
2124 3367 2395 3440 diapente
2415 3367 2656 3423 deuteri.
2681 3366 2964 3425 Similiter
2982 3372 3040 3424 et
3060 3370 3312 3441 converti
3331 3373 3523 3443 potest

1876 3454 2236 3512 diatessaron
2267 3472 2491 3512 eorum.

2108 3606 2383 3645 mansum
2413 3606 2777 3645 FISTULARUM
2816 3607 2882 3646 ετ
2908 3582 3305 3649 monocnonbl.

1948 3723 2205 3795 Rogatus
2236 3740 2269 3777 a
2288 3722 2556 3810 pluribus
2576 3740 2753 3796 quam
2778 3740 2948 3795 saepe,
2973 3740 3076 3795 pro
3098 3728 3273 3795 captu
3299 3724 3521 3799 ingenii

1875 3811 2295 3882 demonstrare,
2331 3829 2457 3884 quae
2487 3811 2632 3868 ratio
2664 3812 2741 3869 sit
2770 3818 2836 3868 ut
2865 3811 3292 3868 mensuralitati
3321 3829 3523 3871 mono-

1875 3899 2074 3956 chordi
2095 3905 2346 3973 nequeat
2361 3903 2731 3973 respondere,
2759 3905 2862 3958 aut
2880 3901 2930 3957 si
2954 3901 3112 3958 istud
3133 3901 3284 3958 inter
3298 3906 3523 3960 secreta

1875 3988 2068 4045 adhuc
2099 3988 2332 4046 latentis
2364 3994 2584 4045 naturae
2614 3990 3003 4062 interceptum
3034 3989 3284 4058 deficiat,
3311 3980 3520 4047 saltem

1876 4095 1948 4133 ne
1980 4078 2097 4134 alia
2125 4078 2397 4150 quaelibet
2418 4078 2750 4136 inveniendi
2770 4096 2972 4135 earum
2994 4095 3300 4136 mensuras
3321 4079 3524 4155 regula

1876 4186 1937 4223 se
1969 4168 2192 4235 oll‘erat,
2212 4186 2283 4224 ne
2292 4168 2515 4240 judicio
2536 4172 2765 4224 tantum
2784 4168 3015 4224 aurium
3032 4167 3176 4224 illud
3199 4168 3523 4225 committa-

1876 4273 2032 4326 mus,
2066 4261 2123 4312 et
2149 4257 2489 4314 Aristoxeno
2522 4257 2850 4329 proximare
2877 4257 3202 4326 videamur,
3244 4275 3279 4313 υ.
3323 4256 3522 4314 Boetio

1875 4350 2072 4403 autem
2098 4351 2155 4402 et
2170 4346 2570 4419 Pythagoricis
2587 4347 3066 4402 condemnemur.
3087 4345 3348 4403 Primum
3369 4346 3520 4415 dico,

1876 4434 2139 4491 Boetium
2163 4452 2278 4490 non
2297 4434 2680 4506 culpandum,
2704 4434 2873 4506 quasi
2895 4452 3009 4491 non
3032 4439 3268 4508 experta
3285 4434 3522 4504 dixisse,

1878 4523 2131 4580 maxime
2149 4540 2282 4578 cum
2307 4523 2642 4596 Pythagorae
2658 4523 2910 4579 inventis
2930 4523 3198 4579 videatur
3215 4524 3523 4590 institisse,
3554 4512 3567 4533 ³

1877 4614 1978 4670 sed
2011 4617 2068 4668 et
2096 4612 2445 4682 Macrobius,
2469 4616 2526 4667 et
2546 4612 2900 4668 Censorinus
2922 4612 2993 4667 ad
3019 4611 3308 4667 Cerellum
3328 4612 3401 4667 de
3420 4629 3525 4668 na-

1875 4703 1978 4758 tali
2009 4718 2136 4771 suo,
2168 4701 2477 4757 videantur
2500 4701 2595 4758 his
2624 4706 3019 4757 consentanea
3048 4699 3380 4772 reliquisse,
3422 4700 3524 4756 sed

1879 4791 2026 4848 forte
2048 4790 2159 4847 alio
2174 4791 2356 4855 modo
2379 4789 2668 4846 foramina
2682 4790 3011 4847 ﬁstularum
3028 4790 3100 4846 ad
3113 4788 3525 4862 inspirandum

1877 4881 2128 4936 formata
2151 4879 2306 4951 apud
2338 4894 2437 4934 eos
2461 4878 2664 4949 fuisse,
2689 4879 2843 4951 quod
2865 4882 2922 4935 et
2940 4895 3048 4934 nos
3068 4881 3267 4934 utrum
3286 4877 3529 4935 curiosi-

115 4970 346 5040 perius:
373 4967 703 5040 subjugalis
725 4970 853 5039 ejus
876 4983 944 5022 ex
964 4968 1164 5023 eadem
1189 4968 1378 5040 specie
1401 4969 1692 5040 diapente,
1717 4975 1774 5024 et
1804 4957 1847 5023 C
1886 4973 2003 5024 tate
2033 4968 2294 5024 adhibita
2324 4966 2673 5039 perscrutati
2701 4968 3012 5035 fuerimus,
3045 4984 3151 5024 nec
3179 4983 3272 5030 ne,
3322 4983 3525 5040 super-

114 5058 320 5114 eadem
355 5056 547 5128 specie
584 5056 943 5111 diatessaron
994 5054 1259 5112 inferius.
1311 5056 1516 5111 Omnis
1567 5062 1773 5129 tropus

116 5145 453 5219 subjugalis
484 5145 749 5201 eamdem
784 5145 959 5201 habet
990 5145 1260 5217 diapente
1290 5150 1346 5201 et
1384 5146 1770 5217 diatessaron,

118 5250 296 5305 quam
331 5234 703 5290 authenticns
720 5235 867 5304 ejus.
894 5233 959 5288 Di
969 5234 1097 5290 ﬂ‘ert
1116 5237 1311 5290 autem
1320 5277 1338 5305 ,
1362 5236 1517 5306 quod
1536 5235 1774 5290 authen-

118 5323 272 5379 ticus
302 5322 668 5378 diatessaron
700 5321 875 5378 habet
903 5339 1081 5394 supra
1113 5322 1404 5395 diapente,
1446 5323 1774 5398 subjugalis

121 5412 293 5468 infra.
328 5415 540 5467 Protus
570 5414 627 5467 et
657 5412 956 5468 tetrardus
986 5412 1261 5467 contrarii
1289 5416 1450 5480 sunt,
1501 5429 1567 5467 eo
1617 5413 1771 5484 quod

121 5500 398 5575 diapente
428 5499 580 5572 preti
612 5499 788 5556 habet
830 5499 995 5572 prius
1046 5500 1194 5556 duos
1236 5504 1427 5568 tonos,
1471 5504 1529 5556 et
1575 5504 1777 5573 postea

120 5589 528 5659 semitonium,
559 5592 616 5646 et
644 5589 705 5645 in
738 5589 851 5647 line
898 5593 1136 5658 tonum;
1189 5590 1467 5663 Diapente
1507 5606 1642 5646 vero
1691 5594 1774 5646 te-
1828 5666 1835 5671 ἡ

190 5723 239 5790 (Ι
295 5723 493 5779 Adde:
527 5739 597 5779 ex
628 5722 817 5780 eadem
842 5724 1078 5779 sublata.

192 5723 271 5867 (ἓξ
303 5794 409 5867 llic
440 5794 630 5850 denuo
661 5794 1031 5867 addendum:
1054 5811 1078 5850 ε

214 5793 271 5851 2)
303 5794 409 5850 Hic
440 5794 630 5850 denuo
661 5794 1031 5849 addendum:
1054 5793 1229 5850 eidem
1257 5794 1493 5851 sublata.

192 5793 271 5938 £2)
303 5794 409 5850 Hic
440 5794 630 5850 denuo
661 5794 1031 5849 addendum:
1054 5793 1229 5850 eidem
1257 5794 1493 5851 sublata.

214 5865 436 5938 3)4Haac
464 5869 522 5938 et
551 5865 858 5938 sequentia
877 5866 1387 5938 conferendasunt
1411 5883 1545 5925 cum
1570 5866 1776 5937 Mono-

122 5934 342 6001 chorda
371 5934 678 6012 Guidonis,
708 5941 774 5998 ut
803 5936 1035 5999 facilius
1064 5935 1472 6014 intelligantur

1883 5058 2156 5113 sedemus
2187 5056 2394 5111 dicere.
2430 5056 2538 5111 Sed
2575 5055 2713 5128 quia
2743 5055 2853 5111 hoc
2892 5056 3037 5112 forte
3076 5055 3274 5128 plures
3321 5055 3529 5113 lecturi

1884 5150 2041 5211 sunt,
2074 5148 2129 5200 et
2159 5144 2456 5216 aliquibus
2488 5144 2665 5200 etiam
2687 5143 2817 5217 ipsa
2837 5135 3218 5200 monochordi
3240 5160 3533 5201 commen-

1885 5234 2163 5291 suralitas
2197 5234 2403 5305 ignota’
2425 5235 2556 5303 erit,
2590 5250 2886 5300 numeros,
2920 5233 3136 5306 quibus
3156 5236 3385 5291 constat
3403 5249 3533 5289 me-

1884 5323 2070 5379 tiendi
2103 5322 2326 5395 regula,
2357 5327 2413 5378 et
2440 5324 2733 5394 quomodo
2764 5322 3048 5396 paulatim
3074 5323 3147 5379 ad
3177 5339 3305 5379 eam
3335 5321 3538 5395 plura-

1883 5412 2109 5468 litatem
2143 5416 2487 5484 perventum
2522 5411 2617 5475 sit,
2652 5413 3064 5485 compendiose
3089 5427 3534 5485 prosequemur,

1885 5505 1951 5556 ut
1980 5504 2040 5556 et
2069 5501 2140 5555 ad
2172 5516 2274 5555 eos
2306 5497 2669 5570 quibuslibet
2699 5499 2937 5567 additis,
2978 5501 3312 5556 fistularum
3360 5498 3537 5555 etiam

1886 5588 2120 5645 numeri
2150 5592 2208 5644 et
2238 5605 2527 5645 mensurae
2553 5592 2877 5661 patescant,
2910 5594 2968 5645 et
2987 5589 3047 5644 hi
3079 5588 3417 5645 refellantur
3436 5584 3539 5661 qui

1979 5723 2033 5793 4)
2064 5721 2215 5793 Lege
2235 5737 2248 5777 :
2281 5722 2539 5793 inferius.

1977 5790 2031 5861 5)
2063 5790 2308 5849 Melius:
2339 5790 2598 5861 secunda,
2630 5807 2737 5849 seu
2767 5790 2973 5849 eadem.

1979 5864 2036 5932 6)
2064 5864 2226 5936 Adde
2252 5881 2265 5922 :
2296 5865 2568 5936 superius.

1977 5936 2032 6026 7)
2062 5935 2270 5997 Melius
2298 5951 2312 5997 :
2346 5935 2629 6031 superior.
