3946 6380
418 384 535 506 s51
1162 440 1348 509 sae.
1393 444 1472 507 x1
1515 440 1747 510 war.
1793 438 2113 509 mesen
2157 439 2348 508 ΑΝΝῙ
2392 439 2496 508 ET
2539 436 2838 508 scaIP'r.
2884 450 3109 501 mnu.
3718 436 3837 501 652

421 579 603 635 Nobis
635 577 808 633 fuerit
837 577 1105 644 aemulus,
1599 577 1658 633 Si
1688 577 1852 633 vobis
1872 576 2080 650 placet,
2113 577 2356 634 domini.
2771 577 2985 632 Contra
3011 575 3274 648 regulam
3305 575 3515 631 faciam

421 668 493 724 Et
518 683 622 722 vos
650 667 820 722 nobis
849 665 1193 739 praetulerit,
1598 666 1761 721 Tunc
1792 682 2044 736 nequam
2078 666 2271 738 inquit
2301 666 2544 738 spiritus
2577 682 2589 720 ε
2774 665 2909 728 Quae
2931 665 3101 736 jubet
3131 681 3238 720 nos
3268 680 3403 719 mox
3425 679 3686 736 surgere,

421 756 495 811 Et
522 754 816 811 chariores
847 754 1064 810 fecerit.
1602 786 1669 793 —
1696 777 1722 803 ‹‹
1751 754 1882 810 Jam
1917 755 2222 810 matutinis
2254 755 2560 822 terminus,
2781 754 2852 809 Ut
2881 752 3131 809 tinnitus
3161 752 3429 826 signierit

421 845 512 899 Ad
542 844 664 899 haec
687 843 989 916 respondit
1008 843 1352 912 monachus,
1598 842 2044 915 Appropinqu'at
2066 841 2388 916 Remigius,
2778 841 3016 897 Auritus
3046 842 3158 914 (10)
3188 842 3262 898 ab
3292 840 3574 898 auriculis

420 932 709 989 Constans
739 936 913 1005 atque
942 932 1272 1006 intrepidus
1305 950 1317 989 :
1602 934 1724 998 Quo
1755 930 1958 987 laudes
1986 937 2209 987 vestras
2240 932 2452 988 habeat
2781 932 2945 986 Tunc
2975 935 3062 986 est
3091 946 3329 986 necesse
3359 929 3638 987 fratribus

423 1020 506 1076 Tu
540 1038 646 1093 pro
677 1024 780 1077 tua
810 1021 1087 1094 superbia
1605 1022 1674 1075 Et
1705 1019 1984 1076 lectiones
2014 1021 2232 1075 audiat.
2781 1019 2854 1075 Ut
2882 1024 3193 1103 occurrant
3222 1035 3402 1090 quam
3423 1019 3596 1074 citius
3622 1037 3637 1088 ;

426 1111 610 1182 Atque
641 1110 836 1166 cordis
855 1110 1124 1178 audacia,
1602 1109 1713 1164 Sed
1745 1113 1802 1164 te
1833 1112 2031 1163 monet
2064 1126 2192 1181 qua:
2221 1110 2444 1181 [quam]
2476 1110 2670 1164 nescio
2779 1108 2834 1162 Si
2868 1108 3008 1180 quid
3034 1113 3095 1163 tu
3128 1106 3302 1176 male,
3335 1106 3596 1180 pervigil,

426 1198 706 1271 Vanaque
727 1197 1062 1255 extollantia
1605 1197 1976 1253 Consuetudo
2006 1197 2277 1270 improba
2786 1197 2936 1253 Dum
2968 1197 3267 1252 dormiunt
3288 1196 3565 1266 suaseris,

429 1286 739 1343 Perdidisti
769 1285 1044 1358 caelestia,
1600 1285 1673 1341 Ut
1703 1290 2016 1357 postquam
2046 1286 2300 1342 tinnitus
2329 1292 2461 1342 tuas
2781 1286 2900 1341 Hoc
2932 1284 3187 1341 deﬂeant
3215 1302 3350 1341 cum
3380 1284 3652 1359 lacrymis

428 1379 578 1429 Dum
608 1377 822 1445 putans
852 1372 1069 1447 [puta]
1103 1374 1214 1429 Deo
1246 1372 1457 1430 similis
1602 1373 1961 1429 Percusserit
1989 1373 2309 1439 auriculas,
2781 1376 2928 1429 Ante
2957 1371 3332 1446 conspectum
3364 1373 3617 1452 Domini,

428 1461 536 1517 Per
558 1461 893 1533 superbiam
926 1462 1049 1517 ﬁeri
1074 1480 1088 1529 ;
1602 1461 1812 1516 Statim
1842 1460 1991 1517 lecto
2023 1461 2245 1530 exilius,
2786 1460 2896 1515 Sed
2930 1461 3069 1532 quid
3100 1465 3157 1516 te
3187 1464 3453 1517 nostrum
3484 1477 3691 1518 canere

427 1555 497 1607 Et
522 1551 593 1607 de
622 1549 775 1606 claro
802 1550 1151 1624 archangelo
1224 1550 1225 1555 “
1602 1553 1670 1605 Et
1698 1551 1926 1622 primus
1958 1550 2016 1605 in
2049 1550 2295 1607 ecclesia
2777 1550 3029 1621 Spectat,
3058 1548 3196 1623 lupe
3228 1555 3363 1606 trux
3393 1551 3654 1622 pessime
3676 1550 3813 1622 (11).

429 1638 637 1694 Factus
668 1655 730 1694 es
753 1639 918 1712 niger
949 1639 1231 1711 Ethiops.
1578 1638 1663 1693 .Si
1695 1644 1879 1710 potes,
1910 1639 2062 1693 citus
2095 1640 2305 1706 abeas;
2784 1670 2852 1677 —-
2886 1639 3000 1711 Ego
3027 1655 3196 1694 curro
3227 1655 3330 1710 per
3358 1638 3555 1694 omnia

428 1726 488 1783 Si
521 1727 703 1782 nostri
732 1728 829 1782 Dei
863 1728 1092 1783 bonitas
1288 1736 1291 1739 ’
1602 1727 1746 1782 Nam
1779 1728 1919 1782 dum
1949 1732 2114 1800 potes
2146 1727 2470 1799 quiescere,
2784 1727 2854 1781 Et
2884 1726 3010 1782 volo
3041 1726 3202 1782 velox
3232 1743 3397 1795 aera;

426 1817 614 1887 Atque
646 1815 1048 1872 misericordia
1607 1817 1677 1871 Et
1706 1817 1970 1871 membra
1999 1832 2206 1872 somno
2232 1818 2458 1872 tradere
2780 1820 2919 1870 Sum
2954 1814 3203 1871 velocior
3226 1815 3375 1871 Euro

430 1903 611 1960 Nobis
642 1904 822 1959 donat
848 1905 1003 1976 quod
1036 1905 1301 1960 tumidus
1600 1907 1678 1960 Ac
1707 1904 1955 1961 dulciter
1984 1905 2304 1977 quieScere,
2785 1906 2851 1959 Et
2881 1904 3065 1960 lustro
3098 1905 3451 1961 monasteria
3476 1924 3490 1973 ;

428 1994 619 2063 Atque
650 1996 709 2047 tu
743 1992 937 2064 perdis
964 1992 1256 2064 turgidus,
1606 1992 1678 2047 Ut
1706 1993 1943 2061 stultus,
1978 1993 2312 2049 monasterii
2789 1993 2848 2048 Si
2874 2010 3047 2066 quem
3082 2009 3278 2049 meum
3310 1994 3621 2066 reperiam,

432 2080 549 2136 Nos
578 2079 834 2136 humiles
861 2081 1252 2153 acquiramus.
1610 2081 1842 2137 Primus
1865 2082 2014 2154 petis
2044 2081 2372 2138 introitum.
2787 2082 3080 2154 Quidquid
3114 2080 3242 2138 volo
3271 2081 3382 2138 hoc
3412 2082 3603 2138 faciat.
3639 2114 3707 2123 —

435 2169 583 2233 Quid
615 2170 788 2225 relert
818 2173 883 2224 ut
911 2170 969 2225 te
998 2169 1197 2226 doleas
1607 2170 1758 2225 Dum
1784 2171 1965 2227 Venite
1988 2170 2366 2243 protrahitur,
2784 2203 2849 2212 —
2882 2172 3143 2227 Tandem
3171 2172 3411 2226 modum
3445 2171 3719 2244 nequitiae

434 2258 553 2314 Nos
582 2258 706 2313 ﬁeri
738 2258 891 2330 quod
925 2258 1154 2314 fueras?
1188 2282 1215 2309 »
1607 2260 1860 2322 Quartus
1886 2267 1942 2316 et
1971 2259 2390 2333 nonagesimus
2422 2261 2517 2331 (9).
2784 2261 2917 2316 Jam
2946 2264 3009 2315 tu
3043 2261 3310 2328 mendax,
3345 2260 3456 2334 fige
3484 2265 3621 2330 tuae,

436 2345 640 2402 Plures
670 2362 969 2402 sermones
998 2346 1326 2418 sparsimus
1356 2366 1374 2402 :
1573 2382 1581 2389 -
1610 2347 1716 2410 Qui
1748 2365 1977 2405 morose
2008 2350 2149 2403 dum
2179 2348 2430 2414 canitur,
2786 2349 2853 2403 Et
2881 2348 3116 2404 desinas
3148 2346 3552 2421 blasphemiis.
3589 2371 3618 2399 »

433 2436 514 2490 Ac
537 2435 612 2491 de
644 2434 849 2490 multis
880 2434 1068 2507 questi
1099 2451 1307 2491 sumus
1608 2438 1772 2492 Tunc
1803 2439 1949 2493 satis
1979 2442 2144 2509 potes
2175 2453 2414 2510 surgere
2784 2437 3037 2492 Alternis
3066 2453 3368 2493 cessamus
3397 2435 3578 2511 loqui,

435 2524 569 2588 Quae
590 2521 852 2577 tulerunt
881 2522 1187 2579 insomnia
1606 2524 1680 2579 Ut
1714 2540 1986 2581 occurras
2018 2525 2075 2579 in
2103 2525 2326 2580 ordine.
2359 2556 2428 2564 —
2786 2524 3090 2580 Evanescit
3117 2541 3186 2580 ex
3213 2524 3417 2594 oculis,

433 2611 504 2666 Et
532 2627 566 2666 a
594 2611 786 2666 cordis
817 2611 1100 2666 memoria
1609 2644 1677 2651 —
1708 2612 1752 2668 Ο
1783 2612 2099 2685 castigator
2127 2612 2391 2684 improbe
2786 2613 3045 2668 Sumnus
3075 2612 3269 2685 gravis
3301 2629 3395 2668 me
3424 2614 3677 2682 deserit;

435 2698 719 2754 Oblivioni
750 2698 981 2754 tradita.
1614 2701 1862 2772 Imperet
1890 2700 1996 2756 tibi
2028 2701 2312 2756 Dominus
2786 2700 3104 2773 Copulatus
3134 2718 3268 2757 cum
3295 2703 3542 2769 caeteris,

432 2786 637 2842 Adhuc
667 2804 851 2842 unum
883 2786 1164 2858 quiddam
1197 2794 1398 2844 manet
1610 2789 1911 2861 Nusquam
1939 2794 2002 2844 tu
2033 2789 2181 2845 bene
2210 2789 2448 2856 habeas,
2787 2790 2898 2846 Oro
2932 2792 3111 2846 Deum
3145 2790 3394 2865 Remigii

435 2875 598 2939 Quod
623 2874 787 2930 vobis
817 2874 1004 2947 stylus
1034 2874 1255 2930 deferet
1612 2877 1722 2932 Sed
1745 2892 1979 2949 semper
2010 2877 2178 2932 bonis
2207 2893 2427 2943 careas,
2787 2878 2859 2934 Ut
2888 2877 3095 2934 visioni
3129 2866 3425 2935 somnium

438 2961 512 3018 Ut
536 2960 791 3017 audiatis
820 2960 1028 3026 seduli,
1615 2964 1722 3030 Qui
1754 2965 1968 3020 suades
1999 2967 2064 3019 ut
2091 2964 2389 3021 dormiens
2785 2965 2982 3021 Faciat
3009 2982 3138 3022 esse
3168 2981 3516 3039 congruum.

512 3129 591 3211 (ῼ)
622 3127 665 3183 Il
694 3128 963 3211 vaudrait
992 3128 1362 3211 mi‘eux‘pour
1382 3128 1434 3185 le
1461 3147 1597 3187 sens
1627 3148 1740 3204 que
1769 3130 1885 3187 l’on
1917 3130 2091 3188 chan-
2199 3149 2344 3189 aura
2373 3149 2576 3211 sonne,
2612 3134 2688 3189 du
2719 3133 2851 3211 vieil
2886 3133 3173 3190 allemand
3203 3137 3345 3207 sing,
3370 3134 3570 3192 cloche
3590 3137 3691 3211 qui
3711 3138 3861 3197 s’est

441 3199 573 3273 geat
591 3216 685 3254 ces
697 3199 1022 3273 _deux__vers
1050 3200 1120 3256 de
1150 3199 1312 3273 place
1345 3217 1358 3256 :
1643 3199 1663 3204 “
2201 3206 2475 3260 conservé
2507 3199 2658 3261 dans
2679 3207 2865 3261 tocsin.

691 3271 830 3343 Dum
859 3270 1456 3343 Vsmrspfotrahitur,
2451 3276 2544 3331 Les
2574 3277 2713 3332 cIers
2742 3278 2776 3331 ὰ
2805 3277 2967 3331 haute
2996 3279 3125 3332 voix
3143 3281 3193 3331 et
3220 3278 3362 3333 clere

695 3342 803 3410 Qui
826 3356 1035 3397 morose
1061 3342 1189 3397 dilm
1212 3346 1456 3409 canitur,
2448 3348 2510 3402 Te
2538 3346 2707 3402 DEUM
2743 3364 3043 3403 caueamus
3071 3351 3388 3404 chantérent

694 3412 929 3485 Quartus
961 3421 1009 3467 et
1030 3417 1434 3485 nonagesimus,
2447 3419 2544 3473 Les
2574 3434 2735 3473 smus
2758 3425 2810 3473 et
2837 3420 2916 3474 tes
2942 3418 3151 3474 cloches
3177 3423 3469 3475 sonnérent

695 3484 838 3564 Tune
859 3485 994 3538 satis
1018 3492 1163 3555 potes
1181 3484 1438 3564 surgere.
1503 3555 1517 3564 _
1676 3562 1682 3564 Α
1728 3558 1743 3564 _
1814 3556 1825 3564 _
1973 3560 1982 3564 _
2211 3561 2220 3564 _
2269 3487 2382 3564 (t1)
2415 3489 2570 3564 Dans
2605 3488 2859 3564 l’hympe
2888 3488 3345 3564 de_FlAavius,;_td
3369 3491 3627 3564 lationem
3652 3494 3862 3564 pedum

514 3552 659 3635 Mais
691 3553 774 3609 les
790 3554 952 3635 _de_ux
986 3552 1440 3635 manuscritsles
1464 3555 1692 3628 placent
1711 3558 1783 3612 de
1810 3556 1868 3612 la
1900 3560 2089 3614 meme
2198 3552 2454 3616 in'Caéna
2504 3552 2742 3624 Domin'i,
2776 3561 2921 3633 Opp.
2946 3560 3004 3615 S.
3027 3552 3310 3633 Gregorii,
3343 3566 3385 3617 t.
3422 3562 3521 3629 Ill,
3553 3579 3610 3635 p.
3651 3552 3789 3630 334,
3822 3564 3861 3619 il

440 3624 808 3704 maniere,_et
832 3623 958 3704 .l’on
999 3625 1291 3704 s’écartait
1334 3623 1486 3704 alors
1525 3645 1663 3704 sans
1696 3645 1886 3684 aucun
1920 3646 2089 3684 scru-
2198 3648 2234 3704 y
2262 3648 2297 3687 a
2329 3647 2342 3685 :

440 3695 689 3773 pulede
708 3695 915 3773 l’o_rd_re
944 3698 1349 3773 grammatical
1370 3700 1482 3773 des
1505 3703 1677 3773 mots.
2200 3695 2220 3704 ⁷
2448 3703 2593 3757 Trux
2623 3702 2764 3773 lupe,
2794 3701 2935 3757 Iuda
2961 3703 3214 3773 pessime.

511 3768 624 3839 (10)
655 3767 1101 3823 Probablement
1130 3768 1169 3823 il
1217 3771 1341 3824 taut
1370 3768 1476 3824 liro
1515 3770 1779 3833 auditus;
1808 3773 2086 3843 signicrit,
2445 3774 2571 3828 Fers
2601 3767 2742 3841 agito
2769 3774 2897 3828 miti
2925 3767 3097 3829 basia.

3418 3928 3854 3939 -—-—.____.__

3416 3945 3854 3958 Ἢ

1166 4061 1298 4148 DE
1359 4059 1759 4150 MUSIGIS
1817 4062 2365 4153 OPUSCULIS
2426 4060 3107 4162 SEQUENTIBUS

1929 4241 2357 4315 MONITUM.

1142 4402 1310 4475 (Dom
1341 4402 1630 4470 Genesar,
1663 4403 1960 4477 Scriptores
1988 4408 2339 4465 ecclesiastici
2364 4409 2429 4466 de
2457 4413 2687 4479 musica,
2716 4414 2760 4467 t.
2795 4411 2840 4480 Ι,
2876 4410 3127 4484 Praefat.)

426 4720 429 4723 ν
473 4767 487 4770 _
511 4695 854 4770 Claudimus
873 4696 1073 4770 inquit
1104 4700 1166 4751 D.
1198 4695 1460 4765 Gerbert,
1493 4697 1750 4770 primum
1784 4699 1892 4755 hoc
1922 4699 2291 4756 Collectionis
2322 4705 2532 4756 nostris
2571 4701 2843 4758 volumen
2887 4702 3065 4759 variis
3114 4705 3585 4764 dimensionibus
3633 4725 3855 4766 mono-

403 4792 410 4799 υ
439 4767 662 4836 cbordi,
692 4767 846 4848 quod
867 4767 1464 4848 instrumentumsuo
1486 4767 1553 4824 ex
1586 4771 1822 4848 nomine
1851 4771 2031 4848 unius
2046 4771 2289 4848 chorda
2318 4771 2376 4848 i_n
2407 4772 2633 4848 theoria
2664 4775 2901 4848 musica:
2937 4775 3147 4832 veteris
3198 4782 3331 4848 post
3368 4778 3614 4835 malleos
3650 4780 3857 4837 Pitha-

397 4847 414 4855 “
436 4849 589 4917 gora;
620 4838 844 4917 certum
876 4845 955 4917 et
980 4838 1286 4917 infallibile
1316 4841 1763 4917 fundamentum
1796 4842 1905 4917 fuit
1936 4842 2423 4917 adLinveniendas
2451 4844 3059 4917 demonstrandasque
3090 4838 3507 4904 consonantiae
3553 4854 3611 4905 et
3656 4851 3852 4908 inter-

436 4909 585 4988 valla
614 4910 1081 4988 musica._Atque
1112 4910 1245 4988 inde
1275 4912 1500 4966 musica
1530 4914 1771 4967 scientia
1803 4912 1876 4988 ad
1899 4911 2812 4988 certitudinemmathematicam
2844 4909 3123 4988 assurgit,
3157 4919 3470 4986 radiosque
3509 4919 3859 4979 Divinitatis

438 4979 609 5060 nobis
629 4984 885 5060 ostentat
916 4979 1280 5060 in’operibus
1309 4988 1552 5060 naturai.
1595 4982 1939 5060 corporibus
1975 5000 2180 5060 nempe
2208 4984 2660 5060 quibuscumque
2689 4988 2944 5060 sonoris,
2966 4979 3278 5060 in‘lquibus
3304 4979 3521 5046 eaedem
3564 5001 3856 5050 constan-

438 5053 527 5104 ter
556 5051 811 5125 rationes
842 5051 1220 5125 inveniuntur
1249 5051 1574 5107 innumeris
1609 5051 1726 5109 tam
1750 5051 2124 5125 harmonicis'
2142 5051 2313 5125 quam
2349 5051 2754 5124 arithmeticis,
2790 5064 2844 5112 et
2874 5051 3347 5125 eadem‘quidem
3387 5062 3857 5121 demonstratio-

442 5121 907 5199 numevidentia
937 5121 995 5199 i_n
1027 5123 1278 5194 pondere
1311 5130 1366 5178 et
1393 5140 1689 5199 mensura,
1715 5123 1905 5194 qualis
1937 5124 1994 5178 in
2026 5121 2345 5195 geometria
2370 5126 2618 5199 habetur
2651 5145 2663 5183 :
2699 5121 2915 5199 quibus
2965 5121 3243 5186 omnibus
3288 5132 3360 5187 ad
3413 5134 3597 5189 Deum
3642 5151 3859 5192 rerum

443 5191 801 5248 conditorem
823 5191 1121 5265 erigimur,
1156 5200 1328 5268 prout
1356 5196 1541 5250 omnia
1572 5196 1631 5249 in
1662 5191 1939 5262 mensura,
1968 5191 2292 5263 et'numero,
2323 5205 2375 5253 et
2398 5198 2635 5270 pondere
2663 5191 2955 5272 disposuit
2985 5200 3137 5274 (Sap.
3169 5219 3250 5269 χι,
3281 5203 3374 5275 21)
