3946 6420
133 502 252 610 asia

1442 542 1873 613 BERNELINI
1915 548 2242 616 MUSIGA;

3420 555 3543 618 654

1356 811 2312 945 εειψειιιιπι

756 1016 1009 1104 CITA
1067 1018 1213 1103 ET
1271 1015 1547 1106 VERA
1609 1018 2039 1106 DIVISIO
2095 1016 2896 1108 MONOCHORDI

1416 1193 1492 1248 IN
1522 1175 1905 1251 DIATONICO
1934 1195 2239 1252 GENERE.

196 1318 443 1401 Edimus
471 1332 726 1399 sequens
753 1317 1103 1399 opusculum
1132 1333 1200 1373 ex
1230 1318 1357 1373 cod.
1391 1319 1832 1375 membranaceo
1863 1319 2074 1445 reginas
2104 1320 2324 1403 Suecize
2373 1320 2696 1390 Christinze,
2743 1337 2784 1403 q

196 1396 408 1445 tticana
434 1393 704 1445 eleuatus
732 1387 872 1444 olim
904 1389 1028 1445 480.
1062 1405 1218 1444 nunc
1255 1391 1407 1445 1661.
1441 1389 1504 1444 In
1538 1389 1723 1445 fronte
1762 1390 1882 1445 haec
1972 1391 2105 1445 abet
2149 1392 2313 1445 Abacz
2363 1392 2566 1445 regula:
2615 1395 2666 1445 et
2702 1392 2778 1445 alz

130 1390 408 1446 Vaticana
434 1387 704 1461 sign—atus
732 1387 1028 1461 dimi/:80,
1062 1405 1223 1461 nunc,
1255 1391 1407 1445 1661.
1441 1389 1504 1444 In
1538 1389 1723 1446 fronte
1762 1390 1882 1445 haec
1929 1387 2105 1447 habet
2149 1392 2316 1447 Abacz'
2363 1392 2566 1461 regula:
2615 1387 2819 1447 et'ali'a

128 1461 434 1520 recentiori
466 1459 739 1515 additur:
774 1459 832 1515 G.
866 1460 1133 1516 Scholasti
1160 1460 1389 1516 Abacus.
1439 1462 1721 1516 Bernelz'ni
1762 1462 1991 1528 Abacus,
2040 1464 2266 1517 musica.
2317 1459 2494 1516 Ariih.
2540 1466 2593 1517 et
2636 1464 2812 1519 Geom.

1966 1319 2074 1392 inte
2104 1320 2324 1375 Sueciaa
2373 1320 2696 1390 Christinze,
2743 1321 2845 1392 qui
2892 1326 3227 1379 asservatur
3272 1322 3333 1380 in
3384 1324 3529 1381 bibl.

2903 1392 3135 1448 uadum.
3186 1393 3267 1450 Ch
3274 1399 3532 1452 aractere

2908 1464 3112 1519 erberti
3155 1464 3225 1519 ad
3274 1465 3528 1523 Adalbol-

126 1533 255 1608 dum
271 1532 588 1608 poenalia,
608 1535 717 1586 etc.
750 1529 918 1608 illum
941 1528 1222 1608 nimirum
1242 1530 1650 1608 Adelboldum,
1665 1532 1770 1608 _qu_i
1794 1532 1986 1608 adhuc
2001 1532 2626 1608 sch_olasticus,_i_'act_us
2648 1537 2855 1608 postea
2873 1535 3183 1606 episcopus
3201 1537 3529 1608 Trajecten-

125 1605 229 1671 sis,
261 1604 543 1676 Gerberto
564 1602 688 1676 jam
717 1602 975 1676 pontifici
1001 1602 1389 1676 subnomine
1418 1602 1706 1659 Silvestri'
1735 1604 1788 1676 II
1816 1603 2077 1676 vicissim
2101 1604 2402 1676 inscripsit
2422 1602 2705 1676 libellum.
2730 1602 3042 1676 Gerbe—rtus
3062 1602 3199 1661 vero
3214 1622 3277 1662 se
3301 1602 3528 1665 schola-

126 1677 340 1750 sticum
373 1674 639 1750 nominat
665 1673 727 1750 in
760 1675 960 1750 regule
979 1674 1046 1728 de
1074 1674 1248 1750 Aeaco
1277 1677 1535 1750 comperti,
1568 1691 1694 1744 qua
1729 1675 1785 1750 in
1818 1673 2052 1750 laudato
2088 1673 2303 1750 codice
2330 1674 2543 1750 legitur
2590 1680 2734 1750 post,
2765 1675 2930 1750 Bedes
2973 1693 3182 1750 versus
3224 1679 3299 1733 De
3344 1681 3526 1750 confe-
3572 1722 3587 1729 -

124 1749 320 1812 ctione,
354 1752 467 1801 etc.
501 1745 782 1816 Sequitur
811 1747 866 1817 ρ.
907 1748 968 1799 18
993 1747 1248 1817 praefatio
1288 1746 1475 1810 Abacz,
1526 1762 1687 1817 quem
1723 1747 1918 1817 junior
1968 1748 2293 1801 Bernelinus
2339 1745 2512 1801 edidit
2555 1745 2818 1802 Phrisius.
2865 1748 3094 1809 Domino
3141 1749 3349 1805 Amelz’o
3399 1745 3526 1805 Ber-

124 1818 346 1893 ηεζξηιιςς
376 1833 507 1893 suus
524 1821 752 1893 ,τέθνηκε
778 1816 1057 1893 Ιεὶζείζαιίις
1083 1832 1301 1893 manus.
1334 1816 1547 1887 Mirari,
1568 1816 1739 1893 Pater
1769 1825 1966 1893 sancte,
2014 1833 2123 1893 non
2171 1817 2358 1893 desino
2405 1819 2707 1893 exactioais
2751 1821 2865 1874 tuae
2911 1819 3261 1893 instantiam,
3281 1823 3391 1877 etc.
3413 1823 3526 1893 Ap-

126 1888 376 1964 pellatur
385 1889 463 1964 _in
484 1887 695 1964 eadem
730 1887 1065 1964 praefatione
1093 1888 1332 1964 {tmelius
1356 1888 1686 1964 penerabz'tis
1713 1888 1960 1964 sacerdos
1979 1891 2037 1964 ret
2082 1888 2381 1944 monachus
2398 1906 2420 1964 Ξ
2437 1961 2445 1964 _
2467 1889 2824 1964 mentionem
2870 1905 3105 1964 quoque
3149 1890 3312 1964 facit
3332 1887 3528 1964 operis

123 1957 217 2017 ᾱηὶ
239 1977 338 2033 pp.
373 1958 632 2015 Gerberti.
668 1957 845 2031 p.'3li.
880 1957 1173 2029 Opusculo
1204 1958 1275 2014 de
1304 1958 1495 2015 Abaco
1525 1976 1660 2014 mox
1688 1959 2067 2031 subjungitur
2095 1976 2351 2032 praesens
2383 1960 2502 2015 Cita
2529 1967 2581 2015 et
2608 1976 2735 2017 vera
2764 1957 2961 2016 divis—ia
2986 1957 3357 2020 monachordi.

193 2191 515 2251 Dimidium
530 2190 1152 2263 proslambanomenos
1173 2195 1263 2246 est
1286 2191 1461 2259 Mese,
1482 2191 1659 2262 hujus
1676 2209 1773 2247 au-
1798 2197 1853 2262 Α
1883 2191 2065 2247 trardi
2081 2191 2245 2264 prius
2261 2196 2465 2248 tonum
2478 2199 2535 2248 et
2546 2193 2944 2262 semitonium,
2961 2195 3324 2267 posteaduos
3337 2198 3525 2254 tonos.

125 2286 241 2337 tem
273 2279 591 2336 dimidium
621 2284 710 2335 est
750 2284 880 2334 nete
928 2278 1339 2352 hyperboleon,
1385 2282 1554 2351 cujus
1600 2281 1774 2336 tertia

122 2387 257 2443 pars
287 2369 404 2426 sibi
436 2369 637 2425 addita
659 2373 749 2424 est
787 2372 916 2424 nete
966 2369 1445 2441 diezeugmenon.
1491 2369 1770 2441 Ejusdem

122 2463 254 2515 nete
284 2456 679 2531 hyperboleon
711 2457 998 2514 medietas
1029 2456 1302 2513 similiter
1330 2459 1381 2513 ei
1412 2458 1630 2525 addita,
1681 2463 1772 2514 est

122 2552 399 2621 paranete
429 2546 883 2618 diezeugmenon
910 2565 924 2614 ;
957 2548 1126 2617 cujus
1157 2551 1365 2618 quarta
1408 2564 1541 2618 pars
1574 2548 1650 2618 (1)
1682 2552 1772 2602 est

119 2641 398 2709 paranete
410 2634 825 2707 hyperboleon,
841 2634 1019 2706 hujus
1032 2639 1229 2691 autem
1242 2635 1523 2691 medietas
1541 2636 1650 2691 sibi
1674 2636 1768 2690 ad-

120 2725 246 2780 dita
274 2729 365 2780 est
392 2723 527 2779 trite
564 2723 1041 2796 diezeugmenon.
1086 2723 1265 2795 hujus
1314 2728 1511 2779 autem
1561 2730 1770 2796 quarta

120 2831 256 2887 pars
285 2814 364 2885 (2)
395 2817 485 2868 est
517 2812 650 2867 trite
680 2812 1091 2884 hyperboleon.
1124 2813 1263 2868 Nete
1310 2813 1767 2885 diezeugmenon

120 2906 316 2958 autem
348 2901 522 2958 tertia
552 2918 688 2972 pars
718 2901 829 2956 sibi
861 2900 1059 2956 addita
1106 2906 1194 2957 est
1246 2917 1568 2973 paramese.
1625 2903 1768 2958 Ecce

119 2992 305 3048 habes
336 2994 466 3047 octo
495 2989 834 3056 divisiones,
868 3006 1117 3060 quarum
1150 2990 1465 3060 unicuique
1495 2991 1567 3045 ad
1597 3008 1766 3046 suam

119 3082 426 3153 diapason,
459 3078 679 3135 scilicet
705 3095 891 3150 usque
919 3078 1570 3150 proslambanomenon,
1595 3084 1652 3135 et
1671 3080 1771 3135 ha-

118 3169 287 3226 bebis
319 3168 655 3241 quindecim
679 3184 876 3236 sonos,
901 3168 962 3222 in
982 3167 1074 3223 bis
1093 3167 1373 3240 diapason
1396 3169 1767 3224 constitutos.

118 3258 319 3314 Prima
349 3256 574 3330 species
603 3255 964 3312 diatessaron
997 3259 1220 3311 constat
1270 3273 1337 3312 ex
1385 3260 1542 3325 tono,
1593 3259 1768 3313 semi-

118 3348 282 3403 tonio
313 3350 373 3402 et
401 3350 539 3401 tono
565 3345 664 3417 (3).
698 3345 966 3402 Secunda
993 3361 1063 3400 ex
1093 3344 1321 3401 duobus
1350 3345 1504 3401 tonis
1526 3350 1582 3401 et
1602 3346 1772 3402 semi-

118 3434 302 3492 tonio.
337 3434 537 3490 Tertia
565 3450 635 3489 ex
658 3433 967 3489 semitonio
997 3437 1055 3488 et
1085 3434 1314 3489 duobus
1352 3434 1527 3489 tonis.
1576 3435 1772 3489 Prima

116 3524 349 3598 species
378 3523 651 3595 diapente
689 3525 918 3577 constat
963 3539 1033 3577 ex
1082 3521 1272 3593 prima
1319 3522 1510 3593 specie
1556 3523 1772 3577 diates-

118 3629 294 3669 saron
327 3612 554 3684 adjecto
585 3616 721 3666 tono
748 3610 1044 3683 superius.
1087 3611 1358 3667 Secunda
1404 3628 1472 3666 ex
1516 3612 1773 3667 secunda

124 3703 490 3758 diatessaron
519 3700 745 3771 adjecto
771 3705 906 3755 tono
938 3699 1230 3772 superius.
1262 3700 1455 3755 Tertia
1485 3717 1553 3755 ex
1599 3700 1772 3756 tertia

123 3790 495 3848 diatessaron
526 3789 750 3861 adjecto
782 3794 918 3845 tono
950 3788 1214 3844 inferius.
1248 3790 1463 3855 Quarta
1493 3806 1560 3844 ex
1581 3789 1772 3861 prima

124 3881 318 3952 specie
367 3879 731 3934 diatessaron
784 3877 1007 3948 adjecto
1064 3880 1200 3933 tono
1247 3877 1513 3934 inferius.
1560 3879 1769 3935 Protus

121 3973 357 4025 constat
386 3983 456 4023 ex
482 3967 675 4040 prima
704 3966 896 4039 specie
928 3966 1219 4039 diapente,
1251 3972 1308 4023 et
1339 3967 1530 4039 prima
1579 3967 1771 4040 specie

119 4058 488 4114 diatessaron
535 4055 842 4128 superius;
895 4056 1222 4129 subjugalis
1268 4058 1396 4127 ejus
1444 4074 1512 4112 ex
1566 4058 1768 4112 eadem

116 4148 312 4220 specie
343 4147 637 4218 diapente,
671 4149 728 4200 et
764 4145 968 4200 eadem
995 4145 1187 4217 specie
1215 4145 1585 4202 diatessaron
1607 4164 1768 4218 supe-

113 4239 235 4293 rius
251 4238 267 4307 (
282 4236 352 4307 4).
374 4235 665 4291 Deuterus
677 4238 905 4289 constat
916 4252 983 4290 ex
997 4234 1257 4290 secunda
1270 4235 1461 4305 specie
1475 4233 1767 4307 diapente,

117 4331 175 4381 et
191 4324 457 4381 secunda
487 4323 677 4395 specie
707 4322 1069 4378 diatessaron
1120 4324 1392 4394 superius
1441 4324 1770 4396 subjugalis

116 4416 247 4487 ejus
278 4430 349 4468 ex
377 4412 583 4468 eadem
616 4411 807 4483 specie
837 4411 1127 4483 diapente,
1165 4416 1222 4467 et
1263 4414 1425 4467 tertia
1457 4412 1535 4483 (5)
1579 4413 1769 4484 specie

116 4504 486 4560 diatessaron
514 4498 778 4555 inferius.
812 4499 1009 4555 Tritus
1041 4504 1269 4555 constat
1296 4517 1363 4555 ex
1388 4499 1562 4556 tertia
1582 4500 1771 4572 specie

118 4591 415 4664 diapente,
439 4593 497 4643 et
524 4588 698 4643 tertia
717 4588 910 4660 specie
926 4587 1289 4644 diatessaron
1313 4606 1325 4657 ;
1346 4589 1425 4660 (6)
1443 4589 1771 4662 subjugalis

118 4682 250 4752 ejus
278 4695 349 4735 ex
376 4679 582 4734 eadem
635 4677 828 4749 specie
880 4676 1174 4749 diapente,
1221 4683 1277 4733 et
1326 4678 1528 4734 eadem
1580 4680 1771 4751 specie

120 4769 486 4825 diatessaron
519 4767 783 4823 inferius.
817 4766 1134 4823 Tetrardus
1176 4770 1404 4823 constat
1449 4786 1517 4823 ex
1564 4773 1773 4840 quarta

116 4857 313 4930 specie
344 4857 641 4928 diapente,
673 4860 732 4912 et
763 4855 954 4927 prima
1003 4856 1197 4927 specie
1256 4856 1623 4913 diatessaron
1669 4873 1768 4911 su-

1880 2280 2247 2337 Concordant
2284 2284 2479 2337 autem
2512 2282 2703 2353 prima
2749 2282 2940 2355 specie
2988 2282 3375 2353 diatessaron,
3426 2302 3530 2342 ex-

1879 2373 2066 2441 cepto,
2102 2369 2258 2441 quod
2289 2370 2555 2425 Tetrardi
2585 2375 2676 2427 est
2704 2372 2943 2443 inferior
2973 2372 3071 2443 (7).
3120 2372 3426 2431 Deuterius
3473 2379 3532 2432 et

1877 2458 2053 2513 tritus
2084 2457 2322 2513 omnino
2351 2459 2627 2513 contrarii
2651 2463 2821 2526 sunt;
2846 2476 2980 2514 cum
3002 2459 3274 2532 diapente
3291 2461 3525 2518 Deuteri

1877 2545 2041 2616 prius
2073 2550 2190 2601 tres
2222 2550 2390 2601 tonos
2422 2546 2655 2612 habeat,
2679 2551 2736 2602 et
2753 2552 2953 2617 postea
2974 2547 3384 2617 semitonium;
3406 2549 3526 2606 dia-

1878 2640 2048 2705 pente
2065 2652 2197 2691 vero
2219 2635 2341 2689 triti
2364 2634 2529 2707 prius
2551 2635 2949 2704 semitonium,
2973 2640 3175 2708 postea
3190 2640 3309 2692 tres
3328 2640 3519 2707 tonos;

1877 2728 1933 2777 et
1963 2723 2328 2779 diatessaron
2361 2724 2586 2779 deuteri
2617 2725 2696 2780 sit
2722 2725 2973 2780 duorum
3013 2729 3287 2782 tonorum
3325 2730 3385 2782 et
3429 2742 3521 2783 se-

1879 2812 2104 2866 mitonii
2116 2857 2129 2880 ,
2143 2811 2504 2868 diatessaron
2522 2818 2715 2869 autem
2734 2813 2855 2869 triti
2883 2813 3175 2870 semitonii
3193 2818 3252 2870 et
3269 2814 3521 2871 duorum

1875 2903 2169 2956 tonorum.
2187 2900 2243 2955 Si
2270 2900 2621 2957 converteris
2643 2901 2912 2974 diapente
2929 2902 3100 2974 preti,
3124 2902 3375 2959 efﬁcitur
3395 2901 3519 2960 dia-

1877 2994 2049 3059 pente
2077 2990 2339 3046 tetrardi.
2374 2991 2602 3046 Rursus
2642 2990 2883 3046 tetrardi
2910 2991 3203 3064 diapente
3244 3008 3522 3049 conversa

1879 3084 2114 3134 resonat
2144 3079 2416 3151 diapente
2445 3080 2616 3151 preti.
2659 3079 3032 3136 Diatessaron
3075 3097 3209 3137 vero
3256 3081 3521 3153 ipsorum

1879 3183 1994 3221 non
2027 3167 2403 3225 convertitur.
2453 3168 2512 3224 Si
2560 3168 2913 3224 converteris
2959 3168 3231 3242 diapente
3273 3169 3518 3242 deuteri,

1877 3255 2127 3311 efﬁcitur
2137 3256 2406 3329 diapente
2417 3257 2559 3312 triti.
2576 3257 2803 3313 Rursus
2820 3257 2941 3311 triti
2958 3257 3228 3330 diapente
3244 3274 3524 3315 conversa

1878 3348 2113 3400 resonat
2128 3344 2397 3417 diapente
2419 3344 2659 3401 deuteri.
2683 3342 2967 3402 Similiter
2984 3349 3043 3402 et
3063 3347 3315 3418 converti
3334 3350 3525 3420 potest

1878 3431 2239 3489 diatessaron
2271 3450 2493 3489 eorum.

2111 3583 2386 3622 sumsum
2416 3583 2780 3622 FISTULARUM
2817 3584 2885 3623 ενι*
2910 3559 3308 3625 monocsoabn.

1950 3700 2207 3772 Rogatus
2239 3717 2272 3754 a
2290 3699 2559 3787 pluribus
2580 3717 2755 3772 quam
2780 3716 2950 3772 saepe,
2975 3716 3079 3772 pro
3101 3692 3276 3772 captu
3302 3701 3523 3775 ingenii

1878 3788 2298 3859 demonstrare,
2333 3806 2460 3861 qua:
2489 3788 2635 3845 ratio
2667 3789 2744 3845 sit
2774 3794 2838 3844 ut
2867 3788 3295 3845 mensuralitati
3324 3806 3524 3847 mono-

1878 3876 2078 3932 chordi
2098 3883 2349 3950 nequeat
2363 3879 2733 3950 respondere,
2762 3881 2864 3935 aut
2883 3878 2932 3934 si
2957 3877 3115 3934 istud
3135 3878 3287 3935 inter
3301 3882 3525 3937 secreta

1878 3965 2071 4022 adhuc
2101 3965 2335 4023 latentis
2367 3971 2587 4022 naturae
2616 3967 3006 4039 interceptum
3037 3966 3287 4034 deﬁciat,
3314 3956 3523 4024 saltem

1879 4072 1951 4111 ne
1983 4055 2099 4111 alia
2128 4055 2400 4128 quaelibet
2421 4054 2752 4112 inveniendi
2772 4072 2975 4111 earum
2997 4072 3303 4113 mensuras
3323 4055 3526 4131 regula

1879 4163 1940 4201 se
1972 4145 2195 4212 offerat,
2215 4163 2286 4201 ne
2295 4145 2518 4217 judicio
2538 4149 2768 4201 tantum
2787 4145 3018 4201 aurium
3034 4144 3179 4200 illud
3201 4145 3526 4201 committa-

1879 4250 2035 4303 mus,
2069 4238 2126 4290 et
2152 4234 2493 4290 Aristoxeno
2525 4234 2853 4306 proximare
2881 4233 3204 4303 videamur,
3247 4252 3282 4290 a
3326 4233 3524 4290 Boetio

1878 4328 2075 4380 autem
2102 4328 2159 4379 et
2174 4323 2572 4396 Pythagoricis
2590 4324 3068 4379 condemnemur.
3091 4322 3351 4379 Primum
3373 4322 3523 4391 dico,

1880 4411 2143 4468 Boetium
2165 4429 2280 4467 non
2301 4411 2683 4482 culpandum,
2706 4411 2876 4483 quasi
2898 4428 3012 4469 non
3035 4415 3271 4484 experta
3288 4410 3524 4481 dixisse,

1881 4500 2134 4556 maxime
2152 4517 2285 4555 cum
2310 4500 2644 4572 Pythagoras
2661 4500 2914 4556 inventis
2933 4500 3200 4556 videatur
3219 4500 3526 4567 institisse,
3564 4490 3571 4493 ⁷

1880 4591 1981 4646 sed
2013 4594 2071 4644 et
2099 4588 2447 4659 Macrobius,
2472 4593 2528 4643 et
2549 4589 2902 4645 Censorinus
2924 4589 2996 4644 ad
3023 4588 3311 4644 Cerellum
3331 4588 3403 4643 de
3423 4605 3527 4644 na-

1878 4680 1981 4735 tali
2012 4695 2139 4748 suo,
2172 4678 2480 4733 videantur
2502 4676 2597 4733 his
2627 4682 3023 4733 consentanea
3051 4676 3382 4748 reliquisse,
3424 4676 3527 4732 sed

1881 4769 2029 4824 forte
2051 4767 2162 4823 alio
2176 4767 2358 4833 modo
2382 4765 2670 4821 foramina
2684 4765 3015 4822 ﬁstularum
3030 4766 3102 4822 ad
3116 4764 3528 4838 inspirandum

1881 4859 2131 4913 formata
2154 4856 2309 4928 apud
2341 4871 2440 4911 eos
2464 4854 2666 4925 fuisse,
2692 4854 2845 4927 quod
2867 4857 2924 4910 et
2943 4871 3050 4910 nos
3070 4857 3269 4910 utrum
3289 4852 3532 4910 curiosi-

119 4946 349 5018 perius:
375 4944 706 5018 subjugalis
728 4946 856 5015 ejus
878 4960 947 4999 ex
966 4945 1167 5000 eadem
1193 4944 1381 5016 specie
1403 4945 1694 5016 diapente,
1720 4951 1777 5000 et
1806 4933 1849 4999 C
1888 4950 2006 5001 tate
2035 4944 2297 5001 adhibita
2327 4943 2677 5016 perserutati
2704 4944 3014 5011 fuerimus,
3046 4959 3152 4999 nec
3181 4959 3274 5005 ne.
3324 4958 3527 5016 super-

118 5035 323 5090 eadem
357 5033 550 5106 specie
586 5033 946 5088 diatessaron
997 5031 1263 5088 inferius.
1314 5033 1519 5088 Omnis
1571 5039 1775 5106 tropus

117 5123 455 5197 subjugalis
487 5123 753 5178 eamdem
787 5122 962 5177 habet
993 5122 1263 5194 diapente
1293 5126 1349 5177 et
1387 5122 1773 5193 diatessaron,

120 5228 300 5283 quam
333 5211 706 5267 authenticus
723 5211 871 5281 ejus.
897 5209 1100 5267 Ditl‘ert
1119 5214 1341 5281 autem,
1365 5212 1520 5282 quod
1539 5211 1777 5266 authen-

119 5300 277 5356 ticus
306 5299 671 5355 diatessaron
703 5298 879 5354 habet
906 5316 1083 5371 supra
1117 5299 1408 5371 diapente,
1449 5299 1777 5374 subjugalis

122 5391 298 5445 infra.
331 5392 543 5445 Protus
573 5392 630 5443 et
660 5389 959 5444 tetrardus
989 5388 1264 5444 contrarii
1292 5392 1453 5456 sunt,
1504 5405 1570 5444 eo
1620 5390 1774 5460 quod

121 5478 400 5551 diapente
431 5476 584 5549 preti
615 5476 791 5533 habet
834 5476 998 5548 prius
1050 5477 1197 5533 duos
1240 5480 1430 5544 tonos,
1474 5480 1532 5533 et
1578 5481 1780 5550 postea

121 5566 531 5635 semitonium,
562 5569 619 5622 et
646 5567 707 5622 in
741 5566 854 5623 line
899 5570 1139 5635 tonum;
1192 5567 1470 5639 Diapente
1510 5583 1645 5623 vero
1694 5570 1777 5622 te-
1830 5642 1837 5647 .

198 5699 276 5768 (Ι)
299 5700 497 5756 Adde:
531 5715 600 5756 ex
631 5700 820 5756 eadem
845 5700 1081 5755 sublata.

221 5770 275 5827 2i
305 5770 412 5826 Hic
443 5772 633 5826 denuo
664 5771 1000 5826 addendum
1022 5786 1035 5825 :
1057 5770 1233 5826 eidem
1260 5771 1497 5827 sublata.

201 5770 275 5914 E2)
305 5770 412 5826 Hic
443 5772 633 5826 denuo
664 5771 1000 5826 addendum
1022 5786 1035 5825 :
1057 5770 1233 5826 eidem
1260 5771 1497 5827 sublata.

222 5842 277 5909 3)
293 5842 438 5914 Haec
468 5846 526 5914 et
555 5842 862 5914 sequentia
880 5843 1391 5914 conferendasunt
1414 5860 1548 5901 cum
1573 5842 1779 5902 Mono-

122 5910 345 5981 chorda
373 5910 681 5988 Gnidonis,
711 5917 777 5975 ut
807 5913 1039 5976 facilius
1067 5911 1476 5989 intelligantur

1886 5035 2159 5090 sedemus
2189 5032 2398 5088 dicere.
2433 5033 2541 5088 Sed
2578 5032 2717 5105 quia
2746 5031 2856 5088 hoc
2894 5031 3039 5088 forte
3078 5030 3277 5104 plures
3323 5030 3533 5088 lecturi

1886 5126 2044 5187 sunt,
2076 5125 2132 5177 et
2162 5120 2459 5192 aliquibus
2491 5121 2668 5176 etiam
2690 5120 2820 5194 ipsa
2841 5109 3220 5176 monochordi
3242 5135 3536 5176 commen-

1887 5210 2166 5267 suralitas
2199 5211 2403 5281 ignota
2427 5211 2559 5280 erit,
2593 5227 2890 5279 numeros,
2922 5210 3139 5283 quibus
3158 5213 3387 5267 constat
3406 5225 3535 5264 me—

1887 5299 2072 5355 tiendi
2106 5298 2329 5371 regula,
2359 5303 2417 5354 et
2442 5300 2736 5370 quomodo
2766 5298 3051 5372 paulatim
3077 5300 3150 5355 ad
3179 5315 3308 5355 eam
3338 5297 3541 5371 plura-

1886 5389 2113 5445 litatem
2145 5391 2490 5460 perventum
2525 5387 2620 5453 sit,
2655 5389 3067 5460 compendiose
3092 5403 3536 5461 prosequemur,

1888 5481 1954 5532 ut
1983 5481 2043 5533 et
2072 5477 2143 5532 ad
2176 5493 2277 5531 eos
2309 5474 2672 5547 quibuslibet
2702 5475 2940 5542 additis,
2981 5476 3314 5532 ﬁstularum
3362 5474 3539 5531 etiam

1889 5565 2123 5622 numeri
2154 5568 2211 5621 et
2241 5581 2530 5620 mensurae
2555 5568 2880 5637 patescant,
2913 5569 2971 5621 et
2990 5564 3050 5620 hi
3081 5563 3419 5621 refellantur
3438 5560 3541 5636 qui

1982 5698 2036 5769 4)
2067 5698 2218 5769 Lege
2239 5715 2252 5753 :
2284 5698 2542 5769 inferius.

1980 5767 2034 5837 5)
2066 5767 2311 5826 Melius:
2342 5767 2601 5837 secunda,
2633 5783 2739 5825 seu
2769 5767 2976 5825 eadem.

1982 5841 2040 5909 6)
2067 5841 2229 5912 Adde
2255 5858 2267 5898 :
2299 5841 2570 5912 superius.

1980 5913 2036 6003 7)
2066 5911 2274 5974 Melius
2301 5928 2315 5973 :
2349 5912 2632 6008 superior.
