3946 6424
418 472 536 534 655

1163 470 1350 538 SEO.
1395 471 1473 538 XI
1517 474 1746 540 AUCT.
1792 474 2105 541 INCERTI
2149 476 2339 557 ΑΝΝΙ
2384 478 2485 544 ET
2529 479 2826 548 SCRIPT.
2872 489 3096 542 ’AAEzn.

3689 455 3798 548 656

419 612 649 685 putant,
682 607 946 664 Boetium
970 610 1242 681 majores,
1276 627 1452 682 quam
1473 627 1711 668 necesse
1732 612 1925 680 tuerit,
1951 629 2059 667 nu-
2089 617 2143 681 Α
2173 614 2330 681 dam,
2362 632 2490 687 quae
2520 617 2752 674 duobus
2782 620 2937 675 tonis
2968 624 3026 676 et
3055 618 3433 676 semitonium
3454 622 3696 689 constat,
3715 618 3799 675 vel

414 714 612 755 meros
642 699 703 754 in
734 697 1032 755 armonica
1062 698 1266 772 regula
1296 701 1691 758 mensuranda
1710 707 2064 759 commenta-

417 792 546 843 tum
576 804 723 844 esse.
755 787 993 843 Numeri
1027 787 1204 854 enim,
1240 788 1338 862 qui
1372 788 1745 863 interruptim
1787 791 2062 864 sympho-

418 876 550 933 nias
579 877 970 948 ostenderent,
1003 894 1152 950 pene
1177 877 1331 935 intra
1359 879 1807 946 duodenarium,
1832 880 1919 937 vol
1946 899 2063 936 mu-

415 966 570 1023 xime
598 966 754 1022 intra
780 984 962 1022 xxun.
998 967 1244 1024 inveniri
1273 972 1558 1041 poterant,
1582 975 1647 1025 ut
1669 971 1933 1042 subjecta
1963 971 2060 1026 de-

416 1055 654 1128 scriptio
684 1057 853 1113 docet
881 1057 978 1129 (8).

487 1146 600 1201 Sed
625 1146 1040 1202 continuandis
1068 1164 1142 1203 xv
1173 1147 1485 1214 sonitibus,
1518 1146 1607 1203 vel
1657 1147 1832 1204 etiam
1879 1149 2057 1203 trium

415 1250 697 1307 generum
718 1235 1100 1292 tetrachordis
1123 1238 1397 1293 omnibus
1420 1236 1604 1293 multo
1628 1237 2058 1294 numerosiores

415 1325 1482 1382 exstantnecessarii.Adinveniendos
1502 1326 1658 1382 enim
1694 1326 1840 1382 duos
1883 1326 2059 1382 conti-

413 1430 563 1470 nuos
593 1418 764 1471 tonos
794 1413 855 1471 in
886 1415 1274 1482 diatessaron,
1304 1415 1391 1471 vel
1423 1421 1541 1471 tres
1574 1416 1631 1470 in
1654 1415 1945 1488 diapente,
1966 1415 2055 1472 vel

412 1518 514 1559 sex
565 1503 640 1576 (9)
687 1507 890 1559 contra
934 1502 1366 1573 Aristoxenum,
1418 1504 1508 1559 vel
1563 1504 1855 1576 quaslibet
1909 1504 2056 1560 alias

411 1591 968 1664 superparticulares
1017 1592 1442 1664 proportiones,
1493 1596 1742 1664 possunt
1788 1592 2055 1648 sufﬁcere

409 1681 683 1737 lectiones
712 1680 892 1737 Boetii
916 1680 1003 1736 vel
1027 1681 1086 1736 in
1119 1680 1368 1749 musica,
1401 1681 1488 1737 vel
1541 1681 1600 1736 in
1653 1680 2050 1737 Arithmetica.

408 1772 481 1828 Ut
506 1772 701 1828 autem
733 1771 1017 1845 paulatim
1045 1772 1338 1845 progressi
1370 1774 1440 1828 ad
1468 1757 1545 1829 TI.
1597 1790 1717 1829 ccc.
1769 1788 1901 1841 1111.,
1953 1774 2053 1845 qui

407 1862 637 1933 primus
667 1866 756 1916 est
801 1861 980 1917 trium
1025 1876 1307 1934 generum
1356 1878 1659 1929 numerus,
1710 1865 2051 1936 perventum

407 1956 518 2020 est,
552 1951 635 2006 sic
665 1955 897 2024 ceptum
942 1955 1051 2007 est.
1103 1951 1356 2019 Primus,
1412 1956 1470 2007 et
1521 1968 1635 2023 quo
1688 1950 1898 2018 minor,
1950 1951 2051 2022 qui

407 2041 734 2113 epogdoum
774 2040 1109 2109 constituat,
1164 2057 1280 2096 non
1328 2040 1676 2108 inveniatur,
1722 2041 2053 2095 octonarlus

406 2134 515 2198 est,
548 2131 677 2202 ejus
700 2134 901 2186 octava
930 2129 1042 2186 sibi
1072 2129 1270 2186 addita
1299 2130 1474 2186 efﬁcit
1509 2127 1907 2198 novenarium,
1951 2128 2053 2200 qui

406 2217 602 2274 statim
637 2218 956 2292 epogdoica
1008 2219 1230 2274 ratione
1272 2218 1631 2283 destituitur,
1685 2234 1751 2272 ac
1798 2233 1900 2289 per
1945 2217 2052 2273 hoc

402 2308 453 2361 si
474 2305 585 2380 (10)
616 2307 731 2363 duo
761 2307 1022 2363 continui
1057 2306 1179 2362 toni
1209 2307 1307 2364 hic
1337 2306 1449 2362 sibi
1498 2306 1854 2375 succedunt;
1904 2322 2053 2377 quos

402 2395 451 2454 si
481 2412 585 2469 per
614 2395 909 2469 quoslibet
939 2412 1128 2467 usque
1153 2395 1223 2450 ad
1253 2395 1615 2450 octonarium
1669 2393 2049 2466 multiplices,

402 2484 584 2541 nihilo
637 2484 772 2558 plus
825 2485 1111 2558 perﬁcies.
1161 2484 1293 2539 Jam
1340 2484 1503 2557 vero}
1524 2501 1628 2557 per
1684 2483 2047 2539 octonarium

399 2575 734 2632 octonarius
777 2591 950 2629 mum.
1005 2573 1173 2640 fiunt,
1222 2590 1471 2646 quorum
1520 2577 1741 2640 octava,
1786 2590 1913 2645 quae
1962 2577 2051 2628 est

399 2683 513 2723 vm.
544 2663 764 2720 eisdem
811 2661 1029 2729 addita,
1081 2680 1250 2718 uxr].
1306 2661 1461 2730 facit,
1510 2662 1621 2735 (Η)
1674 2662 1772 2734 qui
1823 2666 1880 2717 et
1925 2661 2049 2734 ipse

399 2754 645 2828 epogdoi
677 2753 898 2809 ratione
919 2755 1108 2820 caret;
1133 2753 1205 2807 ad
1228 2752 1592 2808 diatessaron
1614 2768 1747 2807 vero
1770 2750 2046 2823 supplen—

470 2862 547 2934 (8)
579 2861 733 2917 Deest
761 2860 1068 2932 descriptio.
1100 2860 1267 2916 Forte
1294 2858 1429 2915 talis
1459 2875 1587 2915 esse
1618 2858 1873 2914 deberet.

651 3222 732 3272 VI.
1026 3242 1047 3263 z
1155 3222 1285 3274 VIII.
1401 3223 1547 3276 VIIII.
1834 3221 1942 3272 ΧΠ.

1007 3014 1022 3196 Ι

509 3727 806 3795 L_..__._

545 3284 2048 3304 Μ

1627 3691 1651 3725 Α

1776 3389 2067 3784 ﬂj

648 3308 662 3644 Ι

592 3389 662 3644 τ’)
739 3389 1193 3553 ΙττεεεΑ-ΙΞΙ
1272 3389 1613 3551 Ιῖιῖτὲ

513 3389 531 3795 Ι
814 3695 848 3732 Α
925 3706 929 3710 -
1212 3689 1242 3727 ιι

491 3823 548 3895 9)
568 3822 798 3895 γευρρΙθ
820 3839 834 3878 :
868 3824 926 3878 in
957 3822 1241 3893 diapason.

494 3893 584 3950 10)
615 3893 852 3949 Melius:
885 3909 1001 3948 nec.

498 3960 582 4033 11)
614 3964 907 4019 Numerus
938 3980 1108 4019 Lxxu.
1141 3963 1439 4035 epogdous
1468 3979 1602 4035 cum
1636 3960 1731 4027 sit,
1774 3961 1867 4016 hic
1900 3977 2041 4032 sup-

398 4034 744 4110 pleri__d_ebet
771 4052 797 4110 :_
816 4035 1026 4110 h_orum_
1051 4034 1282 4110 (nempe
1306 4034 1517 4110 _Lxxu.)
1564 4036 1618 4110 si
1663 4041 2044 4110 _ockwa_,__g_a_.33

395 4104 476 4165 Est
537 4106 690 4174 VIIII,
741 4105 945 4162 eisdem
991 4104 1167 4161 dequ
1213 4104 1467 4171 addatur,
1500 4104 1764 4176 efﬁcitur
1828 4104 2039 4159 LXXXI.

395 4180 508 4252 quiq
530 4182 583 4252 et
610 4179 745 4252 ipse,
776 4181 884 4231 etc.

495 4250 580 4318 l2)
611 4247 814 4303 Potius
838 4264 850 4303 :
883 4247 1111 4303 calculo.

494 4321 584 4387 13)
613 4318 824 4374 Melius
847 4337 861 4374 :
895 4325 1165 4374 tonorum.

490 4390 576 4462 14)
621 4390 706 4462 Ut,
739 4405 991 4462 sequens
1038 4388 1252 4462 tabella
1300 4389 1463 4462 fieret
1493 4387 1741 4462 clarior,
1804 4388 2039 4462 eosdem

393 4459 671 4518 numeros
694 4461 754 4516 in
779 4459 961 4517 altera
978 4459 1254 4516 columna
1274 4460 1451 4533 cyt‘ris
1472 4459 1734 4516 Arabicis
1755 4460 2038 4533 expressi,

464 4251 483 4460 ἓ

1346 4617 1579 4928 εξ.
1664 4599 2093 4916 ss“.

723 5012 938 5068 Numeri
963 5002 1372 5078 quincupliciter
1396 4996 1480 5048 bis
1498 4990 1757 5059 diapason

667 5101 1010 5160 ostendentes
1055 5109 1186 5150 cum
1222 5080 1558 5143 differentiis.

644 5213 702 5275 ε.
790 5210 924 5253 γιιι.
982 5189 1140 5275 Nete
1176 5182 1301 5275 ἡδί-τ

1041 5261 1297 5323 ὶδοὶροιι.
1412 5266 1454 5306 1ο

1412 5438 1717 5452 .—-—-————_

521 5356 596 5414 Τ.
661 5352 709 5412 f.
799 5357 955 5408 vim.
1412 5375 1457 5418 ι,
1503 5383 1560 5417 σ,

525 5438 599 5498 Τ.
656 5452 714 5496 (3.
798 5448 862 5490 ἶ.
903 5454 959 5486 σ.

525 5444 599 5498 Τ.
656 5452 714 5496 (3.
798 5448 862 5490 ἶ.
903 5454 959 5486 σ.
1412 5444 1711 5452 --——

525 5526 598 5584 Τ.
650 5522 712 5582 d.
807 5533 889 5573 in.
934 5522 983 5579 ζ.
1019 5535 1072 5566 σ.
1111 5510 1228 5566 etc.
1395 5444 1473 5633 ll.
1508 5510 1622 5565 ς.ς.
1655 5523 1711 5558 σ.

532 5622 597 5682 S.
663 5634 719 5679 c.
803 5627 919 5671 xu.
1067 5692 1090 5705 ἰ
1397 5622 1552 5705 ’πῖ

533 5709 610 5770 Τ.
656 5707 719 5764 b.
805 5716 942 5759 xm.
980 5692 1090 5762 cf.’
1401 5692 1735 5770 ιε-ίί-α

536 5803 612 5866 Τ.
667 5818 724 5863 a.
813 5813 909 5859 xv.
942 5821 997 5855 σ.
1029 5799 1080 5854 ϐ.
1401 5798 1413 5866 ι
1448 5798 1515 5840 ll.
1560 5806 1608 5845 ς.

542 5890 607 5956 S.
669 5904 729 5971 ε.
813 5901 937 5953 m-
977 5880 1172 5952 Mess.

1924 3195 2071 3314 Π

2172 707 2426 775 quatuor
2481 704 2768 775 terminis,
2826 707 2884 764 id
2942 713 3052 775 est,
3107 707 3298 765 tribus
3353 706 3685 777 intervallis,
3740 706 3801 764 hi

2172 793 2422 861 numeri,
2455 794 2513 850 id
2546 799 2655 865 est,
2688 813 2862 852 LXIIII.
2895 813 3065 852 Lxxn.
3100 814 3283 853 LXXXI.
3317 795 3669 863 sufficerent,
3691 795 3799 852 nisi

2173 882 2325 953 quod
2358 882 2587 954 primus
2617 901 2819 940 eorum
2850 886 3021 941 tertia
3049 890 3212 958 parte
3242 889 3419 952 caret,
3451 902 3578 958 qua:
3626 885 3801 941 eidem

2170 970 2370 1026 addita
2389 977 2665 1045 quartum
2688 973 3007 1030 terminum
3029 973 3382 1031 constituere
3397 973 3648 1030 deberet.
3665 973 3805 1038 Quo-

2169 1059 2322 1115 circa
2349 1065 2439 1116 ter
2466 1060 2654 1119 eidem
2705 1062 2933 1119 numeri
2981 1063 3141 1119 ducti
3192 1063 3454 1119 efficiunt
3498 1079 3618 1129 eos,
3663 1079 3802 1135 quos

2169 1153 2400 1205 constat
2424 1149 2690 1206 Boetium
2721 1168 2756 1208 a
2773 1152 2972 1208 Timeo
2995 1152 3251 1209 Platonis
3272 1154 3597 1217 mutuasse,
3621 1151 3675 1207 id
3695 1155 3799 1219 est,

2166 1253 2218 1293 c.
2274 1255 2433 1308 xc11.,
2486 1256 2572 1295 cc.
2632 1256 2772 1307 πενίη
2830 1258 2916 1296 cc.
2976 1258 3153 1307 xum,
3210 1258 3460 1314 quorum
3518 1241 3700 1313 primo
3752 1240 3799 1296 si

2166 1327 2396 1383 tertiam
2431 1345 2603 1393 suam
2634 1328 2948 1397 addideris,
2982 1347 3069 1385 cc.
3107 1346 3242 1399 LVI.,
3271 1329 3331 1385 id
3377 1334 3484 1397 est,
3534 1333 3801 1402 quartum

2166 1416 2485 1471 terminum
2517 1416 2827 1490 supplesti,
2850 1421 2916 1473 ut
2946 1417 3025 1474 sit
3072 1417 3300 1491 integra
3347 1417 3702 1473 diatessaron
3749 1433 3799 1471 c.

2166 1521 2323 1572 xcu.,
2357 1523 2445 1560 cc.
2479 1522 2618 1575 xv1.,
2643 1523 2730 1562 cc.
2762 1523 2944 1575 xum,
2973 1524 3057 1562 cc.
3092 1523 3228 1574 LVI.,
3277 1522 3529 1578 quorum
3577 1504 3797 1578 primus

2164 1593 2248 1648 vel
2283 1610 2384 1665 per
2414 1594 2504 1649 bis
2529 1599 2656 1650 octo
2688 1595 3019 1662 duodecies,
3050 1593 3141 1651 vel
3170 1588 3392 1667 per'ter
3429 1599 3556 1651 octo
3605 1593 3801 1663 octies,

2164 1682 2247 1737 vel
2310 1700 2410 1755 per
2453 1688 2664 1755 .quater
2711 1688 2840 1740 octo
2886 1684 3096 1752 sexies,
3143 1684 3242 1756 qui
3307 1699 3513 1740 omnes
3575 1683 3804 1739 musice

2163 1780 2514 1844 congruunt,
2549 1773 2811 1829 numeris
2843 1772 3147 1843 solidatur,
3179 1772 3268 1828 vel
3298 1771 3350 1829 si
3399 1788 3516 1845 qua
3559 1776 3649 1828 est
3692 1772 3806 1828 alia

2162 1862 2290 1929 ejus
2324 1865 2533 1917 natura
2565 1863 2807 1918 docente
2844 1862 3084 1917 Calcidz'o
3112 1862 3223 1933 (12)
3255 1861 3495 1935 patebit.
3528 1856 3630 1917 His
3675 1876 3807 1917 vero

2083 1985 2131 2049 Β
2165 1950 2261 2005 alii
2293 1951 2613 2049 epogdoica
2642 1950 2865 2049 ratione
2882 1967 3101 2049 usque.
3114 1950 3185 2007 ad
3206 1951 3500 2049 integrum
3527 1944 3807 2049 diapason

2166 2043 2411 2110 possunt
2431 2039 2638 2111 aptari,
2664 2039 2775 2095 nisi
2798 2040 2935 2112 quia
2956 2039 3245 2113 septimus
3265 2038 3554 2095 terminus
3583 2038 3805 2111 integro

2163 2144 2275 2181 non
2306 2132 2493 2198 potest
2526 2144 2769 2184 numero
2802 2127 3002 2184 dividi.
3045 2130 3346 2184 Ponantur
3396 2144 3498 2200 per
3543 2125 3803 2184 ordinem

2163 2215 2309 2272 tales
2342 2217 2568 2271 numeri
2603 2216 2659 2270 in
2694 2216 3014 2284 inﬁnitum,
3047 2222 3113 2272 ut
3160 2217 3270 2272 sub
3310 2218 3545 2288 aspectu
3591 2220 3803 2288 pateat,

2165 2305 2435 2377 quotiens
2467 2321 2566 2359 eos
2597 2320 2833 2362 necesse
2867 2305 2976 2361 fuit
3001 2305 3224 2361 tamdiu
3256 2304 3518 2377 produci,
3551 2304 3730 2360 donec
3750 2308 3808 2360 et

2160 2394 2293 2448 trite
2324 2410 2809 2466 synnemmcnon,
2854 2393 2941 2449 vel
2992 2409 3318 2466 paramese,
3362 2396 3420 2449 et
3466 2395 3652 2449 tonum
3689 2394 3813 2462 (13)

2161 2500 2275 2538 non
2325 2482 2495 2538 modo
2544 2482 2928 2549 diatonicum,
2978 2482 3079 2538 sed
3139 2486 3197 2538 et
3247 2481 3694 2547 chromatieum,
3753 2486 3809 2537 et

2158 2571 2567 2627 enarmonium
2600 2587 2786 2644 genus
2816 2570 3061 2644 integris
3102 2570 3288 2644 possit
3337 2569 3602 2626 numeris
3651 2570 3809 2626 desi-

2158 2660 2321 2733 gnari
2356 2659 2488 2732 (lli).

2789 3074 3117 3091 ..μ

2785 3098 2795 3177 l
3100 3098 3112 3178 ι
3190 3098 3205 3175 ι
3647 3183 3713 3202 _

2154 3821 2211 3872 et
2236 3816 2388 3890 inter
2411 3815 2677 3885 singulos
2708 3832 2985 3873 numeros
3015 3815 3278 3889 singulas
3297 3815 3820 3890 interposuiditl'e-

2151 3888 2389 3970 rentius,
2422 3894 2487 3970 ut
2509 3896 2629 3970 tam
2650 3893 2922 3970 tonorum
2946 3888 3299 3970 progressio,
3321 3888 3502 3970 quam
3528 3889 3817 3970 dill'egen-

2149 3958 2369 4032 tiarum
2403 3963 2461 4015 et
2491 3959 2874 4032 minutiarum
2906 3958 3166 4032 reductio
3201 3958 3390 4032 magis
3411 3964 3629 4032 pateat.
3659 3960 3816 4020 Con-

2151 4029 2373 4086 sultum
2405 4047 2637 4105 quoque
2668 4031 2829 4096 duxi,
2880 4031 3058 4105 signa
3087 4029 3500 4105 minutiarum,
3526 4049 3680 4105 quas
3749 4036 3811 4090 in

2151 4100 2899 4187 sequentibus—occurrunt,
2934 4100 3003 4157 ex
3026 4100 3264 4187 Regulis
3286 4100 3399 4187 Dni
3420 4100 3810 4187 Oddonisnsuf

2151 4171 2255 4246 per
2306 4175 2586 4244 Abacum,
2638 4171 2732 4228 hic
2761 4171 3434 4256 .apponerefadjuncto
3486 4174 3813 4246 cujuslibet

2147 4244 2342 4318 valore
2377 4245 2553 4318 cylris
2597 4245 3334 4318 Arab1_c1s;supcrp081tis
3380 4260 3630 4318 insuper
3673 4246 3813 4303 aliis

2149 4317 2360 4389 signis,
2401 4314 2570 4390 Quae,
2614 4316 2715 4390 pb
2752 4314 3042 4371 defectum
3091 4314 3342 4372 aliorum
3400 4314 3462 4371 in
3510 4314 3695 4390 typis,
3748 4318 3812 4374 in

2150 4385 2530 4460 sequentibus
2560 4385 2934 4443 adhibentur.

2696 2998 2711 3184 Ι

2175 3193 2401 3675 li

2401 3346 3488 3548 ι-ῖξπεὲἑιιξξῖςῖέέ)
3573 3346 3718 3659 ιέι

2250 3614 2288 3630 -
2549 3691 2578 3728 Α
2927 3687 2955 3723 Ρ
3306 3686 3336 3724 Α
3601 3588 3645 3644 9⁵

2222 4580 2268 4650 E.
2482 4607 2584 4648 ςςς.
2798 4604 2858 4652 χ.
3072 4575 3124 4632 ϐ.
3337 4596 3395 4628 ω.

2485 5034 2650 5088 Iidem
2692 5027 2909 5082 Numeri
2951 5020 3108 5093 ryfris
3145 5017 3377 5071 ambitis.

2320 5161 2357 5214 ς.
2442 5145 2503 5204 8.
2537 5142 2693 5202 Nele
2724 5139 2954 5214 hyper-

2442 5299 2481 5359 9
2694 5215 2950 5277 boleon.

3072 5328 3127 5383 1.
3154 5323 3209 5396 ξ.

3041 5408 3054 5607 Ι
3095 5431 3348 5546 lii“
3388 5464 3623 5547 ηιξ

3099 5551 3118 5579 a
3137 5550 3149 5563 ·
3170 5561 3179 5579 ι
3200 5538 3350 5584 νῖῗ⁶

3083 5611 3223 5682 Ivi

3048 5713 3062 5888 Ι
3101 5717 3157 5831 1.
3195 5712 3389 5820 ξμς
3420 5747 3482 5810 2.
3511 5747 3547 5790 ι

3107 5790 3315 5866 ποθεῖτ’
3518 5792 3545 5825 ⁸

3077 5893 3139 5967 ὓς
3248 5900 3261 5907 ’
3462 5917 3485 5927 ’”
