3946 6368
411 381 537 474 663

1150 411 1342 476 SIEC.
1384 410 1468 476 XI
1511 411 1742 477 AUCT.
1785 407 2099 473 INGERTI
2139 407 2329 472 ANNI
2371 409 2472 473 ET
2514 374 2810 473 SGBIP'I‘.
2838 414 3062 467 ἈΔΕΣΠ.

3673 401 3829 466 ’ωλι

415 543 716 619 deinceps.
745 545 860 602 Sed
902 545 1057 602 hanc
1094 551 1357 603 octavam
1405 544 1577 619 primi
1625 543 1853 600 numeri
1895 543 2062 616 quasi
2087 541 2145 610 Α
2172 543 2510 600 differentia
2539 543 2628 600 vel
2657 543 2889 600 numeri
2920 560 2955 598 a
2978 541 3169 615 primo
3199 539 3274 598 ad
3305 537 3606 613 quintum,
3627 537 3722 595 vel
3751 537 3830 594 ab

414 636 796 692 communem
823 650 1099 691 vocemus
1127 635 1483 690 diametrum
1525 633 1878 702 ﬁstularum,
1913 632 2067 689 sicut

415 721 644 780 dictum
666 725 758 779 est
784 723 856 778 de
885 723 1140 791 chordis,
1174 726 1240 778 ut
1267 723 1338 778 ad
1367 721 1827 778 taciturnitatem
1875 736 2064 793 usque

414 809 672 885 gravitas
719 810 850 884 ipsa
876 811 1210 879 descendat,
1251 815 1427 884 atque
1473 809 1532 866 in
1585 809 1854 866 acumine
1905 808 2064 865 nervi

415 897 668 958 nimium
695 899 848 956 tensi
878 899 1035 957 vocis
1062 899 1344 956 tenuitate
1393 903 1766 972 rumpantur,
1797 898 1880 954 ita
1906 902 1964 954 et
2001 897 2064 954 in

414 985 634 1043 ﬁstulis
662 986 787 1044 hec
812 991 940 1044 rata
963 987 1195 1044 videtur
1224 991 1595 1055 mensura,ut
1633 986 1828 1043 minor
1857 985 2061 1052 octies,

416 1073 614 1133 media
642 1073 836 1132 decies
875 1076 1084 1148 sexies,
1115 1075 1372 1132 maxima
1426 1075 1624 1132 tricies
1669 1079 1727 1131 et
1773 1075 1864 1131 bis
1912 1075 2063 1131 hanc

410 1165 682 1222 “octavam
721 1163 812 1220 vel
853 1164 1138 1221 dimidiam
1185 1165 1298 1237 (23)
1345 1163 1579 1220 habeat.
1631 1167 1716 1220 Ita
1765 1165 1825 1220 F.
1883 1163 2064 1220 octies

415 1251 772 1310 diametrum
800 1252 1032 1322 habeat;
1066 1254 1126 1309 E.
1160 1253 1452 1322 novies;D.
1486 1251 1678 1308 decies
1708 1252 2062 1309 diametrum

413 1342 475 1396 et
499 1340 782 1413 septimam
811 1341 920 1414 (24)
943 1341 1250 1410 diametri;
1281 1345 1339 1396 C.
1374 1339 1566 1398 decies
1613 1339 1966 1397 diametrum
2007 1344 2066 1396 et

413 1426 574 1486 hisee
603 1427 874 1486 diametri
901 1452 946 1494 ςς
966 1429 1371 1498 ;B.duodecies
1399 1428 1756 1486 diametrum
1775 1431 1842 1497 ;A
1872 1429 2064 1486 decies

413 1518 474 1575 et
501 1519 593 1573 ter
619 1516 972 1574 diametrum
998 1523 1056 1575 et
1084 1518 1488 1586 medietatem;
1519 1517 1586 1574 G.
1621 1516 1812 1573 decies
1829 1520 1888 1573 et
1918 1533 2062 1588 qua-

410 1607 502 1666 ter
527 1604 905 1673 diametrum,
935 1610 996 1663 et
1023 1607 1172 1663 duas
1199 1622 1388 1663 nonas
1418 1606 1715 1674 diametri;
1760 1606 1820 1660 F.
1873 1605 2063 1662 decies

409 1693 600 1754 sexies
631 1694 1024 1764 diametrum;
1057 1697 1119 1751 E.
1146 1695 1338 1752 decies
1362 1695 1544 1752 octies
1569 1695 1959 1763 diametrum;
1992 1695 2061 1750 D.

407 1781 660 1856 vigesies
688 1782 1064 1850 diametrum,
1097 1787 1156 1840 et
1203 1787 1474 1856 quartam
1523 1783 1793 1840 diametri
1807 1773 1838 1852 ;’
1871 1788 1929 1839 C.
1979 1783 2062 1837 vi-

410 1869 602 1945 gesies
631 1875 692 1927 et
717 1870 900 1928 semel
929 1873 1286 1929 diametrum
1315 1877 1372 1928 et
1399 1873 1633 1929 tertiam
1663 1872 1963 1941 diametri;
1995 1873 2060 1928 B.

409 1957 662 2032 vigesies
691 1961 751 2014 et
778 1963 988 2032 quater
1015 1959 1406 2017 diametrum:
1439 1963 1508 2016 Α.
1559 1960 1809 2034 vigesies
1851 1960 2066 2032 septies

411 2045 1111 2123 diametrum.G.vigesies
1145 2050 1325 2106 octies
1349 2049 1787 2118 diametrum,et
1815 2052 2068 2122 quatuor

412 2151 600 2194 nonas
648 2135 1041 2217 diametrihid
1093 2143 1205 2206 est,
1233 2157 1306 2196 ςσ.
1331 2143 1374 2203 ξ.
1423 2156 1461 2186 ω
1492 2139 1634 2210 (25);
1686 2139 1748 2194 F.
1801 2137 2066 2212 trigesies

413 2228 475 2282 et
501 2223 594 2282 bis
622 2223 996 2288 diametrum.
1028 2227 1236 2300 Liquet
1259 2227 1458 2300 igitur,
1487 2227 1640 2300 quod
1673 2228 1904 2284 numeri
1927 2245 2065 2300 prae-

413 2311 618 2386 scripti
645 2329 681 2370 a
707 2330 888 2371 xquI.
922 2331 1112 2388 usque
1165 2317 1238 2372 ad
1288 2315 1536 2388 duplum
1583 2331 1779 2373 XLVIII.
1812 2316 2068 2372 eﬂiciant

413 2401 722 2476 diapason,
767 2405 826 2459 et
871 2402 1137 2476 εἰίῇωηί
1165 2404 1276 2476 (26)
1308 2420 1412 2476 per
1441 2404 1868 2460 duodenarium
1899 2421 2064 2460 com-

411 2490 626 2564 putati,
658 2505 787 2564 quis
831 2491 1175 2548 differentia;
1212 2491 1464 2566 singulis
1487 2493 1614 2564 jam
1661 2491 1913 2548 inventis
1943 2500 2062 2549 aii.

411 2593 534 2636 ccc.
582 2594 690 2638 IIII.
741 2580 1006 2637 numeris
1047 2580 1280 2649 additae,
1328 2580 1591 2637 efﬁciunt
1643 2597 1907 2654 quosque
1975 2598 2065 2638 se-

414 2671 679 2741 quentes,
711 2684 959 2742 queque
988 2668 1048 2724 in
1083 2685 1264 2725 unum
1290 2668 1626 2741 junctae(27)
1646 2669 1910 2725 efficiunt
1930 2685 2070 2726 eun-

413 2757 547 2816 dem
574 2763 634 2814 ﬁ.
664 2772 783 2817 ccc.
815 2773 920 2814 IIII.
954 2773 1301 2826 numerum;
1351 2756 1507 2813 sicut
1552 2761 1610 2813 et
1653 2757 1758 2823 illi,
1803 2775 1836 2813 a
1879 2776 2062 2814 XXIIII.

413 2845 520 2921 qui
559 2861 666 2918 per
711 2845 1138 2903 duodenarium
1167 2845 1329 2902 ducti
1377 2861 1476 2902 eas
1523 2845 1805 2916 efﬁciunt,
1839 2847 1889 2903 si
1923 2847 2064 2919 jun-

411 2935 650 3008 gantur,
679 2950 734 2990 c.
763 2950 896 2990 xcn.
928 2935 1368 3007 repraesentant,
1391 2933 1494 3006 qui
1522 2939 1580 2990 et
1607 2934 1721 3007 ipsi
1752 2935 2066 2993 duodecies

413 3021 598 3092 ducti,
643 3029 703 3079 ii.
751 3038 872 3078 ccc.
925 3039 1034 3078 IIII.
1092 3021 1428 3078 restituunt.
1460 3023 1642 3094 {Eque
1685 3022 1744 3078 in
1793 3021 1906 3080 alio
1937 3025 2063 3081 dia-

413 3127 601 3186 pason
630 3111 840 3181 evenit,
874 3109 1052 3167 iidem
1085 3110 1316 3167 numeri
1345 3128 1380 3166 a
1406 3129 1602 3168 XLVIII.
1633 3127 1823 3184 usque
1853 3112 1925 3168 ad
1956 3112 2063 3168 du-

414 3197 604 3274 plum,
634 3198 696 3256 id
724 3202 836 3270 est,
865 3216 1016 3270 XCVI,
1045 3199 1308 3256 efﬁciunt
1335 3201 1662 3256 secundum
1693 3199 1976 3273 diapason
2009 3204 2066 3258 et

413 3286 774 3348 differentias
803 3305 908 3362 per
934 3287 1362 3346 duodenarium
1383 3289 1858 3361 computati,quae
1897 3289 2060 3346 diﬂe-
2091 3275 2134 3341 C

413 3376 606 3435 rentia
658 3376 911 3452 singulis
953 3379 1081 3450 jam
1135 3379 1386 3436 inventis
1435 3395 1470 3434 a
1523 3386 1618 3434 iiii.
1662 3395 1748 3435 nc.
1797 3395 1918 3434 VIII.
1953 3379 2064 3452 (28)

413 3482 748 3538 numerum,
781 3467 935 3524 sicut
961 3471 1019 3524 et
1045 3466 1130 3523 illi
1176 3485 1212 3524 a
1255 3483 1451 3524 XLVIII.
1485 3467 1586 3540 qui
1616 3484 1720 3541 per
1765 3468 2062 3524 duodena-

410 3553 567 3612 rium
596 3555 759 3613 ducti
787 3571 888 3613 eas
905 3554 1243 3626 efﬁciunt,si
1262 3555 1621 3630 junguntur,
1645 3559 2064 3630 repraesentant

410 3659 533 3702 ccc.
563 3661 815 3702 Lxxme.
847 3645 950 3718 qui
981 3649 1040 3702 et
1064 3644 1175 3718 ipsi
1206 3644 1521 3702 duodecies
1552 3645 1710 3702 ducti
1740 3652 2056 3702 iiii.uc.VIII.

409 3733 750 3792 restituunt.
777 3734 1006 3792 Medius
1037 3741 1232 3792 autem
1261 3735 1320 3790 in
1353 3737 1604 3807 utroque
1623 3735 1907 3807 diapason
1935 3739 2057 3790 tam

406 3821 469 3880 in
491 3823 780 3892 numeris,
811 3839 990 3896 quam
1021 3827 1080 3879 et
1107 3822 1168 3878 in
1195 3823 1494 3880 mensuris
1542 3821 1628 3878 vel
1679 3823 2059 3880 monochordi

408 3910 500 3968 vel
529 3910 864 3968 ﬁstularum
893 3911 946 3967 is
975 3913 1084 3981 est,
1115 3910 1216 3982 qui
1259 3911 1332 3966 ad
1381 3911 1640 3983 primum
1687 3911 1926 3983 quidem
1969 3912 2058 3967 vel

407 4003 682 4058 octavum
705 4003 795 4056 est
821 3998 1086 4072 quintus,
1117 3999 1188 4055 ad
1219 4002 1486 4055 octavum
1513 4016 1649 4056 vero
1677 3999 1760 4055 vel
1788 4000 2058 4072 quintum

412 4086 708 4144 decimum
737 4090 828 4144 est
856 4087 1237 4159 subquartus,
1262 4088 1344 4144 ita
1370 4091 1438 4143 ut
1469 4088 1541 4143 ad
1571 4087 1817 4144 alterum
1838 4088 1917 4145 sit
1937 4105 2058 4145 ses-

409 4175 662 4251 quialter
688 4175 780 4232 vel
824 4175 1116 4248 diapente,
1147 4176 1221 4231 ad
1247 4169 1496 4233 alterum
1527 4177 1936 4248 sesquitertius
1968 4177 2055 4234 vel

407 4264 800 4332 diatessaron,
850 4268 910 4320 et
965 4281 1120 4320 unus
1169 4265 1396 4322 dicatur
1463 4265 1836 4338 sescuplaris,
1909 4265 2056 4322 alter

405 4353 643 4427 triplus,
671 4353 983 4426 utriusque
1028 4370 1160 4410 vero
1199 4354 1482 4428 diapason
1531 4355 1642 4412 sibi
1682 4359 2054 4429 comparatus

407 4441 487 4500 sit
513 4440 750 4516 duplus.
783 4441 947 4498 Sicut
977 4441 1135 4498 enim
1179 4447 1415 4499 octavus
1465 4445 1538 4500 ad
1587 4442 1866 4516 primum,
1899 4445 2053 4501 sicut

403 4531 651 4605 quintus
681 4531 944 4588 decimus
973 4531 1046 4587 ad
1095 4535 1383 4600 octavum,
1433 4533 1516 4590 ita
1565 4534 1946 4590 duodecimus
1975 4536 2048 4590 ad

2173 635 2376 688 octavo
2407 633 2478 688 ad
2509 631 2922 688 duodecimum
2952 629 3131 686 simul
3155 629 3369 702 juncti,
3389 645 3505 686 non
3537 627 3828 698 efﬁciunt,

2169 720 2370 793 plures
2400 737 2578 794 quam
2609 725 2728 776 tres
2758 737 2921 792 aeque
2969 717 3200 775 numeri
3249 717 3340 774 vel
3390 716 3734 774 differentia
3779 717 3830 772 si

2165 809 2496 882 jungantur
2521 809 2608 865 vel
2639 826 2674 866 a
2701 809 2906 882 quinto
2955 809 3028 865 ad
3077 811 3370 878 octavum,
3399 805 3491 862 vel
3531 822 3566 862 a
3613 805 3833 862 duode-

2172 897 2324 954 cimo
2355 899 2424 954 ad
2457 898 2733 971 quintum
2764 897 3082 955 decimum.
3118 897 3232 952 Hoc
3281 895 3410 953 ideo
3459 894 3684 950 dictum
3731 896 3830 962 sit,

2171 987 2330 1058 quod
2359 985 2800 1058 quantumlibet
2827 985 2887 1040 in
2920 983 3216 1042 mensuris
3242 981 3578 1040 ﬁstularum
3628 987 3832 1040 octava

2172 1074 2614 1147 supergreditur
2641 1074 2916 1146 primam,
2943 1073 3032 1129 vel
3063 1072 3271 1145 quinta
3299 1072 3528 1128 decima
3565 1075 3830 1129 octavam

2169 1161 2487 1237 plusquam
2515 1161 3182 1235 duplum,diti‘erentiam
3205 1164 3403 1217 tamen
3425 1163 3607 1217 totam
3621 1161 3831 1233 quaerit

2171 1249 2316 1307 vela
2344 1250 2535 1323 prima
2563 1251 2636 1307 ad
2668 1255 2952 1319 octavam,
2985 1249 3076 1306 vel
3126 1250 3198 1306 ab
3255 1252 3459 1306 octava
3505 1251 3578 1306 ad
3619 1249 3826 1306 duode-

2171 1341 2372 1396 cimam
2401 1340 2534 1412 (29).
2569 1341 2831 1408 Quintam
2859 1341 2922 1395 in
2949 1341 3126 1412 primo
3175 1339 3462 1411 diapason,
3497 1338 3581 1394 vel
3625 1337 3826 1394 duode-

2171 1429 2372 1485 cimam
2419 1430 2470 1484 ic
2520 1428 2754 1486 secundo
2802 1427 2985 1484 divide
3029 1427 3288 1497 mediam,
3329 1432 3381 1484 et
3437 1429 3634 1500 cuique
3675 1429 3832 1500 parti

2171 1534 2385 1590 aequam
2435 1533 2506 1574 ea:
2554 1533 2620 1572 ea
2670 1517 2922 1588 relinque
2965 1517 3279 1589 portionem
3309 1517 3444 1588 (30).
3476 1516 3623 1572 Data
3649 1513 3833 1588 igitur

2173 1604 2375 1678 prima:
2395 1605 2484 1660 vel
2514 1604 2728 1661 minori
2757 1603 2968 1661 fistulis
2998 1603 3263 1676 qualibet
3300 1603 3690 1678 longitudine,
3723 1605 3828 1661 sed

2173 1693 2385 1750 melius
2408 1693 2658 1761 videtur,
2689 1693 2978 1750 diametro
3005 1693 3310 1750 foraminis
3339 1693 3520 1750 octies
3567 1691 3829 1766 longitu-

2173 1781 2296 1837 dini
2321 1782 2477 1849 dato,
2504 1782 2844 1854 ubicunque
2873 1781 3152 1854 deinceps
3180 1785 3358 1837 tonus
3379 1785 3469 1838 est
3497 1781 3830 1851 faciendus,

2175 1871 2366 1942 major
2402 1870 2614 1927 habeat
2660 1873 2950 1928 minorem
3001 1873 3208 1938 totam,
3257 1873 3316 1926 et
3361 1871 3741 1940 diametrum,
3774 1876 3836 1927 et

2176 1959 2448 2016 diametri
2475 1961 2604 2032 ejus
2635 1963 2918 2016 octavam.
2949 1959 3013 2015 In
3042 1959 3407 2015 diatessaron
3428 1959 3618 2030 major
3636 1958 3830 2016 mino-

2175 2065 2299 2106 rem
2329 2051 2386 2104 et
2412 2049 2540 2120 ejus
2568 2047 2824 2115 tertiam,
2870 2052 2928 2104 et
2971 2047 3214 2120 insuper
3253 2046 3524 2104 diametri
3567 2047 3829 2106 tertiam.

2175 2137 2240 2194 In
2287 2137 2557 2210 diapente
2599 2137 2790 2209 major
2831 2135 3142 2204 minorem,
3177 2141 3234 2193 et
3277 2137 3407 2208 ejus
3461 2135 3741 2206 mediam,
3775 2142 3835 2194 et

2176 2225 2414 2298 insuper
2441 2225 2711 2282 diametri
2741 2225 3018 2282 mediam.
3052 2225 3117 2280 In
3148 2225 3431 2298 diapason
3481 2225 3672 2298 major
3713 2224 3831 2282 mi-

2175 2331 2377 2370 norem
2406 2313 2608 2387 duplo,
2638 2317 2697 2370 et
2724 2317 2914 2370 totum
2949 2313 3192 2388 insuper
3219 2313 3830 2372 diametrumﬂeteraa

2173 2419 2308 2460 vero
2339 2401 2506 2459 facile
2536 2419 2640 2475 per
2668 2418 2948 2458 numeros
2975 2405 3303 2459 occurrent.
3335 2403 3438 2458 Est
3468 2405 3668 2458 autem
3713 2403 3833 2459 dia-

2176 2495 2430 2548 metrum
2464 2491 2552 2548 vel
2584 2489 2806 2562 circuli,
2853 2491 2956 2564 qui
3005 2496 3094 2548 est
3139 2491 3201 2546 in
3249 2489 3535 2548 foramine
3587 2507 3659 2548 ex
3689 2501 3833 2548 ‘am-

2175 2580 2345 2654 pliori
2377 2583 2560 2654 parte,
2595 2580 2900 2650 medietas,
2932 2580 3020 2636 vel
3071 2580 3376 2637 foraminis
3416 2581 3834 2638 transversitas

2174 2685 2244 2727 ex
2272 2669 2812 2742 deductioriEparte,
2847 2686 2966 2742 qua
3009 2668 3332 2742 inspiratur
3377 2669 3598 2739 fistula,
3630 2673 3690 2726 et
3738 2671 3834 2726 cui

2175 2758 2449 2815 foramini
2479 2759 2746 2830 subjacet
2771 2775 2908 2814 una.
2940 2757 3014 2814 Ut
3039 2763 3235 2814 autem
3269 2757 3598 2816 minoribus
3626 2757 3687 2814 id
3735 2775 3832 2816 os-

2173 2848 2447 2904 tendatur
2476 2847 2868 2914 numeris,sed
2896 2849 3096 2904 tamen
3125 2847 3469 2920 interruptis
3497 2847 3831 2905 secundum

2173 2935 2575 3010 symphonias,
2607 2936 2691 2993 ita
2718 2936 2830 2993 erit
2859 2935 3124 3008 ﬁgurand
3135 2953 3257 2992 um.

2421 3157 2538 3214 XV.
3109 3155 3286 3212 VIIII.

2421 3245 2598 3301 XXV.
3111 3244 3286 3301 VIIII.

2423 3334 2674 3392 XXXIII.
3106 3332 3326 3389 XVIIII.
3361 3349 3408 3388 σ.

2424 3423 2566 3492 LIII,
2599 3441 2649 3479 σ.
3104 3421 3327 3478 XVIIII.
3361 3437 3409 3477 σ.

2422 3511 2638 3579 LXXII,
2679 3511 2725 3569 ,ζ

2240 3735 2310 3790 Hi
2341 3733 2568 3790 numeri
2600 3731 2972 3805 interruptim
3005 3733 3176 3804 positi
3201 3733 3311 3790 sub
3333 3733 3600 3807 exemplo
3622 3752 3827 3794 conso-

2169 3823 2402 3880 nantiae
2433 3828 2662 3880 tantum
2691 3824 3042 3894 monstrant,
3064 3839 3178 3878 XVI.
3212 3839 3468 3896 namque
3499 3825 3571 3880 ad
3597 3843 3824 3883 XXXIIII.

2167 3911 2425 3984 primum
2455 3911 2773 3983 diapason;
2815 3926 3032 3966 XXXIIII.
3067 3911 3138 3967 ad
3192 3927 3365 3967 Dxxu.
3419 3917 3477 3968 et
3521 3913 3824 3984 quadrans

2170 4001 2496 4056 secundum
2528 4000 2842 4072 diapason;
2867 4016 2997 4055 xxv.
3029 3999 3088 4054 in
3121 3999 3310 4056 medio
3337 3999 3509 4072 primi
3535 4001 3821 4074 diapason

2169 4090 2240 4146 ad
2270 4089 2520 4146 alterum
2549 4089 2840 4160 diapente,
2883 4088 2956 4145 ad
2989 4088 3236 4144 alterum
3287 4088 3653 4145 diatessaron
3707 4095 3816 4158 est,

2165 4178 2318 4235 sicut
2346 4183 2402 4234 et
2433 4196 2546 4234 LIII.
2579 4182 2638 4235 et
2667 4182 2935 4234 octavum
2966 4200 3014 4232 σ.
3059 4176 3119 4232 in
3167 4177 3360 4233 medio
3405 4178 3648 4234 secundi
3691 4179 3816 4236 dia-

2163 4285 2342 4340 pason
2377 4269 2449 4324 ad
2479 4267 2726 4324 alterum
2757 4265 3140 4334 diatessaron,
3162 4266 3234 4322 ad
3266 4266 3515 4322 alterum
3544 4267 3822 4341 diapente

2161 4361 2278 4425 est;
2307 4375 2451 4414 VIIII.
2501 4361 2560 4414 et
2597 4373 2766 4424 VIIII.,
2826 4359 2884 4410 et
2938 4371 3118 4410 XVIIII.
3157 4378 3202 4410 σ.
3249 4359 3306 4411 et
3351 4373 3530 4412 XVIIII.
3582 4379 3631 4412 σ.
3679 4360 3821 4414 sunt

2161 4446 2518 4502 diii‘erentize.
2553 4446 2664 4502 Sed
2696 4445 2746 4502 si
2775 4443 2998 4517 positos
3046 4443 3154 4502 hos
3203 4461 3481 4500 numeros
3515 4443 3819 4501 multoties

2159 4533 2946 4606 duxeris,quiinterponendi
2980 4535 3138 4598 sunt,
3171 4549 3306 4588 mox
3359 4531 3570 4605 integri
3611 4549 3815 4590 occur-

403 4621 679 4694 quintum
717 4619 1079 4694 duplicitatis
1110 4621 1334 4678 obtinet
1360 4621 1667 4679 rationem.
1693 4622 1913 4680 Medios
1945 4640 2048 4679 au-
2084 4643 2128 4708 ι)
2159 4626 2308 4692 rent,
2336 4621 2662 4678 secundum
2685 4620 2946 4696 regulam
2979 4621 3131 4677 infra
3156 4621 3620 4678 demonstratan.
3653 4622 3819 4679 Sicut

401 4714 524 4768 tem
551 4709 614 4766 in
645 4713 897 4784 utroque
921 4709 1202 4784 diapason
1243 4711 1515 4784 quintum
1547 4715 1606 4768 et
1634 4711 2047 4768 duodecimum

400 4799 872 4870 esse,ostendere
900 4803 1149 4872 possunt
1177 4799 1265 4856 vel
1295 4800 1654 4869 differentia,
1682 4799 1771 4856 vel
1798 4800 2050 4871 numeri,

400 4901 507 4961 per
535 4887 961 4945 duodenarium
989 4889 1226 4946 easdem
1256 4889 1554 4958 facientes,
1589 4893 1654 4944 ut
1683 4893 1938 4960 quatuor
1965 4887 2053 4944 vel

387 5049 566 5118 ,(23

493 5120 564 5176 24

494 5193 564 5248 25

619 5046 820 5108 Potius
853 5066 867 5106 :
895 5050 1260 5106 Diametrum.

616 5119 784 5188 Lege,
817 5125 1081 5178 octavam.

1059 5192 1107 5264 (ιε
1137 5189 1468 5264 conferatur
1496 5190 1635 5244 nota
1664 5189 1752 5256 14,
1780 5187 1888 5244 col.
1920 5191 2046 5245 655.

494 5191 584 5344 253
611 5191 745 5323 Hd:
776 5197 886 5262 est,
901 5191 948 5322 ἓ
970 5197 1028 5249 et
1047 5192 1107 5276 ,ᾗ
1137 5191 1468 5272 conferatur
1496 5191 1635 5244 nota
1664 5191 1685 5242 1

493 5265 563 5344 ἓξ
633 5342 640 5344 _
674 5263 1436 5344 °IIPB.E-__€.4![I€W€‘“.§;,..
1490 5329 1502 5344 .
1586 5329 1599 5344 .
1687 5330 1696 5339 .

491 5329 584 5402 27)
613 5342 662 5393 A
692 5335 792 5394 CC.
817 5329 1152 5392 LXXXVIII.
1184 5331 1258 5388 ad
1289 5331 1454 5386 DXII.
1487 5329 1792 5396 inclusive,
1825 5337 2046 5402 septem

394 5402 666 5534 vicielitéet
693 5407 960 5476 termini;
993 5405 1147 5477 quod
1181 5402 1358 5459 etiam
1390 5402 1448 5457 in
1499 5419 1633 5458 mox
1664 5402 2048 5474 sequentibus

398 5493 475 5534 no
505 5494 578 5533 an
625 5495 747 5534 um.

398 5493 747 5534 ιιοιαηαιιω.

471 5550 586 5618 (28)
614 5549 850 5606 Clarum
884 5549 994 5614 est,
1017 5545 1114 5601 hic
1139 5544 1361 5600 omissa
1388 5560 1516 5600 esse
1546 5543 1856 5616 sequentia
1888 5560 1901 5599 :
1931 5545 2045 5600 Nu-

398 5622 564 5676 meris
591 5620 791 5677 addita:
819 5619 1065 5690 efﬁciunt
1107 5631 1342 5690 quosque
1377 5620 1682 5690 sequentes,
1711 5630 1940 5690 quisque
1985 5618 2046 5672 in

400 5706 576 5746 unum
608 5693 817 5763 juncta
848 5687 1130 5760 efﬁciunt
1157 5687 1389 5744 eundem
1434 5687 1549 5744 IIII.
1599 5687 1705 5742 DC.
1763 5689 1896 5744 VIII.
1945 5704 2047 5744 nu-

565 5048 586 5406 ἓ

2162 4710 2221 4766 in
2281 4709 2674 4767 monochordo
2732 4713 3122 4766 monstratum
3181 4714 3292 4776 est,
3350 4709 3432 4764 ita
3481 4711 3591 4766 erit
3640 4715 3701 4766 et
3757 4711 3816 4766 in

2163 4797 2400 4866 ﬁstulis,
2435 4801 2498 4852 ut
2524 4797 2584 4852 in
2616 4798 3136 4872 primo.diapason
3186 4797 3413 4870 quinta,
3445 4797 3506 4854 in
3557 4799 3814 4856 secundo

2162 4884 2507 4942 duodecima
2537 4886 2657 4942 sint
2685 4886 2888 4942 media:
2921 4887 3034 4960 (31)
3066 4896 3118 4944 et
3160 4889 3220 4942 in
3248 4888 3502 4944 terminis
3547 4889 3759 4945 scilicet
3781 4905 3816 4944 α

2160 5063 2393 5112 merum,
2418 5049 2529 5102 etc.

2231 5119 2342 5248 (29)
2363 5118 2529 5199 Forte
2557 5117 2811 5188 quintam
2839 5117 3132 5200 decimam:

2254 5191 2341 5248 30)
2373 5189 2522 5248 QuId
2552 5192 2756 5244 auctor
2787 5205 2887 5248 per
2916 5189 3036 5244 haec
3066 5189 3132 5244 dli

2254 5191 2341 5260 30)
2373 5187 2522 5254 Quid
2552 5185 2756 5262 auctor
2785 5205 2887 5262 per
2916 5189 3036 5244 haec
3066 5189 3258 5244 dicere
3279 5187 3452 5262 velit,
3484 5185 3810 5262 intelligere

2158 5277 2272 5316 non
2308 5259 2572 5332 possum,
2601 5259 2747 5315 forte
2781 5259 2980 5332 aliqua
3008 5265 3146 5332 sunt
3176 5259 3416 5316 omissa.

2229 5330 2340 5403 (3i)
2372 5333 2645 5404 Legerem
2676 5346 2832 5404 ego;
2864 5330 2988 5387 Sint
3027 5331 3222 5404 medim
3248 5336 3369 5404 tam
3389 5338 3442 5388 et
3467 5331 3533 5404 in
3553 5330 3806 5404 terminis

2154 5401 2378 5471 scilicet,
2411 5401 2575 5474 quam
2603 5405 2655 5456 et
2684 5401 2745 5457 in
2773 5401 3116 5474 diﬂ'erentiis,
3123 5409 3202 5474 λεί
3218 5403 3406 5474 nihilo
3445 5403 3636 5474 minus
3667 5401 3804 5474 (non

2157 5440 2360 5460 υυιηυυιι
2449 5440 2575 5458 ιω...
2603 5440 2655 5456 νυ
2773 5440 2829 5458 νη
2873 5440 3094 5458 ww“...
3149 5440 3200 5458 υ.
3449 5440 3634 5457 nm...
3691 5440 3800 5456 ..νυ

2157 5447 2378 5543 minus),
2407 5440 2466 5528 in
2496 5475 2766 5529 mensuris
2796 5440 2978 5540 id’est,
3010 5440 3156 5543 etc}
3169 5473 3324 5530 Alias
3374 5472 3530 5530 enim
3563 5440 3800 5530 omnino

2155 5516 2376 5622 nullus,
2402 5548 2492 5601 est
2529 5561 2768 5622 sensus.
2803 5516 3062 5622 Forsiian
3086 5516 3308 5622 autem
3357 5544 3624 5618 quaedam
3665 5546 3802 5600 sunt

2155 5617 2394 5683 omissa,
2426 5617 2582 5672 unde
2613 5631 2824 5673 sensus
2856 5617 3462 5675 redditurbbscurus.
