3946 6360
390 355 506 422 6⁸71

1129 352 1318 420 ΒΛΕΟ.
1363 353 1442 420 XI
1483 355 1716 423 AUCT.
1759 353 2076 420 INCERTI
2116 352 2307 420 ANNI
2348 353 2451 420 ET
2493 353 2787 420 SCRIPT.
2833 359 3059 416 Nam.

3675 351 3800 425 672.

465 491 578 565 (44)
625 489 687 549 Si
728 492 935 547 tonum
984 489 1228 563 quaeris,
1275 491 1464 564 major
1507 488 1708 546 ﬁstula
1747 489 2036 546 minorem
2064 490 2338 562 Aequod
2372 493 2464 547 est
2519 493 2712 559 tonus,
2742 489 2832 546 vel
2887 493 3074 546 totum
3130 488 3178 546 D
3235 491 3294 546 et
3347 487 3478 561 ejus
3529 486 3800 556 tertium,

390 580 624 648 habeat,
656 583 716 636 et
742 580 870 651 ejus
899 583 1182 635 octavam.
1208 579 1268 634 Si
1299 579 1688 650 diatessaron,
1719 579 1909 650 major
1936 577 2042 634 mi-

392 685 595 726 norem
625 673 684 724 et
711 668 840 740 ejus
869 669 1124 735 tertiam,
1147 671 1206 724 et
1227 666 1410 724 tertiae
1441 667 1752 734 decimam,
1773 671 1831 724 et
1862 667 2042 723 unde-

392 759 556 818 cimae
588 762 833 814 sextam.
855 757 912 810 Si
946 757 1239 829 diapente,
1265 757 1456 829 major
1485 757 1792 824 minorem,
1826 761 1883 812 et
1911 756 2040 827 ejus

392 847 668 917 mediam,
691 849 750 902 et
778 844 1107 901 medietatis
1128 848 1414 912 octavam,
1437 849 1495 900 et
1521 849 1732 901 octavae
1754 849 2036 902 octavam.

389 936 449 993 Si
507 935 790 1008 diapason
848 934 1055 1006 major,
1117 933 1406 990 minorem
1459 933 1660 1006 duplo,
1693 937 1752 990 et
1799 933 2042 1006 insuper

389 1025 520 1097 ejus
549 1039 731 1080 unam
778 1025 1065 1089 octavam,
1087 1026 1145 1078 et
1185 1026 1397 1078 octavae
1439 1025 1720 1078 octavam.
1746 1022 1806 1078 Si
1837 1021 2036 1094 diapa-

389 1129 498 1170 son
547 1115 603 1169 et
653 1110 944 1184 diapente,
979 1112 1170 1183 major
1227 1110 1513 1166 minorem
1566 1110 1764 1182 triplo,
1794 1114 1854 1166 et
1909 1109 2038 1180 ejus

387 1203 538 1259 duas
569 1203 821 1268 octavas,
866 1200 925 1256 id
980 1203 1088 1268 est,
1141 1203 1433 1272 quartam.
1467 1199 1528 1254 Si
1585 1199 1677 1256 bis
1733 1197 2034 1272 diapason,

389 1292 580 1363 major
621 1289 906 1348 minorem
955 1287 1304 1360 quadruplo,
1349 1292 1406 1344 et
1452 1287 1693 1361 insuper
1740 1287 1868 1359 ejus
1918 1291 2038 1344 tres

385 1383 636 1436 octavas.

413 1475 417 1479 ’
862 1483 997 1522 ῙΤΕΜ
1035 1481 1176 1522 IDEM
1215 1482 1342 1522 ALIO
1381 1481 1558 1522 MODO.

459 1555 516 1610 Si
548 1554 756 1612 fistulae
782 1553 1026 1628 aequalis
1055 1553 1471 1628 grossitudinis
1498 1557 1690 1624 erunt,
1714 1554 1902 1625 major
1931 1553 2036 1608 mi-

383 1645 542 1702 noris
573 1643 998 1718 longitudinem
1032 1647 1240 1716 quater
1265 1642 1326 1698 in
1358 1658 1420 1700 se
1451 1641 1682 1711 habeat,
1703 1645 1763 1699 et
1794 1642 2036 1714 insuper

383 1733 654 1791 diametri
687 1734 817 1806 (45),
841 1733 997 1805 quod
1028 1733 1088 1787 in
1130 1747 1381 1788 concavo
1414 1735 1523 1801 est,
1556 1735 1766 1804 quater
1794 1747 2036 1788 mensu-

383 1838 510 1879 ram
541 1821 835 1878 contineat
866 1821 1002 1894 (46),
1033 1820 1124 1878 bis
1151 1819 1433 1893 diapason
1466 1819 1910 1876 consonantiam
1945 1837 2031 1875 re-

386 1909 638 1968 sonabit.
661 1910 721 1965 Si
751 1909 940 1981 major
986 1909 1274 1966 minorem
1304 1908 1365 1965 in
1397 1925 1507 1966 sua
1535 1908 1898 1979 longitudine
1944 1907 2037 1964 bis

385 1998 678 2066 habuerit,
704 2001 762 2054 et
798 1999 1040 2071 insuper
1081 1997 1463 2054 concavitatis
1511 1999 1642 2070 ejus
1689 1995 1869 2054 semel
1915 1997 2038 2053 dia-

385 2092 662 2156 metrum,
693 2086 976 2160 diapason
1024 2087 1096 2144 ad
1142 2103 1206 2143 se
1250 2085 1502 2143 invicem
1559 2086 1938 2142 resonabunt.
1975 2086 2036 2143 Si

385 2177 576 2249 major
622 2175 905 2233 minorem
938 2175 998 2231 in
1029 2191 1092 2232 se
1135 2179 1322 2232 totam
1369 2175 1662 2242 habuerit,
1695 2178 1753 2230 et
1797 2175 2039 2248 insuper

381 2263 769 2338 longitudinis
789 2264 919 2336 ejus
948 2263 1346 2332 medietatem,
1366 2263 1545 2320 simul
1569 2280 1704 2320 cum
1725 2263 2038 2321 medietate

383 2352 676 2421 diametri,
699 2353 857 2425 quod
903 2352 959 2408 in
1003 2367 1253 2408 concavo
1283 2355 1392 2419 est,
1416 2351 1688 2424 diapente
1717 2353 2035 2410 resonabit.

384 2443 530 2498 Item
561 2441 611 2498 si
643 2440 843 2498 ﬁstula
864 2441 1053 2512 major
1081 2439 1369 2496 minorem
1390 2439 1651 2498 fistulam
1680 2440 1739 2496 in
1771 2457 1834 2498 se
1852 2445 2034 2498 totam

383 2531 672 2600 habuerit,
695 2534 754 2588 et
789 2529 1033 2602 insuper
1061 2528 1448 2602 longitudinis
1493 2533 1754 2586 octavam
1785 2534 2033 2602 partem,

382 2636 518 2676 cum
547 2623 752 2676 octava
774 2617 1066 2685 diametri,
1089 2621 1296 2674 tonum
1328 2618 1643 2675 resonabit.
1670 2620 1815 2676 Item
1847 2618 1896 2675 si
1929 2619 2034 2676 fis-

380 2707 508 2782 tula
536 2707 727 2780 major
746 2705 1032 2762 minorem
1063 2705 1122 2762 in
1145 2721 1208 2762 se
1235 2705 1448 2762 habeat
1477 2709 1680 2775 totam,
1707 2711 1766 2762 et
1793 2707 2036 2780 insuper

379 2795 770 2870 longitudinis
827 2795 955 2865 ejus
1002 2797 1226 2850 sextam
1275 2793 1563 2850 decimam
1608 2799 1856 2868 partem,
1897 2813 2032 2852 cum

381 2888 545 2943 sexta
563 2883 792 2940 decima
811 2882 1104 2950 diametri,
1127 2881 1506 2938 semitonium
1528 2881 1646 2939 fere
1666 2883 2030 2940 consonabit.

380 2973 496 3031 Sed
524 2977 724 3028 tamen
752 2971 966 3028 melius
997 2975 1266 3028 sumetur
1293 2970 1670 3028 semitonium
1701 2988 1806 3044 per
1823 2971 2034 3030 diates-

381 3078 557 3121 saron
587 3076 766 3133 quam
796 3077 900 3134 per
927 3065 1119 3117 sextas
1148 3059 1426 3117 decimas.

442 3173 718 3216 MENSUBA
746 3173 1121 3214 MONOCHORDI
1163 3173 1232 3212 ET
1271 3172 1630 3214 ORGANORUM
1663 3175 1723 3214 IN
1751 3174 1974 3217 GENERE

734 3245 1054 3296 DIATONICO,
1085 3245 1145 3284 ΙΝ
1177 3245 1355 3285 PRIMO
1384 3245 1680 3286 DIAPASON.

452 3328 566 3400 (47)
586 3327 630 3384 Ε
661 3326 837 3384 habet
865 3327 906 3382 F
931 3329 988 3382 et
1017 3327 1144 3400 ejus
1165 3331 1450 3395 octavam,
1471 3326 1530 3383 id
1553 3331 1660 3394 est,
1685 3329 2040 3401 sesquiocta-

375 3433 539 3492 vum.
563 3416 610 3474 D
639 3419 826 3473 totum
857 3416 898 3472 E
926 3418 984 3473 et
1003 3417 1052 3489 ej
1064 3433 1131 3472 us
1151 3419 1442 3484 octavum,
1466 3417 1526 3473 id
1547 3421 1655 3485 est,
1681 3417 2030 3491 epogdoum-

376 3507 418 3564 C
447 3509 636 3563 totum
668 3506 711 3563 F
741 3509 799 3562 et
828 3505 958 3578 ejus
988 3503 1246 3572 tertium,
1269 3505 1422 3578 quod
1447 3509 1537 3562 est
1565 3505 2034 3579 sesquitertium,

373 3595 462 3654 vel
491 3595 744 3669 epitrita,
782 3593 840 3650 id
893 3597 982 3651 est
1025 3593 1413 3652 diatessaron.
1437 3595 1480 3650 B
1528 3598 1718 3652 totum
1747 3598 1788 3650 C
1815 3599 1873 3652 et
1901 3597 2032 3669 ejus

373 3683 830 3757 octavum,quod
848 3687 938 3740 est
955 3687 1132 3741 tonus
1147 3701 1163 3753 ;
1179 3683 1268 3740 vel
1286 3688 1474 3740 totum
1491 3683 1532 3739 E
1549 3687 1607 3740 et
1621 3685 1751 3756 ejus
1768 3685 2028 3756 tertium,

373 3774 530 3848 quod
561 3777 651 3832 est
677 3773 1066 3842 diatessaron,
1086 3771 1174 3828 vel
1207 3776 1397 3830 totum
1429 3773 1470 3827 F
1499 3776 1557 3828 et
1583 3773 1712 3845 ejus
1744 3773 2026 3844 medium,

374 3862 530 3936 quod
581 3866 640 3919 et
693 3861 984 3934 diapente.
1015 3862 1062 3918 A
1101 3864 1290 3934 totum
1343 3861 1387 3916 B
1439 3863 1498 3916 et
1552 3861 1682 3932 ejus
1733 3865 2024 3934 octavum,

447 4057 562 4131 (44)
592 4057 728 4131 Quae
779 4055 876 4112 hic
916 4060 1266 4131 sequuntur,
1299 4072 1458 4131 cum,
1482 4056 1943 4131 praecedentibus
1973 4063 2030 4115 et

374 4126 914 4213 sequentibusnon
946 4126 1326 4210 concordant;
1359 4126 1931 4213 igitur‘clorrigenda,
1963 4135 2030 4186 ut

373 4198 643 4327 seiuitur
672 4216 686 4255 :
717 4201 784 4258 8i
819 4201 1010 4254 tonum
1051 4200 1270 4282 quaeris,
1300 4198 1483 4282 major
1528 4198 2028 4268 ﬁstula'minorem

375 4272 448 4352 ha
471 4279 589 4352 eat,
611 4273 660 4327 et
691 4271 808 4342 ejus
837 4271 1099 4351 acta-vam,
1121 4273 1607 4352 et'ipszusoctava,‘u
1641 4273 1890 4352 octavam
1911 4273 2026 4352 (a)';

372 4345 424 4424 si
451 4342 814 4424 diatessaron,
844 4342 1024 4424 major
1049 4342 1318 4424 minorem
1344 4349 1396 4424 et
1425 4342 1810 4424 ejus_ier£i_am,
1843 4346 1893 4399 et
1920 4342 2028 4424 ter-

374 4413 795 4500 tiaeﬂecimpm,
818 4419 869 4500 et
917 4413 1193 4500 eigesimse
1232 4413 1610 4500 sextam;.(b).
1749 4413 2024 4500 diapente,

373 4483 554 4558 major
587 4485 877 4551 minorem,
908 4491 958 4538 et
1003 4484 1120 4553 ejus
1153 4483 1412 4553 mediam,
1445 4487 1498 4540 et
1523 4483 1855 4542 medietatis
1879 4483 2026 4543 octa-

377 4573 500 4613 vam
526 4554 634 4629 (ε).
661 4556 727 4612 Si
753 4555 1036 4626 diapason,
1068 4556 1245 4629 major
1271 4557 1543 4629 minorem
1568 4555 1754 4629 duplo,
1779 4561 1838 4629 et
1867 4560 2029 4614 insu-

377 4554 500 4613 vam
526 4554 634 4628 (ε).
661 4556 727 4612 Si
753 4555 1036 4626 diapason,
1068 4556 1245 4612 ma'or
1271 4557 1543 4612 minorem
1568 4555 1754 4629 duplo,
1786 4561 1838 4614 et
1867 4560 2026 4614 insu-

368 4628 616 4711 perejus
655 4643 830 4711 anum
874 4633 1119 4711 Oetaeam
1147 4573 1340 4711 (φά).βί
1378 4627 1724 4711 diapasonet
1751 4628 2026 4711 diapente,

372 4699 555 4764 maior
597 4700 868 4754 minorem
895 4699 1084 4770 triplo,
1115 4706 1168 4754 et
1218 4699 1361 4771 ejus;
1383 4699 1521 4755 duas
1577 4703 1814 4769 octavas,
1842 4699 1902 4756 id
1930 4708 2027 4769 est,

373 4775 632 4844 quartam
665 4774 719 4828 et
759 4769 988 4842 insuper
1012 4777 1216 4828 octavae
1241 4769 1502 4838 mediam,
1534 4773 1588 4825 et
1616 4771 1780 4842 hujus
1822 4771 2028 4828 medie-

437 4909 512 4975 (a)
542 4911 601 4961 F.
629 4911 807 4961 minor
834 4909 1025 4961 ﬁstula.
1901 4917 2023 4965 2304

623 4987 740 5035 ejus
769 4977 972 5024 octava.
1932 4978 2025 5026 288

623 5039 812 5086 octava
839 5040 1059 5086 octavae.
1965 5041 2026 5089 36

528 5095 588 5146 Ε.
617 5099 748 5148 tono
777 5098 982 5148 distans
1009 5099 1076 5148 ab
1105 5099 1160 5148 F.

437 5157 516 5224 (ὁ)
533 5158 590 5210 F.
617 5161 796 5234 minor
829 5160 1026 5234 fistula.

625 5226 742 5286 ejus
767 5226 941 5273 tertia.
1933 5227 2024 5275 168

627 5293 796 5322 nudius
826 5293 1028 5322 Agat-mn
1910 5299 1969 5322 ne
1985 5289 2006 5322 8

1900 5101 2024 5152 2628

1902 5165 2025 5214 9304

627 5293 796 5344 tertia:
825 5293 1050 5343 decima.
1910 5293 2031 5373 76.35.

623 5375 893 5441 vigesima:
923 5380 1088 5426 sexta.
1914 5375 2028 5454 £9.96

530 5455 583 5505 C.
616 5454 948 5505 diatessaron
973 5454 1038 5504 ad
1069 5454 1123 5504 F.
1899 5459 2024 5507 3168

420 5516 505 5580 (ο)
533 5518 589 5567 F.
621 5517 797 5591 minor
824 5515 1020 5591 ﬁstula.
1903 5522 2026 5591 2394

626 5578 1154 5714 ξ’)ἓὲἱὲιιξὲἒᾶῥοεαη.
1857 5632 1862 5637 ’

532 5704 590 5756 Β.
621 5703 874 5771 diapente
907 5703 977 5754 ad
1005 5705 1063 5755 F.
1904 5707 2027 5759 3600

2147 579 2302 650 quod
2335 581 2393 635 et
2421 578 2810 645 diatessaron,
2838 577 2929 635 vel
2969 583 3159 635 totum
3189 577 3232 634 E
3258 581 3317 635 et
3343 579 3472 650 ejus
3511 575 3804 644 medium,

2147 667 2302 739 quod
2351 670 2441 723 est
2491 666 2784 740 diapente.
2817 666 2864 723 G
2894 666 3070 724 habet
3111 669 3301 724 totum
3331 669 3371 721 C
3398 669 3457 722 et
3501 666 3632 738 ejus
3682 669 3805 721 ter-

2151 755 2318 822 tium,
2353 755 2508 828 quod
2565 760 2656 811 est
2711 756 3096 812 diatessaron.
3141 756 3208 811 (Ξ.
3243 757 3464 823 autem,
3497 753 3657 826 quod
3713 756 3808 811 est

2145 842 2282 900 trite
2311 859 2754 916 synemmenon,
2787 843 2965 900 habet
3001 847 3191 900 totum
3221 843 3267 900 D
3299 842 3476 916 primi
3515 841 3807 916 diapason

2147 937 2206 988 et
2254 933 2383 1004 ejus
2435 931 2720 999 medium,
2765 931 2823 986 id
2875 937 2985 1004 est,
3015 931 3307 1004 diapente.
3341 932 3409 989 G.
3440 931 3510 988 G.
3539 932 3608 988 Α.
3637 931 3704 988 Β.
3737 929 3801 988 C.

2477 1145 2532 1183 IN
2571 1143 2828 1184 SECUNDO
2866 1143 3144 1184 DIAPASON
3184 1142 3470 1184 MBNSUBA.

2216 1246 2258 1296 Ρ
2285 1242 2462 1300 habet
2489 1247 2678 1300 totum
2707 1245 2773 1310 G,
2791 1243 2908 1313 (48)
2935 1247 2995 1300 et
3035 1243 3166 1314 eius
3211 1246 3502 1312 octavum,
3524 1241 3682 1316 quod
3711 1245 3806 1299 est

2144 1336 2340 1402 tonus,
2373 1331 2460 1389 vel
2497 1336 2688 1388 totum
2719 1333 2761 1389 Β
2791 1337 2850 1389 et
2890 1333 3020 1404 ejus
3066 1331 3330 1399 tertium,
3357 1330 3514 1404 quod
3541 1334 3636 1388 est
3673 1331 3802 1388 dia-

2142 1424 2430 1490 tessaron,
2457 1419 2546 1476 vel
2602 1423 2789 1476 totum
2819 1423 2859 1474 C
2897 1424 2954 1476 et
2991 1420 3119 1493 ejus
3178 1419 3466 1488 medium,
3495 1419 3652 1493 quod
3709 1433 3805 1477 est

2144 1508 2434 1581 diapente,
2462 1507 2551 1565 vel
2585 1508 2743 1564 aliud
2775 1509 2815 1564 F
2847 1507 3048 1582 duplo,
3072 1508 3230 1580 quod
3279 1511 3370 1565 est
3415 1507 3722 1582 diapason.
3757 1509 3800 1568 E

2143 1601 2334 1654 totum
2360 1598 2396 1652 F
2417 1601 2474 1654 et
2500 1598 2628 1670 ejus
2658 1597 3120 1671 octavum,quod
3152 1601 3243 1655 est
3271 1602 3466 1666 tonus,
3487 1597 3576 1654 vel
3604 1601 3801 1654 totum

2141 1689 2188 1742 A
2214 1690 2272 1742 et
2299 1687 2430 1759 ejus
2458 1687 2718 1759 tertium,
2752 1687 2906 1759 quod
2949 1691 3038 1743 est
3075 1686 3461 1756 diatessaron,
3490 1685 3578 1744 vel
3606 1689 3802 1744 totum

2138 1776 2186 1830 B
2217 1779 2275 1832 et
2314 1776 2443 1848 ejus
2489 1775 2774 1844 medium,
2798 1775 2954 1848 quod
3003 1780 3061 1833 et
3107 1775 3398 1849 diapente,
3429 1774 3518 1832 vel
3567 1773 3728 1832 aliud
3760 1777 3805 1834 E

2064 1860 2114 1926 B
2141 1863 2342 1936 duplo,
2367 1865 2522 1936 quod
2567 1869 2657 1921 est
2707 1865 3011 1938 diapason.
3033 1864 3080 1921 D
3109 1867 3298 1922 totum
3329 1865 3371 1921 E
3401 1867 3460 1921 et
3483 1865 3612 1937 ejus
3642 1869 3804 1923 octa-

2142 1969 2304 2022 vum,
2328 1953 2484 2026 quod
2516 1957 2607 2010 est
2647 1957 2847 2022 tonus,
2869 1951 2959 2010 vel
3007 1957 3198 2010 totum
3230 1954 3273 2010 ϐ
3304 1952 3439 2010 trite
3466 1969 3800 2027 synemme-

2143 2059 2283 2110 non,
2329 2045 2388 2098 et
2442 2042 2572 2114 ejus
2631 2041 2894 2111 tertium,
2935 2042 3108 2114 quod,
3145 2046 3238 2098 est
3289 2041 3678 2112 diatessaron,
3709 2043 3803 2099 vel

2141 2135 2333 2188 totum
2363 2135 2406 2186 Α
2442 2136 2499 2187 et
2527 2131 2656 2204 ejus
2709 2130 2992 2200 medium,
3021 2132 3178 2204 quod
3237 2135 3329 2188 est
3384 2130 3676 2205 diapente,
3705 2132 3801 2189 vel

2142 2219 2300 2276 aliud
2349 2221 2394 2276 D
2427 2219 2626 2292 duplo,
2676 2221 2832 2293 quod
2882 2227 2973 2277 est
3019 2220 3322 2293 diapason.
3351 2220 3393 2277 C
3421 2223 3612 2278 totum
3655 2221 3698 2278 F
3745 2225 3806 2278 et

2140 2309 2270 2380 ejus
2319 2309 2582 2379 tertium,
2617 2309 2772 2381 quod
2823 2313 2915 2366 est
2963 2308 3350 2376 diatessaron,
3394 2307 3483 2366 vel
3531 2312 3720 2366 totum
3753 2309 3802 2368 G

2141 2413 2466 2471 paramese,
2498 2402 2554 2454 et
2585 2399 2718 2470 ejus
2756 2397 3040 2468 medium,
3064 2398 3220 2470 quod
3263 2401 3354 2454 est
3380 2396 3678 2470 diapente,
3707 2399 3802 2455 vel

2142 2485 2300 2544 aliud
2345 2486 2387 2542 C
2436 2485 2640 2560 duplo,
2689 2487 2845 2559 quod
2901 2491 2992 2544 est
3047 2485 3352 2558 diapason.
3383 2489 3646 2544 Btotum
3675 2490 3802 2544 Cet

2141 2576 2270 2648 ejus
2299 2579 2584 2644 octavam,
2617 2576 2677 2632 id
2735 2578 2826 2632 est
2879 2580 3077 2644 tonus,
3110 2574 3202 2632 vel
3248 2579 3440 2632 totum
3478 2576 3520 2632 E
3564 2580 3625 2633 et
3669 2577 3802 2648 ejus

2139 2665 2402 2733 tertium,
2425 2665 2580 2738 quod
2627 2668 2718 2722 est
2760 2663 3149 2735 diatessaron,
3175 2664 3264 2721 vel
3293 2669 3484 2723 totum
3513 2665 3558 2722 F
3581 2668 3644 2722 et
3668 2665 3802 2738 ejus

2141 2753 2424 2824 medium,
2449 2754 2604 2826 quod
2627 2758 2714 2812 est
2734 2753 3026 2826 diapente,
3045 2753 3134 2810 vel
3165 2752 3326 2810 aliud
3357 2754 3400 2809 B
3425 2753 3801 2826 duplo,quod

2139 2847 2230 2899 est
2256 2842 2562 2916 diapason,
2583 2841 2672 2898 vel
2721 2841 2882 2899 aliud
2912 2843 2954 2898 F
2984 2840 3180 2915 triplo,
3203 2841 3264 2897 id
3292 2845 3382 2898 est
3428 2842 3714 2915 diapason
3743 2848 3804 2900 et

2139 2930 2430 3004 diapente.
2463 2934 2508 2986 A
2537 2935 2726 2987 totum
2757 2931 2800 2986 B
2830 2934 2888 2988 et
2923 2931 3053 3002 ejus
3082 2935 3373 3000 octavum,
3391 2929 3479 2987 vel
3530 2933 3723 2988 totum
3755 2931 3802 2989 D

2139 3025 2196 3076 et
2223 3022 2353 3092 ejus
2399 3021 2663 3090 tertium,
2695 3019 2784 3076 vel
2814 3021 3004 3076 totum
3033 3019 3075 3075 E
3108 3022 3166 3076 et
3210 3019 3340 3092 ejus
3387 3019 3674 3089 medium,
3704 3019 3799 3077 vel

2137 3108 2300 3165 aliud
2359 3111 2399 3164 A
2445 3107 2646 3180 duplo.
2687 3107 2734 3164 G
2785 3111 2975 3164 totum
3020 3107 3062 3165 C
3117 3112 3176 3164 et
3231 3108 3360 3179 ejus
3408 3106 3674 3176 tertium,
3705 3108 3800 3165 vel

2137 3201 2325 3254 totum
2359 3197 2405 3254 G
2436 3212 2740 3270 paramese
2777 3194 2977 3268 duplo.
3011 3195 3053 3252 F
3081 3197 3272 3252 totum
3301 3195 3349 3252 G
3377 3199 3437 3260 et
3473 3195 3605 3268 ejus
3634 3199 3794 3252 octa~

2145 3302 2305 3355 vum,
2331 3285 2420 3343 vel
2467 3289 2655 3342 totum
2687 3284 2730 3340 B
2758 3289 2819 3342 et
2862 3285 2991 3356 ejus
3033 3283 3294 3356 tertium,
3312 3282 3402 3340 vel
3448 3287 3640 3342 totum
3669 3284 3711 3341 C
3741 3287 3800 3341 et

2145 3375 2273 3448 ejus
2321 3374 2606 3442 medium,
2652 3373 2741 3430 vel
2791 3372 2951 3429 aliud
2999 3373 3042 3430 F
3090 3371 3290 3446 duplo,
3321 3371 3412 3429 vel
3459 3371 3704 3430 tertium
3755 3373 3798 3429 F

2143 3463 2494 3538 quadruplo.
2542 3463 2602 3520 F.
2637 3461 2706 3518 G.
2743 3464 2808 3519 A.
2842 3462 2906 3519 Β.
2944 3461 3006 3517 C.
3043 3461 3110 3518 D.
3144 3462 3207 3518 Ε.
3243 3462 3304 3518 F.
3337 3461 3403 3518 G.
3434 3465 3502 3518 G.
3531 3463 3600 3518 Α.
3633 3461 3697 3518 Β.
3731 3461 3793 3518 C.

2362 3685 2632 3726 MONITUM
2659 3684 2734 3724 AD
2766 3682 3124 3724 SEMI’I‘ONLUM
3154 3682 3575 3724 ιΝνΕΝιεΝῡυΜ.

2208 3777 2250 3833 Α
2271 3791 2508 3832 summa
2527 3790 2880 3848 quacunque
2901 3773 3094 3830 locata
3110 3771 3452 3846 vigesimam
3479 3772 3799 3846 septimam

2137 3864 2475 3932 subtrahas,
2505 3881 2576 3920 ex
2633 3861 2838 3920 relicta
2882 3865 3146 3920 octavam
3199 3861 3492 3918 decimam
3538 3877 3797 3942 quaeras,

2135 4062 2261 4118 tatis
2310 4064 2553 4116 octavam
2585 4059 2676 4132 (e).
2713 4057 2780 4115 Si
2835 4059 2920 4132 bis
2973 4057 3260 4130 diapason,
3299 4057 3480 4130 major
3524 4059 3804 4115 minorem

2135 4132 2555 4214 quadruplozlet
2567 4131 2801 4214 insuper
2825 4131 3209 4214 ejusoguatuor
3255 4133 3493 4214 octavas,
3517 4133 3574 4186 et
3601 4134 3802 4214 gaianas

2134 4199 2380 4286 octavam
2409 4203 2503 4275 (Γ).
2529 4199 2774 4286 Majoris
2829 4199 3116 4258 claritatis
3173 4201 3368 4286 gratia
3423 4199 3801 4286 singulorum

2135 4270 2770 4354 exempla'ép‘bju'ngo,
2803 4289 2952 4354 quis,
3002 4289 3138 4354 cum
3178 4270 3411 4328 'tabella
3455 4270 3794 4332 ﬁstularum

2136 4343 2410 4434 col.§6§,
2435 4343 3081 4434 conferri'debent.
3119 4413 3157 4434 ,Δ
3214 4413 3262 4434 Γ
3312 4413 3325 4427 _

2231 4419 2300 4473 45
2351 4416 2461 4480 Qui
2493 4417 2558 4470 fit
2580 4420 2779 4471 octava
2808 4431 2944 4487 pars
2975 4413 3382 4488 longitudinis.

2350 4487 2512 4570 adde
2547 4505 2558 4542 :
2595 4487 2728 4570 Qum
2757 4491 2944 4570 octain
2973 4485 3254 4570 diametri.
3321 4560 3330 4570 .

2135 4555 2416 4686 66947ὲὲ
2448 4557 2538 4613 his
2570 4562 2629 4613 et
2659 4559 3042 4630 sequentibus
3081 4557 3414 4616 conferatur
3435 4555 3661 4616 tabella
3685 4557 3794 4616 col.

2211 4669 2602 4774 (ίδῖνῦέιι-αωε
2613 4715 2696 4756 se.

2199 4913 2278 4978 (τι)
2307 4912 2533 4978 minoris
2549 4912 2743 4963 ﬁstulis
2771 4916 2893 4964 2304
2922 4912 3163 4978 duplum.
3674 4914 3797 4978 ισοξ

2388 4975 2508 5038 ejus
2537 4979 2745 5026 octava.
3000 4975 3016 4978 '
3709 4976 3799 5025 288

2288 5046 2642 5120 Ἐκάίδνδὲρῖὲ
2674 5044 2743 5120 9d
2767 5045 2883 5120 ΕΞ-.
2922 5109 2934 5120 .
2975 5108 2986 5120 .
3029 5107 3042 5120 .
3674 5046 3797 5120 Ξέἓδὲ

2199 5110 2268 5174 (ε)
2299 5107 2523 5183 inoris
2552 5107 2742 5183 ﬁstulae
2767 5107 2890 5158 2304
2919 5107 3160 5172 triplum.

2383 5173 2927 5307 ﬁtﬁv‘ﬁ‘tﬁiwa.
2975 5297 2987 5307 .
3705 5171 3798 5307 ῗῖἓ

2363 5295 2547 5360 'hujus
2575 5293 2879 5346 medietatis
2907 5297 3114 5345 octava.
3737 5295 3793 5344 18

2363 5377 2441 5450 OB.
2471 5375 2728 5487 diagason
2758 5376 2812 5424 et
2837 5373 3090 5439 diapente
3120 5373 3188 5425 ad
3215 5375 3273 5425 F.
3672 5375 3792 5425 7650

2363 5452 2528 5487 moris
2593 5437 2748 5487 stula:
2777 5439 2901 5487 2304
2937 5437 3322 5487 quadruplum.
3672 5437 3792 5487 9216

2199 5441 2274 5505 (f)
2303 5439 2528 5512 minoris
2555 5437 2748 5512 ﬁstula:
2777 5439 2901 5512 230}
2927 5437 3322 5502 quadruplum.
3672 5437 3792 5512 gat-ﬁ

2388 5502 2504 5566 ejus
2533 5503 2768 5564 quatuor
2795 5498 3014 5551 octavis.
3153 5498 3172 5502 “
3676 5498 3793 5566 Ηξξ

2387 5561 2587 5614 octava:
2617 5567 2820 5614 octava.
3731 5561 3793 5610 36

2382 5645 2438 5694 Γ.
2466 5643 2548 5694 bis
2576 5642 2836 5707 diapason
2866 5640 2935 5694 ad
2963 5643 3020 5692 ιτ.
3645 5640 3788 5691 iuet
