3946 6384
323 507 438 569 6'75

1075 504 1266 567 SIEC.
1310 503 1388 564 x1
1434 483 1674 565 AUGT.‘
1710 501 2024 564 INCERTI
2069 503 2258 563 ANNI
2302 496 2400 562 ET
2447 501 2742 564 sempr.
2785 513 3011 557 mm.

3615 453 3742 563 6.7.6

323 642 482 697 stitio
530 637 842 711 tripartito,
876 643 932 692 et
981 641 1189 709 quarta
1237 636 1435 690 addita
1478 635 1635 690 linea
1681 636 1857 689 ducta
1904 635 1962 689 E.
1996 642 2044 703 Α
2081 633 2327 688 dimidio
2359 634 2459 688 sed
2487 632 2823 705 imperfecto
2855 638 2991 688 tono
3034 633 3287 703 (semum
3337 633 3512 711 enim_
3541 633 3740 689 Grece

323 731 605 804 signetur.
644 733 786 783 ltem
819 745 853 782 a
881 729 947 782 Τ.
987 742 1169 797 usque
1200 726 1270 779 ad
1322 726 1379 779 E.
1414 724 1728 796 epiphania
1768 725 1826 777 in
1861 724 1969 776 tria

323 821 638 892 disparata,
672 822 729 873 et
751 821 957 888 quarta
988 814 1434 886 superapposita
1464 812 1617 868 linea
1647 814 1965 868 B.notetur.

322 909 404 964 De
435 908 570 963 hinc
601 923 634 961 a
662 907 728 961 T.
763 920 949 976 usque
981 905 1053 958 ad
1090 901 1458 958 D.intervallo
1491 901 1550 955 in
1583 906 1836 973 quatuor
1855 900 1969 955 dis-

322 999 532 1070 sipato,
565 995 665 1052 ubi
711 995 884 1050 tertia
939 991 1212 1047 ceciderit
1263 990 1417 1046 linea
1473 991 1539 1046 G.
1594 991 1965 1046 inscribatur.

321 1089 547 1143 Rursus
577 1103 612 1141 a
639 1087 706 1141 Τ.
739 1099 926 1155 usque
955 1082 1028 1136 ad
1057 1085 1124 1135 G.
1157 1080 1434 1152 bipartita
1463 1078 1769 1151 superﬁcie
1799 1078 1970 1133 tertia

321 1172 805 1249 adjungatur,ubi
835 1176 893 1226 C.
928 1168 1364 1242 apponatur.De
1395 1166 1532 1221 hinc
1561 1183 1596 1221 a
1618 1166 1876 1236 T.usque
1896 1164 1965 1218 ad

320 1268 382 1323 C.
412 1263 780 1322 intervallum
813 1257 1332 1332 quadripartiatur,
1361 1259 1417 1310 et
1444 1255 1615 1310 tertia
1644 1254 1876 1325 signata
1905 1253 1964 1306 F.

321 1359 666 1429 apponatur.
701 1352 793 1407 Sic
822 1347 1190 1405 Diatonicum
1217 1349 1502 1401 exaratur.

391 1447 443 1500 3.
474 1445 553 1500 De
579 1442 713 1497 hinc
743 1440 928 1502 lineaa,
957 1453 1084 1508 quae
1120 1441 1175 1489 Β.
1209 1438 1265 1489 et
1295 1434 1354 1488 C.
1389 1436 1667 1488 notantur
1706 1431 1763 1486 in
1797 1431 1966 1487 chro-

319 1534 600 1591 maticum
632 1531 944 1590 ducantur,
977 1531 1031 1582 et
1063 1524 1320 1595 spatium
1354 1524 1504 1576 inter
1537 1523 1661 1576 l).et
1692 1521 1750 1574 E.
1777 1521 1967 1592 bipar-

316 1625 498 1679 tiatur
530 1638 542 1676 :
577 1626 632 1675 et
662 1624 812 1673 retro
842 1617 994 1670 inter
1026 1615 1156 1668 D.et
1183 1611 1566 1667 (Lmedietate
1598 1609 1966 1681 posita,linea

318 1715 586 1770 ducatur.
619 1708 750 1763 Pari
785 1706 954 1760 modo
986 1704 1047 1758 E.
1101 1707 1157 1757 et
1207 1703 1266 1756 F.
1319 1702 1627 1765 ducantur,
1681 1704 1738 1753 et
1767 1698 1961 1769 spatii,

319 1803 474 1875 quod
500 1804 585 1856 est
619 1799 769 1852 inter
800 1796 864 1850 Ο.
896 1798 952 1849 et
979 1793 1041 1847 ll.
1080 1790 1386 1846 medietate
1419 1793 1588 1855 retro,
1623 1787 1776 1843 inter
1811 1787 1874 1842 G.
1909 1792 1965 1842 et

321 1893 381 1948 F.
416 1891 552 1945 data
602 1886 756 1940 linea
805 1882 1085 1937 trahatur.
1133 1883 1270 1933 Post
1319 1878 1381 1932 ll.
1432 1881 1488 1932 et
1535 1877 1576 1931 Ι.
1630 1882 1686 1932 et
1718 1877 1776 1931 L.
1811 1881 1876 1930 ut
1905 1877 1962 1930 in

319 1977 632 2043 diatonico,
665 1974 748 2029 sic
779 1978 833 2029 et
864 1973 920 2026 in
953 1971 1062 2024 isto
1097 1969 1344 2022 ducatur
1376 1983 1388 2020 :
1423 1971 1479 2020 et
1509 1966 1872 2068 abitusque
1890 1965 1960 2019 ad
1995 2005 2041 2068 B

319 2071 363 2125 Ι.
396 2069 550 2124 linea
581 2061 880 2119 divisionis
907 2061 1174 2124 ducatur,
1207 2061 1264 2112 et
1294 2057 1504 2110 subtus
1537 2054 1614 2108 M.
1647 2058 1702 2109 et
1744 2058 1810 2107 N.
1846 2058 1963 2108 tra-

317 2159 554 2215 hantur.
583 2156 723 2210 Item
751 2148 1150 2213 interstitium,
1185 2145 1338 2216 quod
1362 2143 1512 2198 inter
1533 2144 1598 2196 K.
1634 2147 1690 2197 et
1720 2142 1783 2196 L.
1817 2141 1962 2196 divi-

319 2250 510 2311 datur,
534 2249 589 2301 et
619 2249 768 2298 retro
798 2241 946 2294 inter
979 2239 1036 2293 K.
1071 2240 1129 2292 et
1160 2236 1222 2290 L.
1257 2232 1508 2288 mediate
1531 2231 1721 2304 posita
1750 2230 1962 2285 lineam

315 2342 709 2394 transversam
741 2329 1033 2385 transiens
1055 2328 1307 2379 notetur.
1339 2321 1486 2375 Hinc
1517 2319 1689 2392 spatii
1717 2319 1868 2374 inter
1897 2320 1960 2374 P.

318 2433 376 2484 et
432 2427 494 2481 L.
545 2421 826 2478 medietas
877 2419 1026 2472 inter
1075 2416 1115 2469 Ι.
1168 2418 1224 2468 et
1269 2416 1336 2465 K.
1386 2415 1655 2482 ponatur,
1711 2412 1770 2463 et
1812 2407 1966 2463 linea

318 2516 527 2571 subtus
560 2517 950 2567 transversam
985 2506 1245 2559 ducatur.
1261 2501 1469 2555 Eodem
1505 2497 1677 2552 modo
1710 2498 1769 2551 P.
1813 2502 1869 2552 et
1897 2498 1959 2561 Ο.

317 2606 626 2668 ducantur,
659 2603 715 2655 et
745 2597 936 2653 medio
968 2590 1284 2656 interstitii,
1319 2589 1473 2661 quod
1534 2588 1683 2642 inter
1720 2587 1787 2642 Β.
1821 2595 1868 2642 et
1904 2590 1958 2641 S.

316 2698 467 2748 retro
498 2691 651 2745 inter
683 2689 747 2742 R.
781 2690 837 2741 et
865 2685 928 2747 Ο.
961 2683 1095 2736 dato
1142 2679 1296 2734 linea
1343 2678 1612 2743 ducatur,
1647 2679 1703 2730 et
1755 2673 1962 2729 ultima

314 2784 369 2838 S.
408 2784 592 2836 tracta
642 2774 1066 2832 chromaticum
1117 2767 1498 2840 compleatur.
1531 2765 1748 2819 Deinde
1798 2764 1860 2818 B.
1901 2769 1958 2818 C.

315 2876 380 2926 ut
410 2870 471 2925 in
501 2865 790 2923 diatonico
829 2867 885 2918 et
927 2857 1303 2923 chromatico,
1337 2855 1421 2910 sic
1451 2859 1506 2909 et
1535 2854 1593 2908 in
1625 2853 1962 2908 enarmonio

314 2961 834 3021 ducantur,earum
866 2947 1239 3004 interstitium
1262 2944 1416 2998 linea
1433 2943 1627 2997 media
1647 2941 1958 2996 dividatur.

316 3050 544 3104 Rursus
576 3045 637 3098 E.
673 3050 725 3096 et
753 3040 1122 3100 F.ducantur,
1156 3038 1212 3090 et
1241 3033 1298 3087 in
1333 3031 1480 3087 duas
1511 3031 1702 3086 dieses
1734 3031 1964 3086 semito-

315 3137 478 3192 nium
511 3133 840 3188 diducatur.
859 3126 1266 3181 PostH.ducta
1297 3127 1354 3178 et.
1384 3123 1447 3177 L.
1482 3120 1635 3175 linea
1661 3119 1961 3175 divisionis

316 3229 381 3280 ut
410 3224 470 3278 in
505 3220 635 3277 aliis
667 3220 738 3274 ad
787 3219 853 3273 Η.
889 3216 958 3271 ad
1022 3215 1075 3269 l..
1110 3215 1378 3277 ducatur,
1429 3214 1485 3265 et
1532 3209 1681 3264 inter
1710 3214 1776 3263 Η.
1812 3214 1868 3262 ct
1899 3210 1957 3263 L.

315 3312 510 3370 media
537 3313 806 3382 ponatur.
843 3306 936 3362 Sic
969 3305 1077 3359 sub
1109 3307 1441 3357 transversa
1473 3299 1547 3353 Μ.
1582 3303 1636 3353 ct
1669 3299 1958 3364 N.ductis,

2079 729 2491 800 imperfectum
2518 730 2740 802 dicunt)
2773 734 2829 786 et
2865 731 3095 786 duobus
3140 729 3296 786 tonis
3345 730 3738 802 complentur.

2077 823 2299 873 Tonum
2335 835 2467 874 vero
2499 818 2752 874 dicimus
2779 819 3245 890 sesquioctavam
3273 819 3737 892 proportionem,

2078 922 2253 977 quem
2285 907 2461 962 etiam
2491 908 2821 980 epogdoum
2841 911 3069 963 vocant.
3103 908 3248 963 Nam
3280 907 3328 962 si
3359 924 3394 963 a
3436 909 3502 962 Τ.
3539 925 3739 980 usque

2079 996 2150 1050 ad
2184 996 2240 1050 S.
2274 995 2334 1050 in
2368 1000 2495 1051 octo
2539 996 2832 1067 partiaris,
2881 1001 2938 1051 et
2985 1012 3200 1052 nonam
3255 995 3734 1068 superadjiceris,

2077 1088 2281 1138 tonum
2310 1085 2462 1138 inter
2490 1085 2547 1139 S.
2581 1088 2640 1139 et
2688 1084 2754 1138 R.
2805 1088 2860 1138 te
2909 1084 3201 1139 invenisse
3249 1083 3472 1140 videbis
3505 1103 3518 1140 :
3549 1089 3608 1140 et
3646 1085 3736 1140 sic

2079 1173 2334 1244 spatium
2367 1190 2400 1227 a
2429 1173 2494 1227 T.
2528 1189 2716 1244 usque
2747 1173 2822 1228 ad
2866 1172 2932 1227 R.
2979 1171 3347 1228 intervallum
3381 1190 3414 1228 a
3441 1173 3507 1228 T.
3540 1189 3734 1245 usque

2078 1261 2150 1315 ad
2181 1261 2239 1316 S.
2264 1265 2538 1331 totum,et
2566 1262 2807 1333 insuper
2837 1262 2964 1332 ejus
2997 1266 3256 1318 octavam
3289 1262 3640 1318 continebit:
3663 1266 3735 1318 ut

2076 1349 2125 1404 si
2157 1365 2359 1404 novem
2413 1350 2708 1404 octonario
2737 1349 3073 1412 contuleris,
3107 1367 3243 1405 eum
3291 1353 3481 1405 totum
3510 1355 3567 1405 et
3595 1351 3728 1420 ejus

2075 1437 2332 1492 continet
2361 1441 2646 1502 octavam,
2681 1437 2948 1492 videlicet
2979 1437 3286 1492 unitatem.
3313 1438 3406 1493 Sic
3435 1442 3632 1505 tonus,
3657 1443 3729 1493 ut

2075 1525 2421 1598 simpliciter
2451 1531 2507 1581 et
2531 1526 2780 1581 breviter
2810 1525 3197 1593 describatur,
3229 1525 3288 1580 in
3319 1527 3730 1598 sesquioctava

2075 1615 2444 1686 proportione
2495 1614 2804 1669 invenitur.
2840 1614 3234 1669 Tetrachorda
3274 1615 3455 1686 igitur
3494 1616 3729 1673 duobus

2073 1703 2227 1758 tonis
2258 1709 2314 1758 et
2345 1705 2654 1758 semitonio
2687 1702 3085 1774 complentur;
3117 1707 3173 1758 et
3203 1703 3338 1759 inde
3368 1704 3726 1760 vocabulum

2073 1792 2496 1863 trahunt,quod
2531 1793 2640 1847 sub
2673 1797 2924 1863 quatuor
2954 1793 3149 1847 nervis
3179 1792 3267 1847 vel
3297 1792 3520 1848 voculis
3546 1795 3732 1849 conti-

2075 1881 2572 1944 nentur.Quorum
2609 1881 2864 1952 primum
2885 1887 2973 1936 est
2999 1881 3038 1934 B
3062 1883 3099 1936 C
3127 1886 3166 1934 D
3186 1882 3412 1952 E.qund
3443 1881 3721 1954 hypaton,

2072 1969 2129 2024 id
2177 1974 2284 2034 est,
2333 1967 2654 2040 principale
2712 1969 2945 2033 dicitur,
3006 1970 3159 2040 quod
3221 1970 3478 2041 primum
3527 1971 3724 2027 locum

2074 2057 2304 2129 hypatis
2335 2067 2594 2128 occupet,
2618 2062 2674 2112 et
2705 2057 2927 2112 caeteris
2959 2057 3193 2129 gravius
3223 2063 3281 2114 et
3308 2059 3602 2116 morosius
3631 2077 3724 2116 so-

2073 2151 2188 2202 net.
2223 2147 2556 2202 Secundum
2590 2163 2720 2201 vero
2753 2151 2841 2203 est
2870 2147 2910 2201 E
2945 2147 2983 2201 F
3018 2147 3063 2201 G
3095 2151 3162 2201 Η.
3196 2148 3352 2219 quod
3384 2165 3607 2216 meson,
3662 2150 3724 2205 id

2072 2239 2180 2301 est,
2213 2234 2472 2289 medium
2505 2235 3053 2306 nuncupatur.Nam
3087 2235 3221 2290 hinc
3251 2235 3516 2308 illi,quod
3542 2237 3721 2310 hypa-

2073 2328 2170 2378 ton
2228 2323 2503 2391 diximus,
2567 2324 2969 2397 conjungitur;
3025 2324 3160 2379 hinc
3216 2342 3349 2380 vero
3397 2325 3503 2390 illi,
3564 2328 3722 2398 quod

2072 2428 2492 2482 synemmenon
2523 2412 3520 2484 dicitur,copulatur.Synemmenon
3538 2415 3720 2484 enim,

2072 2500 2130 2555 id
2160 2505 2268 2567 est,
2300 2502 2699 2571 conjunctum,
2734 2501 2844 2555 sub
2875 2500 2920 2554 H
2953 2500 2973 2554 Ι
3008 2501 3053 2554 Κ
3080 2501 3480 2556 L.continetur
3511 2519 3523 2556 :
3560 2503 3720 2574 quod

2071 2589 2284 2644 idcirco
2316 2589 2400 2644 sic
2429 2594 2688 2658 vocatur,
2721 2590 2876 2660 quod
2933 2590 3126 2644 medio
3173 2591 3595 2663 conjungatur;
3646 2593 3719 2648 ad

2073 2679 2460 2734 differentiam
2493 2678 2716 2734 scilicet
2747 2679 2939 2748 quarti
2972 2678 3025 2732 M
3053 2678 3097 2733 N
3129 2678 3171 2733 Ο
3202 2679 3426 2750 P.quod
3457 2680 3723 2753 diezeug-

2072 2783 2304 2836 menon,
2329 2768 2385 2821 id
2417 2773 2505 2822 est
2535 2767 2897 2837 disjunctum
2931 2767 3281 2838 appellatur,
3310 2768 3448 2839 quia
3467 2774 3605 2825 tono
3628 2769 3719 2824 in-

2070 2857 2306 2925 teriecto
2338 2873 2370 2910 a
2404 2856 2592 2911 medio
2623 2856 2974 2926 disparatur.
3001 2857 3280 2920 Quintum
3313 2861 3529 2927 autem,
3563 2860 3720 2930 quod

2071 2949 2156 2999 cst
2188 2949 2229 2997 P
2259 2945 2301 3008 Ο
2334 2945 2380 3000 Ρι
2409 2945 2468 3000 S.
2502 2943 2914 3016 hyperboleon,
2948 2945 3006 2998 id
3033 2949 3140 3010 est,
3176 2944 3461 3001 excellens
3482 2945 3722 3015 dicitur,

2071 3034 2226 3105 quod
2258 3034 2315 3087 in
2350 3033 2709 3089 acutioribus
2751 3037 2807 3088 et
2835 3032 3050 3088 idcirco
3079 3033 3585 3091 excellentioribus
3615 3052 3723 3091 vo-

2071 3122 2237 3177 cibus
2267 3121 2613 3177 inveniatur.
2645 3121 2712 3175 Et
2742 3121 2863 3176 haec
2894 3121 3153 3192 quinque
3197 3122 3564 3178 tetrachorda
3594 3123 3721 3196 pari

2071 3211 2244 3266 modo
2276 3210 2584 3266 semitonio
2616 3216 2674 3265 et
2703 3210 2932 3266 duobus
2965 3211 3118 3266 tonis
3150 3211 3565 3283 adimplentur.

2137 3299 2430 3366 6.Sed,his
2461 3299 2712 3354 breviter
2741 3299 3036 3366 libatis,ad
3062 3301 3506 3356 consonantiam
3526 3302 3720 3357 venia-

315 3402 510 3459 media
540 3372 987 3454 inseratur.Pari
1018 3393 1188 3446 modo
1223 3391 1279 3445 P.
1312 3390 1374 3453 Ο,
1408 3390 1464 3443 S.
1503 3389 1784 3455 tractis,et
1809 3389 1960 3442 inter
1991 3372 2032 3437 C
2072 3387 2624 3446 mus.Consonantia
2653 3392 2742 3442 est
2771 3387 3130 3442 diversarum
3164 3405 3369 3444 vocum
3401 3397 3720 3446 concentus

314 3493 377 3547 P.
438 3493 495 3545 et
547 3491 610 3555 Ο.
659 3485 850 3541 media
901 3484 1090 3555 posita
1133 3479 1538 3536 enarmonium
1582 3477 1837 3530 finiatur.
1869 3475 1960 3530 Sic

313 3578 672 3635 diatonicum
707 3591 806 3646 per
846 3579 1014 3628 tonos
1064 3577 1120 3626 et
1167 3568 1495 3632 semitonia,
1527 3565 1958 3621 Chromaticum

313 3686 417 3742 per
446 3664 842 3726 semitonium,
878 3659 1280 3724 semitonium,
1310 3663 1369 3712 et
1415 3654 1838 3710 triemitonium
1872 3653 1957 3706 in-

313 3750 1149 3829 compositum,Enarmonium
1181 3763 1314 3802 vero
1339 3762 1439 3818 per
1459 3742 1648 3798 diesin
1671 3747 1726 3796 et
1748 3742 1957 3807 diesin,

310 3847 368 3902 id
402 3849 508 3910 est,
533 3843 846 3898 dimidium
878 3836 1251 3893 semitonium
1276 3840 1332 3889 et
1362 3833 1629 3888 ditonum
1661 3831 1958 3902 incompo-

313 3936 492 3990 situm
527 3933 816 3986 exuratur.

381 4022 436 4077 ἆ.
471 4020 581 4074 Sed
614 4017 892 4088 quoniam
937 4010 1314 4068 mensurandi
1360 4008 1621 4080 regulam
1668 4007 1958 4071 dedimus,

313 4109 554 4166 nomina
583 4105 933 4161 chordarum
959 4117 1248 4173 apponere
1275 4113 1701 4168 supervacuum
1727 4112 1842 4150 non
1861 4096 1958 4166 ju-

310 4199 598 4254 dicamus.
635 4195 831 4248 Prima
859 4190 1194 4263 igitur,qua3
1225 4185 1528 4242 A.titulata
1557 4183 1957 4256 est,proslam-

311 4275 672 4344 banomenos
703 4283 938 4345 dicitur,
975 4283 1035 4332 B.
1071 4279 1280 4349 hypate
1313 4275 1588 4347 hypaton,
1641 4277 1698 4328 C.
1750 4273 1957 4345 parhy-

311 4381 445 4449 pate
477 4370 827 4445 bypaton,D.
859 4368 1136 4438 lychanos
1166 4363 1954 4438 hypaton,E.hypatemeson,

310 4466 370 4520 F.
410 4461 958 4536 parhypatemeson,
987 4455 1054 4512 G.
1089 4454 1598 4527 lychanosmeson,
1622 4453 1876 4517 H.mese,
1911 4456 1953 4505 Ι.

311 4553 446 4608 trite
474 4565 917 4622 synemmenon,
967 4546 1029 4599 Κ.
1084 4549 1358 4616 paranete
1407 4558 1848 4614 synemmenon,
1893 4542 1954 4595 L.

312 4646 443 4698 nete
475 4654 918 4712 synemmenon,
952 4636 1026 4689 M.
1072 4649 1394 4706 paramese,
1423 4631 1490 4685 N.
1526 4631 1658 4686 trite
1690 4631 1956 4701 diezeug-

2071 3477 2324 3533 suaviter
2349 3481 2405 3531 et
2439 3476 2805 3532 unit‘ormiter
2852 3476 3122 3532 accidens
3165 3478 3428 3547 auribus,
3461 3484 3526 3534 ut
3575 3479 3626 3534 si
3658 3479 3718 3535 in

2069 3567 2178 3622 lira
2205 3565 2292 3620 vel
2325 3564 2437 3620 allo
2471 3564 2665 3636 aliquo
2707 3565 2930 3620 musico
2975 3565 3367 3622 instrumento
3409 3567 3721 3641 diligenter

2070 3654 2255 3710 tensis
2285 3659 2339 3709 et
2367 3654 2627 3709 remissis
2657 3655 2870 3719 nervis,
2905 3655 3157 3726 primam
3197 3659 3254 3710 et
3286 3660 3579 3727 quartam,
3613 3673 3717 3712 seu

2071 3743 2319 3816 primam
2369 3748 2426 3798 et
2473 3742 2762 3814 quintam,
2794 3743 2882 3797 vel
2931 3745 3182 3815 primam
3231 3749 3491 3800 octavam
3537 3745 3720 3801 simul

2070 3831 2242 3887 ferias
2271 3848 2469 3887 vocem
2506 3849 2518 3887 :
2553 3848 2802 3904 quarum
2833 3833 3176 3904 prima,qum
3209 3839 3266 3890 et
3296 3834 3561 3901 minima,
3596 3835 3723 3892 dia-

2069 3927 2334 3988 tessaron
2392 3921 2634 3988 dicitur;
2685 3923 2943 3976 secunda
2990 3922 3278 3994 diapente,
3311 3929 3447 3979 tono
3481 3925 3716 3995 major;

2069 4009 2239 4066 tertia
2284 4028 2352 4065 ex
2396 4010 2488 4065 his
2537 4011 2769 4066 duabus
2811 4018 3114 4082 compacta
3159 4011 3471 4084 diapason;
3503 4018 3720 4085 quarta

2070 4100 2352 4171 diapason
2384 4103 2442 4153 et
2471 4099 2771 4170 diapente;
2805 4099 3009 4171 quinta
3032 4100 3124 4156 bis
3155 4101 3566 4173 diapason,vel
3599 4103 3725 4158 dis-

2069 4188 2602 4260 diapason.Quibus
2635 4189 2684 4243 si
2711 4190 3034 4244 secundum
3064 4189 3357 4245 Ptolomaei
3381 4191 3730 4247 rationabile

2060 4277 2348 4347 judicium
2383 4277 2663 4349 diapason
2687 4283 2742 4332 et
2769 4279 3133 4334 diatessaron
3156 4279 3529 4350 adjicias;sex
3549 4280 3730 4336 habe-

2069 4367 2159 4422 bis
2189 4367 2741 4422 consonantias.Sed
2775 4384 2907 4422 cum
2939 4367 3060 4423 haec
3091 4372 3147 4422 et
3178 4385 3388 4435 nomen
3417 4373 3473 4423 et
3501 4369 3724 4424 difﬁni-

2066 4457 2284 4511 tionem
2338 4455 2431 4510 sui
2474 4455 2702 4526 generis
2751 4456 3007 4527 recipiat,
3042 4473 3148 4512 cur
3178 4455 3540 4525 excludatur,
3577 4459 3723 4514 ratio

2068 4562 2186 4600 non
2217 4545 2653 4615 apportat.Nam
2687 4545 2734 4599 si
2767 4562 2954 4616 equus
2988 4550 3078 4602 est
3106 4545 3438 4602 substantia
3457 4547 3724 4602 animata

2045 4631 2384 4699 sensibilis,
2417 4649 2518 4704 pro
2567 4638 2722 4688 certo
2773 4634 3078 4705 speciebus
3119 4634 3382 4690 intererit
3413 4635 3716 4691 animalis:

311 4747 546 4795 menon,
600 4729 664 4783 Ο.
720 4729 994 4798 paranete
1043 4723 1520 4794 diézeugmenon,
1566 4721 1626 4774 P.
1672 4724 1802 4774 nete
1835 4718 1956 4771 die-
1990 4741 2035 4805 D
2066 4722 2224 4793 quod
2254 4721 2304 4776 si
2336 4721 2619 4791 diapason
2650 4727 2706 4776 et
2731 4723 3096 4778 diatessaron
3120 4729 3207 4779 est
3231 4723 3601 4780 diversarum
3629 4741 3724 4780 vo-

310 4834 692 4891 zeugmenon,
728 4818 790 4881 Q.
827 4814 959 4868 trite
991 4811 1400 4884 hyperboleon,
1435 4810 1501 4865 Β.
1536 4811 1810 4879 paranete
1853 4805 1956 4876 hy-

310 4906 642 4980 perboleon,
666 4909 720 4958 S.
755 4907 885 4957 ncte
914 4901 1322 4973 hyperboleon.
1349 4901 1417 4954 Et
1448 4898 1570 4951 haec
1602 4900 1958 4950 suntearum

311 4995 827 5064 nomina,quarum
843 4990 1458 5044 invcntionisordinem
1477 4982 1890 5038 etvocabuloru
1903 5000 1953 5035 m

310 5085 595 5140 rationem
622 5087 676 5136 et
699 5080 930 5134 Boetius
949 5080 1005 5133 in
1023 5077 1244 5132 Musica
1267 5073 1606 5147 plenissime
1632 5071 1955 5141 exequitur.

311 5177 442 5240 Quae
474 5172 662 5234 nobis,
698 5169 975 5240 quoniam
1003 5166 1269 5221 brevitati
1303 5163 1630 5224 studemus,
1663 5165 1719 5213 et
1751 5175 1954 5229 parum

311 5267 410 5319 aut
429 5259 572 5315 nihil
594 5258 860 5314 utilitatis
879 5249 1649 5324 ail'erunt,praetermittenda
1668 5248 1954 5310 videntur,

308 5356 374 5406 ut
406 5367 605 5406 eorum
638 5349 760 5404 loco
793 5348 1064 5402 dicantur
1095 5341 1347 5396 utiliora.
1382 5339 1674 5401 Quantum
1698 5337 1853 5392 enim
1885 5336 1956 5391 ad

309 5439 616 5495 utilitatem
652 5435 927 5502 attinet,si
964 5432 1217 5503 primum
1250 5444 1490 5482 nervum
1523 5425 1958 5498 proslambano-

309 5546 512 5585 menos
543 5527 776 5589 dixeris,
811 5528 1041 5577 tantum
1073 5519 1117 5574 si
1147 5534 1281 5573 eum
1307 5516 1952 5579 A.nominaveris.0ua—

308 5635 394 5684 re,
426 5617 517 5671 his
549 5613 809 5677 omissis,
845 5610 959 5664 alia
991 5608 1313 5663 videamus.

377 5705 704 5774 5.Quinque
727 5697 1170 5756 tetrachordain
1187 5693 1566 5750 monochordi
1589 5692 1956 5748 dimensione

310 5793 707 5859 inveniuntur,
741 5805 868 5866 quas
898 5787 1023 5866 pari
1047 5786 1217 5844 modo
1247 5783 1577 5852 semitonio,
1604 5783 1662 5841 id
1694 5786 1804 5852 est,
1839 5799 1954 5841 non

2069 4827 2201 4864 cum
2251 4815 2570 4865 concentus
2621 4811 2876 4866 suaviter
2923 4816 2981 4866 et
3033 4811 3401 4868 uniformiter
3449 4813 3723 4869 accidens

2071 4899 2335 4962 auribus,
2360 4899 2494 4967 jure
2526 4899 2932 4971 interponetur
2960 4902 3355 4956 consonantiae
3387 4903 3720 4973 speciebus;

2069 4988 2166 5040 sed
2201 5004 2327 5041 eam
2363 4986 2470 5042 hoc
2501 5005 2627 5042 esse
2661 5005 2830 5042 nemo
2864 5006 3073 5061 negare
3100 4989 3338 5060 poterit;
3373 4990 3551 5062 igitur
3582 5008 3722 5046 con-

2069 5075 2351 5130 sonantiis
2379 5076 2657 5131 intererit.
2693 5077 2882 5132 Prima
2925 5095 3082 5149 ergo,
3130 5095 3308 5148 quam
3355 5078 3719 5134 diatessaron

2067 5164 2409 5230 diximus,in
2441 5165 2815 5236 sesquitertia
2847 5167 3217 5238 proportione
3248 5167 3554 5234 consistit:
3580 5171 3647 5222 ut
3669 5169 3720 5223 si

2067 5253 2318 5308 ternario
2349 5254 2682 5309 conferatur
2706 5256 3140 5326 quaternarius.
3183 5257 3462 5328 Diapente
3492 5273 3627 5312 vero
3659 5256 3716 5310 in

2066 5341 2482 5412 sesquialtera:
2509 5347 2573 5396 ut
2602 5342 2650 5398 si
2682 5345 3054 5414 quaternario
3079 5347 3408 5400 conferatur
3424 5346 3714 5401 senarius.

2064 5430 2354 5502 Diapason
2386 5431 2444 5485 in
2477 5431 2656 5503 dupla
2708 5449 2720 5486 :
2773 5438 2840 5494 ut,
2881 5433 2929 5487 si
2966 5434 3236 5505 praedicto
3277 5435 3527 5489 ternario
3560 5433 3716 5490 idem

2065 5520 2648 5592 senarius.Diapason
2679 5527 2735 5575 et
2764 5522 3125 5577 diatessaron
3157 5523 3214 5576 in
3249 5521 3466 5593 duplici
3494 5521 3716 5594 sesqui.

2065 5607 2264 5676 tertia;
2297 5613 2359 5662 ut
2389 5609 2438 5663 si
2469 5609 2656 5663 eidem
2689 5610 2917 5665 senario
2944 5610 3406 5681 quatuordecim.
3427 5611 3714 5683 Diapasm

2062 5700 2118 5751 et
2147 5697 2422 5768 diapente
2454 5699 2512 5750 in
2547 5697 2810 5769 triplazut
2840 5698 2888 5753 si
2920 5700 3232 5770 saepedicto
3254 5701 3486 5762 senario
3517 5699 3740 5767 decem.

2061 5789 2119 5845 et
2149 5801 2380 5844 novem.
2414 5785 2513 5844 Bis
2543 5785 2824 5864 diapason
2854 5787 2913 5846 in
2947 5788 3279 5868 quadrupla
3310 5804 3323 5846 :
3361 5793 3424 5846 ut
3452 5788 3503 5849 si
3525 5788 3714 5854 eidem
