3946 6382
96 403 211 475 68‘1
227 415 230 418 '

1396 415 1756 481 ANONYMI
1801 420 1852 480 II
1897 415 2210 483 MUSICA.

3386 396 3516 480 682'

95 545 404 616 Septimus
446 547 655 602 modus
705 548 1027 604 intenditur
1073 551 1145 604 ab
1179 550 1237 604 F.
1273 551 1344 604 ad
1375 551 1438 606 R.
1486 555 1746 607 rarenter
1774 553 1830 618 Α
1855 553 1954 622 qui
1987 552 2250 624 quamvis
2280 553 2546 608 eamdem
2575 555 2768 609 teneat
2789 552 3062 623 speciem,
3090 550 3376 606 diversam
3398 551 3502 607 ha-

93 630 300 690 autem
335 635 405 690 ad
439 635 495 691 S.
527 636 832 705 continens
855 639 1164 710 septimam
1189 639 1338 694 inter
1360 641 1425 693 G.
1451 643 1508 696 et
1531 641 1596 696 Β.
1624 641 1745 696 dia-

88 739 286 794 pason
318 724 593 795 speciem,
628 724 806 797 supra
834 743 966 781 vero
1000 729 1057 782 et
1086 727 1237 782 infra
1285 744 1505 783 vocem.
1556 731 1746 799 Hujus

88 815 308 868 cantus
338 811 627 884 principia
657 817 712 868 et
743 813 1148 869 distinctiones
1181 817 1319 870 sunt
1348 831 1448 870 sex
1478 815 1518 869 F
1547 815 1593 870 G
1623 816 1669 870 H
1691 815 1746 871 M

85 899 134 955 N
168 899 238 956 Ο.
273 899 525 956 Octavus
558 901 766 957 modus
793 902 1056 958 ascendit
1082 903 1153 958 ad
1186 903 1248 958 Ο.
1283 919 1412 958 raro
1446 907 1640 959 autem
1673 904 1744 959 ad

85 989 146 1043 P.
184 987 503 1060 possidens
535 992 802 1061 quartam
835 1007 868 1044 a
893 991 934 1046 D
954 991 1025 1046 ad
1050 991 1112 1046 Ο.
1139 991 1466 1047 secundum
1485 991 1742 1063 primum

85 1075 448 1150 magistrum
476 1077 756 1149 diapason
791 1078 1058 1146 formam,
1089 1097 1267 1151 supra
1289 1095 1420 1135 vero
1444 1079 1740 1136 chordam.

85 1165 239 1221 Huic
288 1165 359 1221 N.
413 1164 759 1222 Ptolomaeus
809 1168 1105 1223 annexuit.
1160 1168 1228 1222 Et
1276 1167 1415 1239 quia
1461 1168 1742 1240 diapason

85 1258 299 1311 octava
327 1253 520 1326 specie
550 1259 720 1322 caret,
753 1259 1024 1327 quartam
1072 1258 1138 1310 ut
1181 1257 1408 1327 primus
1453 1256 1740 1313 obtinuit:

1857 641 1954 696 bet
1984 640 2240 708 ﬁnalem,
2274 645 2331 696 et
2361 658 2476 696 non
2526 642 2792 697 eamdem
2842 641 2912 695 ad
2963 644 3018 694 G.
3077 631 3506 718 remissionem.

1856 731 2044 799 Hujus
2067 734 2276 785 cantus
2301 730 2469 784 initia
2490 734 2554 784 ut
2575 730 2821 786 aliorum
2848 721 3272 801 discipulorum
3297 727 3507 800 l'egalia

1856 822 1996 872 sunt
2026 822 2295 889 quatuor,
2326 819 2370 873 D
2401 819 2443 873 E
2476 819 2516 874 F
2546 819 2610 874 G.
2657 818 3060 874 distinctiones
3087 835 3210 886 sex,
3241 823 3286 871 D
3315 807 3355 871 E
3389 817 3430 871 F
3461 815 3506 871 G

1857 906 1987 961 HM
2020 906 2106 961 vel
2147 908 2189 961 Ι.
2243 906 2308 962 Et
2350 906 2411 962 hi
2461 911 2600 963 sunt
2647 911 2892 979 quartus
2941 905 3220 978 magister
3260 906 3506 977 ejusque

1855 993 2200 1066 discipulus.
2234 995 2291 1050 Si
2326 995 2591 1069 magistri
2622 1000 2859 1052 cantum
2880 996 2917 1050 F
2938 995 3028 1050 vel
3050 995 3113 1050 G.
3140 993 3504 1050 inchoaveris

1855 1083 1926 1137 ad
1946 1084 2008 1148 Q.
2029 1082 2106 1138 sit
2123 1083 2405 1140 minimus
2425 1085 2634 1140 modus
2651 1083 3018 1150 intensionis,
3053 1081 3499 1154 discipulivero,

1855 1187 2042 1226 causae
2077 1173 2425 1243 supradictae
2458 1173 2815 1240 differentiae,
2854 1173 2924 1228 ad
2952 1173 2992 1227 E
3025 1171 3410 1228 remissionis.

638 1519 1214 1627 ANONYMI
1285 1531 1371 1623 ΙΙ
1445 1531 2162 1628 TRACTATUS
2240 1536 2404 1628 DE
2483 1535 2952 1630 MUSICA

152 1861 431 1932 Quinque
464 1861 601 1915 sunt
631 1859 1026 1915 consonantiae
1059 1859 1320 1930 musicae,
1342 1859 1738 1927 Diatessaron,
1766 1865 1815 1929 B
1847 1864 1964 1917 tres
1997 1862 2304 1918 continuos
2332 1865 2500 1917 tonos
2531 1865 2588 1918 et
2618 1861 3018 1916 semitonium.
3044 1860 3333 1932 Diapason
3361 1877 3500 1932 quo-

81 1967 214 2024 quae
246 1954 305 2007 et
336 1948 712 2021 sesquitertia
741 1947 991 2003 dicitur:
1027 1947 1326 2020 Diapente,
1363 1965 1489 2020 quas
1523 1953 1578 2004 et
1617 1965 1739 2004 ses-

81 2040 405 2112 quialtera:
440 2037 753 2110 Diapason,
780 2054 906 2108 quae
930 2041 985 2091 et
1008 2036 1187 2108 dupla
1207 2042 1446 2093 vocatur
1459 2038 1741 2109 Diapente

79 2135 134 2185 et
150 2129 472 2201 Diapason,
493 2143 618 2198 quae
635 2129 691 2180 et
705 2125 879 2197 tripla
896 2131 1298 2196 nuncupatur:
1321 2126 1416 2180 Bis
1435 2127 1736 2198 diapason,

80 2211 212 2290 qua
244 2223 303 2273 et
332 2214 680 2288 quadrupla.
712 2215 866 2270 Duas
898 2214 1129 2280 harum,
1164 2214 1221 2268 id
1243 2218 1352 2282 est,
1377 2214 1738 2270 diatessaron

81 2313 136 2362 et
167 2307 444 2378 diapente
475 2305 532 2358 in
564 2303 940 2374 frequentiori
973 2320 1084 2358 usu
1115 2305 1417 2371 tenemus;
1454 2304 1644 2371 tertia,
1679 2303 1737 2359 id

81 2400 190 2460 est,
225 2395 512 2466 diapason
543 2408 673 2448 raro
706 2391 947 2458 utimur,
985 2395 1222 2447 caeteras
1242 2391 1302 2446 in
1325 2392 1539 2447 nostris
1561 2392 1740 2447 canti-

81 2483 235 2540 lenis
257 2499 373 2538 non
398 2481 765 2538 adhibemus.
789 2481 1159 2536 Diatessaron
1182 2480 1360 2552 igitur
1379 2497 1584 2535 vocum
1609 2481 1736 2550 qui-

78 2575 218 2629 dem
249 2569 339 2628 e'st
369 2575 646 2642 quatuor;
681 2570 820 2641 quia
846 2573 1098 2641 quatuor
1130 2569 1479 2625 chordarum
1501 2572 1610 2637 est,
1636 2570 1735 2624 sed

77 2668 282 2717 tamen
298 2658 735 2715 intervallorum
751 2658 957 2714 trium:
983 2662 1222 2714 Constat
1245 2674 1312 2714 ex
1335 2659 1564 2713 duobus
1582 2659 1744 2736 tonis,

77 2756 130 2806 et
146 2747 464 2805 semitonio
479 2747 723 2802 minore.
753 2747 853 2802 Est
870 2751 1064 2802 autem
1084 2752 1257 2802 tonus
1280 2747 1432 2818 quod
1457 2751 1507 2802 et
1532 2763 1732 2816 sonus;

76 2837 463 2896 semitonium
494 2853 627 2891 vero
658 2838 746 2891 est
778 2837 973 2907 majus
1001 2840 1056 2890 et
1089 2836 1305 2890 minus.
1350 2835 1731 2891 Semitonium

76 2931 281 2983 autem
296 2925 532 2990 dicitur,
550 2925 704 2997 quod
722 2942 836 2979 non
860 2923 1141 2979 dimidius
1159 2923 1236 2978 sit
1250 2928 1444 2991 tonus,
1471 2925 1570 2979 sed
1597 2924 1735 2996 quia

75 3034 195 3085 non
231 3014 310 3070 sit
339 3013 590 3086 perfecte
639 3016 832 3068 tonus.
885 3012 1164 3084 Diapente
1211 3030 1346 3068 vero
1389 3029 1597 3067 vocum
1647 3016 1735 3067 est

72 3105 363 3176 quinque,
399 3103 536 3174 quia
566 3102 825 3174 quinque
853 3101 1202 3157 chordarum
1243 3105 1350 3168 est,
1402 3101 1732 3157 intervallo-

73 3209 212 3248 rum
243 3196 515 3264 quatuor,
548 3189 685 3262 quia
710 3192 937 3246 cOnstat
959 3190 1146 3245 tribus
1173 3190 1322 3245 tonis
1346 3194 1401 3244 et
1422 3190 1728 3245 semitonio

74 3283 325 3338 minore.
361 3276 648 3350 Diapason
681 3295 886 3334 rursus
919 3281 1145 3334 constat
1175 3295 1242 3334 ex
1272 3279 1635 3334 diatessaron
1673 3283 1730 3334 et

75 3373 376 3444 diapente,
410 3369 468 3424 id
501 3373 607 3435 est,
639 3384 708 3423 ex
738 3368 996 3440 quinque
1027 3367 1178 3423 tonis
1209 3372 1265 3422 et
1289 3367 1518 3423 duobus
1549 3367 1728 3423 semi-

75 3460 261 3516 toniis
291 3450 640 3528 minoribus,
674 3457 774 3528 qui
807 3474 923 3512 non
953 3455 1237 3528 impleant
1267 3459 1491 3512 tonum.

147 3549 247 3604 Hae
280 3548 462 3620 igitur
491 3550 607 3602 tres
633 3545 982 3618 principales
1007 3546 1418 3617 consonantiae,
1442 3545 1725 3600 diatessa-

72 3656 178 3695 ron
211 3635 502 3703 videlicet,
546 3635 814 3707 diapente
864 3651 930 3689 ac
979 3635 1259 3706 diapason
1314 3636 1370 3689 in
1421 3635 1621 3689 decem
1671 3639 1727 3687 et

72 3734 204 3784 octo
235 3725 472 3782 chordis
502 3740 605 3796 per
625 3723 992 3779 tetrachorda
1012 3727 1066 3778 et
1083 3723 1476 3794 pentachorda
1501 3728 1556 3778 et
1576 3728 1727 3778 octo-

72 3817 294 3872 chorda
325 3816 458 3886 apte
507 3813 970 3885 distinguuntur.
1017 3811 1160 3866 Nam
1212 3827 1383 3867 omne
1429 3813 1584 3883 quod
1635 3815 1725 3868 est

71 3904 509 3961 tetrachordum
543 3905 775 3957 resonat
822 3901 1264 3956 consonantiam
1316 3900 1720 3970 diatessaron;

70 3998 211 4050 sunt
232 3994 392 4048 enim
416 3992 673 4063 quinque
698 3989 1038 4062 principalia
1062 3989 1446 4055 tetrachorda,
1468 3989 1723 4061 hypaton

67 4081 356 4148 videlicet,
419 4097 642 4146 meson,
708 4095 1167 4150 synemmenon,
1230 4079 1721 4151 diezeugmenon,

72 4169 466 4245 hyperboleon
497 4187 508 4223 :
545 4185 670 4240 quas
721 4169 780 4222 in
835 4168 1125 4223 diatonico
1180 4184 1388 4240 genere
1438 4167 1723 4222 melorum

74 4263 352 4316 resonant
381 4257 826 4314 consonantiam
859 4257 1241 4312 diatessaron.
1267 4257 1399 4311 Tria
1430 4257 1723 4328 siquidem

74 4353 212 4405 sunt
241 4364 459 4420 genera
482 4346 791 4412 melorum,
820 4345 1096 4401 diatonon
1129 4345 1368 4411 scilicet,
1403 4346 1642 4400 chroma
1671 4351 1727 4401 et

73 4437 507 4503 enarmonium;
543 4435 642 4491 sed
675 4434 954 4491 diatonon
988 4434 1194 4490 durius
1213 4439 1269 4489 et
1290 4433 1616 4490 naturalius
1638 4439 1727 4489 est

1853 1967 1962 2022 que
1980 1952 2362 2006 consonantia
2382 1951 2766 2023 distinguitur
2786 1966 2885 2021 per
2905 1954 3033 2005 octo
3055 1950 3322 2005 chordas.
3358 1950 3500 2006 Con-

1852 2043 1968 2094 stat
1998 2041 2176 2105 enim,
2197 2043 2262 2094 ut
2281 2040 2502 2094 dictum
2521 2042 2627 2107 est,
2653 2055 2721 2094 ex
2741 2040 3003 2112 quinque
3025 2038 3180 2094 tonis
3194 2042 3250 2093 et
3267 2039 3498 2094 duobus

1850 2128 2176 2183 semitoniis
2207 2128 2556 2196 minoribus,
2591 2128 2895 2183 continens
2927 2127 3192 2184 videlicet
3215 2127 3274 2182 in
3296 2144 3358 2183 se
3379 2127 3498 2183 dia-

1851 2219 2114 2272 tessaron
2145 2220 2201 2272 et
2231 2217 2519 2287 diapente.
2554 2216 2738 2272 Habet
2768 2220 2964 2272 autem
2995 2221 3051 2272 et
3098 2216 3227 2288 ipsa
3274 2217 3496 2289 species

1849 2309 2096 2376 septem,
2129 2322 2255 2376 quae
2288 2305 2563 2376 quoniam
2597 2305 2656 2359 in
2690 2323 2818 2361 raro
2843 2323 2954 2360 usu
2976 2306 3285 2372 habentur,
3310 2305 3496 2361 brevi-

1847 2392 1983 2446 tatis
2015 2409 2192 2449 causa
2217 2410 2251 2447 a
2281 2393 2450 2448 nobis
2490 2393 3027 2464 praetermittentur.

1917 2481 2165 2535 Nomina
2195 2485 2391 2536 autem
2425 2481 2796 2547 chordarum,
2831 2483 2887 2536 in
2924 2481 3136 2552 quibus
3170 2482 3254 2536 hae
3288 2498 3492 2536 conso-

1848 2569 2063 2623 nantim
2093 2569 2557 2641 distinguuntur,
2591 2569 2711 2623 haec
2739 2574 2896 2624 sunt.
2927 2570 3119 2624 Prima
3167 2574 3222 2624 et
3271 2570 3494 2642 gravis-

1846 2657 1997 2711 sima
2009 2659 2270 2712 omnium
2288 2657 3255 2730 estproslambanomenos,duplici
3267 2659 3493 2715 ratione

1844 2745 2186 2813 immobilis,
2219 2747 2306 2801 vel
2339 2747 2477 2818 quia
2508 2746 2729 2802 scilicet
2756 2748 3206 2822 fundamentum
3231 2752 3320 2802 est
3353 2747 3492 2803 reli-

1844 2851 2095 2905 quarum
2125 2852 2356 2902 vocum,
2385 2836 2472 2891 vel
2504 2837 2643 2907 quia
2673 2836 2733 2891 in
2768 2837 2955 2891 tribus
2986 2836 3298 2909 generibus
3322 2835 3496 2892 melo-

1843 2940 1996 2990 rum,
2031 2923 2320 2980 diatonico
2354 2925 2642 2993 videlicet,
2679 2925 3032 2980 chromatico
3056 2929 3111 2980 et
3131 2925 3490 2992 enarmonio,

1843 3029 1984 3067 sono
2017 3017 2071 3068 et
2103 3013 2338 3068 nomine
2361 3018 2664 3084 permanet
2688 3014 3017 3070 uniformis.
3041 3015 3126 3069 Ad
3150 3030 3327 3086 quam
3351 3015 3493 3069 obti-

1843 3105 1940 3156 net
1967 3102 2084 3157 toni
2119 3104 2555 3174 proportionem
2588 3119 2839 3174 sequens
2871 3103 3086 3174 hypate
3118 3104 3394 3176 hypaton,
3435 3106 3492 3158 et

1842 3189 1968 3262 ipsa
2000 3190 2270 3245 similiter
2298 3189 2515 3262 duplici
2548 3209 2614 3246 ex
2645 3209 2822 3247 causa
2847 3192 3200 3248 immobilis:
3234 3192 3321 3247 vel
3353 3192 3493 3262 quia

1841 3279 2060 3334 scilicet
2091 3281 2150 3333 in
2183 3280 2371 3334 tribus
2402 3279 2714 3351 generibus
2742 3285 2831 3336 est
2861 3281 3207 3347 consimilis,
3239 3279 3325 3335 vel
3351 3281 3489 3351 quia

1838 3385 1870 3422 a
1902 3367 2091 3438 prima
2121 3370 2480 3440 praecedente
2508 3369 2578 3423 ad
2608 3369 2838 3424 tertiam
2865 3374 3207 3440 sequentem
3231 3369 3355 3424 sine
3377 3369 3486 3424 hac

1838 3473 1950 3511 non
1986 3460 2172 3528 potest
2220 3457 2510 3512 cantilena
2558 3458 2802 3524 intendi,
2857 3475 3045 3530 neque
3093 3477 3126 3514 a
3173 3459 3344 3514 tertia
3395 3475 3484 3512 se-

1838 3549 2048 3617 quente
2080 3546 2149 3600 ad
2183 3546 2433 3617 primam
2466 3547 2591 3600 sine
2619 3546 2728 3600 hac
2751 3546 2989 3601 remitti.
3016 3547 3208 3601 Tertia
3229 3562 3484 3616 namque

1837 3651 2091 3706 sequens
2103 3639 2232 3706 post
2246 3634 2350 3690 has
2366 3638 2454 3689 est
2467 3635 2786 3706 parhypate
2807 3635 3083 3706 hypaton,
3101 3651 3205 3689 nec
3219 3635 3276 3688 in
3289 3637 3482 3689 totum

1837 3723 2089 3790 mobilis,
2123 3740 2228 3779 nec
2257 3725 2315 3778 in
2348 3728 2535 3778 totum
2567 3723 2917 3779 immobilis:
2953 3724 3170 3795 quiain
3195 3722 3483 3778 diatonico

1836 3812 2071 3884 quidem
2112 3818 2168 3868 et
2216 3812 2572 3868 chromatico
2622 3829 2830 3885 genere
2876 3811 3184 3868 uniformis
3215 3811 3484 3879 habetur,

1833 3900 1892 3955 in
1924 3901 2263 3956 enarmonio
2289 3919 2421 3957 vero
2446 3901 2720 3970 variatur.
2742 3903 2812 3956 Et
2841 3919 3046 3956 rursus
3078 3919 3110 3956 a
3131 3900 3502 3973 prmcedente.

1835 3991 2098 4046 secunda
2130 3991 2199 4045 ad
2229 3995 2571 4062 sequentem
2603 3995 2872 4062 quartam
2907 3990 3032 4046 sine
3062 3990 3170 4045 hac
3189 3988 3360 4045 tertia
3389 4005 3491 4062 po-

1832 4084 1952 4134 test
1982 4085 2191 4135 cantus
2224 4080 2471 4147 intendi,
2520 4079 2670 4136 vela
2721 4080 2932 4152 quarta
2979 4083 3370 4150 consequente
3419 4079 3492 4134 ad

1835 4169 2156 4223 secundam
2191 4169 2610 4239 praecedentem
2645 4169 2880 4224 remitti.
2909 4169 3007 4223 Est
3029 4169 3224 4239 itaque
3253 4163 3494 4223 semito-

1836 4257 1916 4310 nii
1958 4257 2110 4311 inter
2157 4257 2367 4328 hypate
2416 4258 2692 4330 hypaton,
2745 4263 2800 4313 et
2849 4258 3169 4330 parhypate
3208 4258 3489 4329 hypaton.

1838 4347 1976 4401 Post
2005 4345 2112 4401 has
2143 4347 2340 4418 itaque
2372 4349 2752 4418 consequitur
2778 4351 2987 4419 quarta
3008 4347 3288 4419 lychanos
3308 4346 3492 4418 hypa-

1835 4437 1936 4489 ton
1977 4435 2214 4489 mobilis
2265 4452 2367 4505 per
2416 4435 2636 4506 omnia,
2688 4436 2828 4507 quia
2875 4435 3143 4492 videlicet
3191 4437 3248 4489 in
3298 4435 3490 4489 tribus

74 4525 328 4581 caeteris:
366 4524 522 4578 unde
553 4524 721 4594 quasi
754 4522 1075 4595 repudiatis
1127 4522 1256 4577 aliis
1305 4521 1412 4577 hoc
1451 4523 1725 4578 usitatius
1835 4523 2148 4594 generibus
2179 4524 2458 4590 variatur,
2491 4528 2547 4579 et
2577 4525 2647 4578 ab
2671 4524 3043 4579 inferioribus
3066 4525 3137 4578 ad
3161 4523 3483 4594 superiora,

77 4616 348 4682 habetur.
389 4611 610 4668 Dicitur
643 4616 837 4668 autem
885 4611 1210 4679 diatonum,
1262 4613 1414 4683 quod
1469 4611 1527 4665 in
1573 4613 1730 4667 omni
1763 4595 1808 4660 D
1840 4611 1926 4667 vel
1956 4629 1984 4668 a
2019 4611 2419 4683 superioribus
2449 4613 2522 4666 ad
2552 4611 2825 4667 inferiora
2856 4613 2982 4666 sine
3015 4612 3124 4666 hac
3160 4610 3347 4666 facilis
3381 4627 3488 4681 pa-

79 4702 449 4759 tetrachordo
473 4717 574 4773 per
592 4705 797 4756 tonum
821 4717 885 4755 ac
903 4703 1106 4755 tonum
1132 4703 1187 4754 et
1207 4699 1583 4755 semitonium
1607 4700 1734 4772 pro?

79 4793 396 4864 gradiatur.
450 4790 635 4845 Habet
684 4793 878 4845 autem
928 4789 1050 4843 hac
1101 4788 1304 4844 eadem
1355 4789 1733 4846 consonantia

79 4883 443 4938 diatessaron
478 4884 598 4934 tres
628 4877 880 4950 species:
906 4877 1162 4932 Primam
1185 4875 1468 4944 videlicet,
1494 4895 1610 4948 qua
1631 4895 1731 4950 per

80 4976 286 5026 tonum
319 4985 385 5024 ac
416 4972 621 5024 tonum
657 4966 1153 5036 semitoniumque
1182 4965 1580 5037 progreditur:
1633 4972 1730 5022 Se-

80 5059 333 5114 cundam
365 5074 520 5126 vero,
556 5073 670 5128 qua
689 5073 791 5129 per
810 5059 1015 5110 tonum
1041 5054 1416 5110 semitonium
1439 5071 1504 5110 ac
1527 5059 1730 5110 tonum

80 5146 455 5203 modulatur:
490 5145 1030 5216 Tertiam.quoque,
1065 5159 1181 5213 qua
1205 5159 1309 5215 per
1353 5141 1730 5198 semitonium

79 5241 284 5292 tonum
308 5252 374 5292 ac
393 5238 599 5292 tonum
625 5233 871 5289 canitur.
897 5233 1176 5304 Diapente
1199 5235 1390 5286 autem
1414 5247 1733 5287 consonan-

79 5325 158 5383 tia
171 5323 561 5398 distinguitur
574 5339 679 5397 per
691 5320 1105 5395 pentachord‘a,
1121 5337 1246 5391 quae
1260 5323 1315 5375 et
1333 5318 1462 5391 ipsa
1483 5324 1733 5391 quatuor

81 5413 258 5470 habet
289 5407 534 5487 species.
580 5413 651 5468 Et
696 5411 887 5484 prima
933 5408 1298 5483 progreditur
1347 5408 1582 5479 quidem
1631 5425 1733 5480 per

82 5508 288 5560 tonum
316 5507 527 5559 tonum
563 5499 940 5558 semitonium
971 5503 1027 5554 et
1056 5503 1290 5553 tonum:
1324 5497 1588 5553 Secunda
1631 5514 1734 5570 per

85 5597 287 5649 tonum
320 5590 700 5647 semitonium
737 5592 942 5644 tonum
991 5604 1056 5658 ac
1100 5590 1334 5653 tonum:
1389 5585 1583 5641 Tertia
1631 5603 1733 5659 per

88 5681 464 5740 semitonium
492 5685 550 5736 et
592 5683 713 5735 tres
759 5681 928 5734 tonos
976 5676 1318 5734 continuos:
1369 5673 1584 5742 Quarta
1630 5691 1734 5752 per

406 5807 671 5870 PATROL.
719 5802 862 5867 CLI.

1840 4705 1922 4756 tet
1950 4700 2010 4755 in
2041 4699 2366 4755 intensionc
2396 4699 2482 4755 vel
2516 4700 2858 4755 remissione
2888 4699 3231 4754 modulandi
3254 4699 3362 4753 via.
3386 4699 3489 4752 Est

1841 4793 2037 4845 autem
2068 4793 2244 4845 tonus
2275 4790 2425 4843 inter
2453 4788 2771 4861 parhypate
2802 4789 3057 4860 hypaton
3107 4791 3164 4842 et
3209 4786 3488 4859 lychanos

1841 4878 2116 4950 hypaton.
2167 4881 2213 4932 A
2265 4878 2451 4950 prima
2499 4877 2680 4950 igitur
2740 4876 3366 4950 proslambanomenos
3415 4875 3487 4930 ad

1841 4971 2111 5038 quartam
2141 4967 2419 5039 lychanos
2448 4967 2705 5038 hypaton
2736 4966 3060 5021 intenditur
3109 4965 3491 5021 consonantia

1841 5057 2224 5122 diatessaron,
2252 5060 2308 5111 et
2347 5058 2418 5111 ab
2469 5057 2671 5112 eadem
2720 5059 2929 5128 quarta
2973 5057 3043 5110 ad
3092 5055 3344 5126 primam
3389 5070 3492 5126 per

1840 5148 2044 5200 tonum
2075 5149 2131 5198 et
2160 5145 2537 5199 semitonium
2570 5149 2627 5200 et
2655 5148 2860 5200 tonum
2902 5144 3237 5200 remittitur.

1912 5233 2124 5299 Quinta
2155 5233 2365 5287 dehinc
2399 5233 2780 5304 subsequitur
2809 5235 3020 5307 hypate
3053 5250 3253 5290 meson
3288 5235 3492 5288 immo-

1841 5321 1994 5389 bilis,
2023 5321 2174 5376 sicut
2203 5325 2258 5376 et
2288 5320 2498 5393 hypate
2530 5322 2809 5393 hypaton,
2846 5327 2982 5378 tono
3005 5324 3243 5395 quidem
3265 5323 3491 5384 distans

1843 5428 1875 5466 a
1902 5410 2180 5483 lychanos
2212 5410 2486 5482 hypaton,
2521 5411 2591 5465 ad
2624 5410 2835 5483 hypate
2867 5412 3122 5485 hypaton
3154 5416 3348 5467 autem
3401 5427 3490 5464 re-

1842 5516 2058 5555 sonans
2084 5498 2524 5554 consonantiam
2551 5499 2935 5571 diatessaron,
2961 5503 3031 5557 ad
3055 5500 3491 5573 proslambano-

1843 5605 2044 5645 menos
2080 5605 2312 5660 quoque
2342 5587 2749 5660 sympheniam
2779 5591 3069 5663 diapente,
3104 5591 3222 5646 sive
3253 5606 3286 5642 a
3315 5602 3490 5657 supe-

1842 5677 2095 5738 rioribus
2125 5678 2196 5737 ad
2229 5677 2504 5738 inferiora
2529 5679 2860 5737 remittatur
2889 5679 3198 5747 cantilena,
3252 5675 3369 5735 sive
3416 5673 3490 5736 ab

3091 5807 3168 5869 22
