3946 6422
1051 26 1074 45 Τ..
1387 46 1406 47 γέ

368 426 488 489 683
553 474 558 480 .

1109 430 1300 493 S/EC.
1343 430 1421 492 XI
1467 431 1695 495 AUCT.
1743 430 2061 495 INCERTI
2107 431 2298 494 ANNI
2344 428 2444 494 ET
2487 431 2793 494 SCRIPT.
2839 441 3065 490 ’ΛΔΕΣΠ.

370 558 749 614 inferioribus
781 561 852 615 ad
881 561 1184 633 superiora
1216 563 1572 618 intendatur.
1607 563 1826 618 Deinde
1859 568 2019 619 sexto
2048 566 2098 631 Α
2133 568 2250 618 tres
2283 569 2449 618 tonos
2481 564 2788 619 continuos
2820 569 2876 620 et
2926 561 3331 625 semitonium,
3383 559 3497 614 sed
3551 559 3624 614 ad
3668 575 3800 636 par-

373 645 500 702 loco
523 648 763 718 ponitur
791 649 1111 723 parhypate
1143 667 1371 715 meson,
1405 667 1508 706 nec
1537 651 1597 706 in
1628 655 1814 707 totum
1839 653 2023 708 mobi-

374 727 468 805 lis,
503 753 607 791 nec
639 737 697 792 in
729 741 918 794 totum
948 738 1294 806 immobilis,
1330 740 1484 795 sicut
1503 743 1558 794 et
1583 740 1905 813 parhypate
1927 742 2028 813 hy—

377 827 585 896 paton;
619 831 677 881 et
707 826 834 898 ipsa
864 845 1097 900 quoque
1128 828 1437 883 semitonio
1469 828 1663 884 differt
1696 831 1766 884 ab
1820 830 2031 901 hypate

379 927 602 969 meson.
639 914 749 969 Sed
784 916 854 970 ad
878 917 1200 989 parhypate
1221 916 1477 990 hypaton
1505 917 1728 972 obtinet
1754 918 2032 990 sympho-

378 1001 538 1057 niam
571 1002 935 1061 diatessaron
967 1005 1259 1061 intensam
1290 1005 1380 1060 vel
1413 1004 1743 1061 remissam.
1775 1003 2031 1078 Septimo

381 1089 630 1161 denique
661 1093 862 1148 ordine
881 1094 1140 1150 succedit
1160 1094 1440 1166 lychanos
1465 1110 1689 1162 meson,
1716 1110 1818 1165 per
1837 1093 2035 1148 omnia

383 1177 638 1248 mobilis,
674 1180 826 1236 sicut
855 1185 912 1237 et
944 1182 1225 1254 lychanos
1263 1182 1553 1255 hypaton;
1607 1199 1734 1253 quae
1767 1200 1800 1238 a
1825 1182 2033 1254 parhy-

383 1269 515 1338 pate
546 1283 746 1324 meson
775 1269 1011 1340 quidem
1039 1273 1177 1326 tono
1209 1269 1408 1336 distat,
1443 1271 1513 1325 ad
1547 1269 1823 1342 lychanos
1855 1269 2034 1341 hypa-

383 1355 483 1406 ton
499 1357 693 1408 autem
709 1355 1071 1411 diatessaron
1087 1360 1342 1422 resonat,
1360 1356 1431 1411 ad
1448 1356 1766 1428 parhypate
1781 1357 2035 1428 hypaton

384 1457 516 1496 vero
548 1441 817 1514 diapente
846 1448 1172 1516 concrepat.
1209 1444 1420 1499 Octavo
1452 1444 1725 1516 deinceps
1765 1444 1889 1501 loco
1920 1445 2037 1500 col-

385 1527 610 1584 locatur
639 1546 817 1600 mese,
851 1548 976 1603 quae
1007 1536 1096 1588 est
1123 1532 1315 1587 media
1337 1532 1708 1604 superiorum
1727 1537 1783 1588 et
1803 1533 2039 1589 inferio-

387 1634 540 1688 rum,
565 1618 886 1676 immobilis
908 1624 964 1676 et
983 1621 1112 1692 ipsa
1134 1621 1289 1676 sicut
1318 1625 1374 1677 et
1393 1621 2038 1693 proslambanomenos;
2061 1632 2064 1634 '

389 1707 529 1777 quia
585 1723 688 1763 nec
741 1726 773 1762 a
830 1709 1232 1781 superioribus
1298 1710 1539 1765 vocibus
1600 1712 1671 1765 ad
1740 1710 2042 1766 inferiores

389 1796 622 1866 pervius
655 1796 995 1862 descensus,
1027 1813 1134 1852 nec
1165 1797 1238 1852 ab
1271 1795 1646 1852 inferioribus
1677 1797 1750 1853 ad
1782 1799 2042 1868 superio-

390 1901 483 1940 res
514 1883 641 1938 sine
671 1883 778 1939 hac
809 1884 997 1940 facilis
1029 1889 1188 1956 patet
1215 1901 1512 1941 ascensus.
1546 1885 1615 1940 Et
1664 1886 1784 1940 haec
1835 1902 2043 1940 rursus
2076 1927 2124 1992 Β

397 1989 413 1992 _
455 1971 733 1992 .__-L-___
766 1989 954 1992 _____-,
1210 1991 1222 1992 ,
1255 1977 1381 1992 ιμ,

391 1989 426 2026 a
455 1971 734 2043 lychanos
766 1989 965 2028 mesen
997 1973 1224 2029 distans
1251 1977 1410 2039 tono,
1454 1974 1524 2028 ad
1577 1973 1790 2045 hypate
1841 1990 2043 2028 meson

391 2076 526 2116 vero
557 2059 695 2116 facit
726 2062 1168 2116 consonantiam
1213 2061 1589 2128 diatessaron,
1644 2062 1712 2116 ad
1766 2061 2044 2133 lychanos

394 2147 648 2219 hypaton
705 2151 904 2204 autem
951 2147 1243 2220 diapente,
1295 2149 1365 2203 ad
1425 2147 2045 2219 proslambanomenos

397 2252 630 2309 quoque
653 2242 886 2293 resonat
906 2237 1207 2310 diapason.
1233 2237 1337 2294 Ubi
1363 2242 1557 2309 aperte
1580 2239 1752 2293 datur
1775 2236 2044 2309 intelligi,

396 2326 551 2396 quod
585 2325 986 2398 supradictum
1020 2331 1128 2393 est,
1163 2326 1528 2382 diatessaron
1562 2329 1620 2380 et
1666 2326 1937 2396 diapente
1987 2325 2043 2378 in

398 2413 680 2486 diapason
708 2414 1010 2471 contineri.
1045 2415 1188 2470 Nam
1222 2432 1255 2470 a
1288 2431 1446 2471 mese
1478 2415 1536 2468 in
1586 2414 1797 2485 hypate
1847 2429 2047 2467 meson

396 2503 688 2558 invenitur
736 2504 918 2560 missa
967 2504 1352 2569 diatessaron,
1388 2503 1547 2558 etab
1589 2501 1800 2573 hypate
1847 2516 2048 2556 meson

395 2591 454 2647 in
488 2592 1109 2664 proslambanomenos
1143 2593 1416 2663 diapente
1467 2589 1743 2645 remissa:
1794 2590 2052 2660 itemque

396 2681 664 2753 diapente
694 2682 940 2737 remissa
966 2699 999 2737 a
1032 2697 1190 2736 mese
1215 2681 1272 2735 in
1297 2679 1577 2751 lychanos
1601 2679 1881 2750 hypaton,
1903 2678 2051 2733 etab

397 2771 596 2826 eadem
628 2771 688 2824 in
717 2770 1340 2842 proslambanomenos
1373 2767 1620 2822 remissa
1649 2767 2049 2832 diatessaron;

399 2858 840 2930 conversimque
893 2875 928 2912 a
985 2855 1608 2928 proslambanomenos
1663 2854 1723 2908 in
1775 2853 2053 2926 lychanos

399 2947 653 3020 hypaton
685 2947 919 3002 intensa
946 2945 1332 3010 diatessaron,
1365 2947 1423 2997 et
1452 2944 1522 2998 ab
1555 2943 1757 2998 eadem
1796 2943 1854 2996 in
1896 2958 2055 2998 mese

400 3036 631 3092 intensa
662 3035 961 3107 diapente;
999 3047 1323 3103 rursusque
1360 3049 1392 3085 a
1434 3031 2055 3103 proslambanomenos

402 3126 460 3179 in
487 3125 700 3196 hypate
733 3139 934 3178 meson
969 3121 1200 3176 intensa
1233 3121 1526 3191 diapente,
1558 3124 1616 3174 et
1645 3119 1716 3174 ab
1759 3119 1959 3174 eadem
1995 3119 2054 3172 in

403 3227 563 3267 mese
584 3210 817 3264 intensa
841 3209 1224 3264 diatessaron.
1246 3212 1290 3262 A
1316 3225 1472 3264 mese
1498 3208 1678 3280 igitur
1697 3209 1754 3263 in
1777 3208 2058 3280 proslam-

404 3301 763 3355 banomenos
797 3297 1044 3352 remissa
1072 3297 1378 3369 diapason.

478 3386 696 3442 Deinde
718 3390 1048 3457 sequuntur
1069 3387 1183 3442 duo
1205 3386 1576 3442 tetrachorda
1597 3386 1808 3457 partim
1833 3401 2065 3458 synem~

405 3492 618 3532 menon
644 3475 855 3547 partim
881 3475 1337 3547 diezeugmenou
1360 3494 1372 3543 ;
1399 3476 1498 3530 sed
1525 3491 1949 3547 synemmenon
1977 3479 2060 3531 te-

405 3563 783 3619 trachordum
811 3566 939 3634 conj
950 3563 1187 3637 ungitur
1209 3581 1342 3620 cum
1367 3581 1525 3619 mese
1547 3579 1649 3635 per
1661 3563 2060 3630 semitonium,

408 3652 562 3725 quod
584 3655 684 3708 est
713 3653 868 3707 inter
897 3669 1056 3710 mese
1080 3656 1138 3708 et
1159 3653 1293 3707 trite
1316 3668 1767 3724 synemmenon;
1793 3651 2059 3723 diezeug-

410 3757 622 3797 menon
658 3745 852 3796 autem
885 3740 1324 3796 tetrachordum
1351 3739 1761 3810 disjungitura
1782 3755 1938 3795 mese
1958 3757 2060 3811 per

406 3835 633 3897 tonum,
669 3829 768 3900 qui
796 3832 886 3884 est
915 3829 1066 3884 inter
1115 3845 1273 3883 mese
1323 3831 1380 3883 et
1429 3843 1750 3899 paramese.
1799 3827 1959 3883 Unde
2003 3832 2059 3884 et

405 3918 553 3974 illud
568 3917 895 3989 appellatur
912 3933 1353 3989 synemmenon,
1379 3916 1434 3970 id
1451 3921 1561 3983 est,
1586 3932 1691 3970 con
1691 3917 2051 3987 junctarum;

401 4006 562 4062 istud
593 4021 726 4061 vero
758 4004 1236 4076 diezeugmenon,
1269 4003 1330 4058 id
1359 4007 1466 4070 est,
1499 4003 1947 4073 disjunetarum.
1992 4006 2050 4061 Si

400 4094 583 4167 igitur
612 4111 647 4147 a
675 4109 854 4162 mese,
876 4109 1004 4165 quae
1021 4096 1110 4148 est
1126 4097 1347 4159 octava,
1365 4091 1634 4148 intendas
1652 4093 2050 4164 semitonium,

393 4185 656 4238 occurret
677 4198 830 4238 nona
877 4180 1010 4237 trite
1052 4197 1495 4254 synemmenon,
1518 4198 1623 4237 nec
1643 4181 1703 4236 in
1725 4186 1914 4237 totum
1933 4199 2052 4238 mo-

398 4269 558 4337 bilis,
593 4287 699 4326 nec
728 4270 787 4325 in
811 4272 1000 4325 totum
1023 4269 1365 4339 immobilis,
1393 4269 1609 4327 faciens
1633 4271 1703 4326 ad
1728 4271 2045 4345 parhypate

393 4375 599 4414 meson
631 4357 1074 4414 consonantiam
1105 4358 1486 4414 diatessaron.
1520 4361 1567 4414 A
1599 4376 1716 4431 qua
1746 4361 1794 4415 si
1841 4378 2047 4417 rursus

387 4447 730 4502 intendatur
746 4452 943 4516 tonus,
967 4451 1231 4503 occurret
1251 4449 1498 4516 decima,
1526 4449 1801 4520 parahete
1821 4466 2048 4520 synem-

389 4552 625 4605 menon,
661 4536 896 4592 mobilis
923 4553 1025 4609 per
1056 4535 1272 4604 omnia,
1307 4539 1363 4591 et
1394 4536 1530 4591 facit
1562 4536 1924 4592 diatessaron
1970 4540 2040 4593 ad

2139 652 2350 724 hypate
2403 669 2603 706 meson
2651 669 2764 707 non
2813 651 2962 708 valet
3020 649 3315 706 remittere
3375 647 3798 715 diatessaron;

2141 741 2296 794 unde
2327 744 2383 795 et
2410 745 2635 796 remota
2681 740 2911 796 videtur
2959 758 2992 794 a
3040 737 3410 796 tetrachordo
3458 752 3691 803 meson,
3749 737 3807 790 et

2142 828 2498 884 omnimodis
2529 833 2618 883 est
2648 829 2940 884 contraria
2972 827 3104 883 trite
3150 840 3600 899 synemmenon,
3636 825 3801 891 adeo,

2145 916 2282 972 utsi
2314 915 2589 972 utralibet
2634 917 2843 972 harum
2877 917 2937 971 in
2992 921 3166 971 cantu
3217 914 3566 986 proferatur,
3621 911 3806 967 altera

2145 1004 2480 1061 nullatenus
2514 1004 2816 1060 inferatur.
2849 1005 2934 1060 Ab
2961 1005 3162 1060 eadem
3211 1017 3517 1074 paramese
3561 1001 3796 1057 intenso

2145 1092 2455 1148 semitonio
2473 1093 3087 1164 consequiturdeeima
3101 1092 3268 1148 tertia
3291 1091 3425 1146 trite
3443 1090 3804 1162 diezeugme-

2148 1198 2285 1250 non,
2315 1197 2419 1236 nec
2449 1180 2508 1236 in
2535 1185 2728 1237 totum
2761 1180 2999 1236 mobilis
3032 1196 3135 1236 nec
3163 1180 3221 1234 in
3246 1183 3434 1234 totum
3454 1177 3802 1245 immobilis,

2148 1269 2296 1326 sicut
2329 1274 2384 1324 et
2417 1269 2734 1342 parhypate
2763 1269 3040 1342 hypaton,
3074 1269 3146 1324 ad
3170 1285 3348 1340 quam
3372 1266 3494 1323 haec
3515 1267 3644 1339 ipsa
3665 1267 3806 1322 facit

2149 1357 2594 1414 consonantiam
2643 1358 2952 1428 diapason.
3004 1358 3072 1412 Et
3119 1359 3205 1412 est
3257 1372 3324 1412 ea
3371 1355 3499 1426 ipsa
3545 1370 3805 1410 consona

2151 1449 2430 1517 paranete
2463 1461 2904 1516 synemmenon,
2941 1445 3178 1500 nomine
3207 1447 3437 1500 tantum
3461 1441 3806 1514 discrepans

2152 1534 2224 1588 ab
2256 1550 2343 1603 ea,
2376 1538 2431 1588 et
2483 1535 2638 1604 quod
2685 1551 2718 1589 a
2765 1550 2923 1589 mese
2971 1535 3045 1588 ad
3093 1533 3245 1588 hanc
3297 1532 3364 1586 ﬁt
3403 1529 3656 1587 intensio
3707 1547 3813 1602 per

2149 1628 2354 1676 tonum
2379 1628 2434 1676 et
2457 1622 2856 1687 semitonium,
2882 1623 2953 1677 ad
2975 1621 3136 1677 illam
3152 1636 3287 1676 vero
3306 1637 3408 1692 per
3427 1619 3809 1675 semitonium

2152 1716 2209 1765 et
2238 1715 2464 1764 tonum.
2503 1711 2587 1764 Ab
2619 1726 2685 1766 eo
2718 1727 2924 1765 rursus
2954 1710 3183 1764 intenso
3213 1712 3350 1765 tono
3396 1713 3660 1764 occurret
3704 1707 3810 1763 de-

2154 1798 2307 1852 cima
2339 1803 2547 1869 quarta
2594 1802 2867 1869 paranete
2919 1797 3374 1868 diezeugmenon
3423 1795 3660 1853 mobilis
3707 1811 3813 1867 per

2155 1886 2373 1956 omnia,
2407 1887 2560 1940 sicut
2589 1890 2645 1941 et
2676 1883 2953 1958 lychanos
3001 1885 3279 1958 hypaton,
3331 1885 3401 1940 ad
3453 1900 3631 1954 quam
3679 1883 3814 1954 ipsa

2153 1975 2292 2029 facit
2323 1973 3103 2042 consonantiam-diapason.
3139 1973 3268 2028 Hac
3298 1972 3500 2028 eodem
3534 1989 3641 2027 suo
3663 1988 3812 2027 sono

2156 2079 2367 2118 sonoru
2380 2078 2551 2133 mque
2585 2062 2954 2133 proportione
2987 2061 3313 2133 aequiparat
3332 2065 3464 2115 nete
3487 2075 3814 2132 synemme-

2155 2167 2291 2206 non.
2317 2151 2457 2204 Nam
2485 2152 2635 2205 sicut
2657 2167 2687 2204 a
2715 2166 2871 2206 mese
2893 2151 2964 2204 ad
2989 2149 3149 2204 illam
3173 2149 3498 2205 intenditur
3518 2148 3805 2204 diatessa-

2156 2256 2259 2293 ron
2287 2255 2387 2310 per
2404 2237 2780 2292 semitonium
2807 2242 3009 2292 tonum
3035 2243 3090 2292 et
3112 2242 3339 2304 tonum,
3362 2238 3446 2291 sic
3467 2239 3523 2292 et
3545 2238 3616 2292 ad
3637 2237 3815 2292 istam

2157 2344 2260 2398 per
2275 2332 2478 2382 tonum
2498 2327 2875 2382 semitonium
2894 2331 2949 2381 et
2961 2330 3184 2381 tonum.
3213 2325 3476 2381 Remittit
3494 2325 3615 2380 hazc
3634 2325 3817 2381 etiam

2159 2416 2313 2470 sicut
2343 2419 2399 2469 et
2428 2415 2547 2481 illa,
2595 2415 3042 2470 consonantiam
3093 2415 3364 2486 diapente
3413 2414 3485 2469 ad
3533 2412 3818 2484 lychanos

2161 2518 2386 2559 meson.
2447 2505 2593 2558 Item
2653 2504 2724 2558 ab
2783 2503 2985 2558 eadem
3036 2503 3310 2574 paranete
3358 2501 3820 2573 diezeugmenon

2159 2591 2388 2647 intenso
2401 2595 2537 2646 tono
2555 2608 2695 2662 sequ
2707 2590 2823 2645 itur
2843 2591 3070 2646 decima
3087 2591 3293 2662 quinta
3308 2594 3440 2645 nete
3456 2590 3822 2662 diezeugme-

2162 2696 2299 2747 non,
2333 2679 2657 2735 immobilis
2689 2679 2841 2734 sicut
2871 2683 2928 2734 et
2975 2679 3188 2752 hypate
3237 2695 3462 2746 meson,
3513 2679 3586 2733 ad
3635 2695 3820 2750 quam

2162 2767 2290 2839 ipsa
2315 2768 2505 2821 reddit
2529 2767 2972 2822 consonantiam
3003 2767 3310 2839 diapason.
3341 2766 3596 2822 Resonat
3615 2770 3820 2822 autem

2161 2857 2270 2911 hoc
2299 2855 2734 2910 tetrachordum
2767 2873 2801 2910 a
2836 2870 3137 2927 paramese
3171 2855 3535 2924 inchoatum,
3580 2855 3739 2911 sicut
3768 2859 3827 2910 et

2164 2943 2410 3015 reliqua,
2447 2943 2889 2999 consonantiam
2921 2943 3305 3000 diatessaron.
3331 2943 3432 2998 Cui
3456 2943 3655 2999 addito
3674 2948 3820 2999 tono

2165 3032 2401 3104 quidem
2456 3032 2608 3086 inter
2656 3048 2812 3087 mese
2861 3037 2917 3088 et
2964 3047 3266 3103 paramese
3321 3032 3386 3086 fit
3429 3033 3824 3088 consonantia

2167 3121 2454 3192 diapente.
2491 3120 2636 3174 Huic
2669 3123 2903 3191 aptatur
2932 3119 3366 3174 tetrachordum
3391 3119 3826 3190 hyperboleon:

2166 3208 2398 3264 intenso
2431 3208 2588 3262 enim
2621 3207 2929 3262 semitonio
2961 3224 2994 3262 a
3025 3211 3157 3262 nete
3206 3207 3668 3280 diezeugmenon
3719 3225 3830 3263 na-

2088 3281 2130 3348 C
2169 3298 2355 3354 scitur
2384 3295 2611 3352 decima
2643 3300 2806 3352 sexta
2834 3296 2968 3351 trite
2988 3295 3400 3368 hyperboleon,
3424 3312 3530 3351 nec
3553 3296 3611 3350 in
3635 3300 3830 3352 totum

2172 3384 2427 3452 mobilis,
2463 3400 2569 3439 nec
2591 3385 2650 3438 in
2673 3388 2860 3439 totum
2883 3382 3226 3450 immobilis,
3252 3383 3404 3439 sicut
3423 3388 3480 3438 et
3503 3382 3832 3456 parhypate

2171 3491 2395 3540 meson,
2426 3474 2498 3529 ad
2531 3489 2706 3544 quam
2737 3474 2866 3544 ipsa
2899 3477 3132 3528 resonat
3163 3472 3605 3529 consonantiam
3628 3473 3832 3544 diapa-

2170 3580 2297 3618 son.
2330 3564 2414 3617 Ab
2448 3579 2516 3618 ea
2545 3578 2776 3634 quoque
2827 3562 3054 3618 intenso
3105 3566 3242 3618 tono
3284 3560 3543 3617 succedit
3589 3561 3827 3616 decima

2168 3651 2420 3724 septima
2450 3655 2724 3723 paranete
2755 3650 3146 3722 hyperboleon
3180 3650 3414 3706 mobilis
3445 3666 3549 3723 per
3597 3651 3824 3717 omnia,

2167 3741 2319 3796 sicut
2349 3744 2405 3796 et
2433 3739 2714 3812 lychanos
2745 3756 2970 3808 meson,
3006 3741 3076 3796 ad
3111 3756 3287 3812 quam
3321 3739 3449 3812 ipsa
3495 3739 3636 3794 facit
3684 3756 3822 3796 con-

2167 3829 2502 3886 sonantiam
2533 3828 2837 3901 diapason.
2887 3829 2933 3882 A
2983 3845 3099 3900 qua
3146 3844 3354 3885 rursus
3400 3827 3634 3883 intenso
3682 3832 3822 3884 tono

2167 3918 2549 3989 subsequitur
2576 3911 2804 3972 decima
2835 3921 3036 3973 octava
3066 3920 3196 3972 nete
3227 3920 3358 3972 nete
3402 3915 3822 3987 hyperboleon,

2162 4005 2489 4062 immobilis
2519 4006 2672 4062 sicut
2701 4009 2758 4061 et
2777 4021 2956 4074 mese,
2981 4006 3052 4061 ad
3076 4022 3253 4077 quam
3273 4005 3403 4077 ipsa
3423 4005 3619 4060 reddit
3638 4004 3828 4078 dupli-

2162 4113 2286 4151 cem
2312 4113 2418 4151 son
2429 4113 2547 4151 um.
2569 4095 3074 4160 Quemadmodum
3096 4094 3252 4150 enim
3277 4093 3827 4166 proslambanome-

2161 4202 2268 4241 nos
2295 4185 2366 4240 ad
2398 4199 2600 4240 mesen
2632 4183 2886 4239 intendit
2914 4184 3220 4256 diapason,
3255 4183 3336 4238 ita
3364 4198 3524 4238 mese
3554 4182 3628 4238 ad
3685 4188 3821 4238 nete

2157 4273 2568 4346 hyperboleon.
2604 4273 2767 4329 Unde
2797 4276 2852 4329 et
2891 4271 3509 4345 proslambanomenos
3560 4272 3632 4328 ad
3683 4277 3819 4327 nete

2155 4362 2550 4435 hyperboleon
2585 4361 2724 4416 facit
2754 4362 3154 4433 bisdiapason,
3197 4378 3324 4433 quas
3374 4364 3432 4416 et
3480 4361 3816 4432 quadrupla

2155 4455 2548 4523 nuncupatur.
2580 4450 2690 4505 Sed
2741 4449 2883 4517 haec,
2933 4453 2998 4504 ut
3045 4449 3264 4504 dictum
3313 4452 3422 4518 est,
3479 4448 3540 4503 in
3591 4449 3816 4505 nostris

2154 4539 2463 4594 cantilenis
2495 4556 2611 4593 non
2644 4537 2971 4594 adhibetur.

387 4624 669 4697 lychanos
701 4642 902 4681 meson
935 4641 1037 4697 per
1065 4629 1270 4680 tonum
1302 4623 1679 4681 semitonium
1714 4630 1770 4680 et
1801 4630 2039 4696 tonum;
2073 4651 2123 4714 Β
2226 4629 2308 4682 Ex
2336 4626 2690 4698 supradictis
2722 4627 2903 4698 igitur
2931 4627 3236 4700 speciebus
3286 4627 3812 4684 consonantiarum

391 4714 462 4769 ad
509 4714 828 4788 parhypate
877 4730 1079 4769 meson
1130 4731 1263 4769 vero
1315 4717 1548 4768 resonat
1596 4715 2040 4769 consonantiam

392 4803 684 4875 diapente.
719 4805 853 4860 Post
884 4803 1035 4859 hanc
1062 4819 1293 4875 quoque
1325 4802 1555 4857 intenso
1600 4806 1738 4856 tono
1780 4803 2046 4874 sequitur

392 4897 522 4946 nete
553 4909 972 4964 synemmenon
1005 4892 1336 4957 undecima,
1369 4907 1496 4960 qua
1541 4890 1612 4944 ad
1665 4905 1862 4945 mesen
1913 4892 2040 4963 qui-

390 4980 524 5035 dem
555 4986 788 5036 resonat
817 4980 1202 5037 consonantia
1231 4978 1617 5044 diatessaron,
1650 4978 1721 5032 ad
1761 4977 2040 5050 lychanos

386 5084 521 5123 vero
552 5084 753 5125 meson
781 5070 1074 5143 diapente.
1107 5067 1166 5122 Si
1199 5069 1393 5120 autem
1428 5081 1462 5120 a
1491 5081 1648 5139 mese
1678 5067 1810 5137 quis
1853 5068 2039 5123 inten-

389 5157 488 5211 dat
521 5161 740 5226 tonum,
775 5162 1038 5214 occurret
1070 5169 1396 5228 paramese,
1447 5171 1572 5225 quae
1627 5154 1822 5210 relicto
1866 5161 2037 5211 tetra-

387 5244 604 5301 chordo
628 5263 1046 5316 synemmenon
1081 5243 1250 5314 quasi
1284 5246 1415 5314 post
1445 5258 1644 5297 mesen
1665 5243 1893 5299 videtur
1913 5260 2040 5302 esse

389 5351 562 5400 nona,
597 5337 694 5391 sed
726 5336 833 5390 hoc
861 5337 1056 5405 aptato
1086 5331 1503 5401 comprobatur
1523 5346 1649 5386 esse
1671 5332 2034 5389 duodecima.

386 5422 489 5477 Est
517 5428 713 5478 autem
745 5418 1067 5476 immobilis
1097 5421 1154 5472 et
1183 5417 1312 5489 ipsa
1339 5419 1490 5474 sicut
1519 5423 1576 5474 et
1607 5419 1817 5492 hypate
1856 5421 2036 5494 hypa-

387 5516 513 5578 ton,
563 5513 634 5565 ad
685 5527 863 5582 quam
910 5505 1178 5562 videlicet
1228 5505 1356 5577 ipsa
1404 5507 1541 5561 facit
1595 5509 2036 5566 consonantiam

388 5599 691 5667 diapason.
721 5598 850 5653 Hec
881 5596 1085 5651 eadem
1117 5611 1349 5667 quoque
1375 5611 1676 5666 paramese
1706 5598 1779 5653 ad
1826 5598 2037 5672 hypate

389 5703 592 5771 meson
623 5686 862 5764 quidem
889 5683 1135 5760 remittit
1164 5685 1604 5746 consonantiam
1637 5687 1906 5786 diapente
1934 5705 2038 5770 per

2153 4719 2469 4770 nascentur
2496 4717 2621 4769 octo
2672 4716 2830 4770 modi
2881 4716 2998 4772 sive
3046 4715 3214 4788 tropi,
3267 4732 3368 4788 per
3409 4731 3558 4786 quos
3607 4715 3807 4771 omnis

2155 4806 2375 4878 cantus
2402 4801 2759 4860 moderatur.
2793 4803 3012 4859 Horum
3045 4805 3271 4876 primus
3298 4807 3352 4860 et
3381 4803 3648 4859 omnium
3683 4819 3815 4876 gra-

2152 4889 2431 4946 vissimus
2456 4895 2695 4946 vocatur
2726 4891 3103 4964 hypodorius,
3132 4893 3425 4948 secundus
3470 4893 3810 4965 hypophry-

2149 4979 2304 5050 gius,
2337 4979 2542 5034 tertius
2576 4979 2945 5052 hypolydius,
2981 4987 3226 5053 quartus
3276 4982 3500 5049 dorius,
3554 4981 3807 5052 quintus

2150 5066 2451 5140 phrygius,
2487 5072 2683 5123 sextus
2710 5067 2927 5140 lydius,
2978 5071 3263 5142 septimus
3314 5068 3668 5143 mixolydius
3713 5069 3805 5125 vel

2150 5155 2554 5227 hypordorius,
2581 5161 2816 5211 octavus
2862 5156 3416 5230 hypermixolydius.
3454 5158 3521 5214 Et
3571 5158 3804 5230 primus

2149 5245 2385 5316 quidem
2417 5248 2728 5315 superatur
2756 5262 2790 5300 a
2821 5248 3078 5303 secundo
3110 5247 3170 5303 in
3204 5246 3506 5303 cacumine
3527 5251 3685 5302 tono:
3715 5262 3806 5302 se-
3841 5241 3848 5246 ”

2148 5332 2377 5387 cundus
2407 5337 2600 5387 autem
2633 5350 2666 5386 a
2697 5333 2866 5390 tertio
2895 5339 3064 5391 tono:
3099 5336 3305 5391 tertius
3331 5352 3463 5391 vero
3506 5352 3540 5391 a
3589 5339 3802 5406 quarto

2146 5420 2489 5477 semitonio:
2525 5425 2771 5491 quartus
2802 5439 3040 5496 quoque
3067 5442 3101 5480 a
3147 5424 3350 5497 quinto
3401 5428 3570 5479 tono:
3622 5423 3800 5494 quin-

2144 5514 2240 5566 tus
2266 5512 2459 5565 autem
2492 5525 2526 5563 a
2555 5513 2713 5566 sexto
2746 5515 2909 5566 tono:
2947 5516 3144 5569 sextus
3173 5529 3306 5568 vero
3338 5529 3372 5568 a
3401 5511 3653 5584 septimo
3703 5528 3797 5568 se-

2145 5598 2417 5654 mitonio:
2455 5597 2739 5668 septimus
2775 5603 2968 5657 autem
3001 5603 3072 5657 ab
3103 5605 3302 5657 octavo
3329 5605 3502 5657 tono:
3535 5603 3693 5673 quod
3731 5601 3797 5658 in

2145 5685 2524 5749 monoehordi
2555 5687 2870 5764 partitione
2896 5690 2956 5749 in
2985 5693 3262 5770 promptu
3292 5693 3383 5756 est
3418 5689 3635 5763 videre,
3687 5691 3796 5754 ubi
