3946 6430
144 434 249 517 6,85

1404 451 1767 516 ANONYMI
1808 449 1891 514 ΙΙΙ
1937 451 2252 517 MUSICA.

3402 451 3524 515 686

142 607 218 656 ea,
247 604 373 661 quze
403 594 491 644 est
511 604 668 645 mese
690 587 1015 661 hypodorii,
1038 587 1359 659 mquiparat
1381 586 1439 640 in
1462 588 1551 642 sui
1572 587 1764 658 dispo-
1796 588 1849 653 Α
1952 587 2117 641 Prius
2141 586 2450 641 dividenda
2481 590 2571 641 est
2601 589 2719 642 tota
2748 586 2902 641 linea
2940 586 3000 663 in
3040 586 3292 659 quatuor
3339 585 3522 655 parti—

139 679 335 734 sitione
363 676 642 750 lyehanos
674 693 874 732 meson
906 675 1311 748 hypophrygii,
1344 678 1402 730 et
1451 675 1765 747 parhypate

134 782 320 823 meson
364 764 684 839 hypolydii,
733 782 838 821 nec
882 782 999 819 non
1050 764 1264 836 hypate
1322 780 1525 820 meson
1591 763 1762 819 dorii.

130 856 269 913 Mess
297 861 495 910 autem
526 853 911 927 hypophrygii
942 857 1034 909 est
1063 869 1369 925 paramese
1417 852 1722 925 hypodorii
1750 868 1763 907 :

126 956 269 1001 mese
316 959 549 1016 quoque
596 941 894 1014 hypolydii
943 945 1032 998 est
1097 941 1232 996 trite
1307 941 1763 1013 diezeugmenon

126 1032 377 1103 ejusdem
404 1030 742 1102 hypodorii:
775 1030 1032 1102 itemque
1068 1047 1227 1085 mese
1258 1029 1404 1085 dorii
1455 1035 1547 1085 est
1594 1045 1762 1101 para-

126 1125 241 1177 nete
268 1118 726 1191 diezeugmenon
758 1118 1023 1189 ejusdem
1055 1117 1390 1190 hypodorii;
1423 1118 1606 1173 distat
1654 1117 1762 1188 igi-

126 1214 211 1265 tur
236 1224 398 1265 mese
426 1207 574 1263 dorii
606 1207 968 1263 diatessaron
1000 1207 1494 1277 consonantia(1).
1527 1206 1762 1276 Sicquea

124 1301 429 1370 sequentes
456 1296 606 1367 tropi
652 1310 780 1351 sese
827 1294 1178 1352 alterutrum
1232 1295 1289 1348 in
1341 1294 1612 1350 acumine
1661 1310 1762 1349 su-

121 1389 337 1459 perant,
372 1388 439 1440 ut
476 1389 607 1439 nete
646 1382 1031 1455 hyperboleon
1076 1383 1382 1455 hypodorii
1430 1382 1762 1438 inveniatur

120 1464 263 1529 mese
296 1471 1095 1546 hypermixolidii;'facitque
1142 1471 1345 1526 eadem
1394 1470 1760 1543 hypermixo-

118 1560 243 1634 lydii
270 1561 352 1617 ad
398 1559 545 1616 dorii
598 1577 799 1616 mesen
848 1558 1292 1615 consonantiam
1341 1557 1635 1631 diapente,
1687 1559 1760 1613 ad

115 1665 331 1708 mesem'
348 1666 483 1706 vero
502 1647 807 1722 hypodorii
830 1652 1061 1704 resonat
1081 1664 1299 1702 conson
1314 1648 1535 1702 antiam
1559 1647 1762 1719 diapa-

116 1754 239 1807 son;
271 1737 571 1811 iquidem
605 1753 672 1793 ea
702 1737 850 1808 ipsa;
883 1752 1011 1808 quae
1050 1735 1382 1811 est.media
1429 1735 1623 1807 primi,
1676 1738 1764 1789 est

113 1832 162 1884 et
190 1826 384 1899 prima
411 1826 615 1881 octavi.
640 1825 920 1890 Quocirca
948 1824 1293 1896 plerumque
1342 1824 1645 1898 contingit,
1700 1828 1765 1877 ut

111 1906 310 1971 cantus
338 1913 796 1970 eminentiorum
818 1916 1123 1986 troporum
1144 1931 1179 1969 a
1195 1911 1289 1968 sui
1309 1914 1500 1968 status
1531 1912 1765 1967 rectitu-

114 2003 237 2060 dine
264 2002 643 2059 resolvantur
668 2002 729 2056 in
760 2001 1008 2057 chordas
1041 2001 1365 2057 inferiores.
1399 2001 1479 2055 Ex
1510 2000 1604 2056 his
1653 1999 1762 2055 ita-

114 2108 216 2165 que
235 2096 498 2164 quatuor
524 2090 802 2146 diountur
830 2088 1172 2156 authentici,
1225 2088 1282 2143 id
1332 2092 1441 2154 est,
1496 2089 1764 2161 magistri

116 2180 190 2237 vel
222 2179 611 2254 principales:
645 2180 849 2250 eisque
878 2177 1136 2234 vicissim
1197 2181 1613 2249 supponuntur
1663 2178 1763 2232 alii

116 2275 384 2340 quatuor,
420 2267 522 2341 qui
551 2270 835 2323 vocantur
878 2266 1055 2339 plagi,
1090 2267 1147 2321 id
1197 2271 1305 2333 est,
1356 2266 1626 2322 laterales
1675 2266 1762 2322 vel

116 2357 494 2428 particulares
526 2356 622 2427 (2).

205 2445 415 2501 Indicis
444 2462 480 2499 (ι
507 2460 714 2500 summa
743 2447 962 2515 capiens
993 2443 1221 2499 exordia
1242 2446 1457 2514 primus

188 2537 276 2591 'In
308 2534 538 2589 minimi
559 2524 741 2605 primo
770 2534 920 2602 ﬂexu
944 2539 1219 2604 postrema
1247 2532 1479 2603 reponit,

206 2625 340 2693 Quae
367 2623 521 2679 sedes
547 2625 657 2678 stat
681 2623 1024 2693 principium
1053 2619 1292 2693 ﬁnisque
1333 2620 1578 2685 secundi,

206 2713 423 2768 Tertius
456 2728 491 2766 a
519 2726 729 2766 summa
757 2727 981 2765 rursum
1010 2711 1156 2786 capit
1184 2708 1383 2764 indicis
1412 2711 1609 2764 ortum.

206 2801 270 2855 In
300 2815 516 2856 summo
543 2800 713 2871 ﬁnem
734 2799 1072 2868 distinguens
1100 2798 1455 2854 auricularis.

204 2890 308 2945 Hic
334 2892 500 2960 caput
528 2891 581 2942 et
609 2888 739 2957 ﬁnis
766 2878 953 2958 quarti
979 2887 1279 2942 dinoscitur
1305 2901 1432 2941 esse.

204 2976 413 3033 Indicis
441 2979 506 3032 in
532 2976 710 3032 medio
740 2977 959 3048 quintus
987 2976 1156 3030 sumit
1184 2983 1345 3046 caput
1371 2978 1572 3039 artum,

205 3067 271 3121 Et
301 3064 479 3121 medii
500 3065 667 3136 ﬁnem
687 3051 1078 3120 modulaminis
1105 3067 1257 3135 aptat
1286 3065 1347 3118 in
1371 3080 1581 3134 unque:

207 3156 317 3224 Qui
345 3157 495 3210 locus
521 3156 773 3210 exortum
799 3155 944 3209 sexti
965 3154 1233 3225 ﬁnemque
1258 3156 1462 3208 tuetur.

202 3243 415 3299 Indicis
437 3243 566 3298 hinc
584 3243 750 3298 radix
777 3243 987 3313 septeni
1007 3243 1223 3312 perﬁcit
1253 3249 1451 3296 ortum.

199 3337 469 3390 Summus
498 3348 642 3405 apex
666 3331 835 3387 medii
854 3320 1015 3392 cuius
1041 3338 1314 3402 postrema
1338 3332 1585 3398 resumit,

208 3421 446 3478 Octavus
477 3420 579 3477 hac
605 3419 725 3493 sede
753 3428 916 3492 caput
943 3420 1212 3491 ﬁnemque
1240 3421 1475 3489 reponit.

174 3580 254 3721 £4)
287 3579 513 3707 Supple
535 3572 557 3636 ί
580 3581 789 3663 A.mese
817 3580 1122 3660 hypodorii.

196 3654 255 3721 2)
285 3656 377 3707 Ha
419 3655 552 3707 etur
580 3650 676 3708 hic
701 3669 759 3706 1n
794 3667 904 3706 ms.
938 3655 1122 3707 tenari

196 3598 254 3651 ιι)
287 3598 371 3636 δυ
419 3598 546 3652 pie:
580 3598 621 3635 Α
648 3598 789 3637 mese
817 3598 1122 3651 nypoaoru.
1620 3598 1624 3601 ·

196 3654 255 3722 2)
285 3598 552 3707 Hagetur
580 3650 676 3708 hic
701 3651 759 3706 in
794 3667 904 3706 ms.
938 3650 1205 3707 tonarius
1237 3666 1339 3722 per
1388 3665 1592 3722 omnes
1635 3652 1762 3706 octo

109 3721 342 3803 modos,
377 3722 637 3803 antiquis
669 3723 821 3803 notis
844 3722 1087 3803 musicis
1113 3721 1490 3803 persCriptus,
1517 3721 1587 3802 oh
1620 3738 1761 3793 qua-

100 3809 235 3850 rum
267 3799 471 3853 tamen
518 3794 829 3863 defectum,
870 3798 937 3849 ut
988 3810 1169 3865 supra
1205 3794 1516 3865 monitum,
1569 3794 1761 3865 ipsum

1875 676 1987 729 bus
2020 692 2122 747 per
2152 676 2265 731 tria
2298 681 2513 746 puncta
2544 690 2776 746 semper
2804 692 2840 729 a
2869 675 3107 730 dextero
3127 673 3306 749 latere
3327 688 3525 744 proce-

1877 763 2044 830 dens,
2077 763 2135 817 id
2168 768 2278 830 est,
2312 780 2346 818 a
2389 760 2593 819 dextra
2642 763 2911 835 magada.
2962 750 3026 818 In
3071 763 3261 835 primo
3309 764 3529 834 puncto

1875 868 2026 922 pone
2056 851 2118 906 P.
2154 867 2282 923 quae
2313 852 2531 906 chorda
2557 856 2796 906 Vocatur
2825 854 2957 907 nete
2996 849 3412 923 hyperboleon.
3465 850 3529 906 In

1879 941 2138 994 secundo
2170 956 2321 1011 pone
2352 940 2418 995 H.
2454 944 2511 994 et
2539 945 2781 995 vocatur
2801 956 2980 995 mese.
3030 942 3098 995 In
3146 939 3318 996 tertio
3358 942 3424 993 D.
3472 941 3531 994 et

1875 1031 2116 1083 vocatur
2146 1028 2423 1100 lychanos
2448 1028 2726 1100 hypaton;
2748 1030 2810 1083 In
2835 1032 3041 1101 quarto
3069 1031 3265 1085 autem
3286 1043 3437 1099 pone
3458 1027 3523 1081 A.

1874 1116 1959 1171 vel
1992 1117 2050 1171 in
2084 1116 2326 1173 sinistra
2357 1112 2624 1190 magada,
2652 1119 2820 1189 cujus
2842 1117 3061 1173 chorda
3082 1115 3525 1189 proslambano-

1873 1221 2099 1260 menos.
2135 1206 2355 1261 Deinde
2386 1206 2579 1261 divide
2608 1223 2713 1278 per
2742 1210 2871 1262 octo
2902 1194 3097 1279 partes
3130 1220 3318 1278 usque
3349 1204 3422 1260 ad
3463 1203 3523 1259 P.

1872 1298 1931 1347 et
1963 1311 2109 1365 pone
2144 1310 2348 1349 novem
2384 1311 2571 1366 usque
2614 1296 2688 1350 ad
2737 1295 2801 1350 Ο.
2853 1299 2911 1350 et
2957 1294 3069 1351 erit
3112 1299 3311 1362 tonus,
3355 1293 3526 1364 cujus

1872 1382 2091 1437 chorda
2118 1386 2357 1449 vocatur
2386 1383 2522 1438 trite
2562 1383 2981 1456 hyperboleon:
3033 1386 3093 1438 et
3140 1370 3353 1437 iterum
3397 1384 3525 1437 octo

1872 1473 2066 1541 partes
2101 1486 2286 1541 usque
2313 1471 2381 1525 ad
2418 1470 2483 1525 Ο.
2517 1475 2575 1526 et
2596 1486 2800 1527 novem
2834 1487 3023 1543 usque
3074 1470 3148 1527 ad
3196 1469 3270 1525 N.
3314 1472 3371 1524 et
3417 1466 3527 1523 erit

1871 1562 2079 1626 tonus;
2111 1557 2329 1614 chorda
2359 1560 2487 1630 eius
2507 1564 2745 1615 vocatur
2796 1558 2929 1615 trite
2970 1557 3382 1631 hyperboleon.
3455 1558 3528 1612 Et

1871 1647 1992 1702 haec
2024 1651 2162 1702 sunt
2192 1647 2610 1719 sesquioctavae
2645 1648 3072 1720 proportiones.
3094 1646 3312 1703 Deinde
3331 1634 3526 1702 divide

1872 1753 2059 1807 usque
2088 1737 2158 1792 ad
2190 1736 2251 1791 P.
2282 1737 2343 1792 in
2375 1742 2491 1793 tres
2524 1743 2742 1809 partes,
2776 1740 2834 1793 et
2854 1738 2913 1792 in
2947 1741 3157 1809 quarta
3186 1751 3336 1809 pone
3366 1735 3446 1791 M.
3469 1738 3528 1791 et

1872 1825 1981 1880 erit
2012 1825 2364 1898 symphonia
2391 1826 2795 1893 diatessaron;
2850 1825 3069 1882 chorda
3107 1826 3236 1895 ejus
3284 1826 3528 1880 vocatur

1875 1914 2007 1969 trite
2038 1914 2517 1988 diezeugmenon.
2550 1914 2753 1971 Divide
2783 1915 2996 1971 iterum
3024 1913 3086 1969 in
3135 1914 3283 1970 duas
3330 1915 3527 1985 partes

1874 2004 2156 2074 usquead
2187 2003 2249 2058 P.
2281 2008 2339 2059 et
2370 2005 2430 2059 in
2461 2004 2634 2059 tertia
2663 2020 2812 2076 pone
2842 2004 2886 2059 Ι.
2919 2006 2977 2058 et
3023 2002 3135 2059 erit
3177 1999 3527 2074 symphonia

1874 2091 2174 2162 diapente;
2199 2091 2418 2148 chorda
2443 2093 2570 2162 ejus
2599 2096 2841 2148 vocatur
2869 2107 3191 2164 paramese.
3237 2089 3413 2145 Porro
3435 2088 3523 2144 di-

1874 2179 2001 2234 vide
2033 2181 2106 2234 ab
2137 2182 2179 2235 1.
2215 2196 2403 2253 usque
2434 2181 2505 2235 ad
2534 2180 2597 2236 Il.
2636 2185 2693 2236 et
2722 2180 2781 2235 in
2813 2180 3022 2235 horum
3078 2178 3269 2235 medio
3317 2194 3522 2257 super-

1873 2284 2021 2339 pone
2039 2269 2072 2322 fi
2081 2285 2287 2341 guram
2301 2270 2458 2335 trite,
2473 2270 2643 2340 cujus
2657 2269 2875 2325 chorda
2886 2272 3126 2324 vocatur
3141 2267 3274 2323 trite
3297 2283 3526 2340 synem-

1872 2373 2104 2412 menon.
2144 2359 2281 2414 Item
2309 2357 2496 2412 divide
2527 2374 2714 2430 usque
2745 2359 2816 2413 ad
2850 2357 2892 2412 Ι.
2926 2358 2982 2413 in
3013 2357 3161 2414 duas
3200 2360 3416 2428 partes,
3463 2359 3521 2410 et

1869 2444 1927 2499 in
1951 2446 2121 2501 tertia
2133 2462 2283 2516 pone
2305 2446 2352 2501 G
2399 2450 2457 2500 et
2478 2446 2689 2501 iterum
2711 2446 2821 2501 erit
2841 2445 3192 2517 symphonia
3248 2445 3521 2516 diapente

1868 2533 2039 2603 cujus
2070 2533 2291 2588 chorda
2319 2538 2560 2589 vocatur
2590 2533 2868 2606 lychanos
2902 2548 3126 2588 meson.
3163 2531 3365 2587 Divide
3413 2531 3526 2587 ite-

1868 2638 1999 2676 rum
2024 2621 2084 2676 in
2115 2621 2263 2677 duas
2295 2625 2489 2692 partes
2520 2637 2707 2693 usque
2740 2622 2811 2675 ad
2832 2620 2901 2676 H.
2927 2624 2983 2677 et
3003 2620 3061 2674 in
3080 2619 3251 2675 tertia
3271 2635 3426 2691 pone
3454 2619 3514 2674 F.

1866 2711 2034 2780 cujus
2103 2709 2322 2765 chorda
2395 2713 2635 2765 vocatur
2700 2709 3247 2783 parhypatemeson.
3317 2708 3515 2764 Divide

1863 2798 2076 2853 iterum
2125 2797 2185 2852 in
2234 2799 2382 2854 duas
2430 2801 2625 2869 partes
2669 2793 2857 2871 usque
2901 2799 2971 2853 ad
3018 2799 3060 2852 Ι.
3102 2800 3159 2854 et
3219 2796 3281 2852 in
3342 2795 3515 2873 tertia

1863 2903 2012 2957 pone
2041 2887 2104 2941 E.
2138 2888 2309 2957 cujus
2340 2887 2559 2942 chorda
2584 2880 2824 2943 vocatur
2850 2886 3064 2959 hypate
3098 2902 3321 2942 meson.
3363 2884 3511 2940 Item

1862 2975 2053 3031 divide
2092 2993 2277 3047 usque
2310 2976 2383 3030 ad
2412 2977 2468 3031 F.
2504 2976 2563 3030 in
2588 2980 2706 3031 tres
2729 2969 2945 3047 partes,
2972 2979 3030 3031 et
3052 2975 3112 3031 in
3131 2977 3341 3047 quarta
3361 2989 3512 3046 pone

1859 3064 1919 3119 G.
1954 3069 2010 3119 et
2039 3063 2149 3121 erit
2177 3063 2528 3136 symphdnia
2555 3065 2939 3131 diatessaron,
2973 3065 3142 3135 cujus
3164 3063 3380 3136 chorda
3416 3078 3516 3118 vo-

1857 3157 2024 3208 catur
2052 3153 2369 3226 parhypate
2399 3153 2674 3225 hypaton.
2706 3146 2904 3208 Divide
2933 3152 3074 3208 item
3103 3169 3291 3224 usque
3322 3152 3411 3207 ‘ad
3448 3151 3511 3207 E.

1860 3239 1919 3295 in
1952 3246 2068 3297 tres
2101 3245 2314 3313 partes,
2350 3247 2407 3296 et
2436 3242 2495 3296 in
2528 3246 2736 3313 quarta
2761 3258 2911 3314 pone
2951 3242 3013 3297 B.
3060 3242 3230 3314 cujus
3297 3241 3518 3298 chorda

1785 3314 1829 3380 (ἶ
1862 3334 2107 3387 vocatur
2130 3330 2343 3403 hypate
2373 3329 2633 3403 hypaton
2670 3331 2745 3402 (3)

1872 3578 2089 3651 pergit;
2123 3578 2347 3651 Indicis,
2382 3581 2491 3633 etc.

1944 3648 2019 3721 (3)
2051 3649 2270 3722 Haecin
2313 3648 2427 3703 ﬁne
2469 3664 2685 3722 Amanea
2727 3665 2855 3705 esse
2899 3649 3190 3722 videntur.
3243 3649 3532 3722 Sequitur

1874 3719 2008 3776 inde
2056 3720 2126 3776 de
2179 3725 2326 3792 octo,
2360 3719 2536 3786 tonis,
2596 3723 2660 3774 ut
2709 3737 2930 3792 supra,_
2972 3721 3047 3792 in
3125 3719 3400 3792 ALCUINb,
3471 3726 3531 3776 et

1876 3792 1932 3846 in
1959 3794 2290 3864 AURELIANO
2316 3791 2599 3861 habetur;
2635 3790 2802 3863 quae;
2819 3808 2893 3847 ne
2918 3790 3120 3849 itidem
3165 3790 3527 3864 repetantur,

101 3866 409 3927 tonarium
439 3865 709 3922 omittere
740 3881 1046 3921 necessum
1064 3863 1202 3920 iuit.
1226 3865 1433 3921 Postea
1454 3864 1562 3919 hoc
1592 3863 1764 3918 modo
1876 3863 2209 3919 omisimus.

108 4033 1499 4064 Μ

1502 4030 3527 4066 W

584 4232 589 4237 ο
646 4195 1224 4329 ANONYMI
1302 4195 1437 4287 ΠΙ
1498 4194 2365 4289 FRAGMENTUM
2444 4196 3012 4293 MUSICES.

182 4554 271 4610 Ab
302 4554 460 4610 omni
476 4553 971 4624 superparticulari
995 4553 1046 4607 si
1073 4552 1397 4608 continuam
1424 4556 1478 4606 et
1513 4567 1771 4622 superpa-
1803 4553 1850 4618 D
1880 4555 2110 4622 quarta,
2144 4556 2405 4607 remanet
2435 4553 2635 4621 diesis,
2679 4554 2738 4609 id
2781 4559 2889 4619 est,
2941 4548 3148 4628 quarta
3186 4574 3324 4630 pars
3372 4559 3527 4614 toni:

110 4644 418 4698 ticularem
446 4642 567 4714 quis
595 4642 810 4712 auferat
834 4642 1243 4713 proportionem
1272 4644 1370 4696 etc.
1398 4642 1477 4695 Ac
1511 4639 1558 4696 si
1591 4640 1769 4694 dixis-

106 4736 240 4787 set:
274 4730 335 4787 Si
377 4730 572 4785 minor
600 4730 894 4802 proportio
928 4730 997 4785 de
1030 4730 1248 4801 majore
1263 4729 1604 4784 detrahatur
1634 4745 1769 4800 pro-

106 4819 411 4890 portione,
459 4819 519 4874 id
566 4819 720 4890 quod
771 4814 1174 4904 relinquitur,‘
1216 4817 1581 4890 geminatum
1653 4833 1767 4872 non

104 4909 302 4965 efﬁcit
324 4907 722 4981 integritatem
746 4907 993 4965 minoris
1010 4906 1420 4979 proportionis,
1438 4924 1564 4978 quae
1579 4907 1769 4961 aufer-

102 5002 231 5051 tur.
263 4995 443 5052 Verhi
469 4997 687 5069 gratia:
721 4996 877 5053 Tolle
923 4995 1308 5064 diatessaron,
1354 4995 1426 5049 de
1475 4993 1769 5066 diapente,

104 5084 169 5140 id
204 5091 323 5153 est,
352 5085 502 5140 duos
532 5089 704 5140 tonos
729 5089 785 5141 et
814 5083 1193 5141 semitonium
1223 5083 1294 5139 de
1326 5083 1512 5137 tribus
1538 5083 1693 5138 tonis
1716 5087 1775 5137 et

106 5173 459 5239 semitonio,
492 5177 550 5229 et
578 5177 841 5229 remanet
869 5178 1077 5228 tonus:
1129 5171 1229 5244 qui
1277 5171 1609 5243 geminatus
1658 5187 1773 5225 non

106 5261 306 5317 efﬁcit
336 5262 635 5333 integrum
667 5262 1049 5329 diatessaron,
1080 5265 1341 5316 remanet
1370 5260 1526 5317 enim
1541 5260 1777 5315 semito-

1882 4657 2019 4695 nam
2050 4639 2458 4711 sesquiquinta
2488 4644 2719 4697 constat
2748 4659 2817 4698 ex
2848 4647 3004 4713 tono,
3037 4649 3095 4700 et
3123 4646 3433 4702 semitonio
3477 4651 3535 4703 et

1878 4728 2045 4785 diesi.
2085 4729 2269 4784 Diesis
2299 4733 2493 4783 autem
2519 4731 2671 4800 quad
2683 4748 2745 4785 ru
2753 4731 2934 4803 plata,
2957 4732 3097 4804 quia
3118 4733 3535 4806 sesquiquarta

1879 4822 1985 4884 est,
2020 4822 2223 4873 tonum
2246 4817 2541 4889 integrum
2566 4818 2764 4885 efﬁcit,
2788 4824 2846 4875 et
2866 4825 3129 4877 remanet
3150 4822 3532 4879 semitonium

1880 4912 1938 4963 et
1966 4907 2165 4974 diesis,
2198 4907 2289 4962 vel
2319 4907 2588 4963 ulterius.
2614 4909 2725 4964 Sed
2757 4912 2953 4967 tamen
2985 4910 3035 4966 si
3059 4910 3169 4966 hoc
3217 4911 3424 4969 feceris
3472 4914 3533 4969 in

1882 4995 2266 5053 arithmeticis
2311 4997 2808 5068 proportionibus,
2859 5004 3049 5072 usque
3097 5000 3168 5054 ad
3227 4994 3557 5060 inﬁnitum.

1883 5085 2268 5158 progreditur.
2304 5086 2447 5141 Nam
2481 5086 2530 5143 si
2563 5087 2998 5160 sesquitertium
3032 5089 3103 5145 de
3148 5090 3533 5163 sesquialtero

1886 5172 2076 5240 tollas,
2112 5174 2266 5245 quod
2303 5175 2666 5241 remanserit,
2700 5176 3172 5249 siduplicaveris,
3195 5178 3268 5234 ad
3307 5181 3532 5253 sesqui-

1884 5262 2118 5345 tertiam
2168 5279 2354 5334 usque
2400 5264 2832 5333 proportionem
2882 5262 3180 5338 pervenire
3246 5269 3535 5341 nequibit,

104 5349 1779 5423 nium.Iteriumsesquiquartaauferaturdesesquitertia
1889 5350 2168 5422 quoniam
2216 5351 2620 5422 sesquioctava
2667 5356 2988 5425 proportio,
3048 5354 3179 5429 quae
3244 5363 3535 5429 remanet;

103 5443 397 5511 remanet
426 5439 839 5496 semitonium:
896 5455 1033 5495 nam
1081 5438 1494 5511 sesquiquarta
1550 5437 1779 5493 duobus
1889 5436 2187 5509 duplicata
2233 5437 2628 5510 integritatem
2679 5442 3060 5514 sesquitertiae
3122 5444 3367 5517 implere
3424 5463 3539 5501 non

103 5527 287 5585 tonis
314 5531 565 5583 constat.
600 5527 730 5600 Ipso
757 5526 1066 5584 semitonio
1083 5527 1375 5600 triplicato
1410 5525 1782 5598 sesquitertia
1892 5525 2121 5597 poterit.
2157 5526 2318 5590 Quod
2344 5526 2577 5598 probari
2610 5533 2804 5600 potest
2832 5531 3008 5588 etiam
3040 5531 3098 5587 in
3130 5534 3544 5605 sesquiquarta

108 5634 246 5673 non
282 5617 546 5689 pervenit
573 5616 642 5673 sd
671 5615 1067 5689 integritatem
1108 5616 1553 5689 sesquiquarta.
1602 5615 1783 5687 quue
1892 5619 1948 5671 et
1970 5614 2401 5687 sesquiquinta.

106 5705 180 5773 in
212 5706 468 5778 ceteris,
500 5705 612 5765 hoc
640 5710 750 5777 est,
782 5704 1194 5782 sesquiquinta
1211 5704 1455 5769 tollatur
1471 5705 1542 5764 de
1561 5705 1786 5784 sesqui-

1963 5704 2040 5763 ΑΙ)
2070 5704 2222 5763 omni
2253 5708 2747 5780 superparticutari
2791 5711 2844 5768 si
2888 5710 3209 5770 continuam
3253 5709 3307 5769 ei
3356 5724 3551 5786 super-
