3946 6364
401 402 517 462 687
1143 409 1332 470 ΞίΕΟ.
1381 410 1462 471 ΧΙ
1507 409 1736 472 AUCT.
1783 408 1959 471 INGE

2249 406 2329 468 NI
2373 406 2474 468 ET
2518 406 2814 469 SCRIPT.
2857 414 3078 464 ἈΔΕΣΠ.
3683 403 3807 468 688

405 536 803 606 ρανιὶειιίανεινη
833 538 952 608 quis
981 541 1199 610 auferat
1221 542 1644 611 proportionem.
1675 542 1838 606 Quod
1883 540 2043 608 dicit,
2078 540 2134 609 Α
2164 555 2280 594 non
2311 541 2578 593 statuunt
2606 539 3067 610 sesquioctavam
3107 535 3539 610 proportionem
3569 536 3710 596 adx.
3749 539 3813 592 et

407 623 499 679 his
516 623 797 697 exemplis
823 627 1057 700 probari
1079 633 1291 701 potest.
1317 629 1748 702 Sitpropositus
1760 629 2048 685 terminus
2157 644 2256 681 VII.
2309 643 2444 682 nam
2501 627 2662 684 deest
2683 631 2882 684 octava
2903 644 3038 701 pars
3059 625 3324 693 unitatis,
3348 628 3404 680 et
3423 642 3491 680 ex
3515 622 3810 681 hocintel-

407 729 562 768 unus
592 718 648 768 et
675 713 852 783 idem,
884 718 954 772 ad
989 734 1165 789 quem
1199 722 1428 792 aptetur
1445 719 1829 790 sesquialtera
1843 722 1900 774 et
1935 735 2052 774 ses-

411 802 688 873 quitertia
716 806 1032 878 proportio.
1067 807 1170 863 Hic
1196 808 1273 864 sit
1303 825 1380 863 VI.
1415 809 1486 864 ad
1531 824 1706 880 quem
1735 823 1879 863 VIIII.
1930 824 2052 863 ses-

413 893 663 963 quialter
677 896 784 960 est,
807 909 924 953 VIII.
944 912 1077 952 vero
1093 897 1506 968 sesquitertius
1527 913 1538 952 :
1557 897 1659 968 qui
1673 897 2057 968 dieponantur

412 982 520 1039 hoc
559 986 752 1041 modo.
809 1002 886 1039 VI.
939 1002 1057 1041 VIII.
1117 1003 1260 1041 VIIII.
1321 986 1391 1040 Et
1447 986 1724 1058 quoniam
1775 985 1862 1040 haa
1929 985 2056 1039 duas

415 1074 819 1145 proportiones
867 1074 1158 1130 continuas
1222 1074 1709 1148 superpaculares
1779 1077 1934 1141 sunt,
1998 1073 2057 1127 in

416 1163 606 1216 tribus
637 1162 908 1219 terminis
939 1164 1265 1220 constitutae
1296 1181 1370 1219 VI.
1404 1181 1524 1219 VIII.
1549 1181 1689 1218 VIIII.
1723 1163 2058 1218 auferamus

417 1249 675 1321 primum
702 1251 1040 1317 terminum,
1072 1254 1144 1307 ad
1166 1270 1342 1324 quem
1366 1271 1485 1308 VIII.
1511 1257 1598 1306 est
1627 1250 2058 1323 scsquitertius,

417 1354 538 1394 VIII.
575 1340 941 1411 scsquialter,
976 1346 1237 1396 remanet
1263 1359 1378 1396 VIII.
1412 1346 1468 1396 et
1497 1358 1640 1398 VIIII.
1678 1341 1776 1412 qui
1835 1340 2060 1410 sesqui-

417 1428 600 1482 octavi
633 1433 790 1484 sunt.
813 1430 921 1484 Sed
945 1430 1346 1500 sesquioctava
1367 1431 1662 1502 proportio
1685 1446 1799 1485 non
1826 1433 1914 1485 est
1949 1444 2065 1483 me-

417 1517 600 1572 dietas
623 1517 868 1573 minoris
898 1517 1309 1589 proportionis,
1366 1519 1424 1574 id
1477 1523 1584 1584 est,
1645 1516 2060 1589 sesquitertiae;

419 1605 694 1675 quoniam
729 1605 1027 1677 duplicata
1053 1623 1166 1662 non
1200 1607 1379 1662 efficit
1407 1623 1556 1674 eam,
1591 1608 1693 1662 sed
1725 1606 1917 1661 minor
1956 1609 2062 1660 est.

419 1693 794 1764 Duplicemus
823 1694 1001 1765 igitur
1028 1696 1495 1766 sesquioctavam
1528 1695 1985 1768 proportionem,
2011 1698 2069 1749 et

420 1782 538 1837 sint
572 1786 689 1837 tres
734 1783 963 1838 numeri
1010 1783 1093 1839 ita
1134 1784 1426 1856 dispositi,
1476 1784 1573 1856 qui
1619 1801 1654 1840 a
1697 1784 2068 1856 proportione

421 1885 542 1927 VIII.
577 1873 634 1954 et
662 1887 800 1926 VIIII.
837 1888 950 1927 non
983 1873 1275 1941 recedant,
1311 1873 1568 1944 ﬁantque
1616 1873 1794 1928 octies
1841 1888 1962 1929 VIII.
2014 1879 2069 1928 et
2093 1873 2144 1966 ’Β

426 1957 604 2012 octies
654 1976 794 2013 VIIII.
847 1963 904 2014 et
951 1959 1149 2015 novies
1198 1978 1334 2015 VIIII.
1385 1961 1442 2016 id
1496 1965 1606 2016 est.
1653 1979 1828 2016 LXIIII.
1896 1979 2065 2016 Lxxn.

423 2062 606 2100 Lxxxi.
640 2045 726 2101 vel
757 2047 892 2115 duo,
923 2048 1201 2118 quoniam
1242 2049 1466 2121 primus
1521 2051 1591 2105 ad
1641 2051 1966 2106 secundum
2013 2053 2071 2105 et

424 2136 720 2190 secundus
743 2137 814 2190 ad
837 2137 1073 2192 tertium
1097 2139 1560 2209 sesquioctavam
1583 2139 1944 2194 constituunt
1964 2138 2066 2193 ha-

424 2223 778 2292 bitudinem;
811 2226 910 2280 sed
945 2225 1153 2282 tertius
1185 2227 1254 2282 ad
1279 2227 1533 2299 primum
1562 2227 1760 2283 minus
1781 2233 1869 2284 est
1889 2245 2067 2300 quam

425 2311 853 2382 sesquitertius.
887 2314 1011 2370 Non
1043 2319 1131 2372 est
1157 2330 1292 2386 ergo
1310 2316 1750 2388 sesquioctavus
1785 2317 2069 2372 medietas

421 2400 798 2471 sesquitertii.
858 2403 923 2457 Et
972 2403 1032 2458 in
1095 2405 1368 2460 omnibus
1435 2405 2070 2477 superparticularibus

421 2489 714 2545 continuis
742 2491 850 2545 hoc
873 2491 1294 2562 speculandum
1320 2498 1430 2560 est,
1455 2493 1732 2565 quoniam
1757 2494 1806 2549 si
1830 2495 2071 2550 minora

419 2578 638 2648 majore
673 2579 1063 2650 subtrahitur,
1095 2581 1151 2635 id
1185 2582 1342 2652 quod
1374 2582 1744 2653 relinquitur,
1769 2582 1966 2638 minus
1982 2588 2072 2638 est

420 2665 728 2721 medietate
750 2667 1058 2724 subtractae
1081 2669 1492 2744 proportionis,
1518 2672 1796 2741 quoniam
1812 2670 2074 2742 duplica-

419 2757 546 2807 tum
598 2771 713 2809 non
763 2755 813 2809 ei
861 2761 1212 2826 coaequatur,
1265 2758 1419 2828 quod
1468 2762 1759 2814 monstrat
1809 2760 2072 2830 subjecta

421 2841 753 2912 descriptio.
790 2842 977 2913 Hujus
1015 2844 1428 2916 descriptionis
1459 2845 1578 2900 haec
1609 2847 1756 2902 ratio
1787 2851 1876 2902 est
1921 2864 1976 2901 x.
2014 2852 2072 2902 et

424 2945 521 2983 VII.
548 2933 604 2983 et
623 2947 676 2984 χ.
701 2933 758 2985 et
775 2947 895 2985 VIII.
913 2931 1428 3004 sesquiseptimam
1447 2934 1735 2990 decimam
1749 2935 2068 3007 proportio-

424 3032 559 3071 nem
581 3016 734 3073 inter
753 3035 814 3073 se
832 3019 1048 3075 habent
1069 3037 1194 3091 quae
1213 3021 1335 3077 sola
1355 3023 1805 3095 sesquiseptima
1846 3024 2072 3080 decima

426 3104 486 3158 in
518 3104 642 3159 sola
673 3105 896 3163 unitate
926 3105 1296 3180 intelligitur.
1325 3110 1383 3164 Si
1422 3108 1636 3166 iterum
1669 3110 1909 3166 alteram
1956 3129 2073 3168 ses-

426 3191 841 3264 quiseptimam
857 3194 1141 3252 decimam
1157 3199 2071 3270 proportionemaddidero,ernnt

424 3297 482 3335 II.
519 3285 575 3336 et
600 3281 648 3337 si
681 3299 741 3338 II.
777 3284 988 3340 addam
1022 3302 1200 3357 super
1220 3304 1274 3342 x.
1301 3291 1355 3342 et
1377 3304 1472 3342 VII.
1498 3289 1555 3343 id
1579 3293 1687 3356 est,
1713 3289 1803 3344 bis
1844 3290 2072 3362 sesqui-

423 3370 732 3441 septimam
765 3372 1074 3442 decimam,
1103 3381 1273 3430 erunt
1301 3394 1354 3432 x.
1387 3380 1444 3432 et
1472 3379 1612 3432 VIIII.
1649 3378 1750 3450 qui
1780 3397 1832 3434 x.
1855 3383 2070 3438 etVIIII.

2161 716 2197 771 ii
2205 716 2381 789 gitur,
2405 716 2542 787 quia
2563 734 2677 772 non
2701 717 2920 772 faciunt
2941 714 3543 788 duaasesquiseptimae
3570 714 3812 771 decimae

2161 809 2368 860 tonum
2392 805 2704 878 integrum.
2730 806 2811 861 De
2831 823 2885 862 x.
2911 811 2967 861 et
2988 823 3084 861 VII.
3111 823 3172 861 II.
3191 808 3248 860 et
3263 808 3465 860 octava
3476 821 3613 876 pars
3632 802 3813 859 unius

2165 897 2304 949 sunt
2334 898 2538 950 octava
2566 911 2721 966 pars,
2755 895 2854 966 qui
2887 895 3001 950 duo
3031 898 3088 950 et
3116 898 3316 951 octava
3345 910 3480 966 pars
3511 893 3613 950 uni
3636 892 3686 947 si
3703 893 3816 947 ad-

2167 982 2382 1037 dantur
2411 986 2467 1037 et
2497 1000 2550 1037 x.
2576 987 2631 1038 et
2661 1001 2758 1038 VII.
2793 984 2942 1038 ﬁunt
2969 1000 3023 1038 χ.
3058 985 3114 1038 et
3139 999 3280 1037 VIIII.
3315 986 3373 1038 et
3419 985 3622 1038 octava
3673 997 3816 1053 pars

2169 1070 2410 1126 unitatis
2439 1072 2510 1126 ad
2543 1089 2599 1126 Χ.
2633 1076 2690 1126 et
2718 1089 2818 1128 VII.
2853 1071 3314 1144 sesquioctavus.
3342 1072 3442 1126 Est
3462 1075 3658 1126 autem
3690 1070 3820 1126 base

2167 1158 2313 1214 ratio
2345 1159 2671 1215 necessaria
2698 1160 2885 1232 primo
2916 1160 3170 1232 capitulo
3195 1159 3497 1231 sequentis
3528 1159 3684 1215 libri.

2238 1250 2302 1302 Si
2330 1250 2845 1320 superparticularis
2855 1251 3134 1321 proportio
3151 1251 3366 1304 binario
3389 1249 3815 1319 multiplicatur,

2171 1339 2227 1392 id
2257 1338 2396 1408 quod
2425 1335 2504 1408 ﬁt,
2538 1354 2708 1409 neque
2735 1341 3233 1409 superparticulare
3261 1343 3337 1392 est
3359 1353 3532 1408 neque
3545 1338 3824 1408 muliplea:

2172 1429 2334 1498 etc.(l
2351 1428 2844 1496 ).Binariodicitur
2858 1427 3235 1500 multiplicari
3251 1427 3567 1499 proportio,
3582 1426 3824 1498 quando

2173 1533 2239 1571 ea
2264 1515 2678 1588 duplicatur,et
2699 1516 2888 1588 qualis
2911 1516 3330 1589 sitprimatalis
3351 1519 3438 1570 est
3452 1518 3506 1570 et
3528 1515 3826 1580 secunda;

2177 1605 2231 1659 id
2255 1610 2364 1671 est,
2392 1607 2887 1676 quemadmodum
2913 1605 3089 1661 habet
3113 1621 3174 1662 se
3195 1604 3422 1676 primus
3440 1605 3734 1660 terminus
3753 1603 3826 1659 ad

2177 1695 2524 1761 secundum,
2558 1694 2639 1749 sic
2671 1695 2964 1750 secundus
2997 1709 3058 1750 se
3088 1694 3263 1750 habet
3309 1695 3380 1750 ad
3429 1693 3689 1750 tertium.
3743 1692 3832 1748 Sit

2177 1783 2724 1855 superparticularis
2756 1783 3070 1856 proportio,
3105 1787 3170 1837 ut
3189 1798 3290 1838 IIII.
3327 1783 3400 1838 ad
3429 1799 3507 1849 VI,
3542 1783 3830 1854 haecquo-

2177 1874 2334 1928 niam
2357 1890 2474 1928 una
2489 1877 2594 1940 est,
2620 1872 2844 1929 binario
2867 1872 3314 1945 multiplicetur:
3341 1871 3432 1928 bis
3453 1873 3608 1928 enim
3633 1888 3829 1927 unum

2178 1978 2239 2016 II.
2271 1961 2436 2015 fiunt.
2472 1961 2709 2032 Oportet
2737 1977 2893 2034 ergo,
2927 1966 2991 2017 ut
3012 1949 3267 2018 suntIIII.
3293 1963 3364 2018 ad
3389 1979 3464 2017 VI.
3492 1961 3575 2017 sic
3597 1977 3728 2018 esse
3743 1978 3828 2029 VI,

2179 2047 2250 2101 ad
2285 2046 2465 2101 alium
2498 2041 2816 2118 quemlibet
2846 2065 3178 2117 numerum,
3211 2048 3305 2105 hic
3337 2054 3477 2105 sunt
3495 2065 3636 2104 VIIII.
3684 2049 3830 2117 duo,

2179 2136 2454 2206 quoniam
2473 2152 2678 2191 novem
2693 2137 2762 2191 ad
2781 2154 2884 2192 IIII.
2902 2153 3006 2193 nec
3025 2137 3328 2210 multiplex
3353 2143 3463 2206 est,
3487 2155 3592 2194 nec
3619 2153 3832 2209 super-

2179 2223 2546 2295 particulare.
2582 2225 2743 2290 Quod
2771 2225 2819 2281 si
2847 2225 2925 2292 id,
2951 2227 3101 2297 quod
3125 2244 3194 2282 ex
3213 2226 3314 2282 tali
3338 2225 3836 2298 multiplicatione

2178 2318 2469 2379 nascetur,
2501 2330 2688 2384 neque
2719 2314 3025 2386 multiplex
3052 2319 3141 2371 est
3185 2331 3372 2386 neque
3402 2314 3840 2387 superparticu-

2177 2400 2334 2457 lare:
2369 2405 2565 2458 tamen
2596 2401 2766 2473 illud,
2801 2403 2956 2474 quod
2991 2402 3451 2474 multiplicatum
3483 2407 3589 2469 est,
3618 2402 3706 2458 vel
3731 2420 3835 2459 su-

2177 2491 2662 2564 perparticularis
2693 2491 2779 2546 vel
2801 2490 3045 2547 alterius
3067 2492 3317 2564 generis,
3341 2509 3457 2548 non
3478 2508 3610 2548 vero
3633 2491 3838 2548 multi-

2178 2580 2349 2654 plicis
2381 2579 2552 2651 (erit).
2583 2579 2742 2642 Quod
2779 2595 2846 2634 ex
2879 2580 3056 2652 priori
3091 2579 3571 2652 multiplicatione
3622 2585 3835 2636 natum

2178 2669 2514 2740 est,duplex
2535 2668 3189 2739 sesquiquartusest,ut
3228 2673 3465 2724 suntIIII
3495 2670 3566 2725 ad
3595 2685 3719 2724 VIIII
3770 2670 3836 2725 id

2180 2774 2367 2829 neque
2399 2756 2707 2828 multiplex
2755 2774 2942 2830 neque
2990 2759 3518 2830 superparticulare
3567 2762 3674 2824 est,
3727 2759 3834 2815 sed

2179 2846 2491 2917 multiplex
2517 2846 3084 2918 superparticularis.
3111 2849 3181 2903 Et
3202 2837 3358 2918 quod
3379 2847 3606 2903 binario
3623 2846 3832 2904 multi-

2179 2935 2456 3007 plicatum
2487 2939 2594 3006 est,
2629 2934 2969 3008 multiplicis
3001 2937 3251 3009 generis,
3277 2953 3394 2992 non
3426 2941 3534 3002 est,
3569 2937 3669 2992 sed
3709 2936 3834 2993 vel-

2181 3023 2726 3096 superparticularis
2754 3024 2842 3080 vel
2876 3025 3117 3081 alterius
3147 3026 3396 3098 generis.
3426 3027 3499 3081 At
3521 3024 3615 3080 hic
3639 3043 3838 3098 neque

2179 3112 2523 3185 multiplicis
2556 3129 2744 3185 neque
2770 3113 3032 3181 alterius,
3066 3115 3166 3170 sed
3197 3115 3457 3170 ditﬁnita':
3507 3130 3834 3187 superpar-

2179 3202 2443 3258 ticularis
2465 3205 2554 3258 est
2573 3193 3355 3275 multiplicata'sesquialtera
3373 3203 3691 3277 proportio.
3729 3204 3842 3260 Est

2181 3308 2315 3347 vero
2347 3291 2466 3347 ham
2506 3291 2652 3348 ratio
2702 3293 3031 3348 necessaria
3079 3292 3304 3349 decimo
3347 3293 3602 3367 capitulo
3648 3292 3837 3365 hujus

2182 3380 2334 3436 libri.

499 3495 574 3566 (4)
607 3495 737 3552 Vid.
780 3496 935 3553 Boet.
969 3515 1025 3570 p.
1051 3498 1191 3554 4093
1221 3504 1277 3554 et
1310 3501 1448 3556 1130
1477 3502 1613 3558 edit.
1657 3502 1970 3560 Basilcensi
2001 3522 2057 3560 aI

781 3496 935 3553 Boet.
969 3515 1025 3570 p.
1051 3498 1191 3554 4093
1221 3504 1277 3554 et
1310 3501 1448 3556 1130
1477 3502 1613 3558 edit.
1657 3502 1970 3560 Basilcensi
2001 3522 2153 3562 anno
2185 3507 2339 3561 1546.

421 3617 3078 3660 W

1128 3761 1728 3858 MENSUBA
1805 3765 2650 3862 MONOCHORDI
2723 3768 3147 3864 BOETII

1493 3933 1604 3995 Ex
1631 3933 1824 3996 codice
1853 3934 2443 3999 Benedicto-Burano
2475 3937 2628 3999 Saec.
2661 3954 2772 3999 xu.

496 4156 706 4212 Totum
725 4157 1188 4214 monochordum
1204 4161 1418 4232 partire
1434 4161 1706 4236 inprimis
1726 4165 1782 4221 in
1803 4170 2072 4240 quatuor,
2103 4171 2151 4238 D
2176 4169 2400 4240 jusque
2429 4167 2630 4225 litteras
2663 4169 2722 4224 in
2749 4185 2925 4226 suum
2945 4169 3303 4242 aequivocum
3327 4170 3384 4227 id
3416 4175 3506 4228 est
3533 4171 3624 4228 fac
3642 4190 3831 4230 unum

423 4249 478 4299 et
507 4245 564 4299 in
595 4245 761 4300 initio
794 4246 1172 4304 mono'chordi
1205 4266 1353 4321 pone
1387 4252 1446 4306 F.
1481 4256 1537 4308 et
1568 4253 1624 4308 in
1660 4255 1846 4326 primo
1890 4274 2066 4328 passu

421 4333 510 4387 fac
542 4334 602 4390 B.
634 4334 692 4388 in
725 4336 980 4391 secundo
1004 4337 1062 4391 F.
1089 4353 1266 4403 mese,
1290 4338 1346 4394 in
1371 4339 1540 4396 tertio
1561 4345 1618 4397 F.
1645 4349 1891 4414 quartus
1915 4347 2062 4400 finit.

418 4421 580 4476 Tunc
611 4439 643 4476 a
674 4423 788 4477 fine
822 4423 909 4478 fac
937 4427 1056 4480 tres
1086 4442 1298 4497 passus
1327 4427 1385 4483 in
1418 4428 1692 4487 ultimum
1736 4433 1796 4489 F.
1849 4435 1964 4490 duo
2003 4435 2063 4490 in

418 4510 848 4581 acutissimum,
885 4517 940 4568 et
963 4513 1021 4568 in
1049 4520 1256 4586 quarto
1279 4534 1458 4588 passu
1485 4519 1665 4578 habes
1691 4539 1739 4577 c.
1767 4523 2061 4594 superius.

419 4599 560 4655 Item
593 4618 626 4655 a
659 4601 772 4656 ﬁne
803 4601 892 4657 fac
926 4603 1071 4659 duos
1107 4621 1314 4676 passus
1367 4608 1424 4664 in
1477 4611 1744 4666 eamdem
1788 4612 1848 4666 F.
1899 4617 1956 4667 et
2004 4613 2063 4666 in

415 4688 585 4744 tertio
616 4688 796 4746 habes
820 4691 878 4747 b.
915 4694 1205 4765 superius.
1241 4697 1400 4753 Tunc
1429 4699 1501 4754 ab
1519 4701 1722 4756 eadem
1753 4701 1810 4756 b.
1847 4702 1936 4755 fac
1991 4703 2063 4756 ad

417 4777 593 4833 ﬁnem
611 4783 863 4850 quatuor
886 4799 1116 4854 passus,
1141 4801 1390 4857 quorum
1416 4789 1644 4860 primus
1669 4788 1868 4844 finitin
1893 4807 2064 4862 supe-

418 4865 542 4921 rius
572 4885 620 4922 e.
659 4869 798 4924 item
830 4888 864 4926 a
886 4872 999 4929 line
1027 4874 1115 4929 fac
1140 4875 1288 4933 duos
1317 4893 1528 4948 passus
1554 4876 1613 4932 in
1632 4878 1898 4933 eamdem
1919 4895 1969 4934 e.
2010 4883 2066 4934 et

417 4958 569 5010 retro
601 4956 659 5010 in
693 4959 860 5014 tertio
893 4960 1072 5019 habes
1104 4981 1155 5018 a.
1181 4965 1474 5036 superius.
1499 4966 1663 5020 Tunc
1685 4966 1755 5021 ab
1774 4967 1975 5022 eodem
2008 4988 2062 5024 II.

418 5043 508 5098 fac
527 5044 599 5099 ad
621 5045 795 5102 finem
820 5054 1073 5120 quatuor
1094 5069 1326 5123 passus,
1351 5069 1604 5123 quorum
1623 5055 1850 5126 primus
1867 5059 2062 5112 termi-

807 5137 843 5191 d

419 5219 653 5276 nabitur
684 5222 742 5278 in
776 5223 840 5278 D.
877 5226 1171 5297 superius.
1207 5229 1250 5280 A
1287 5227 1401 5283 ﬁne
1443 5228 1532 5284 fac
1584 5233 1702 5287 tres
1744 5248 1956 5303 passus
2003 5233 2063 5290 in

418 5323 447 5361 Ο

414 5397 472 5452 C.
502 5400 797 5468 superius,
831 5405 887 5456 et
917 5405 1070 5457 retro
1097 5403 1154 5459 in
1179 5410 1386 5477 quarto
1404 5407 1584 5466 habes
1610 5337 1992 5483 Gugsuperius.
2018 5415 2063 5470 A

1199 5495 1235 5548 d

331 5633 338 5636 _
412 5575 528 5629 ﬁne
562 5576 652 5630 fac
683 5576 830 5632 duos
863 5595 1074 5650 passus
1105 5583 1240 5640 inD.
1267 5587 1559 5658 superius,
1583 5592 1640 5645 et
1661 5594 1812 5647 retro
1826 5591 2061 5648 tertium

413 5663 483 5721 G.
514 5679 958 5736 synemmenon.
992 5669 1195 5731 Postea
1224 5675 1462 5750 duplica
1491 5665 2060 5752 spatium'uniuscu-

2179 4274 2422 4329 passum
2453 4275 2488 4313 a
2511 4259 2644 4326 fine,
2666 4257 2722 4313 id
2741 4263 2850 4325 est,
2875 4259 2947 4314 ab
2971 4259 3238 4315 acumine
3256 4259 3313 4315 in
3339 4277 3833 4336 unamquamque

2176 4345 2505 4402 litterarum
2527 4347 2917 4419 superiorum,
2939 4349 3263 4405 secundum
3291 4365 3533 4422 passum
3556 4350 3616 4405 in
3651 4369 3828 4408 suum

2174 4437 2580 4507 cognominem
2611 4452 2865 4508 gravem.

2635 4561 2919 4618 MENSURA
2950 4577 3348 4619 monocnonm.

2609 4669 2693 4724 Ex
2723 4668 2846 4724 Cod.
2882 4669 2934 4724 S.
2968 4670 3117 4726 Bias.
3150 4683 3258 4727 δίκε
3285 4686 3384 4724 xu.

2248 4789 2708 4848 Monochordum
2729 4793 3136 4866 disparaturus
3149 4797 3330 4850 totam
3352 4793 3738 4866 epiphaniam
3770 4796 3830 4850 in

2172 4895 2300 4935 vem
2333 4885 2528 4951 partes
2559 4881 2870 4951 distribue,
2903 4886 2959 4938 et
2986 4883 3045 4938 in
3074 4883 3262 4956 primo
3297 4887 3513 4956 puncto
3566 4883 3825 4941 sinistrae

2175 4969 2360 5040 partis
2396 4971 2452 5025 F.
2488 4975 2705 5036 notato,
2739 4971 2794 5026 in
2840 4973 3097 5028 secundo
3151 4975 3214 5028 A.
3272 4974 3329 5028 in
3378 4976 3587 5046 quarto
3651 4975 3716 5030 D.
3767 4974 3827 5028 in

2175 5059 2377 5130 quinto
2409 5060 2465 5114 1".

2458 5166 2491 5203 a
2876 5152 2910 5206 d
3413 5170 3446 5208 a

2174 5237 2233 5292 in
2265 5241 2426 5293 sexto
2455 5239 2520 5293 A.
2554 5238 2614 5294 in
2644 5239 2892 5312 septimo
2923 5240 2988 5296 D.
3025 5240 3084 5296 in
3117 5243 3315 5298 octavo
3345 5258 3399 5298 a.
3447 5240 3594 5297 Item
3636 5257 3828 5314 usque

2172 5327 2236 5382 A.
2270 5325 2329 5382 in
2361 5343 2564 5384 novem
2597 5328 3118 5400 dispareturlinea,
3143 5335 3198 5387 et
3218 5329 3514 5403 proveniet
3536 5328 3598 5384 in
3631 5330 3824 5402 primo

2172 5415 2244 5471 ab
2275 5419 2340 5472 A.
2376 5419 2632 5474 secundo
2665 5417 2727 5473 B.
2762 5420 2822 5474 in
2850 5418 3020 5475 tertio
3050 5419 3114 5478 E.
3147 5419 3208 5476 in
3239 5419 3446 5493 quinto
3479 5424 3529 5488 ξπ.
3566 5421 3824 5493 quadra-

2171 5597 2320 5660 tum,
2354 5595 2414 5650 in
2442 5600 2601 5652 sexto
2633 5613 2683 5652 e.
2718 5596 2778 5651 in
2809 5597 3056 5670 septimo
3085 5600 3134 5665 ti.
3171 5599 3312 5655 Item
3345 5602 3468 5656 tota
3504 5598 3831 5672 epiphania

2169 5685 2235 5741 in
2254 5689 2506 5758 quatuor
2519 5685 2775 5744 resoluta
2792 5687 2850 5746 in
2865 5687 3102 5746 sinistro
3116 5689 3386 5746 secundae
3407 5689 3592 5763 partis
3603 5695 3829 5765 puncto
