3946 6374
138 1081 292 1156 abg.
315 1086 610 1160 tripertita
631 1011 785 1154 dat'fil
809 1100 880 1157 ab
924 1120 972 1160 c.
1008 1107 1288 1181 bipartita

941 1196 1109 1253 Finis.

608 1340 680 1380 DE
718 1342 989 1389 MENSURA
1022 1353 1416 1403 MONOCHORDI.
1461 1418 1466 1423 ι

103 2338 213 2394 que
243 2326 305 2382 E.
332 2344 505 2403 pone,
528 2333 752 2420 scilicet
774 2344 841 2397 ut
861 2342 922 2397 E.
960 2346 1018 2400 Z.
1057 2326 1755 2436 sesquioctavaﬁpropo—r-

98 2409 274 2482 tione,
311 2415 372 2472 id
404 2423 513 2490 est,
545 2417 681 2481 tono
714 2427 907 2486 distet.
945 2409 1484 2518 Rursus‘E.Zi.vpewr
1504 2409 1752 2510 (li-etordi-

96 2499 246 2568 vide,
270 2506 330 2560 et
350 2509 611 2568 octavam
635 2515 916 2586 adjiciens
942 2521 1009 2578 D.
1034 2525 1283 2599 signato,
1308 2499 1751 2613 secundumque

96 2591 426 2613 ‘_____L_,
489 2600 499 2613 ,
598 2600 636 2613 ἢ
717 2607 725 2613 ,
910 2610 919 2613 _
992 2612 997 2613 ,

93 2591 300 2647 tonum
330 2593 563 2654 habeto.
595 2600 804 2661 Postea
832 2591 1145 2679 pristinam
1177 2591 1744 2700 quartam'partelm',

95 2676 147 2732 id
178 2683 294 2751 est,
328 2682 390 2737 F.
415 2685 472 2740 Ζ.
501 2703 606 2759 per
634 2691 749 2748 tria
777 2676 988 2768 divide,
1023 2707 1081 2758 et
1109 2676 1221 2763 tria
1241 2676 1750 2786 eidem—

94 2781 201 2837 que
231 2769 293 2824 C.
335 2787 524 2875 .pone,‘
538 2777 900 2875 .eritque_C.
931 2789 989 2844 Ζ.
1025 2791 1116 2847 ab.
1166 2795 1227 2851 F.
1259 2799 1317 2854 Ζ.
1373 2769 1745 2875 sesquitertia

5 2855 10 2866 '
91 2858 464 2928 proportione
491 2863 722 2924 distans
741 2871 828 2926 vel
869 2875 1121 2948 epitrita,
1159 2882 1214 2939 id
1240 2890 1346 2956 est,
1379 2855 1740 2953 diatessaron

95 2949 493 3016 consonantia,
527 2968 560 3007 a
589 2954 655 3009 D.
687 2957 744 3012 Ζ.
778 2975 910 3018 vero
941 2968 1270 3029 semitonio.
1322 2976 1404 3032 En
1444 2979 1624 3039 habes
1655 2988 1738 3043 te-

6 3599 10 3616 ι
77 3560 212 3619 nire.
248 3562 460 3622 Itidem
490 3571 555 3625 A.
590 3576 744 3644 quod
777 3560 913 3635 ton'o
936 3560 1118 3642 distat
1147 3605 1181 3644 a
1209 3560 1270 3646 Β.
1297 3560 1548 3668 sive—per
1569 3560 1724 3658 octa-

75 3665 222 3720 vam,
266 3655 739 3727 sesquioctavum
761 3664 895 3739 ipsi,
921 3671 1040 3728 sive
1057 3690 1162 3746 per
1181 3680 1414 3738 tertiam
1435 3689 1500 3740 D.
1521 3688 1579 3742 Z.
1608 3706 1727 3746 ses-

5 3755 11 3780 ι
76 3738 438 3840 quitertium,
463 3761 566 3803 seu
594 3765 699 3821 per
727 3738 1078 3816 mediamE:
1091 3765 1148 3820 Ζ.
1173 3738 1635 3840 sesquialterum
1644 3738 1724 3835 ei-

77 3826 204 3885 dem
228 3827 426 3916 facito.
464 3835 779 3897 Confestim
819 3846 882 3902 G.
918 3852 1072 3919 quod
1095 3826 1626 3920 semitdnioﬂdistat
1648 3826 1725 3924 ab

74 3916 131 3969 A.
163 3933 272 3988 per
297 3913 538 3979 tertiam
568 3933 795 3998 partem
827 3933 880 3989 ei
910 3913 1181 4011 praepono
1210 3947 1269 4004 Ο.
1301 3913 1726 4024 Lees—quite;

74 4003 211 4061 tium
229 4006 318 4062 illi
345 4009 554 4083 facere,
578 4015 776 4090 ibique
798 4003 1124 4086 secundum
1148 4003 1727 4100 tetrachordﬂujm-die-

72 4107 451 4168 zeugmenon,
482 4100 620 4159 item
653 4109 811 4177 tono,
835 4115 994 4183 tono,
1022 4134 1088 4174 ac
1118 4123 1422 4182 semitonis
1447 4134 1726 4190 constans

6 4193 11 4202 '
71 4185 338 4241 convenit
363 4187 532 4246 ﬁnire
567 4207 579 4245 :
607 4193 808 4268 sicque
839 4205 1046 4262 tonum
1080 4225 1271 4282 usque
1293 4215 1365 4269 ad
1397 4221 1722 4277 secundum

72 4269 125 4325 F.
156 4272 217 4328 in
270 4276 464 4344 medio
498 4285 875 4344 monochordi
916 4295 1172 4364 positum
1236 4301 1494 4362 invenies
1534 4322 1720 4367 rema-

70 4372 218 4416 nere.
243 4361 364 4419 Hoc
396 4365 456 4420 in
479 4365 605 4426 loco
626 4361 1067 4439 tetrachordum
1100 4403 1522 4458 synemmenon
1545 4397 1722 4455 debes

70 4443 379 4519 innectere,
411 4456 582 4526 cujus
627 4464 973 4525 acutissima
1031 4472 1250 4532 chorda
1291 4484 1626 4553 supradicto
1655 4487 1717 4542 B.

74 4548 330 4594 connexa
358 4545 476 4610 est;
509 4551 768 4607 secunda
797 4556 1074 4626 praedicto
1099 4563 1164 4617 A.
1210 4545 1502 4641 tertiaque
1551 4573 1622 4628 ab
1651 4576 1718 4630 A.

68 4625 214 4695 tono,
245 4629 305 4682 et
334 4645 370 4684 a
402 4636 658 4693 secundo
689 4640 754 4696 F.
787 4625 1096 4705 semitonio
1127 4652 1346 4712 distare
1377 4657 1568 4728 debet,
1600 4663 1720 4720 sive
1749 4686 1797 4750 Β

68 4727 161 4750 ποι-
189 4718 452 4750 ηηιουοννι
487 4722 512 4750 Α
569 4725 605 4750 η
660 4731 882 4750 ---μίγεκ
939 4737 948 4750 .
1154 4739 1233 4750 ....
1265 4744 1286 4750 -
1358 4745 1370 4750 -

67 4727 161 4782 per
189 4718 454 4775 octavam
475 4722 542 4777 A.
565 4725 624 4779 Z.
659 4731 1126 4802 sesquioctavam
1153 4739 1236 4796 illi
1258 4744 1461 4817 facias,
1496 4765 1598 4806 seu
1618 4764 1722 4824 per

67 4803 302 4824 ..-ΔΞ-μ
341 4806 385 4824 7‘
445 4809 481 4824 n
543 4811 556 4824 ‘
687 4817 696 4824 '
743 4817 779 4824 ’⁸

1427 4803 1461 4817 ν,
1507 4803 1712 4824 ---τη

5 4803 11 4816 ‘
65 4803 310 4874 mediam
340 4806 407 4876 Ι).
441 4809 501 4864 Ζ.
541 4811 881 4878 hemioliam
933 4840 1000 4881 ac
1044 4830 1494 4901 sesquialteram
1525 4839 1713 4897 eidem

64 4890 286 4948 reddas.
311 4895 434 4961 Quo
461 4907 698 4970 peracto
729 4909 922 4975 ethoc
944 4890 1386 4978 tetrach‘ordum
1411 4890 1714 4994 tono,t‘o‘n-o

64 4990 120 5030 ac
145 4980 461 5053 semitonio
487 5003 673 5062 usque
696 4996 766 5050 ad
798 5002 1122 5060 secundum
1147 5006 1206 5060 F.
1237 5011 1560 5083 perspicies
1587 5032 1718 5073 con-

61 5070 317 5127 stare.En
341 5073 626 5149 diapason
665 5091 1109 5149 consonantiam
1141 5111 1175 5151 a
1223 5097 1405 5169 priori
1438 5102 1499 5157 F.
1530 5122 1717 5178 usque

60 5161 379 5230 secundum
404 5164 463 5220 in
497 5168 679 5242 dupla
709 5180 1084 5249 proportione
1117 5190 1487 5246 constantem
1524 5193 1717 5250 ﬁnivi-

60 5259 201 5303 mus.
238 5248 386 5307 Huic
418 5252 580 5313 aliud
606 5248 890 5336 diapason
923 5286 1116 5342 usque
1163 5273 1224 5332 in
1255 5277 1494 5335 tertium
1527 5282 1587 5337 F.
1619 5248 1718 5339 ea-

60 5331 180 5391 dem
213 5354 248 5394 a
278 5345 537 5412 secundo
565 5348 625 5405 F.
654 5331 1037 5414 mensurandi
1066 5362 1312 5433 ratione,
1337 5367 1539 5424 eadem
1570 5370 1720 5428 litte-

505 5409 510 5412 ν
728 5407 1037 5414 -.ηπ-Μ---
1066 5407 1078 5414 .
1097 5407 1312 5433 ...-.,...,,
1337 5407 1539 5424 ww...
1570 5407 1718 5428 ..νισ-

6 5407 12 5418 ’
59 5435 243 5483 rarum
276 5431 560 5491 redeunte
581 5440 892 5518 positione,
911 5448 1117 5504 eodem
1149 5455 1426 5511 tonorum
1456 5473 1521 5513 ac
1544 5463 1718 5517 semi-

6 5555 10 5584 ξ
61 5511 340 5575 toniorum
371 5522 577 5608 ordine
609 5529 789 5588 debes
820 5511 1190 5612 subjungere
1220 5541 1282 5597 E.
1334 5544 1383 5600 si

63 5599 122 5652 ab
153 5602 209 5658 F.
241 5609 382 5665 tano
425 5603 626 5684 distat,
690 5620 777 5675 vel
812 5599 950 5695 per“
975 5599 1241 5685 octavam
1274 5599 1353 5685 Ε.
1376 5599 1723 5709 Z.radj1£2cta

64 5702 221 5766 nona,
265 5696 355 5754 vel
388 5715 493 5771 per
521 5705 753 5764 tertiam
784 5713 850 5767 A.
881 5713 940 5769 Ζ.
972 5715 1196 5786 adjecta
1226 5725 1452 5794 quarta,
1483 5696 1586 5781 vel
1619 5696 1721 5801 per

1886 1492 2010 1550 αα.
2035 1496 2094 1551 in
2126 1497 2335 1570 quarta
2365 1509 2546 1567 totius
2562 1518 2725 1584 parte
2743 1523 3123 1581 monochordi
3154 1532 3410 1600 positum
3439 1555 3533 1592 oc-

1883 1583 2084 1652 currit,
2109 1592 2378 1658 quamvis
2400 1600 2457 1651 et
2488 1583 2656 1657 aliter
2676 1601 3041 1668 multimodis
3063 1615 3305 1675 inveniri
3323 1625 3527 1694 possit.

1889 1669 1912 1694 Α
1965 1685 2094 1694 __-__
2289 1679 2306 1694 .
2336 1680 2367 1694 ..
2498 1689 2506 1694 .
2669 1691 2707 1694 --

1755 1702 1768 1727 ,
1877 1669 1944 1724 Α.
1965 1685 2120 1742 vero,
2153 1679 2308 1747 quod
2331 1680 2469 1739 item
2491 1689 2626 1744 tono
2653 1691 2847 1750 differt
2875 1714 2910 1752 a
2931 1698 2996 1755 B.
3019 1669 3527 1776 versa—355;};

1709 3469 1724 3495 ,
1837 3439 2128 3508 constant,
2161 3440 2220 3496 in
2251 3443 2481 3501 duobus
2511 3449 2667 3506 tonis
2691 3456 2749 3508 et
2779 3439 3087 3516 semitonio
3118 3465 3348 3535 epitrito
3380 3486 3483 3524 seu

1702 3547 1727 3556 -
1837 3525 2212 3596 sesquitertio
2244 3531 2463 3589 distant
2493 3535 2818 3608 intervallo,
2851 3545 3046 3602 minor
3089 3525 3308 3609 chorda
3364 3560 3482 3612 tres

1835 3617 2049 3682 partes,
2081 3618 2270 3688 major
2297 3625 2547 3692 quatuor
2571 3624 2766 3683 habet.
2801 3631 3166 3707 Quicumque
3197 3641 3325 3694 soni
3355 3643 3479 3698 dia-

1835 3704 2006 3770 pente
2038 3706 2406 3777 symphonia,
2442 3710 2499 3765 id
2526 3715 2632 3781 est,
2666 3714 2856 3774 tribus
2887 3722 3042 3778 tonis
3068 3704 3129 3779 et
3171 3728 3478 3786 semitonio

1835 3791 2207 3860 concordant,
2238 3794 2513 3855 hemiolia
2537 3816 2637 3856 seu
2668 3806 2938 3878 sescupla
2962 3810 3082 3866 sive
3099 3815 3484 3886 sesquialiera

1834 3877 2207 3946 proportione
2236 3881 2534 3955 differunt,
2569 3891 2763 3948 minor
2790 3877 3008 3968 quippe
3058 3877 3275 3958 chorda
3334 3906 3482 3963 duas

1833 3968 2050 4035 partes,
2064 3968 2489 4038 majorobtinet
2509 3979 2646 4034 tres.
2663 3981 3028 4056 Quicumque
3042 3990 3172 4045 soni
3198 3991 3483 4064 diapason

1833 4053 2184 4124 symphonia
2214 4067 2560 4132 consonant,
2585 4065 2642 4121 id
2665 4072 2772 4137 est,
2808 4053 3068 4146 quinque
3089 4078 3242 4134 tonis
3264 4053 3319 4136 et
3344 4083 3488 4136 duo-

1832 4141 1944 4196 bus
1976 4144 2326 4214 semitOniis,
2359 4149 2581 4207 distant
2610 4154 2881 4226 diplasio,
2915 4141 3093 4220 idest
3138 4167 3315 4239 duplo
3347 4186 3484 4225 con-

1833 4231 2010 4300 stant,
2035 4233 2228 4289 minor
2252 4235 2318 4290 H.
2347 4236 2568 4294 chorda
2597 4242 2895 4314 duplicata
2920 4253 3204 4322 majorem
3221 4231 3481 4313 -creat.ln

1831 4316 1942 4373 hac
1971 4318 2037 4374 H.
2071 4321 2354 4394 diapason
2387 4329 2736 4400 symphonia
2767 4339 2989 4406 septem
3013 4316 3326 4399 vvariarum
3363 4346 3483 4402 dis-

1831 4406 2081 4464 crimina
2130 4415 2399 4468 constant
2450 4433 2681 4474 vocum.
2744 4421 2959 4504 Octava
3013 4430 3217 4486 eadem
3273 4439 3486 4504 quaeet

1831 4494 2021 4565 prima
2051 4502 2140 4552 est
2172 4517 2185 4553 :
2219 4492 2346 4556 ideo
2373 4505 2549 4559 etiam
2583 4509 2855 4579 superius
2889 4502 3230 4574 mensuram
3273 4537 3482 4577 mono-

1830 4581 2033 4638 chordi
2065 4588 2322 4657 septenis
2355 4594 2583 4648 tantum
2614 4593 2825 4653 litteris
2856 4599 2916 4656 in
2948 4601 3239 4660 diatonico
3268 4623 3481 4678 genere

1829 4671 2205 4744 designantes
2235 4679 2718 4739 notavimus.Sed
2751 4685 2810 4740 in
2844 4688 3268 4750 chromaticum
3291 4710 3480 4766 genus

1829 4764 1887 4815 et
1911 4763 2352 4820 enarmonicum
2385 4767 2561 4823 etiam
2593 4777 2921 4832 mensurari
2963 4779 3235 4849 volueris,
3269 4783 3328 4838 in
3361 4801 3478 4841 uno

1824 4850 2191 4906 tetrachordo
2219 4852 2494 4910 diatonici
2515 4860 2746 4928 generis
2770 4867 3122 4934 generaliter
3145 4871 3362 4942 poteris
3386 4874 3482 4928 do-

1825 4937 1959 4994 ceri.
1991 4940 2075 4994 Ad
2109 4941 2468 4998 metiendum
2491 4945 2705 5018 quippe
2734 4949 3160 5011 chromaticum
3184 4975 3352 5016 sume
3374 4961 3480 5016 mi-

1825 5025 2054 5082 nimum
2086 5032 2144 5083 et
2167 5030 2576 5088 acutissimum
2601 5034 2660 5090 in
2683 5037 2944 5108 quolibet
2971 5045 3340 5103 tetrachordo
3362 5049 3482 5104 dia—

1826 5114 2010 5169 tonici
2041 5118 2274 5188 generis
2307 5122 2533 5190 tonum,
2563 5124 2618 5178 et
2646 5140 2780 5181 eum
2802 5125 2862 5181 in
2894 5128 3009 5184 duo
3030 5131 3243 5202 divide,
3278 5135 3480 5207 sicque

1825 5201 2110 5259 circinum
2141 5203 2201 5259 in
2234 5212 2577 5278 sequentem
2611 5216 2816 5270 tonum
2849 5218 3133 5289 majorem
3163 5225 3342 5290 verte,
3365 5224 3480 5280 sic-

1826 5307 1940 5362 que
1978 5292 2090 5347 tria
2121 5294 2454 5364 semitonia,
2489 5298 2641 5356 facto
2673 5302 2863 5376 signo,
2899 5306 3079 5364 simul
3124 5311 3478 5383 complecte-

1827 5396 1906 5447 re,
1942 5383 2000 5435 et
2029 5381 2144 5437 duo
2171 5382 2398 5455 reliqua
2436 5387 2749 5447 semitonia
2779 5410 2847 5450 ex
2901 5397 3267 5456 tetrachordo
3308 5400 3477 5458 lineis

1828 5468 2141 5542 distingue.

1897 5559 1982 5613 Ad
2007 5559 2368 5616 metiendum
2383 5578 2515 5620 vero
2536 5572 2977 5629 enarmonicum
3002 5576 3150 5631 duos
3171 5576 3477 5632 continuos

1828 5642 2105 5703 diatonici
2134 5651 2364 5722 generis
2393 5654 2560 5710 tonos
2579 5657 2977 5730 complectere,
3001 5667 3058 5718 et
3079 5680 3330 5734 sequens
3352 5668 3476 5720 tan-

1829 5737 1954 5791 tum
1979 5737 2360 5796 semitonium
2379 5739 2440 5798 in
2462 5743 2579 5801 duo
2594 5749 2935 5818 aequa,facta
2954 5751 3128 5819 linea,
3152 5750 3469 5824 distingue,
