3946 6430
401 455 509 519 691

1096 406 1098 409 ’
1141 453 1327 517 snas.
1373 452 1450 516 x1
1495 454 1724 517 AUCT.
1772 451 2087 516 INGERTI
2129 450 2318 514 ΑΝΝῙ
2363 450 2464 514 ET
2509 450 2811 514 sempr.
2859 454 3083 507 mm.

3683 446 3805 510 692

399 597 461 650 et
491 593 576 648 sic
606 591 666 645 in
714 590 989 645 omnibus
1046 589 1431 645 tetrachordis
1478 587 1753 643 diatonici
1807 589 2039 660 generis
2069 605 2125 671 Α
2154 587 2394 659 quintus
2425 584 2484 639 in
2518 603 2567 639 a.
2602 584 2897 656 superius,
2931 587 3128 640 sextus
3158 583 3218 639 in
3251 583 3306 638 d-.
3342 581 3629 654 septimus
3651 582 3717 638 in
3743 600 3799 639 a.

403 683 520 736 duo
551 680 674 736 haec
703 695 916 751 genera
946 677 1171 733 metire.

721 784 857 822 ITEM
894 783 965 821 AD
1006 783 1448 821 MONOCHORDUM
1489 783 1726 820 REGULA.

473 855 777 928 Organalis
801 870 1078 910 mensura
1108 855 1216 910 hoc
1242 854 1436 926 exigit,
1472 853 1705 908 utinfra
1727 853 1931 908 ﬁnales
1963 857 2047 907 to-

402 963 514 1001 nus
533 945 816 1016 sit,supra
828 943 1149 1010 ditonus,id
1165 947 1253 998 est
1265 944 1335 998 ad
1355 943 1690 1012 A.inG.quzr
1706 943 2047 1012 hujusmodi

401 1033 749 1105 disponitur.
785 1031 1042 1087 Inscribo
1067 1034 1130 1085 A.
1157 1031 1215 1085 in
1252 1047 1603 1102 quocunque
1634 1031 1758 1085 loco
1792 1030 2044 1093 voluero,

402 1121 461 1176 in
494 1121 684 1176 fronte
711 1121 799 1176 vel
830 1121 890 1174 in
921 1119 1113 1175 medio
1147 1120 1546 1185 monochordi,
1583 1120 1684 1174 sed
1735 1117 1947 1188 melius
1986 1117 2044 1171 in

401 1210 714 1266 medietate
743 1207 1006 1281 gravium
1037 1213 1094 1262 et
1122 1212 1446 1273 acutarum,
1471 1211 1527 1262 et
1548 1208 1618 1262 ab
1652 1207 1853 1261 eadem
1879 1207 1944 1259 A.
1969 1206 2048 1259 fa-

401 1297 490 1353 cio
512 1301 763 1368 quatuor
785 1313 995 1368 passus
1023 1297 1093 1350 ad
1117 1297 1410 1350 dexteram
1438 1296 1498 1349 in
1523 1295 1718 1361 ﬁnem,
1743 1297 1797 1348 et
1818 1294 2045 1364 primus

399 1401 612 1456 passus
647 1382 984 1439 terminabit
1025 1382 1084 1437 in
1116 1384 1182 1438 D.
1215 1383 1422 1453 reliqui
1455 1387 1676 1437 vacant.
1724 1383 1940 1436 Iterum
1973 1382 2043 1435 ab

399 1474 604 1528 eodem
633 1473 692 1526 A.
720 1472 960 1527 intendo
977 1473 1047 1526 ad
1081 1471 1255 1525 ﬁnem
1277 1475 1395 1526 tres
1412 1486 1901 1541 passus,quorum
1925 1469 2042 1541 pri-

397 1577 531 1616 mus
560 1560 900 1616 terminabit
930 1561 988 1613 in
1021 1561 1082 1614 E.
1107 1558 1318 1630 reliqui
1350 1562 1573 1614 vacant.
1602 1557 1852 1613 Remitto
1875 1575 1908 1610 a
1931 1559 2043 1612 ﬁne

398 1650 459 1704 in
489 1649 755 1705 eamdem
777 1650 840 1703 E.
869 1653 988 1703 tres
1018 1664 1252 1719 passus,
1285 1653 1561 1717 quartum
1612 1647 1670 1700 in
1704 1648 1764 1701 B.
1801 1647 2040 1700 intendo

397 1737 469 1793 ab
496 1737 697 1793 eadem
719 1741 781 1790 Β.
806 1736 865 1790 in
898 1737 1073 1790 ﬁnem
1098 1739 1217 1790 tres
1237 1751 1468 1806 passus,
1503 1740 1560 1789 et
1581 1735 1806 1805 primus
1830 1735 1959 1788 linit
1982 1735 2038 1787 in

398 1825 460 1881 F.
492 1824 702 1896 reliqui
729 1827 957 1879 vacant.
1013 1808 1264 1877 Remitto
1296 1840 1329 1877 a
1360 1824 1473 1877 ﬁne
1520 1823 1578 1876 in
1637 1823 1791 1877 idem
1827 1824 1885 1876 F.
1922 1827 2040 1876 tres

400 1929 636 1984 passus,
667 1917 942 1983 quartum
974 1913 1030 1965 in
1083 1912 1143 1966 C.
1177 1911 1418 1965 Intendo
1451 1929 1484 1966 a
1512 1913 1571 1966 C.
1605 1911 1663 1964 in
1706 1911 1882 1965 ﬁnem
1922 1915 2040 1964 tres

399 2016 634 2073 passus,
661 2003 718 2055 et
746 2000 971 2071 primus
1002 1999 1132 2054 ﬁnit
1160 1999 1219 2052 in
1253 1999 1313 2053 C.
1348 1999 1589 2054 Intendo
1623 2016 1656 2052 a
1688 2003 1748 2052 D.
1776 1998 1833 2051 in
1867 2000 2042 2052 ﬁnem

399 2091 650 2160 quatuor
677 2104 909 2159 passus,
942 2091 998 2142 et
1026 2087 1252 2158 primus
1277 2086 1616 2141 terminabit
1642 2086 1699 2139 in
1729 2086 1787 2140 S.
1813 2101 2043 2157 synem-

401 2192 638 2242 menon,
669 2179 725 2232 et
754 2175 919 2232 ﬁnita
951 2179 1039 2229 est
1070 2192 1366 2230 mensura.

929 2281 1200 2319 MBNSURA
1238 2279 1527 2319 GUIDONIS.

577 2354 660 2406 Ex
692 2352 819 2407 Cod.
866 2352 1411 2408 Benedzcto-Bura-no
1457 2369 1579 2406 save.
1615 2369 1713 2406 x11.
1751 2351 1864 2421 (l):

465 2439 612 2495 Cum
641 2441 899 2511 primum
921 2458 956 2496 a
986 2441 1052 2495 G.
1087 2442 1158 2495 ad
1183 2441 1358 2495 ﬁnem
1393 2456 1599 2494 novem
1632 2439 1902 2510 passibus
1926 2457 2043 2495 mo-

395 2527 758 2585 nochordum
781 2529 1036 2599 partiris|
1068 2530 1296 2598 primus
1319 2545 1529 2598 passus
1554 2527 1962 2584 terminabitur
1983 2529 2041 2582 in

393 2618 457 2674 A.
494 2616 789 2672 secundus
819 2621 1007 2684 vacat,
1066 2616 1274 2671 tertius
1313 2615 1373 2668 in
1407 2616 1477 2671 D.
1538 2621 1784 2687 quartus
1828 2621 1993 2673 vacat
2024 2634 2037 2671 :

468 2722 544 2792 (1)
575 2722 709 2778 Vid.
738 2723 864 2778 Pez.
897 2726 940 2776 t.
970 2721 1036 2775 V.
1062 2722 1301 2787 Anecd.,
1336 2738 1397 2792 p.
1416 2723 1541 2776 225.

399 2845 2312 2874 Μ

2161 674 2370 746 reliqui
2405 678 2630 729 vacant.

2233 765 2374 819 ltem
2406 781 2537 817 cum
2571 763 2642 816 ab
2671 764 2736 815 A.
2771 763 2840 816 ad
2875 764 3050 817 ﬁnem
3083 761 3362 817 novennis
3393 760 3650 833 partiris,
3682 761 3803 833 pri-

2158 869 2292 907 mus
2326 869 2534 922 parsus
2564 850 2976 905 torminabitur
2998 851 3057 905 in
3089 851 3150 905 B.
3177 851 3471 906 secundus
3493 855 3675 912 vacat,
3699 855 3806 905 ter-

2158 941 2276 994 tius
2335 941 2391 993 in
2426 941 2486 993 E.
2521 944 2768 1010 quartus
2809 943 2992 993 vacat.
3025 940 3273 1003 Quintus
3323 938 3381 992 in
3434 938 3722 1008 quadrum
3750 944 3800 1005 ξ.

2157 1028 2367 1081 Sextus
2399 1028 2456 1081 in
2489 1043 2538 1080 e.
2574 1027 2860 1098 septimus
2892 1027 2950 1080 in
2970 1032 3018 1094 ἢ.
3065 1025 3273 1097 reliqui
3304 1029 3528 1080 vacant.

2227 1115 2386 1170 Tunc
2420 1133 2453 1170 a
2481 1118 2546 1170 G.
2577 1116 2647 1169 ad
2683 1116 2856 1169 ﬁnem
2879 1115 3180 1186 quaternis
3211 1114 3458 1182 dividas,
3493 1117 3550 1168 et
3577 1114 3802 1186 primus

2155 1204 2570 1258 terminabitur
2627 1203 2685 1257 in
2739 1204 2799 1258 C.
2835 1204 3131 1258 secundus
3183 1204 3242 1257 in
3273 1206 3339 1256 G.
3371 1202 3579 1257 tertius
3634 1203 3692 1258 in
3742 1221 3796 1276 g.

2155 1297 2401 1362 quartus
2432 1291 2583 1346 ﬁnit.
3799 1297 3802 1299 ‘

2225 1379 2502 1434 Similiter
2535 1396 2568 1434 a
2623 1379 2684 1434 C.
2717 1383 3147 1453 quaternorum'
3190 1395 3433 1450 passum
3490 1382 3546 1434 et
3602 1379 3800 1447 ﬁnem,
3896 1428 3905 1441 ,

2153 1468 2381 1538 primus
2413 1467 2822 1523 terminabitur
2850 1467 2910 1521 in
2933 1468 2991 1522 F.
3017 1467 3309 1522 secundus
3340 1467 3399 1521 in
3421 1458 3469 1522 c.
3506 1467 3710 1522 tertius
3741 1469 3805 1522 in

2152 1572 2201 1610 e.
2237 1560 2482 1626 quartus
2511 1555 2657 1609 ﬁnit.

2221 1645 2305 1698 Ab
2339 1645 2398 1698 F.
2432 1648 2629 1698 autem
2689 1649 3106 1714 quaternorum
3160 1660 3454 1715 passuum,
3500 1644 3570 1699 ad
3603 1645 3801 1712 ﬁnem,

2152 1732 2378 1802 primus
2409 1732 2824 1787 terminabitur
2856 1733 2914 1785 in
2946 1733 3002 1786 b.
3037 1733 3379 1798 rotundum,
3408 1733 3702 1788 secundus
3743 1734 3803 1788 in

2151 1821 2423 1890 superius
2456 1820 2495 1874 f.
2527 1820 2736 1891 reliqui
2762 1825 2991 1875 vacant.

2221 1909 2285 1962 A.
2321 1909 2378 1963 b.
2423 1910 2672 1963 rotundo
2703 1910 2775 1963 ad
2806 1910 2982 1964 ﬁnem
3015 1909 3266 1964 duorum
3317 1926 3601 1980 passuum
3645 1910 3807 1982 prior

2154 1997 2566 2052 terminabitur
2595 1997 2654 2052 in
2687 1995 2972 2052 excellens
3003 1999 3317 2052 rotundum
3352 1999 3407 2054 b.
3442 2001 3503 2052 A.
3538 1999 3593 2052 d.
3629 2016 3804 2072 supe-

2156 2085 2290 2140 riori
2321 2085 2379 2139 in
2413 2086 2586 2139 ﬁnem
2621 2087 2870 2140 duorum
2904 2102 3185 2156 passuum
3225 2085 3384 2157 prior
3433 2086 3718 2144 excellens
3747 2105 3802 2142 a.

2155 2172 2262 2228 vel.
2298 2175 2354 2228 b.

2225 2263 2388 2316 Tunc
2419 2263 2654 2316 demum
2690 2262 2778 2318 fac
2809 2279 2841 2316 a
2873 2262 2988 2318 ﬁne
3021 2279 3203 2317 unum
3236 2279 3478 2334 passum
3509 2263 3569 2319 in
3603 2268 3805 2322 rotun-

2154 2350 2294 2404 dum
2331 2351 2602 2422 superius
2633 2352 2689 2405 b.
2725 2351 3057 2407 Secundum
3091 2368 3334 2422 passum
3366 2355 3518 2408 retro
3545 2352 3601 2407 in
3631 2370 3806 2426 grave

2154 2438 2218 2492 T.
2253 2455 2693 2509 synemmenon,
2753 2440 2907 2509 quod
2973 2439 3451 2510 subjungendum
3511 2445 3599 2497 est
3655 2442 3808 2497 inter

2152 2542 2329 2596 grave
2361 2533 2427 2580 A.
2465 2531 2521 2581 et
2549 2543 2721 2598 grave
2748 2527 2809 2581 Β.
2838 2531 2894 2581 et
2927 2527 3092 2581 ﬁnita
3122 2532 3229 2582 est.

2322 2834 3812 2863 —————-——L———————————.—_—.—_—__—___

1086 2926 1713 3073 0mm
1785 2960 3202 3073 .BATISBONENSIS

1545 3153 1899 3214 MONACHI
1942 3155 2242 3216 IETATIS
2287 3154 2651 3214 lNCERT/E

953 3284 1551 3380 MENSURA
1630 3285 2670 3394 QUADRIPARTITZE
2751 3285 3251 3382 FIGURIE

1462 3463 1571 3525 Ea:
1607 3462 1735 3523 cod.
1764 3462 2365 3526 Benedicto-Barcino
2404 3482 2536 3525 sm.
2569 3481 2681 3525 x11.

467 3703 1172 3770 QuidamRatisbonensis
1189 3703 1513 3757 monachus
1538 3702 1771 3757 nomine
1791 3702 2041 3758 Otkerus
2073 3704 2114 3771 ί]
2153 3705 2337 3757 tinam
2371 3705 2591 3774 partem
2622 3703 2837 3773 deputa
2896 3707 3139 3759 Deutero
3197 3707 3254 3759 et
3307 3705 3432 3774 ejus
3481 3706 3806 3779 subjugali,

399 3793 694 3848 adinvenit
725 3793 876 3848 hanc
909 3807 1248 3849 mensuram
1283 3791 1794 3862 quadripartitam,
1830 3796 1888 3846 et
1937 3808 2044 3845 no-

398 3881 639 3937 minavit
669 3896 798 3936 eam
832 3880 1118 3936 Theorema
1150 3876 1448 3949 lropOrum,
1481 3880 1635 3948 quod
1689 3880 1878 3934 dicere
1911 3896 2043 3951 pos-

399 3985 607 4025 sumus
635 3969 877 4024 cribrum
901 3968 1258 4023 Monochordz‘.
1290 3968 1432 4022 Nam
1463 3967 1518 4022 in
1552 3986 1619 4024 ea
1638 3967 1797 4024 vides
1827 3973 2040 4039 aperte,

398 4059 690 4130 quomodo
719 4056 1072 4112 conveniunt
1099 4072 1301 4112 omnes
1333 4072 1536 4128 graves
1567 4062 1623 4112 et
1653 4073 1856 4111 omnes
1900 4057 2040 4111 ﬁna-

395 4144 501 4215 les,
535 4149 590 4202 et
620 4161 824 4203 omnes
855 4144 1205 4216 superiores,
1238 4162 1304 4200 ac
1335 4161 1538 4200 omnes
1569 4145 1914 4200 excellentes
1941 4162 1951 4198 :
1987 4149 2043 4199 et

397 4234 573 4290 simul
598 4225 764 4289 vides
797 4249 996 4289 omnes
1049 4233 1270 4305 species
1309 4235 1672 4289 diatessaron
1727 4237 1785 4288 et
1837 4250 2040 4289 omnes

397 4323 621 4394 species
651 4322 944 4394 diapente,
975 4325 1032 4377 et
1062 4339 1342 4392 quorsum
1376 4340 1584 4382 cursus
1631 4322 1706 4377 sit
1754 4323 2039 4394 cujusque

393 4410 518 4466 toni
550 4427 755 4466 susum
785 4409 870 4466 vel
896 4411 1122 4481 jusum.
1158 4411 1342 4474 Quam
1376 4427 1713 4466 mensuram
1749 4412 1831 4466 sic
1861 4412 2037 4467 debes

393 4499 720 4571 disponere.

460 4589 676 4644 Partito
702 4604 885 4642 unum
913 4587 1068 4643 latus
1101 4588 1478 4644 monochordi
1512 4587 1570 4641 in
1622 4592 1875 4658 quatuor
1906 4606 2035 4659 par-

386 4679 495 4743 tes,
530 4677 726 4749 spacio
751 4693 928 4749 supra
948 4676 1036 4732 vel
1078 4676 1229 4732 infra
1252 4677 1324 4731 ad
1347 4675 1500 4731 latus
1535 4677 1710 4731 unius
1729 4675 1927 4740 culmi,
1954 4693 2036 4731 re-

384 4763 541 4833 licto,
574 4765 634 4819 in
667 4782 780 4836 quo
811 4765 1093 4835 utrinque
1123 4763 1345 4819 litteras
1368 4781 1655 4819 mensurae
1679 4763 1868 4834 possis
1892 4766 2032 4819 scri-

387 4853 541 4906 bere.
565 4853 636 4907 Et
664 4854 744 4908 ita
773 4871 888 4908 uno
909 4853 1086 4908 latere
1110 4852 1530 4923 quadrifariam
1554 4850 1738 4905 diviso
1756 4868 2034 4908 mensura

384 4937 540 4994 latus
571 4939 907 5006 Guidonice,
941 4945 998 4994 et
1053 4941 1285 5012 punctis
1313 4939 1372 4992 in
1428 4955 1662 4993 summa
1718 4939 1868 4994 linea
1897 4958 2029 4996 cum

2155 3790 2262 3845 hoc
2293 3795 2382 3846 est
2407 3792 2575 3845 tertio
2597 3795 2732 3846 tono
2755 3795 2809 3846 et
2832 3796 3060 3862 quarto.
3083 3791 3381 3862 Ultimam,
3409 3793 3465 3847 id
3489 3799 3596 3864 est,
3622 3795 3809 3850 imam

2155 3883 2378 3949 partem
2438 3880 2511 3933 da
2544 3879 2721 3935 Proice
2782 3884 2837 3934 et
2889 3880 3016 3949 ejus
3075 3879 3321 3946 laterali,
3357 3882 3414 3936 id
3474 3886 3564 3938 est
3611 3882 3810 3953 primo

2152 3973 2288 4022 tono
2321 3971 2377 4021 et
2406 3969 2680 4022 secundo.
2718 3969 2972 4023 Summa
3029 3969 3199 4039 parti,
3236 3985 3360 4040 quae
3400 3973 3489 4025 est
3537 3971 3812 4026 Tetrardi

2153 4057 2227 4110 da
2255 4072 2464 4111 nomen
2499 4057 2608 4111 TE.
2647 4061 2778 4111 ante
2802 4057 3137 4128 penultimas
3161 4059 3308 4129 parti
3342 4059 3415 4113 da
3445 4075 3657 4115 nomen
3684 4061 3807 4115 TR.

2153 4144 2486 4216 penultima
2518 4145 2668 4217 parti
2700 4147 2773 4200 da
2806 4163 3018 4202 nomen
3051 4147 3163 4201 DE.
3197 4147 3415 4201 ultima
3440 4147 3590 4218 parti
3612 4148 3688 4203 da
3709 4166 3814 4204 no-

2151 4249 2285 4287 men
2317 4233 2425 4287 PR.

2221 4322 2494 4378 Mensura
2522 4322 2842 4379 Guidonice
2872 4325 3040 4393 facta,
3076 4328 3132 4378 et
3169 4325 3403 4396 punctis
3463 4341 3719 4397 superne
3752 4331 3813 4382 et

2147 4412 2300 4465 infra
2332 4427 2463 4465 cum
2492 4411 2705 4467 litteris
2736 4412 2960 4483 positis,
2986 4416 3126 4467 tunc
3152 4429 3301 4483 pone
3317 4412 3580 4484 regulam
3606 4418 3810 4470 trans-

2145 4499 2358 4554 versim
2392 4517 2424 4554 a
2456 4505 2674 4570 puncto
2708 4501 2763 4554 in
2798 4505 3079 4572 punctum
3114 4505 3169 4556 et
3200 4503 3522 4556 secundum
3541 4501 3662 4556 haec
3686 4519 3818 4557 mo-

2147 4603 2493 4658 nogramma
2513 4588 2703 4644 incide
2722 4589 3012 4661 incipiens
3035 4607 3068 4644 a
3091 4591 3150 4644 G.
3185 4595 3243 4644 et
3263 4606 3438 4661 quam
3464 4597 3690 4661 partem
3716 4592 3820 4647 de-

2145 4677 2283 4730 beas
2315 4675 2590 4744 incidere,
2624 4678 2792 4732 docet
2815 4682 2867 4733 te
2891 4678 2985 4732 hic
3008 4683 3212 4733 cantus
3245 4679 3354 4732 TE.
3391 4679 3508 4733 TR.
3542 4679 3655 4733 TE.
3683 4679 3809 4735 TR.

2145 4764 2251 4819 SY.
2288 4763 2342 4818 id
2378 4769 2486 4828 est,
2518 4781 2957 4837 syncmmenon.
2992 4767 3102 4821 TE.
3127 4766 3238 4821 DE.
3261 4766 3362 4820 SE.
3397 4765 3454 4821 id
3486 4771 3596 4832 est,
3620 4769 3810 4823 semi-

2143 4849 2392 4906 tonium.
2437 4854 2541 4909 TE.
2577 4854 2692 4908 TR.
2727 4855 2834 4909 TE.
2872 4856 2978 4909 DE.
3033 4855 3146 4909 PR.
3195 4855 3306 4909 TE.
3358 4856 3472 4909 TR.
3521 4854 3633 4910 DE.
3687 4856 3810 4912 PR.

2141 4941 2249 4994 TE.
2285 4941 2399 4996 TR.
2435 4942 2545 4996 PR.
2580 4943 2690 4996 TE.
2726 4942 2837 4996 DE.
2874 4943 2984 4997 PR.
3019 4945 3127 4998 TE.
3182 4944 3301 4998 TR.
3353 4943 3463 4998 DE.
3510 4942 3625 4999 PR.
3683 4945 3813 5000 TE.

386 5025 618 5092 litteris,
654 5031 710 5081 et
739 5030 798 5082 in
830 5027 947 5083 ima
975 5028 1130 5083 linea
1160 5029 1379 5082 eisdem
1433 5027 1666 5097 punctis
1715 5032 1771 5081 et
1822 5029 2030 5084 litteris
2064 5075 2104 5097 η
2139 5029 2253 5083 TR.
2289 5029 2398 5084 PR.
2433 5030 2540 5084 SY.
2574 5031 2682 5084 TE.
2738 5031 2848 5085 DE.
2899 5031 3011 5087 PR.
3062 5033 3166 5087 SE.
3215 5033 3327 5087 TE.
3378 5017 3490 5087 TR.
3541 5031 3654 5087 TE.
3687 5033 3808 5089 SY.

2059 5075 2106 5138 D

384 5114 618 5182 notatis,
643 5115 716 5170 da
737 5116 998 5188 singulas
1016 5120 1209 5186 partes
1228 5112 1478 5185 singulis
1502 5114 1852 5170 authenticis
1872 5117 2025 5170 tonis
2059 5112 2106 5138 υ
2138 5117 2253 5171 TR.
2290 5118 2403 5171 DE.
2440 5119 2548 5172 PR.
2584 5118 2687 5173 SE.
2721 5120 2834 5174 TR.
2889 5121 2991 5175 SE.
3025 5121 3137 5174 DE.
3187 5120 3296 5175 PR.
3355 5121 3465 5174 TE.
3516 5119 3632 5176 TR.
3689 5121 3802 5176 SE.

383 5206 439 5255 et
469 5202 592 5257 suis
623 5202 972 5277 plagalibus,
1007 5202 1228 5258 scilicet
1249 5218 1543 5256 summam
1569 5209 1791 5274 partem
1824 5205 1898 5259 da
1914 5207 2020 5260 Te-

380 5291 574 5346 trardo
605 5295 663 5346 et
691 5292 817 5362 ejus
847 5291 1057 5363 plagis,
1091 5290 1199 5344 hoc
1229 5292 1316 5344 est
1347 5291 1594 5361 septimo
1653 5295 1786 5346 tono
1818 5298 1873 5347 et
1927 5310 2021 5348 oc-

2137 5206 2246 5259 PR.
2281 5207 2389 5259 TE.
2426 5206 2537 5260 DE.
2574 5207 2681 5260 PR.
2715 5208 2824 5262 TE.
2860 5210 2972 5263 TR.
3018 5209 3131 5264 DE.
3174 5209 3286 5263 PR.
3343 5209 3451 5264 TE.
3503 5208 3623 5264 TR.
3680 5209 3798 5265 PR.

2133 5295 2234 5349 SE.
2268 5295 2381 5348 PR.
2417 5295 2533 5349 TR.
2569 5295 2679 5350 DE.
2715 5295 2825 5350 PR.
2863 5297 2976 5352 PR.
3557 5331 3566 5335 -
3723 5304 3725 5306 ’

376 5379 525 5432 tavo.
558 5380 702 5433 Ante
735 5378 1118 5449 penultimam
1152 5381 1374 5449 partem
1409 5379 1482 5432 da
1518 5378 1655 5433 trito
1688 5381 2019 5436 authentico
2131 5384 2294 5438 Tunc
2324 5381 2527 5438 metire
2558 5384 2628 5438 ab
2660 5385 2817 5456 gravi
2852 5388 2912 5439 A.
2942 5387 3087 5441 Triti
3116 5388 3187 5442 ad
3213 5387 3390 5442 finem
3421 5402 3632 5442 novem
3660 5402 3798 5460 pas-

373 5470 430 5520 et
459 5468 586 5537 ejus
613 5467 921 5540 discipulo,
954 5466 1011 5520 id
1035 5469 1142 5534 est,
1173 5465 1376 5536 quinto
1397 5470 1529 5522 tono
1551 5472 1607 5523 et
1627 5469 2021 5525 sexto.Penul-

2131 5488 2253 5536 sus,
2287 5475 2343 5526 et
2372 5471 2600 5542 primus
2629 5489 2840 5543 passus
2872 5491 2925 5546 y.
2961 5493 3016 5548 γ.
3054 5477 3130 5548 (4)

445 5617 520 5687 (1)
563 5617 780 5698 Caetera
839 5617 1075 5698 desunt,
1139 5634 1262 5689 quae
1328 5617 1524 5672 omnia
1588 5619 1921 5675 distinctius
1996 5621 2382 5693 explanantur
2439 5622 2497 5676 in
2576 5621 2798 5678 Musica
2857 5629 2910 5680 S.
2974 5626 3273 5684 Wilhelmi
3351 5626 3799 5698 Hirsaugiensis

384 5703 562 5758 quam
620 5688 772 5746 infra
829 5688 1119 5746 dabimus.
