3946 6388
145 585 806 616 ma

928 423 1134 490 CIVIS
1179 425 1586 490 SPIRENSIS
1628 426 2013 491 EPISTULA
2051 427 2155 491 AD
2199 429 2743 495 HERIBERTUM.

289 596 2011 612 ω

954 702 1902 794 MONOCHORDUM
1955 707 2703 795 ENCHERIADIS

2703 591 3530 625 mu

2338 603 2789 613 {tr—MA)“

283 879 520 954 (Edidit.
553 879 620 936 D.
655 879 997 947 RAVAISSON,
1030 881 1292 953 Rapports
1318 895 1415 935 sur
1444 880 1519 938 (es
1552 880 2026 952 biblothéquesadcs
2054 883 2448 955 de’partemcnts
2476 884 2540 940 de
2573 884 2790 952 l’Oucst,
2821 885 3108 956 Append.,
3141 900 3197 956 p.
3231 884 3381 956 370.)

1625 1037 2038 1054 *

201 1136 655 1195 Monochordum
702 1135 1080 1193 Encheriadis
1128 1139 1356 1192 constat
1395 1135 1456 1191 in
1486 1135 1532 1192 X
1561 1140 1618 1192 et
1641 1136 1769 1192 VIII
1795 1138 1851 1206 Α
1879 1137 2124 1209 ipsoque
2155 1140 2483 1196 meditullio
2525 1141 2768 1198 terciam
2800 1141 3053 1198 mediam
3085 1139 3392 1197 constitue.
3426 1141 3534 1196 De-

138 1227 336 1294 cordis,
369 1243 439 1282 ex
483 1228 735 1298 quatuor
774 1224 1042 1281 videlicet
1089 1225 1362 1298 gravibus
1419 1228 1477 1281 et
1525 1228 1775 1295 quatuor

133 1315 405 1374 finalibus
437 1317 804 1386 quatuorque
837 1313 1046 1392 mediis
1078 1330 1143 1369 ac
1178 1312 1419 1369 totidem
1450 1311 1777 1368 excellenti-

139 1406 258 1480 bus,
283 1403 576 1475 adjunctis
607 1403 837 1458 duabus
882 1400 1512 1474 superexcellentibus;
1543 1417 1777 1472 compo-

141 1496 348 1548 nuntur
373 1508 442 1548 ex
465 1495 602 1547 tono
623 1495 681 1547 et
699 1491 1009 1547 semitonio
1031 1491 1379 1562 duobusque
1399 1490 1570 1546 tonis.
1592 1489 1778 1559 Hujus

139 1586 322 1638 autem
354 1579 694 1637 monocordi
728 1578 972 1652 particio
1005 1578 1087 1634 sic
1121 1578 1469 1650 disponitur.

201 1670 459 1726 Primum
483 1671 664 1725 totam
685 1667 949 1724 tabulam
972 1684 1075 1740 per
1095 1671 1347 1738 quatuor
1363 1667 1556 1722 divide
1577 1666 1780 1721 sectio-

134 1773 517 1830 nes,quarum
539 1757 732 1830 prima
748 1756 804 1810 in
831 1755 1070 1810 sinistra
1089 1755 1340 1827 magoda
1362 1755 1562 1826 primae
1585 1753 1778 1826 gravis

134 1846 362 1903 nomine
385 1845 951 1901 titulatur.Seci1nda
970 1847 1180 1915 quarta
1200 1843 1393 1915 gravis
1420 1842 1774 1898 nominatur.

133 1936 326 1992 Tercia
372 1939 566 1990 autem
599 1937 809 2007 quarta
837 1932 1032 1988 ﬁnalis
1072 1932 1305 1988 dicitur.
1328 1932 1399 1986 Et
1424 1933 1634 2002 quarta
1661 1935 1778 1984 ter-

131 2024 222 2080 cia:
252 2022 588 2079 excellentis
615 2021 896 2077 vocabulo
927 2019 1123 2092 pollet.
1151 2021 1364 2074 Iterum
1391 2019 1658 2075 eamdem
1684 2022 1776 2072 ta-

131 2113 324 2169 bulam
359 2112 420 2167 in
453 2127 659 2168 novem
691 2110 1260 2180 divide,nonamque
1279 2112 1507 2180 partem
1537 2107 1594 2161 in
1629 2105 1776 2160 sini-

130 2205 243 2274 stra
287 2203 536 2274 protono
567 2199 877 2255 constitue.
909 2199 1098 2268 Atque
1136 2195 1267 2268 ipsa
1313 2196 1490 2251 corda
1518 2194 1776 2251 secunda

129 2272 316 2362 gravis
367 2291 624 2343 vocatur.
687 2285 904 2342 Deinde
956 2303 990 2342 a
1035 2286 1236 2340 dextra
1286 2284 1537 2356 magoda
1588 2298 1776 2353 usque

128 2382 358 2452 qurtam
410 2391 645 2448 gravem
689 2375 750 2429 in
781 2374 906 2428 VIII
953 2373 1166 2442 divide,
1199 2387 1532 2444 nonamque
1578 2371 1776 2426 inante

128 2469 453 2541 porrectam
485 2479 588 2536 pro
617 2461 796 2518 tercia
843 2461 1001 2533 gravi
1043 2461 1258 2532 accipe.
1297 2462 1438 2515 Item
1484 2476 1673 2531 usque
1701 2459 1775 2516 ad

129 2556 393 2612 eamdem
426 2555 694 2625 quartam
725 2566 958 2623 gravem
991 2566 1094 2622 per
1123 2550 1192 2604 IX
1223 2549 1501 2604 metiaris.
1527 2551 1595 2602 Et
1625 2565 1779 2604 nona

126 2661 258 2717 pars
289 2642 403 2698 erit
431 2640 622 2713 prima
659 2640 835 2694 corda
864 2637 1076 2704 ﬁnalis,
1101 2653 1288 2706 usque
1318 2637 1508 2709 ipsam
1539 2635 1775 2692 ﬁnalem

127 2749 224 2804 per
245 2734 318 2786 IX
353 2728 668 2784 metiendo.
695 2727 977 2782 Faciendo
999 2725 1171 2781 faciet
1199 2742 1355 2780 nona
1384 2741 1519 2796 pars
1550 2725 1598 2780 II
1629 2726 1777 2780 ﬂua-

131 2820 240 2876 lem
270 2815 698 2874 insemitonio.
718 2815 857 2871 Inde
878 2831 1066 2886 usque
1091 2814 1485 2885 supradictam
1507 2817 1776 2884 quartam

131 2908 362 2964 ﬁnalem
378 2906 511 2962 VIII
529 2909 724 2976 partes
744 2904 1081 2974 disponens,
1101 2918 1255 2958 nona
1275 2901 1334 2956 in
1352 2906 1484 2956 ante
1506 2906 1780 2973 protensa

133 2995 388 3053 ostendit
416 2994 492 3050 Ill
523 2991 780 3048 ﬁnalem.
803 2991 933 3046 Mox
967 2991 1142 3046 etiam
1184 2990 1255 3044 ad
1286 2990 1475 3061 ipsam
1507 2994 1778 3060 quartam

137 3084 365 3141 ﬁnalem
413 3098 516 3154 per
560 3081 638 3137 IX
683 3079 972 3152 partieris,
1005 3094 1276 3149 nonaque
1333 3094 1469 3149 pars
1527 3079 1778 3150 primam

135 3173 387 3230 mediam
410 3168 852 3227 demonstrabit.
869 3168 1014 3222 Hinc
1033 3182 1222 3237 usque
1242 3165 1494 3237 primam
1526 3167 1778 3220 mediam

132 3279 226 3335 per
257 3261 328 3318 IX
357 3259 574 3326 divide,
599 3261 655 3314 et
686 3273 841 3312 nona
879 3273 1015 3328 pars
1046 3255 1263 3326 pandet
1302 3255 1621 3310 secundam
1660 3271 1779 3310 me-

129 3351 282 3406 diam
315 3349 378 3404 in
412 3345 745 3404 semitonio.
769 3345 940 3400 Retro
963 3360 995 3397 a
1023 3347 1234 3413 quarta
1261 3341 1418 3397 ﬁnali
1447 3357 1637 3413 usque
1666 3345 1778 3397 ter-

1887 1226 2024 1282 hinc
2047 1245 2233 1301 usque
2253 1230 2325 1285 ad
2347 1230 2533 1299 ipsam
2557 1229 2799 1286 terciam
2818 1230 3074 1286 mediam
3092 1246 3196 1302 per
3212 1230 3289 1286 IX
3310 1229 3534 1297 metire,

1887 1332 2222 1387 nonamque
2243 1321 2466 1388 partem
2490 1334 2593 1388 pro
2615 1321 2825 1388 quarta
2857 1317 3239 1391 mediapone,
3263 1322 3321 1373 et
3351 1333 3538 1389 usque

1888 1407 2158 1475 quartam
2189 1404 2444 1460 mediam
2487 1421 2590 1476 per
2619 1405 2689 1460 IX
2720 1405 3052 1472 dividendo,
3087 1406 3146 1460 in
3177 1421 3332 1462 nona
3375 1409 3540 1477 parte

1888 1491 2135 1564 primam
2158 1491 2534 1548 excellentem
2557 1493 2916 1548 constituito.
2937 1493 3183 1564 Insuper
3203 1494 3395 1565 ipsam
3419 1494 3537 1564 pri-

1887 1595 2046 1636 mam
2091 1579 2464 1636 excellentem
2513 1597 2614 1652 per
2644 1585 2724 1635 1X
2755 1580 3045 1653 partieris,
3078 1581 3138 1636 in
3170 1585 3334 1653 parte
3384 1597 3540 1637 nona

1886 1669 1987 1724 ﬁet
2014 1669 2272 1724 secunda
2295 1667 2602 1724 excellens.
2626 1669 2820 1740 Usque
2849 1670 3089 1725 terciam
3112 1685 3246 1725 vero
3267 1669 3535 1742 supradi-

1887 1761 2042 1812 ctam
2075 1773 2178 1828 per
2203 1757 2274 1812 IX
2304 1756 2573 1824 metiens,
2598 1774 2754 1813 nona
2801 1774 2937 1829 pars
2959 1758 3333 1813 .monstrabit
3358 1773 3534 1830 quar-

1886 1849 2007 1900 tam
2040 1843 2435 1901 excellentem.
2467 1845 2575 1901 Per
2618 1861 2823 1900 novem
2871 1844 2962 1900 bis
3010 1844 3355 1915 multiplica,
3389 1849 3448 1900 et
3477 1846 3536 1900 in

1887 1933 2002 1988 fine
2033 1933 2273 1988 ultimos
2313 1933 2658 1989 excellentes
2701 1933 3029 2005 multiplica
3060 1949 3072 1988 :
3107 1933 3298 2004 prima
3323 1934 3536 2005 gravis,

1886 2021 2146 2076 secunda
2173 2021 2390 2093 gravis,
2409 2021 2589 2077 tercia
2616 2022 2830 2093 gravis,
2851 2026 3060 2094 quarta
3097 2021 3318 2093 gravis;
3351 2021 3542 2094 prima

1885 2107 2102 2174 ﬁnalis,
2135 2110 2395 2164 secunda
2437 2109 2654 2175 ﬁnalis,
2687 2110 2868 2166 tercia
2906 2108 3119 2178 finalis,
3155 2111 3365 2180 quarta
3394 2109 3538 2164 ﬁna-

1885 2197 1988 2264 lis;
2039 2197 2231 2268 prima
2287 2197 2500 2263 media,
2536 2198 2795 2253 secunda
2848 2197 3061 2266 media,
3095 2196 3276 2253 tercia
3323 2197 3538 2267 media,

1887 2288 2096 2356 quarta
2123 2283 2336 2350 media,
2368 2285 2561 2356 prima
2599 2284 2910 2353 excellens,
2942 2285 3201 2342 secunda
3229 2284 3536 2352 excellens,

1883 2373 2055 2428 tertia
2081 2372 2386 2441 excellens,
2420 2377 2630 2443 quarta
2667 2371 2974 2441 excellens,
3011 2373 3537 2444 superexcellentes

1884 2461 2032 2516 duae.
2068 2461 2262 2516 Prima
2293 2460 2486 2516 ﬁnalis
2516 2459 2798 2515 inclinum
2829 2461 2886 2515 S.
2921 2461 2993 2516 ad
3027 2465 3203 2532 caput
3233 2461 3316 2515 ita
3342 2462 3414 2528 S;
3445 2477 3537 2515 se-

1885 2550 2076 2605 cunda
2105 2547 2299 2604 ﬁnalis
2330 2549 2604 2604 Eversum
2654 2548 2726 2603 ad
2774 2551 2950 2619 caput
2979 2547 3059 2603 ita
3086 2549 3162 2610 E;
3193 2547 3373 2604 tercia
3420 2548 3539 2604 iota

1885 2637 2135 2710 simplex
2177 2641 2234 2692 et
2283 2635 2567 2692 inclinum
2598 2637 2678 2692 ita
2703 2636 2756 2698 I;
2787 2640 2998 2707 quarta
3026 2634 3220 2691 ﬁnalis
3271 2637 3313 2690 E
3361 2636 3534 2691 dimi-

1885 2725 2050 2781 dium
2081 2725 2153 2780 ad
2186 2729 2360 2796 caput
2380 2725 2460 2780 ita
2479 2727 2540 2780 Ε.
2567 2725 2781 2780 Graves
2801 2723 3107 2780 retroversi
3133 2723 3340 2780 ﬁnales
3360 2724 3534 2779 ita....

1887 2813 2226 2885 Superiores
2252 2813 2493 2869 demissi
2525 2813 2718 2886 capita
2739 2811 2942 2868 ﬁnales
2963 2812 3154 2868 ita.....
3179 2811 3539 2869 Excellentes

1889 2903 2130 2958 demissi
2161 2903 2351 2974 capita
2397 2917 2600 2974 graves
2646 2902 2886 2972 ita......,
2918 2905 3153 2973 excepto
3182 2900 3318 2956 trito
3347 2899 3449 2973 qui
3478 2901 3540 2956 in

1887 2989 2162 3062 gravibus
2202 2996 2400 3046 notam
2449 2991 2624 3046 habet
2670 2990 2738 3058 Η,
2772 2988 3076 3044 inclinum.
3112 2989 3176 3044 In
3223 2987 3537 3060 superiori-

1887 3079 2000 3134 bus
2031 3079 2075 3133 H
2121 3095 2354 3135 versum
2415 3082 2473 3134 et
2527 3077 2974 3134 inclinum.......
3008 3078 3068 3132 in
3123 3076 3540 3133 excellentibus

1889 3165 2010 3222 iota
2041 3168 2327 3238 perﬁxum
2361 3171 2389 3232 ’r
2426 3171 2548 3221 Duo
2581 3166 2800 3222 residui
2847 3166 3015 3237 signa
3043 3165 3263 3222 habent
3284 3165 3538 3237 jacentis

1892 3253 2042 3326 proti
2071 3259 2128 3309 et
2156 3254 2401 3310 deuteri.
2436 3255 2583 3310 Sunt
2616 3270 2820 3310 omnes
2850 3254 3092 3321 XXVIII,
3127 3270 3241 3325 quo
3272 3253 3544 3309 videlicet

1892 3342 2108 3415 singuli
2140 3346 2458 3398 extremam
2488 3359 2657 3398 suam
2697 3341 3108 3414 symphoniam
3139 3342 3449 3414 attingant,
3480 3341 3541 3396 id

127 3438 265 3494 tiam
288 3438 418 3508 jam
442 3435 658 3491 dictam
683 3431 1051 3488 excellentem
1078 3447 1179 3503 per
1201 3430 1458 3486 medium
1484 3431 1693 3499 divide,
1719 3429 1778 3485 in
1811 3431 1853 3497 C
1891 3435 1980 3486 est
2010 3430 2110 3484 XV
2141 3447 2374 3487 sonum.

135 3569 3536 3616 Μ

1619 3697 1798 3742 CIRCA
1841 3697 1948 3742 AN.
1993 3697 2062 3740 Μ.

867 3858 1042 3984 Α.
1093 3855 1666 4034 curis
1761 3851 2802 3985 SPIRENSIS

1433 4090 2235 4226 EPISTOLA

818 4324 918 4385 AD
984 4319 1491 4383 HERIBERTUM
1554 4319 2104 4381 COLONIENSEM
2177 4319 2869 4382 ARCHIEPISCOPUM

1055 4478 1350 4541 Adversus
1373 4495 1787 4559 praepropera
1807 4491 2188 4557 peccatorum
2227 4475 2625 4537 absolutiones.

1209 4636 1446 4708 (Edidit.
1479 4636 1738 4694 MARTEN.
1770 4634 1962 4707 Ampl.
1995 4632 2230 4691 Collect.
2266 4633 2310 4705 Ι,
2342 4633 2492 4705 357.)

206 4898 604 4958 Nobilissimae
643 4895 798 4954 sedis
847 4893 1281 4965 archiepiscopo
1324 4892 1594 4949 nobiliori
1623 4893 1690 4949 H.
1728 4895 1791 4949 A.
1825 4901 1873 4966 1)
1904 4893 2091 4948 tinere
2118 4889 2470 4964 intelligunt,
2500 4905 2714 4945 manus
2743 4905 2982 4946 sursum
3013 4888 3203 4945 levare
3233 4892 3290 4945 et
3318 4892 3558 4963 peccata

137 4988 476 5062 inquilinus
506 4986 646 5042 civis
675 5003 744 5041 ex
772 4985 914 5041 urbe
943 4983 1124 5056 Spirae
1165 4981 1797 5040 summam‘telicitatis
1907 4998 2014 5036 sua
2045 4981 2305 5035 conﬁteri
2346 4978 2577 5050 jubent,
2603 4994 2718 5051 quo
2749 4979 2920 5046 facto,
2954 4978 3262 5034 confestim
3315 4977 3556 5034 absolu-

139 5083 371 5222 eula‘lrdlv?
390 5076 680 5237 ((1:1)osdam
702 5161 878 5219 vestri
901 5159 1143 5226 ordinis,
1163 5163 1220 5215 et
1249 5158 1484 5231 quidem
1508 5159 1654 5215 satis
1677 5177 1803 5231 pro-

1907 5070 2123 5126 tionem
2147 5071 2203 5123 et
2219 5067 2620 5123 remissionem
2642 5084 2844 5124 eorum
2861 5067 3126 5124 omnium
3147 5066 3266 5123 illis
3288 5066 3559 5123 tribuunt

1908 5162 2071 5212 tanta
2101 5155 2632 5228 facilitate,quanta
2663 5157 2906 5212 forsitan
2936 5157 3006 5212 de
3037 5155 3287 5229 pecunia
3324 5155 3561 5229 propria

141 5255 251 5311 bos
284 5259 465 5326 atque
514 5252 797 5320 eruditos,
831 5250 931 5322 qui
963 5247 1192 5320 quoties
1247 5246 1308 5302 in
1365 5247 1624 5302 ecclesiis
1679 5248 1803 5303 suis
1909 5245 2111 5303 obolos
2140 5249 2256 5300 tres
2288 5243 2510 5300 nollent
2539 5245 2750 5316 cuique
2779 5246 3056 5303 relaxare.
3081 5246 3198 5302 Hoc
3228 5245 3427 5318 itaque
3459 5262 3562 5300 au-

141 5343 364 5415 populo
397 5341 502 5399 Dei
529 5341 792 5398 triticum
823 5337 1124 5412 spirituale
1155 5335 1538 5404 distribuunt,
1561 5334 1803 5408 expletis

144 5431 430 5488 omnibus
462 5447 589 5502 quas
621 5430 691 5486 ad
719 5429 975 5484 fructum
1007 5427 1219 5482 sanctae
1251 5424 1649 5481 aedificationis
1681 5440 1806 5497 per-

219 5576 299 5646 (1)
323 5574 486 5630 Hanc
505 5571 812 5646 epistolam
824 5567 1318 5646 invetustissimo
1338 5567 1807 5646 codice_Tui_tien-

149 5639 238 5702 sis.
255 5639 600 5704 monasterii
617 5659 797 5717 prope
814 5641 1114 5700 Coloniam
1137 5639 1462 5712 reperimus
1494 5640 1565 5696 ad
1590 5639 1806 5697 calcem

1912 5335 2157 5403 dientes,
2197 5332 2463 5389 nonnulli
2513 5333 2784 5404 fratrum,
2809 5335 2909 5409 qui
2958 5353 3028 5392 ex
3075 5335 3274 5392 divino
3322 5349 3566 5390 munere

1913 5423 2275 5496 aliquantam
2308 5437 2483 5477 sacrae
2515 5422 2822 5496 Scripturae
2865 5424 3201 5481 facultatem
3240 5423 3477 5490 habent,
3510 5425 3568 5477 et

1913 5567 2058 5648 Vitae
2090 5565 2148 5621 S.
2180 5564 2490 5634 Heriberti,
2523 5567 2614 5623 cui
2661 5567 2903 5640 proinde
2935 5569 3214 5640 scriptam
3258 5565 3561 5623 existima-

1914 5655 2127 5695 Vimus.
