3946 6402
378 404 492 466 695

1100 404 1287 465 ΞΕΟ.
1333 402 1417 464 XI
1461 403 1692 464 AUCT.
1740 401 1989 463 INCER'

2173 401 2292 462 .vNI
2336 401 2440 463 ET
2482 401 2786 490 scaipr.
2831 412 3054 472 mm.

3663 402 3786 478 i696

377 545 575 596 tamen
606 539 844 611 propter
888 538 1271 591 reverentiam
1326 535 1562 607 obloqui
1593 534 1738 589 nihil
1787 534 2023 602 audent,
2053 536 2110 606 Α
2139 533 2410 591 existunt.
2430 534 2630 592 Nonne
2651 536 2760 592 hoc
2783 540 2871 592 est
2890 537 3044 608 quod
3067 537 3137 594 de
3158 535 3464 595 fallacibus
3481 537 3785 612 prophetis

372 630 747 684 vehementer
792 625 1282 690 scandalizentur,
1317 624 1568 679 scientes
1617 639 1737 678 rem
1788 640 2028 694 prorsus

373 717 638 772 illicitam
671 715 818 782 ﬁeri,
845 731 970 785 qum
1003 713 1165 768 nulla
1195 717 1532 769 sanctorum
1562 713 1797 767 Patrum
1832 715 2028 767 aucto-

370 806 540 861 ritate
573 805 760 875 possit
789 803 1042 867 defendi,
1071 805 1126 855 et
1156 802 1226 856 ad
1259 800 1714 855 internecionem
1749 800 2026 871 imperita:

370 892 770 949 multitudinis
798 891 1044 961 laqueus
1065 889 1389 944 diabolicus
1422 889 1517 953 sit,
1547 888 1937 943 existimantis
1968 903 2028 942 se

367 999 473 1038 nec
503 980 870 1037 confessione
900 981 1102 1050 postea
1149 977 1434 1050 indigere,
1470 977 1568 1030 sed
1603 977 1800 1030 omnia
1834 975 2026 1030 crimi-

370 1089 446 1127 na
469 1088 576 1126 sua
597 1074 880 1140 tanquam
904 1068 1094 1121 denuo
1117 1065 1453 1136 baptizatis,
1479 1063 1725 1119 dimissa
1746 1064 1855 1120 sibi
1878 1080 2024 1128 esse,

369 1163 723 1229 acceptaque
755 1157 863 1212 hac
909 1154 1209 1209 mortifera
1253 1153 1586 1220 securitate,
1622 1169 1736 1207 non
1769 1151 2029 1222 pericula

370 1249 704 1305 animarum
735 1260 979 1301 suarum
1010 1243 1339 1309 incurrunt,
1364 1244 1422 1296 et
1443 1241 1652 1296 iterare
1677 1239 1897 1311 ﬂagitia
1917 1256 2026 1294 sua

368 1337 454 1391 vel
487 1336 755 1408 graviora
775 1334 986 1388 addere
1019 1347 1122 1402 pro
1157 1329 1340 1385 nihilo
1367 1329 1590 1383 ducunt
1615 1344 1626 1383 :
1654 1328 1868 1399 quippe
1893 1343 2024 1398 quin

366 1426 580 1481 iterum
607 1427 782 1494 atque
803 1422 1014 1476 iterum
1037 1423 1156 1474 tam
1184 1417 1351 1474 facile
1373 1416 1733 1488 ignoscenda
1758 1417 1872 1471 sibi
1895 1433 2023 1473 esse

365 1513 684 1570 conﬁdunt.

430 1602 607 1656 Vides
639 1601 855 1671 itaque,
881 1596 1116 1652 domine
1161 1595 1264 1661 mi,
1289 1610 1466 1665 quam
1523 1594 1638 1649 late
1687 1595 1884 1665 pateat
1913 1593 2021 1649 hoc

363 1690 606 1756 malum,
622 1689 779 1760 quod
803 1685 1113 1752 nefarium,
1132 1684 1287 1755 quod
1310 1683 1550 1755 plenum
1574 1681 1948 1753 blasphemia
1967 1684 2022 1736 et

362 1780 598 1836 omnino
620 1776 891 1832 illicitum
913 1788 1040 1830 esse
1063 1771 1394 1844 evangelica
1409 1772 1551 1826 tuba
1567 1771 2020 1838 intonante,toto

361 1869 582 1924 mundo
608 1864 955 1922 ostenditur.
973 1864 1103 1930 Quis
1129 1863 1278 1916 enim
1299 1863 1470 1960 potest
1497 1867 1732 1961 peccata.
1747 1859 2020 1914 dimittere

362 1958 476 2012 nisi
505 1957 650 2011 solus
681 1956 856 2010 Deus?
886 1951 979 2006 cui
1013 1950 1294 2004 nimirum
1321 1948 1463 2003 dicit
1494 1947 1685 2003 omnis
1719 1947 1895 2002 homo
1925 1964 2018 2002 ve-

363 2045 576 2102 raciter
607 2061 620 2098 :
657 2043 773 2098 Tibi
800 2042 903 2096 soli
929 2041 1163 2111 peccavi.
1190 2038 1406 2092 Putant
1437 2040 1631 2092 autem
1657 2051 1718 2092 se
1738 2036 1890 2091 hanc
1919 2053 2020 2108 po-

362 2137 635 2190 testatem
669 2130 963 2202 accepisse
991 2128 1052 2182 in
1086 2144 1151 2182 eo
1186 2127 1338 2197 quod
1371 2125 1516 2180 dixit
1536 2125 1820 2180 Dominus
1852 2124 2022 2180 disci-

362 2224 519 2298 pulis
542 2222 666 2278 suis
695 2239 706 2276 :
733 2224 1081 2289 Quaecunque
1103 2216 1411 2284 ligaveritis
1434 2231 1595 2286 super
1617 2223 1839 2279 terram,
1860 2220 2023 2270 erunt

364 2317 538 2383 ligata
557 2316 607 2368 et
629 2313 690 2366 in
710 2309 878 2376 caelis,
894 2310 944 2362 et
966 2321 1300 2376 quaecunque
1322 2305 1590 2358 solveritis
1610 2318 1774 2374 super
1795 2306 2020 2390 terram,

362 2410 526 2461 erunt
551 2401 729 2456 soluta
757 2401 806 2453 et
835 2399 896 2450 in
925 2396 1087 2449 aclis.
1124 2394 1236 2448 Sed
1269 2393 1382 2448 hoc
1415 2391 1602 2448 sancti
1635 2392 1900 2446 doctores
1927 2407 2024 2445 no-
2081 2405 2092 2416 '

361 2491 468 2548 stri
487 2491 557 2545 ad
580 2488 837 2545 ofﬁcium
861 2481 1336 2556 dispensationis,
1362 2498 1478 2537 non
1505 2481 1576 2536 ad
1595 2481 1696 2550 jus
1719 2479 2024 2550 potestatis

361 2579 650 2655 pertinere
679 2576 903 2642 volunt,
939 2576 1004 2627 ut
1033 2572 1188 2643 quod
1221 2574 1353 2626 ante
1385 2567 1643 2624 tribunal
1677 2567 1856 2622 divini
1893 2583 2023 2622 exa-

362 2669 540 2727 minis
573 2669 643 2723 de
674 2665 900 2722 actibus
944 2660 1221 2716 humanis
1266 2657 1640 2713 invisibiliter
1670 2655 2020 2721 decernitur,

361 2761 472 2816 hoc
499 2759 624 2830 ipse
645 2754 804 2811 velut
826 2751 1063 2824 quidam
1088 2746 1354 2803 mortalis
1376 2747 1552 2815 Deus,
1579 2745 1732 2816 apud
1756 2743 2023 2799 homines

365 2828 585 2905 visibili
618 2845 873 2917 quadam
925 2838 1115 2911 specie
1166 2839 1538 2906 exsequatur.
1567 2834 1760 2899 Dictos
1811 2828 2042 2914 quippei

371 2940 518 2996 Deos
549 2949 676 2992 esse
708 2931 1038 2988 sacerdotes
1071 2922 1342 2997 quisquis
1375 2938 1572 2977 sacras
1603 2921 1828 2976 litteras
1859 2937 2021 2976 scru-

376 3031 535 3083 tatur
581 3040 697 3080 non
746 3021 1006 3093 ignorat;
1042 3014 1142 3070 sed
1170 3016 1226 3066 et
1273 3011 1386 3064 ista
1433 3009 1686 3064 Ecclesia
1732 3011 2022 3065 terrestris

374 3118 558 3172 beatae
588 3112 747 3168 illius
779 3104 1029 3164 civitatis
1068 3099 1384 3172 imaginem
1416 3098 1731 3169 quamdam
1763 3099 1930 3169 gerit,
1960 3102 2024 3153 ut

376 3201 644 3278 quisquis
676 3200 748 3254 ab
778 3195 878 3252 illa
911 3193 982 3246 ob
1015 3188 1441 3244 immanitatem
1492 3185 1742 3278 alicujus
1786 3185 2020 3241 sceleris

374 3257 740 3353 exs—ullaverit,
774 3285 928 3338 idem
962 3279 1035 3334 ab
1075 3278 1185 3331 hac
1232 3280 1512 3346 tanquam
1544 3274 1808 3346 leprosus
1860 3279 2020 3330 extra
2049 3257 2090 3324 C

373 3386 564 3438 castra
593 3371 957 3447 separandus
997 3367 1100 3435 sit;
1135 3381 1386 3435 cumque
1417 3380 1518 3436 per
1547 3363 1786 3417 modum
1828 3362 2018 3434 legiti-

371 3487 480 3529 mae
508 3459 925 3522 satisfactionis
956 3455 1094 3510 illuc
1130 3454 1373 3510 rediisse
1401 3452 1709 3519 videbitur,
1741 3455 1881 3507 tunc
1916 3467 2020 3524 per

370 3550 727 3616 sacerdotale
757 3545 1146 3603 ministerium
1189 3541 1356 3614 quasi
1390 3541 1708 3616 Inundatus
1753 3539 1891 3594 huic
1923 3557 2018 3595 re-

371 3643 756 3713 dintegratur.
781 3635 1037 3706 Denique
1067 3625 1396 3688 sacerdotes
1416 3628 1771 3684 Testamenti
1793 3628 2017 3684 Veteris

371 3749 488 3789 non
512 3727 874 3786 mundabant
893 3724 1173 3795 leprosos,
1191 3721 1292 3776 sed
1312 3719 1625 3774 mundatos
1647 3717 1705 3770 in
1728 3716 2015 3787 templum

369 3819 743 3876 inducebant.
767 3815 890 3878 Qua
909 3829 1043 3884 ergo
1063 3808 1345 3866 tenuitate
1375 3807 1438 3878 [ί.
1462 3805 1809 3875 temeritate]
1833 3820 2017 3860 sacer-

373 3911 537 3965 dotes
566 3905 707 3962 Novi
759 3900 1114 3958 Testamenti
1155 3897 1378 3968 lepram
1428 3893 1792 3966 spiritualem
1844 3910 2014 3948 mun-

372 3999 510 4053 dare
539 4011 601 4051 se
632 3989 1016 4066 proﬁtentur?
1046 3988 1226 4052 Quem
1265 4000 1527 4054 unquam
1559 3985 1893 4036 sanctorum
1926 3983 2012 4036 in-

369 4086 611 4143 veniunt
640 4082 850 4152 cuique
875 4075 1162 4150 peccatori
1202 4073 1418 4128 dixisse
1453 4090 1464 4126 :
1498 4072 1616 4143 Ego
1646 4070 1754 4125 tibi
1786 4070 2014 4125 dimitto

371 4177 606 4248 peccata
633 4177 755 4239 tua,
783 4185 847 4224 ac
880 4184 994 4220 non
1017 4165 1213 4237 potius
1235 4158 1940 4248 communicatisjejuniis
1961 4162 2017 4215 et

371 4247 753 4327 orationibus,
777 4258 835 4312 id
869 4255 951 4310 eis
973 4253 1188 4325 quibus
1220 4249 1526 4306 subvenire
1545 4247 1811 4303 volebant
1841 4265 1874 4302 a
1905 4248 2014 4303 Do-

369 4353 530 4409 mino
575 4350 949 4420 impetrasse;
1001 4342 1154 4413 quod
1204 4339 1456 4411 legimus
1515 4337 1574 4390 in
1625 4334 2017 4391 ecclesiastica

367 4439 622 4497 Historia
652 4435 860 4492 fecisse
880 4433 1165 4489 Joannem
1189 4427 1515 4500 apostolum
1542 4425 1870 4497 projuvene
1894 4423 2012 4489 illo,

367 4545 542 4602 quem
575 4545 609 4584 a
637 4523 940 4582 latrocinio
985 4522 1338 4583 revocatum,
1363 4515 1590 4572 Christo
1629 4514 1839 4569 iterum
1885 4530 2015 4584 par-

363 4599 636 4674 turiebat.
656 4615 767 4671 Sed
801 4616 856 4668 et
886 4613 1011 4683 ipse
1037 4608 1220 4665 Filius
1241 4604 1496 4661 hominis
1520 4603 1743 4658 habens
1764 4603 2016 4672 potesta-
2050 4615 2097 4679 D
2127 4600 2276 4688 tium
2301 4599 2520 4658 blanda
2543 4605 2602 4656 et
2628 4603 2904 4661 benevola
2925 4607 3278 4667 allocutione
3305 4613 3780 4688 praeformabant,
3873 4661 3887 4676 _.

363 4711 481 4763 tem
509 4706 570 4760 in
615 4709 772 4760 terra
801 4697 1133 4756 dimittendi
1186 4697 1439 4768 peccata,
1468 4691 1719 4748 devitata
1759 4706 2018 4761 personae

245 4847 260 4861 ,
363 4814 480 4852 suae
512 4793 905 4868 expressione,
925 4805 1042 4843 non
1078 4784 1460 4841 aitzﬂemitto
1492 4781 1597 4836 tibi
1630 4782 1864 4852 peccata
1893 4781 2015 4846 tua,

364 4887 464 4942 sed
489 4885 657 4956 quasi
687 4880 1011 4937 verecunde
1038 4895 1049 4932 :
1074 4877 1256 4942 Homo,
1289 4873 1500 4947 inquit,
1525 4871 1884 4956 remittuntur
1914 4868 2020 4922 tibi

357 4955 576 5045 peccata
607 4971 987 5026 tua.Noverat
1017 4965 1184 5038 plane
1218 4962 1600 5053 paralyticum
1638 4958 1803 5053 illum
1842 4955 2013 5053 longe

363 5044 537 5133 atque
567 5057 944 5115 acerbissimo
989 5055 1182 5111 dolore
1221 5056 1536 5125 purgatum
1583 5044 2011 5142 indulgentiam

361 5131 592 5214 mereri,
618 5149 770 5203 sicut
797 5150 853 5202 et
881 5146 1048 5200 illum
1071 5145 1168 5215 qui
1203 5160 1314 5196 xxx
1335 5145 1391 5195 et
1410 5154 1508 5192 vm
1542 5151 1736 5229 annos
1760 5133 1816 5186 in
1853 5131 2010 5229 inﬁr-

360 5239 560 5294 mitate
599 5237 907 5291 habentem
957 5235 1016 5288 in
1066 5223 1659 5318 probaticar-piscina,
1698 5219 2005 5318 Evangelio

354 5331 622 5394 testante,
657 5325 894 5381 curavit.
924 5325 992 5378 Et
1041 5323 1256 5378 audent
1305 5315 1409 5371 ﬁlii
1459 5310 1764 5366 hominum
1817 5309 2006 5363 aliena

351 5420 588 5488 peccata
615 5416 812 5489 ignota
843 5418 1017 5483 atque
1049 5411 1379 5464 indiscussa
1411 5401 1721 5500 dimittere,
1749 5413 2001 5500 quorum

351 5522 537 5578 neque
566 5505 674 5578 ipsi
724 5503 939 5560 conscii
990 5504 1146 5563 sunt,
1182 5509 1370 5565 neque
1418 5489 1773 5562 poenitentiae
1825 5489 1999 5540 testes

2137 640 2242 694 per
2266 624 2606 695 prophetam
2631 642 2803 680 suum
2827 626 3110 681 Dominus
3143 627 3519 699 conqueritur
3539 627 3744 684 dicens
3767 643 3782 682 ε

2137 713 2477 781 Mortiﬁeant
2503 715 2718 768 animas
2749 731 2868 785 qua:
2911 731 3021 770 non
3064 717 3396 783 moriuntur,
3429 723 3482 772 et
3504 717 3792 787 viviﬁcant

2137 802 2355 854 animas
2387 817 2510 870 qua?
2539 818 2644 856 non
2697 805 2904 856 vivunt.
2942 805 3063 866 Quo
3092 819 3227 876 ergo
3275 803 3476 862 ordine
3524 809 3787 876 potestas

2137 887 2251 943 ista
2280 889 2676 943 administrari
2710 890 2936 957 debeat,
2960 908 3062 962 per
3092 892 3432 964 prophetam
3460 892 3643 949 alium
3675 893 3790 949 evi-

2137 977 2340 1030 denter
2371 978 2709 1047 pronuntiat
2743 995 2755 1032 :
2803 979 3173 1046 Probatorem,
3219 981 3429 1052 inquit,
3461 981 3585 1038 dedi
3630 986 3684 1038 te
3725 985 3788 1038 i-n

2129 1065 2331 1134 populo
2359 1080 2476 1119 meo
2507 1067 2808 1134 robustum,
2836 1071 2888 1121 et
2905 1069 3037 1122 scies
3069 1071 3119 1124 et
3142 1069 3399 1140 probabis
3427 1073 3545 1126 vias
3573 1086 3784 1146 eorum.

2135 1151 2423 1207 Probandi
2455 1153 2658 1225 utique
2690 1159 2828 1209 sunt
2857 1172 3096 1228 gressus
3126 1157 3789 1231 singulorum,qualiter

2133 1240 2480 1296 incesserint
2497 1243 2762 1313 perviam
2786 1250 3103 1311 morum,et
3124 1250 3436 1320 antequam
3455 1249 3788 1320 proferatur

2131 1328 2461 1384 humanum
2480 1330 2794 1401 judicium,
2812 1349 3092 1404 quorsum
3115 1340 3312 1408 vergat
3331 1336 3530 1392 divina
3549 1342 3786 1395 senten-

2129 1415 2211 1472 tia
2230 1417 2538 1489 vigilanter
2559 1418 2908 1476 intuendum
2935 1426 3042 1478 est.
3067 1423 3328 1495 Denique
3347 1425 3596 1482 Lazarus
3617 1427 3787 1499 prius

2129 1508 2217 1560 est
2240 1523 2272 1561 a
2293 1507 2535 1562 Domino
2555 1508 2901 1578 viviﬁcatus,
2919 1514 2974 1565 et
2994 1515 3195 1582 postea
3225 1530 3258 1568 a
3287 1514 3592 1586 discipulis
3615 1515 3785 1573 solu-

2128 1597 2252 1661 tus;
2275 1610 2449 1665 quem
2473 1595 2522 1651 si
2545 1600 2678 1652 ante
2698 1614 2895 1654 vocem
2916 1599 3150 1655 Domini
3176 1601 3508 1673 solvissent,
3522 1600 3620 1661 ille
3634 1605 3789 1661 nihi-

2127 1680 2384 1738 lominus
2444 1683 2828 1752 insensibilis,
2871 1687 3087 1743 fetidus
3138 1690 3380 1760 jaceret.
3431 1692 3515 1747 Ita
3572 1709 3787 1766 nempe

2127 1771 2411 1827 exanimis
2442 1772 2639 1828 anima
2667 1775 2832 1845 prius
2880 1777 3185 1844 excitetur,
3219 1784 3492 1836 evocante
3534 1781 3786 1839 Domino

2126 1858 2197 1912 ab
2230 1859 2432 1914 inferis
2463 1865 2848 1931 peccatorem,
2875 1869 2934 1918 et
2980 1863 3064 1920 sic
3096 1865 3430 1923 absolvatur
3457 1868 3785 1926 ministerio

2129 1948 2516 2003 sacerdotum.
2551 1949 2829 2021 Quisquis
2863 1951 3029 2007 aliter
3058 1954 3197 2026 agit,
3233 1960 3459 2012 certum
3503 1961 3592 2014 est
3635 1958 3786 2031 nihil

2128 2034 2295 2090 illum
2317 2035 2416 2091 alii
2439 2039 2737 2108 proﬁcere,
2757 2040 2869 2095 sibi
2891 2057 3022 2096 vero
3043 2041 3367 2113 plurimum
3384 2045 3617 2116 obesse;
3643 2048 3787 2119 quia

2131 2123 2282 2178 sicut
2321 2123 2400 2179 ait
2447 2126 2507 2179 B.
2543 2126 2880 2198 Gregorius,
2911 2132 3032 2201 ipsa
3077 2131 3293 2200 ligandi
3338 2142 3498 2206 atque
3538 2137 3787 2193 solvendi

2125 2216 2387 2283 potestate
2413 2229 2470 2268 se
2493 2215 2700 2286 privat,
2724 2219 2820 2286 qui
2861 2217 3002 2274 hanc
3031 2236 3130 2290 pro
3155 2223 3271 2276 suis
3306 2224 3695 2294 voluntatibus,
3729 2236 3785 2282 et

2130 2316 2239 2355 non
2267 2318 2364 2372 pro
2395 2303 2754 2374 subjectorum
2783 2309 2997 2362 meritis
3027 2318 3292 2365 exerceat.

2203 2389 2703 2448 Considerandum
2735 2393 2933 2466 itaque
2965 2401 3054 2452 est
3075 2398 3247 2467 juxta
3267 2399 3525 2472 regulam
3557 2408 3786 2460 sancto-

2131 2493 2262 2532 rum
2295 2478 2531 2533 Patrum
2553 2497 2679 2551 quaa
2711 2482 2884 2554 culpa
2903 2487 3282 2555 praecesserit,
3308 2505 3434 2560 quae
3461 2491 3783 2548 satisfactio

2131 2566 2210 2620 sit
2228 2570 2445 2635 secuta,
2460 2567 2774 2640 habitaque
2791 2573 2989 2644 sagaci
3007 2573 3375 2644 discretione,
3389 2581 3517 2634 tum
3539 2580 3780 2638 demum

2130 2653 2332 2710 timide
2351 2660 2524 2726 atque
2541 2656 2840 2714 humiliter
2855 2663 3113 2731 potestas
3131 2663 3304 2719 ofﬁcii
3323 2669 3411 2721 est
3428 2667 3783 2742 adhibenda,

2131 2758 2236 2797 nec
2266 2742 2349 2798 ita
2378 2743 2689 2800 dicendum
2726 2763 2778 2799 τα
2802 2748 3064 2805 Dimittat
3092 2751 3196 2806 tibi
3231 2755 3514 2812 Dominus
3543 2762 3786 2829 peccata

2131 2833 2250 2898 tua,
2281 2835 2337 2885 et
2365 2847 2469 2903 ego
2501 2832 2609 2889 tibi
2659 2835 2909 2904 dimitto,
2937 2860 2964 2887 ››
2989 2839 3103 2896 nisi
3153 2841 3298 2897 forte
3352 2844 3656 2902 familiaris
3703 2848 3785 2904 sit

2131 2919 2368 2990 injuria,
2392 2937 2518 2991 quae
2560 2924 2842 2979 sacerdoti
2891 2926 3002 2998 ipsi
3036 2945 3069 2983 a
3098 2946 3193 2986 reo
3227 2930 3302 2986 sit
3331 2931 3512 2990 illata.
3546 2935 3627 2990 De
3673 2936 3790 2992 tali

2130 3008 2331 3079 utique
2362 3014 2596 3079 peccato
2637 3012 2880 3069 ﬁdenter
2925 3016 3115 3072 dicere
3159 3023 3349 3089 potest
3383 3038 3449 3076 :«
3475 3022 3785 3096 Indulgeat

2130 3096 2234 3151 tibi
2255 3097 2539 3152 Dominus
2570 3103 2626 3154 et
2656 3115 2818 3172 ego.»
2833 3103 2941 3158 Sed
2968 3107 3461 3175 quemadmodum
3503 3126 3671 3168 nemo
3697 3111 3784 3170 ita

2122 3185 2348 3254 justus,
2381 3201 2550 3242 nemo
2581 3187 2662 3242 ita
2693 3193 2931 3246 sanctus
2962 3197 3070 3260 est,
3097 3198 3163 3249 ut
3193 3195 3382 3252 dicere
3412 3199 3536 3270 ipse
3565 3217 3784 3272 praesu-

2125 3276 2247 3328 mat
2271 3291 2318 3328 :«
2343 3274 2460 3346 Ego
2493 3276 2694 3345 justus
2742 3295 2896 3346 sum,
2922 3297 3026 3353 ego
3077 3299 3209 3338 sum
3262 3291 3570 3356 sanctus,»
3607 3290 3691 3345 sic
3723 3295 3785 3347 et

2126 3360 2313 3417 multo
2343 3363 2531 3436 magis
2563 3367 2819 3422 cavenda
2847 3372 2934 3422 est
2964 3369 3083 3424 haec
3110 3370 3480 3444 blasphemia
3510 3377 3568 3431 in
3598 3378 3780 3449 Spiri-

2124 3454 2251 3504 tum
2283 3457 2574 3521 sanctum,
2611 3456 2780 3526 cujus
2829 3457 3131 3529 proprium
3173 3477 3320 3532 opus
3374 3468 3462 3520 est
3511 3466 3781 3524 remissio

2126 3543 2616 3610 peccatorum,ne
2646 3543 2897 3615 quisque
2939 3546 3114 3603 homo
3156 3548 3380 3605 homini
3428 3553 3617 3609 dicere
3668 3571 3783 3611 au-

2126 3628 2257 3682 deat
2280 3629 2356 3699 (2)
2378 3646 2429 3684 :«
2453 3630 2570 3700 Ego
2592 3636 2829 3702 peccata
2847 3637 2949 3689 tua
2969 3635 3256 3693 dimitto.»
3278 3639 3333 3693 Si
3357 3642 3514 3696 enim
3546 3642 3655 3698 hoc
3679 3660 3782 3715 po-

2125 3719 2257 3784 test,
2284 3721 2472 3787 potest
2500 3726 2929 3791 consequenter
2955 3721 3099 3778 illud
3133 3726 3322 3782 dicere
3347 3744 3395 3782 τα
3425 3730 3542 3801 Ego
3574 3734 3628 3786 te
3650 3733 3782 3802 jus-

2122 3805 2307 3871 tiﬁco;
2337 3828 2358 3855 ιο
2385 3809 2441 3860 et
2471 3823 2586 3862 non
2617 3809 2688 3863 de
2719 3809 2842 3864 solo
2867 3814 2978 3866 Deo
3001 3811 3283 3883 dicemus,
3309 3816 3461 3873 Deus
3483 3818 3582 3890 qui
3602 3819 3754 3890 justi

2125 3893 2260 3947 ﬁcat
2289 3891 2538 3966 impium
2566 3914 2577 3950 :
2603 3897 2760 3967 quod
2787 3901 2905 3954 tam
2937 3898 3184 3972 impium
3207 3907 3296 3958 est
3324 3906 3493 3961 corde
3523 3908 3780 3980 cogitare

2123 3997 2302 4052 quam
2331 3982 2677 4055 sacrilegum
2711 4002 2808 4040 ore
2838 3987 3112 4058 proferre.

2195 4071 2468 4126 Poterant
2497 4076 2694 4128 autem
2725 4075 2827 4144 qui
2856 4074 3193 4147 hujusmodi
3225 4084 3381 4148 sunt,
3412 4086 3468 4137 et
3497 4083 3646 4139 hanc
3678 4102 3777 4141 ca-

2124 4156 2413 4213 lumniam
2436 4158 2601 4215 facile
2622 4162 2894 4230 devitare,
2912 4168 2968 4219 et
2990 4170 3196 4222 caetera
3216 4170 3414 4226 omnia
3437 4171 3620 4228 multo
3641 4173 3783 4231 sim-

2124 4246 2331 4316 plicius
2355 4263 2544 4319 agere,
2559 4250 2608 4303 si
2626 4252 3048 4308 venerabilium
3069 4256 3373 4313 doctorum
3391 4275 3643 4330 quorum
3662 4279 3782 4320 ser-

2127 4351 2329 4390 mones
2361 4335 2692 4394 fructuosos
2732 4340 2994 4410 quotidie
3035 4344 3300 4410 audiunt,
3325 4345 3543 4404 imitari
3583 4365 3782 4408 exem-

2127 4422 2223 4495 pla
2255 4424 2484 4481 vellent.
2506 4425 2595 4480 Illi
2619 4427 2775 4482 enim
2799 4445 2933 4484 cum
2966 4432 3036 4487 ad
3069 4433 3228 4488 verbi
3251 4435 3433 4490 divini
3465 4441 3784 4498 tractatum

2127 4528 2189 4567 se
2211 4514 2614 4585 expediebant,
2639 4516 2828 4586 primo
2853 4519 3116 4576 omnium
3140 4524 3522 4580 attentionem
3545 4528 3789 4586 audien-

2131 4687 2339 4743 deinde
2377 4688 2624 4761 ingressi
2673 4694 3062 4766 evangelicam
3095 4698 3213 4754 sive
3262 4702 3640 4772 apostolicam
3673 4721 3782 4763 seu

2127 4776 2302 4831 etiam
2334 4777 2732 4866 propheticam
2761 4783 3248 4854 explanationem,
3272 4805 3375 4860 pro
3397 4789 3569 4862 captu
3596 4809 3782 4866 popu-

2124 4865 2264 4921 laris
2293 4864 2686 4939 intelligentiae
2732 4873 3110 4944 mysticorum
3155 4893 3435 4935 sensuum
3465 4864 3776 4953 caliginem

2124 4953 2443 5010 dilucidare
2476 4958 2807 5026 studebant,
2842 4965 3018 5032 atque
3063 4965 3215 5019 inter
3244 4967 3443 5024 omnia
3490 4971 3775 5026 terrorem

2122 5041 2377 5098 incutere
2412 5046 2718 5116 peccatori.
2743 5047 2849 5102 Per
2882 5050 3306 5108 confessionem
3329 5072 3461 5127 vero
3495 5059 3552 5111 et
3584 5058 3773 5129 pugni-

2118 5130 2362 5185 tentiam
2394 5133 2619 5188 veniam
2655 5135 2932 5206 polliceri,
2951 5140 3183 5210 justum
3216 5144 3287 5197 ad
3321 5144 3531 5200 melius
3562 5147 3770 5202 exhor-

2117 5219 2246 5286 tari,
2282 5225 2406 5274 tum
2457 5222 2526 5276 de
2576 5223 2957 5282 instabilitate
3014 5246 3207 5284 rerum
3257 5233 3656 5305 presentium,
3698 5235 3772 5292 de

2116 5308 2396 5362 brevitate
2427 5314 2601 5382 atque
2647 5312 3057 5372 incertitudine
3100 5319 3275 5390 hujus
3307 5321 3461 5391 vitis,
3482 5323 3553 5378 de
3577 5323 3770 5394 futuri

2114 5397 2400 5453 examinis
2433 5399 2757 5469 severitate,
2787 5408 3080 5474 postremo
3112 5407 3184 5463 de
3214 5408 3494 5466 ineffabili
3523 5411 3772 5482 beatitu-

2111 5485 2245 5541 dine
2291 5492 2652 5556 sanctorum,
2686 5491 2755 5547 de
2800 5492 3203 5553 infelicissima
3233 5499 3606 5557 damnatione
3657 5502 3768 5556 im-

419 5614 495 5684 (2)
528 5615 608 5668 Ex
637 5617 756 5668 tota
785 5603 1249 5684 hujus_epistola:
1283 5598 2043 5684 seriegapparet,auctorem
2097 5592 2257 5650 illius
2305 5594 2479 5652 aliam
2530 5613 2645 5653 non
2678 5599 2986 5659 admisisse
3026 5604 3411 5665 absolutionis
3459 5607 3517 5664 in
3571 5625 3769 5667 sacra-

351 5665 933 5756 menta—poenitentiae
967 5665 1303 5744 formulam,
1336 5665 1457 5729 nisi
1480 5665 1958 5740 (leprecatoriam.
