3946 6392
331 406 448 472 699

1066 398 1259 463 SJEG.
1302 395 1382 461 Χῐ
1427 396 1654 462 AUGT.
1698 398 2016 464 INGERTI
2059 403 2246 465 ANNI
2288 404 2390 466 ΕΤ
2434 403 2735 470 SGBIPT.
2777 415 3013 468 ’Amm

3609 410 3734 472 700

330 543 453 600 dire
483 537 877 606 nolens,extra
905 531 1051 590 ﬁnes
1083 536 1313 589 nostros
1344 531 1509 604 sequi
1539 550 1599 588 se
1627 550 1744 589 non
1775 534 1972 590 admo-
1999 534 2055 602 Α
2083 534 2142 591 in
2173 535 2379 594 alienis
2410 538 2676 611 partibus
2729 540 3048 597 affuturum
3093 536 3386 608 invitavit;
3417 538 3502 598 ita
3529 543 3729 599 tamen

330 632 478 698 nuit,
512 630 713 684 dicens
768 643 830 681 se
887 623 1279 680 narrationem
1335 626 1594 677 nostram
1634 622 1974 680 auditurum

329 719 651 775 Vindocino
680 715 767 771 vel
801 713 951 785 apud
980 714 1314 767 Carnotum.
1342 710 1593 782 Uterque
1623 711 1783 766 locus
1808 713 1975 767 nobis

330 809 578 865 nimium
611 803 958 861 contrarius.
992 801 1137 856 Hinc
1189 800 1344 872 quod
1374 799 1630 871 undique
1662 800 1970 856 imminen-

327 899 485 955 tibus
517 893 748 950 insidiis
778 891 1188 956 hostium,tam
1222 906 1532 944 munerum
1566 905 1740 959 quam
1775 906 1970 960 perso-

327 1002 537 1043 narum
550 983 649 1039 tali
663 977 1677 1053 quaestionicongruentium,copiam
1693 977 1828 1032 illuc
1842 995 1973 1032 con-

325 1077 538 1131 ducere
561 1072 732 1128 nobis
744 1073 830 1124 vel
849 1066 1211 1139 impossibile
1224 1067 1413 1122 stabat
1425 1065 1508 1121 vel
1531 1065 1966 1121 difﬁcillimum.

325 1165 466 1219 Inde
497 1161 653 1234 quod
667 1155 1014 1215 adversariis
1026 1156 1224 1210 aderat
1247 1153 1691 1222 facultas,sicuti
1716 1155 1969 1210 dominis

325 1253 446 1309 sive
473 1247 810 1306 domesticis
839 1244 997 1300 illius
1028 1243 1436 1316 regionis,tam
1468 1244 1728 1314 pecuniae
1748 1244 1818 1298 ad
1843 1243 1969 1298 ani-

324 1358 451 1396 mos
473 1339 743 1410 judicum
792 1333 1268 1403 corrumpendos,
1302 1348 1479 1403 quam
1528 1332 1848 1386 amicorum
1894 1333 1966 1387 ad

323 1429 510 1501 ipsam
535 1423 827 1496 justitiam
853 1421 1041 1491 magis
1062 1419 1402 1491 garrulitate
1433 1419 1966 1490 impudenti,quam

321 1515 595 1573 facundia
625 1510 904 1567 laudabili
955 1509 1392 1578 pervertendam
1434 1510 1781 1563 astutorum.
1817 1508 1965 1574 Quid

319 1621 453 1677 ergo
470 1603 606 1658 ?Vix
621 1617 755 1656 cum
775 1598 977 1670 paucis
995 1595 1640 1668 suifragiis,Vindocino
1654 1596 1962 1668 praeterito,

319 1695 631 1749 Carnotum
662 1688 935 1759 ingressi,
968 1685 1027 1739 in
1070 1684 1229 1740 curia
1277 1684 1568 1755 pontiﬁcis
1602 1688 1666 1738 A.
1704 1683 1963 1754 [Artaldi]

316 1776 835 1837 Vindocinensium
869 1775 1164 1845 quondam
1184 1773 1452 1827 monachi
1476 1772 1676 1828 multis
1699 1773 1964 1844 personis

2086 627 2240 697 quod
2291 626 2338 682 si
2390 644 2494 682 nec
2541 626 2625 682 illi
2671 629 2913 700 quaestio
2967 630 3254 699 ﬁniretur,
3289 631 3535 686 Romam
3589 632 3731 687 item

2085 716 2945 788 repeteremus.lmpedimentis
2977 734 3082 774 nos
3114 734 3230 773 non
3262 733 3432 789 posse
3454 722 3574 774 tres
3596 718 3733 774 heb-

2083 801 2365 859 domadas
2382 805 2509 874 jam
2533 822 2731 861 secum
2754 806 3020 862 demotos
3036 805 3303 877 pluribus
3325 805 3521 878 palam
3543 811 3734 863 osten-

2063 889 2186 963 _sis,
2219 892 2480 964 excipere
2511 894 2918 949 necessitatem
2949 893 3156 950 noluit.

2151 979 2299 1042 Quid
2343 980 2552 1050 plura?
2599 982 2891 1038 Gaudium
2938 983 3009 1038 ab
3060 983 3379 1055 apostolica
3424 985 3735 1056 majestate

2077 1072 2272 1123 vestra
2320 1070 2596 1141 adeptum
2645 1071 3004 1143 benignitate
3032 1072 3276 1127 vertitur
3303 1072 3363 1127 in
3396 1090 3727 1129 maerorem.

2079 1157 2263 1220 Quam
2295 1174 2517 1228 aspere,
2553 1158 2670 1213 imo
2703 1176 2881 1230 quam
2913 1159 3227 1216 crudeliter
3273 1177 3379 1216 nos
3423 1155 3732 1230 deterruit,

2077 1246 2600 1317 exasperavit,cum
2630 1248 2984 1316 quibusdam
3017 1247 3246 1319 publice
3279 1249 3594 1317 contendit,
3624 1267 3732 1320 op-

2076 1333 2378 1404 probrium
2411 1335 2562 1402 fecit,
2591 1339 2647 1390 et
2674 1335 2734 1390 in
2765 1335 3050 1392 absconso
3082 1354 3234 1408 saepe
3273 1338 3376 1409 jus
3407 1338 3726 1407 facturum,

2077 1421 2126 1475 si
2159 1422 2480 1478 Romanam
2503 1424 2788 1494 synodum
2814 1425 3728 1496 expeteremus,promisit.Quam

2075 1509 2383 1566 inhoneste
2449 1511 2880 1567 Frotmundum
2939 1513 3086 1568 bene
3138 1515 3303 1569 vobis
3371 1518 3597 1584 notum,
3660 1532 3734 1572 ex

2075 1597 2325 1669 hospitio
2358 1615 2462 1653 suo
2494 1598 2619 1669 ipse
2649 1599 2940 1670 pulsando
2991 1601 3268 1656 manibus
3299 1601 3423 1657 suis
3455 1601 3732 1674 expulit?

2077 1685 2397 1741 Fastidium
2427 1687 2591 1742 vobis
2621 1687 2743 1742 ﬁeri
2773 1691 3118 1758 metuentes,
3154 1689 3369 1761 quippe
3399 1690 3624 1746 homini
3654 1692 3728 1747 de

2073 1775 2256 1829 tantis
2303 1775 2477 1830 rebus
2525 1775 2798 1830 tractanti
2859 1793 2972 1831 non
3036 1777 3256 1833 fuimus
3297 1778 3448 1844 ausi,
3474 1779 3724 1850 justitiaa

316 1875 436 1927 tam
470 1869 580 1924 sub
614 1863 966 1928 monachali,
999 1878 1176 1934 quam
1208 1861 1316 1917 sub
1348 1861 1598 1916 clericali
1631 1861 1962 1955 habitude-
1995 1891 2042 1955 B
2076 1863 2463 1932 adipiscendae
2514 1879 2772 1955 omnem_
2798 1881 2962 1935 spem
3013 1882 3254 1936 prorsus
3305 1866 3572 1923 abscidit.
3605 1871 3726 1924 Nos

317 1955 744 2032 gentibus,ipso
767 1951 1229 2008 G.narrationem
1253 1967 1388 2005 cum
1412 1950 1717 2004 contrariis
1742 1948 1962 2004 nullius

317 2045 584 2119 opposita
605 2039 1012 2112 objicientibus
1046 2037 1317 2110 ponderis
1349 2037 1685 2104 habuimus,
1723 2055 1840 2107 qua
1869 2037 1963 2093 his

317 2139 419 2192 aut
447 2131 702 2204 amplius
732 2131 879 2184 duos
908 2127 1031 2182 dies
1063 2126 1490 2182 dilucidissime
1521 2129 1959 2196 perorata,cun-

316 2225 425 2282 ctis
452 2227 866 2297 pratereorum
883 2219 1134 2274 fautores
1158 2215 1738 2282 susurrantibus,seu
1763 2219 1960 2286 aperte

314 2311 746 2370 afﬁrmantibus
775 2307 1117 2363 S.Albinum
1159 2321 1398 2360 causam
1442 2304 1657 2358 habere
1696 2303 1959 2374 justissi-

316 2418 472 2457 mam
494 2404 550 2456 et
567 2393 1207 2454 honestissimamzillos
1230 2409 1364 2447 vero
1377 2390 1855 2447 econtrario.Nos
1871 2408 1959 2447 ex-

314 2491 642 2563 spectantes
673 2485 999 2542 sententias
1016 2482 1290 2554 judicum
1319 2497 1388 2536 ex
1417 2479 1760 2534 auctoritate
1787 2497 1957 2535 cano-

311 2596 452 2634 num
483 2581 539 2633 et
559 2573 871 2631 cardinalis
906 2571 1305 2627 deﬁnitionem
1329 2569 1500 2638 juxta
1544 2585 1701 2640 papas
1740 2585 1956 2640 praece-

312 2671 498 2740 ptum,
530 2663 693 2720 nulla
721 2679 856 2718 eum
890 2658 1247 2731 impediente
1280 2657 1684 2728 repugnantia,
1719 2660 1956 2728 excepto

311 2752 752 2812 Carnotensium
780 2749 1072 2821 episcopo,
1107 2744 1362 2811 homine,
1398 2748 1460 2799 ut
1501 2745 1723 2813 dicunt,
1758 2760 1954 2799 versu-

312 2844 525 2900 tiarum
559 2840 866 2912 magistro;
919 2852 988 2890 ex
1037 2837 1319 2889 conventu
1363 2831 1488 2903 ipse
1538 2831 1852 2888 cardinalis
1900 2836 1956 2887 et

312 2932 624 3005 pradictus
654 2931 720 2984 A.
748 2927 808 2982 in
843 2924 1140 2997 quoddam
1171 2921 1560 2976 diversorium
1611 2921 1954 2977 consulendi

309 3021 498 3095 gratia
527 3019 950 3075 conduxerunt.
982 3009 1162 3067 Nobis
1185 3013 1379 3065 autem
1401 3010 1834 3081 possessionem
1866 3027 1954 3086 ec:

308 3110 494 3166 clesize
516 3111 652 3179 jure
681 3100 1048 3160 haereditario
1081 3098 1348 3154 stabilem
1380 3102 1614 3170 propter
1640 3099 1949 3170 pecuniam

307 3200 677 3254 numeratam
701 3189 1080 3248 renuentibus
1093 3204 1160 3242 ex
1171 3187 1446 3259 petitione
1462 3204 1662 3242 eorum
1687 3187 1945 3254 alienari,

2072 1951 2250 2021 igitur
2280 1951 2519 2006 tristitia
2560 1951 2902 2008 constrictos
2954 1955 3263 2009 redeuntes
3311 1955 3621 2027 episcopus
3650 1961 3720 2012 A.

2072 2039 2356 2110 arripiens
2387 2040 2667 2095 ducentes
2697 2040 2877 2096 libras
2908 2045 3142 2113 propter
3171 2042 3475 2098 ecclesiam
3519 2049 3726 2101 contra

2071 2143 2360 2182 canonum
2393 2127 2698 2183 interdicta
2722 2128 2924 2184 multis
2955 2130 3226 2200 precibus
3257 2131 3571 2201 persuasit.
3597 2133 3720 2189 Heu

2071 2215 2266 2270 tristes
2295 2215 2353 2270 in
2385 2215 2656 2286 capitolia
2706 2233 2812 2272 suo
2860 2218 2996 2288 fuga
3037 2217 3285 2288 justitiae
3333 2218 3721 2291 compellente

2070 2304 2404 2358 annuimus.
2440 2303 2684 2374 Insuper
2713 2305 2785 2359 ab
2817 2306 3025 2361 abbate
3053 2310 3253 2362 nostro
3283 2307 3719 2380 extorsit,quod

2069 2390 2230 2445 illam
2262 2391 2701 2447 conventionem
2733 2392 2792 2446 in
2825 2393 3078 2464 capitulo
3110 2409 3216 2450 suo
3246 2395 3567 2451 Andecavis
3589 2411 3717 2451 mo-

2067 2479 2271 2536 nachis
2304 2478 2428 2534 suis
2457 2481 2670 2536 faceret
2699 2480 3031 2536 conﬁrmari
3067 2500 3078 2537 :
3113 2499 3229 2553 qua
3258 2483 3329 2538 de
3358 2499 3420 2539 re
3452 2485 3718 2541 nondum

2066 2584 2354 2624 consensu
2385 2568 2853 2640 congregationis
2877 2570 2934 2625 S.
2966 2569 3160 2625 Albini
3192 2570 3414 2640 audito,
3447 2573 3715 2630 chartam

2065 2660 2268 2712 contra
2290 2656 2774 2712 consuetudinem
2791 2657 2916 2712 ﬁeri
2945 2658 3194 2714 Carnoto
3207 2661 3719 2732 praecepitNoster

2064 2745 2244 2816 igitur
2265 2745 2664 2816 abbas,priore
2687 2761 2793 2800 suo
2824 2745 3197 2813 absente,nec
3213 2747 3428 2804 vocatis
3449 2749 3710 2819 decauis,

2064 2850 2168 2889 nec
2198 2833 2338 2888 viris
2363 2833 2604 2904 majoris
2633 2831 3028 2905 intelligentia
3069 2839 3127 2890 et
3177 2837 3387 2902 aetatis,
3421 2837 3711 2895 minorem

2062 2926 2441 2994 partem,quae
2470 2937 2725 2992 praesens
2758 2922 2946 2978 inerat
2976 2923 3037 2976 in
3067 2923 3344 2995 capitulo,
3379 2942 3485 2981 suo
3529 2943 3711 2983 sensu

2060 3009 2148 3066 vel
2178 3013 2342 3065 aetate
2369 3009 2652 3081 puerilem
2682 3010 3050 3066 conventioni
3083 3029 3339 3068 annuere
3369 3012 3714 3086 coegit,qui-

2060 3099 2312 3154 busdam
2343 3103 2536 3170 aperte
2559 3098 3278 3171 repugnantibus,cunctis
3289 3117 3435 3173 pene
3457 3101 3713 3159 claman-

2058 3187 2237 3254 tibus,
2273 3203 2334 3242 se
2363 3187 2594 3253 invitos,
2624 3203 2685 3241 se
2714 3191 2964 3255 coactos,
2998 3187 3102 3242 tali
3128 3190 3479 3246 concordare
3518 3194 3713 3262 pacto.

307 3285 558 3344 asseruit
587 3278 902 3339 cardinalis
924 3293 985 3332 se
1012 3276 1155 3331 nihil
1169 3275 1782 3347 causzcimpositurum
1806 3277 1946 3331 deﬁ-
1978 3248 2022 3316 θ
2062 3275 2223 3330 Unde
2253 3275 2404 3331 inter
2429 3292 2534 3330 nos
2563 3275 2781 3331 exarsit
2809 3276 3101 3332 contentio
3134 3278 3296 3349 pejor
3316 3295 3494 3348 quam
3526 3278 3712 3336 civilis

307 3374 546 3430 nitionis
574 3373 635 3425 in
666 3367 927 3425 sessione
959 3365 1247 3437 praesenti,
1269 3365 1488 3435 jubens
1533 3380 1729 3419 secum
1763 3364 1845 3419 ire
1877 3365 1948 3419 ad

305 3462 464 3520 aliud
477 3457 790 3515 concilium
809 3455 1066 3510 Parisius
1079 3458 1440 3526 postpaucos
1453 3453 1577 3508 dies
1589 3452 1947 3508 adfuturum.

302 3552 420 3606 Nos
449 3547 658 3603 veroin
679 3545 804 3616 ipso
827 3544 1033 3599 itinere
1051 3542 1579 3614 arripiens,cuique
1609 3540 1950 3614 singulatim

304 3653 506 3709 capere
539 3651 812 3689 nummos
840 3632 1463 3702 suadendo,quantum
1494 3647 1950 3702 precum,quan-

303 3734 429 3784 tum
455 3723 769 3789 minarum,
806 3738 958 3776 nunc
992 3720 1370 3785 blandiendo,
1409 3735 1563 3773 nunc
1605 3719 1948 3774 deterrendo

301 3813 688 3884 consumpsit,
722 3811 778 3865 in
812 3808 1058 3881 epistola
1089 3808 1263 3863 scribi
1297 3824 1410 3862 non
1442 3806 1663 3878 potuit:
1690 3807 1792 3863 Vel
1816 3808 1950 3863 inde

300 3904 402 3958 lux
445 3900 658 3956 clarius
708 3898 978 3969 apparuit
1027 3912 1156 3951 eum
1216 3895 1404 3966 magis
1445 3899 1714 3966 paratum
1754 3900 1949 3966 partes

300 4007 502 4049 eorum
553 3987 880 4061 specialiter
933 3985 1263 4052 defendere,
1326 4001 1504 4055 quam
1557 3984 1705 4040 inter
1755 3988 1948 4056 partes

299 4077 704 4152 aequanimiter
725 4075 1012 4146 judicare,
1047 4089 1182 4129 cum
1213 4071 1369 4145 leges
1402 4073 1708 4129 saeculares
1757 4073 1948 4144 prohi-

298 4171 440 4226 bent
464 4183 638 4240 quem
671 4164 1037 4220 defensorem
1071 4161 1248 4217 simul
1278 4177 1404 4218 esse
1437 4168 1488 4217 et
1504 4162 1948 4232 judicem.Pari-

300 4258 422 4314 sius
455 4256 632 4312 etiam
665 4252 918 4308 multum
950 4255 1002 4306 et
1036 4268 1069 4306 a
1099 4250 1412 4306 multis.....
1447 4254 1617 4306 xatus
1658 4267 1944 4306 coram....

298 4345 706 4419 episcopisque
739 4341 1005 4414 pluribus
1031 4339 1129 4410 qui
1163 4340 1422 4406 aderant,
1457 4343 1523 4394 ut
1556 4340 1732 4394 ﬁnem
1762 4338 1947 4395 labori

300 4439 498 4492 nostro
530 4434 713 4498 daret,
747 4431 997 4486 testibus
1030 4429 1246 4484 nostris
1279 4428 1686 4500 praesentibus,
1711 4429 1812 4498 jus
1844 4445 1947 4484 no-

301 4531 489 4581 strum
521 4521 813 4578 afﬁrmare
844 4518 1228 4589 paratis,cum
1261 4517 1443 4573 nimia
1473 4517 1561 4572 ira
1590 4515 1734 4571 nihil
1757 4516 1949 4588 profu-

301 4618 464 4669 turos
499 4609 880 4681 respondens,
914 4607 987 4661 ad
1018 4604 1160 4662 illud
1206 4606 1401 4662 nescio
1448 4606 1604 4676 quod
1638 4603 1950 4661 consilium
1980 4614 2029 4678 D

307 4728 2008 4763 ω

2060 3363 2292 3432 seditio,
2323 3380 2390 3419 ac
2419 3367 2653 3435 propter
2700 3363 2809 3419 hoc
2857 3380 3113 3435 praesens
3164 3364 3386 3422 malum
3429 3367 3712 3423 noveritis

2059 3453 2196 3508 hinc
2226 3452 2554 3524 germinare
2575 3469 2691 3508 non
2723 3469 2966 3523 parvum
2990 3454 3251 3510 Ecclesia:
3277 3454 3511 3511 inantea
3531 3456 3716 3511 detri-

2060 3545 2347 3596 mentum.
2381 3541 2528 3597 Nam
2559 3540 2704 3596 nulli
2733 3540 2990 3597 ecclesiae
3023 3542 3280 3598 ministri
3303 3542 3714 3600 auctoritatem

2059 3646 2126 3684 ex
2155 3628 2473 3700 apostolico
2505 3629 2694 3701 legato
2728 3628 3315 3698 retinentes,vendere
3345 3634 3446 3687 aut
3494 3631 3714 3688 donare

2060 3719 2316 3789 amplius
2376 3718 2750 3786 verebuntur,
2805 3718 3290 3790 parvipendentes
3349 3718 3712 3777 calumniam

2059 3823 2383 3878 pauperum
2396 3807 2467 3862 ab
2487 3807 2823 3862 haereditate
2852 3805 3246 3863 ecclesiastica
3278 3807 3489 3880 stipem
3511 3824 3716 3881 exspe-

2059 3895 2440 3951 ctantium.Et
2472 3895 2578 3950 hoc
2609 3912 2712 3966 pro
2743 3899 2898 3951 certo
2922 3895 3386 3962 sciatis,nullum
3411 3897 3708 3968 deinceps,

2059 3985 2258 4041 audito
2289 4001 2478 4040 causae
2511 3988 2719 4038 nostris
2750 3983 3146 4049 ﬁne,Romam
3179 3985 3502 4056 petiturum
3532 4002 3714 4043 causa

2051 4073 2321 4143 justitias.
2357 4072 2418 4127 In
2451 4072 2717 4127 oreenim
2750 4072 3014 4128 omnium
3043 4071 3295 4129 volvitur
3313 4072 3464 4130 illud
3485 4091 3715 4146 prover-

2055 4163 2219 4216 bium
2250 4161 2907 4233 Jugurtinumzﬁomam
2937 4160 3200 4218 venalem
3226 4178 3373 4231 esse,
3397 4163 3447 4218 si
3479 4167 3709 4236 empto-

2057 4266 2180 4306 rem
2210 4248 2513 4315 invenerit,
2544 4253 2602 4304 et
2631 4265 2834 4306 omnes
2861 4249 3046 4305 Roma
3074 4249 3461 4307 discedentes.
3497 4251 3712 4318 Quare,

2055 4339 2142 4394 vir
2171 4337 2647 4409 prudentissime,
2681 4338 2829 4393 tanti
2863 4338 3051 4393 morbi
3082 4337 3488 4409 pullulationis
3533 4339 3714 4397 resis-

2057 4427 2181 4493 tite,
2215 4441 2286 4481 ne
2318 4429 2443 4481 rata
2474 4429 2773 4482 remaneat
2802 4425 3116 4483 elaborate.
3150 4426 3267 4483 Hoc
3297 4427 3606 4499 apostolici
3637 4429 3718 4486 vi-

2057 4514 2261 4587 gilanti
2293 4515 2609 4586 suggerite,
2643 4519 2707 4569 ut
2738 4515 2809 4571 ad
2842 4513 3091 4570 nihilum
3125 4516 3444 4588 redigatur.

2015 4726 3717 4758 mm

986 4843 1758 4956 ANONYMI
1857 4839 3059 4954 FISCANNENSIS

1738 5025 2294 5112 LIBELLUS

545 5173 636 5228 DE
677 5169 1197 5232 REVELATIONE,
1237 5166 1754 5221 AEDIFICATIONE
1792 5167 1878 5221 ET
1924 5166 2422 5223 AUCTORITATE
2466 5163 2962 5220 FISCANNENSIS
3003 5165 3467 5222 MONASTERII.

959 5295 1046 5361 (Ρι.
1079 5293 1140 5347 Ρ.
1173 5292 1292 5346 Art.
1326 5307 1401 5347 DU
1432 5294 1744 5359 MONSTIER,
1779 5291 2034 5348 Neuetria
2063 5293 2184 5358 Pia,
2220 5290 2517 5360 Rothomai

1493 5307 1744 5359 ONSTIER,
1779 5291 2034 5348 Neuetria
2063 5293 2184 5358 Pia,
2220 5287 2587 5361 Rothomagi,
2621 5288 2780 5358 1663,
2813 5306 2870 5361 p.
2904 5289 3051 5362 193.)

1819 5415 2218 5428 ——-—

1351 5485 2054 5582 ADMONITIO
2139 5485 2663 5581 PRZEVIA.

383 5660 629 5728 Quidam
653 5657 872 5731 opinati
894 5659 1032 5713 sunt
1052 5655 1344 5716 abbatiam
1369 5655 1821 5716 Fiscannensem
1843 5673 1910 5716 ex
1927 5658 2344 5718 recentioribus
2362 5670 2490 5714 esse
2511 5669 2637 5726 quae
2660 5653 2769 5712 sub
2792 5653 2968 5713 ﬁnem
2992 5656 3259 5713 secundae
3283 5652 3486 5726 stirpis
3508 5666 3717 5725 regum
