3946 6360
179 392 303 458 τοι·
932 435 940 442 .
1343 383 1737 462 ἈΝΟΝΥΜῘ]

2025 395 2414 458 lNNENSIS.
3349 383 3355 389 ’
3463 397 3583 460 702

183 525 544 586 Francorum
569 526 802 604 initium
835 525 1167 604 sumpsere;
1201 535 1260 604 at
1280 547 1457 602 quam
1479 531 2087 604 longeiaberraverint,
2109 531 2240 604 inde
2265 529 2478 604 clarius
2501 527 2723 604 patebit
2743 529 2900 604 quod
2923 528 3124 604 eadem
3149 530 3401 597 abbatia,
3422 533 3587 604 prius

181 605 348 675 esset
367 603 787 675 monasterium
819 600 1380 675 sanctimonialium,
1412 600 1671 658 construi
1704 602 2115 675 coeptumal}.
2144 601 2461 675 Waningo,
2501 600 2622 675 viro
2655 600 3056 675 illustrissimo
3096 606 3358 675 tempore
3381 600 3442 675 Si
3471 607 3586 658 Au-

181 673 351 747 doeni
385 673 872 747 Rothomagensis
903 673 1448 747 archiepiscopo,_et
1475 675 1540 747 D_.
1563 672 2002 747 Wandregisili.
2038 672 2499 747 Fontanellehsis
2530 672 2778 747 abbatis,
2810 673 2962 727 circa
2988 672 3441 747 annum'Christi
3461 676 3586 747 662.

179 743 393 799 Verum
427 749 494 800 ut
523 743 757 800 debitus
789 747 949 813 ordo,
983 747 1042 800 in
1075 743 1478 817 compluribus
1507 745 1752 815 hujusce
1797 743 2020 817 inclytae
2054 745 2297 798 abbatiae
2332 743 2710 817 monimentis
2742 761 2880 799 mox
2913 761 2946 798 a
2976 744 3143 817 nobis
3175 746 3590 817 producendis,

181 822 680 888 serveturtoperae
699 817 947 888 pretium
965 823 1021 871 et
1037 815 1400 888 dignumque
1419 816 1475 870 in
1500 815 2135 888 primisjudicavimus,
2160 815 2509 888 opusculum
2525 819 2692 888 vetus
2713 831 2823 870 ms.
2844 816 3182 888 venerandae
3202 816 3593 887 antiquitatis,

181 885 359 958 simul
391 893 449 941 et
477 885 763 943 historica:
793 888 1053 943 veritatis
1085 885 1455 942 schediasma
1485 885 1896 958 peroptimum,
1922 885 1980 940 in
2006 885 2677 958 lucem’nuncedendum
2699 893 2755 941 et
2785 885 3020 958 scholiis
3044 885 3398 958 quibusdam
3423 885 3595 943 illus-

181 957 480 1032 trandum,
513 975 628 1029 quo
657 963 779 1032 tota
809 959 891 1013 rei
921 958 1422 1032 historiczagseries
1454 955 1932 1032 comprobaretur
1960 973 2027 1012 ac
2055 956 2377 1032 fu_lcir_e_tur,
2413 955 2771 1032 animusque
2797 957 3037 1032 Benigni
3061 955 3302 1032 lectoris
3321 959 3596 1032 haudipa-

183 1045 311 1084 rum
348 1027 671 1155 jiilvaretur.
717 1031 915 1085 Exstat
963 1034 1160 1086 autem
1194 1029 1420 1085 Fiscani
1455 1027 1608 1100 apud
1659 1029 1726 1083 D.
1758 1027 2059 1084 Nicolaum
2093 1029 2164 1083 de
2217 1029 2562 1094 Marsseilles,
2611 1028 2860 1098 hujusce
2917 1027 3158 1082 abbatiaa
3209 1027 3596 1086 inﬁrmarium

184 1115 391 1155 monac
439 1116 560 1155 um.

184 1115 560 1156 monachum.

1361 1313 1768 1401 INCIPIT
1828 1310 2458 1398 PROLOGUS

185 1461 409 1542 Incipit
437 1461 688 1522 libellus
735 1463 813 1524 de
859 1463 1241 1524 revelatione
1291 1469 1352 1523 et
1407 1463 1790 1524 auctoritate
1843 1462 2276 1523 Fiscannensis
2325 1460 2718 1542 monasterii;
2770 1462 2830 1521 in
2895 1481 3019 1540 quo
3087 1463 3339 1541 quidem
3390 1465 3602 1528 libello

263 1541 545 1603 invenire
594 1548 792 1622 potes,
842 1544 892 1602 si
939 1544 1156 1604 sedulo
1210 1544 1407 1622 legas,
1460 1544 1740 1622 qualiter
1800 1544 2109 1603 aedificata
2159 1549 2219 1602 et
2267 1542 2554 1602 dedicata
2608 1541 2749 1616 fuit,
2798 1542 2967 1603 dicta
3014 1543 3445 1605 Fiscannensis
3497 1566 3598 1607 ec-

265 1622 479 1695 clesia,
512 1623 576 1682 in
608 1623 860 1684 nomine
889 1629 1122 1684 sanctae
1154 1629 1214 1683 et
1245 1623 1586 1684 individuee
1617 1623 1960 1684 Trinitatis.

258 1780 547 1838 Libellum
579 1782 651 1837 de
679 1781 1045 1846 revelatione,
1071 1781 1475 1849 zediﬁcatione',
1514 1785 1570 1836 et
1601 1782 1847 1836 auctori-
1877 1782 1930 1847 Α
1962 1780 2218 1851 quentis,
2249 1780 2462 1852 agresti
2494 1785 2551 1836 et
2571 1779 2815 1852 ignobili
2838 1780 3222 1853 stylo,aperui
3245 1787 3302 1838 et
3323 1787 3561 1864 exposui
3589 1804 3601 1853 ;

187 1873 305 1926 tate
317 1870 731 1925 Fiscannensis
746 1869 1284 1936 monasterii,Pater
1295 1869 1841 1940 inclyteGuillelme,

188 1958 517 2030 composui,
547 1962 605 2014 et
655 1959 1050 2030 compositum
1093 1963 1206 2013 tuae
1259 1958 1589 2013 dilectionis
1621 1958 1845 2013 sincero

182 2048 427 2120 judicio,
458 2048 868 2120 corrigendum
921 2052 977 2102 et
1027 2047 1494 2102 conﬁrmandum
1540 2047 1844 2113 destinavi,

193 2139 484 2209 quatenus
533 2140 647 2192 tuae
696 2135 1060 2192 celsitudinis
1115 2151 1414 2198 assensus,
1471 2140 1526 2190 et
1585 2134 1846 2189 libellum

196 2225 364 2280 edere
393 2223 710 2296 praecipiat,
743 2228 800 2279 et
829 2224 982 2280 edito
1023 2223 1221 2279 libello
1254 2224 1482 2294 pondus
1516 2231 1572 2278 et
1603 2225 1849 2278 auctori-

196 2317 378 2369 tatem
409 2314 712 2370 COncedat.
757 2314 874 2385 Ego
907 2313 1166 2384 quidem,
1224 2312 1390 2366 Pater
1435 2311 1648 2376 inclite,
1684 2313 1845 2383 iguo~

197 2402 450 2458 rantiam
465 2417 655 2458 meam
671 2401 1011 2457 maluissem
1027 2405 1188 2456 tanto
1203 2400 1430 2455 silentio
1444 2405 1654 2472 tegere,
1671 2417 1846 2472 quam

198 2489 450 2562 alicujus
479 2490 781 2562 scripturae
814 2489 1188 2561 praesumenti
1231 2488 1454 2559 judicio
1507 2488 1845 2560 publicare;

198 2579 320 2646 sed,
353 2579 600 2634 fratrum
628 2583 963 2642 nostrorum
990 2577 1259 2648 jussione
1281 2576 1525 2632 instanti
1548 2579 1600 2630 et
1624 2577 1846 2631 instan-

199 2667 279 2722 tia
299 2667 556 2738 jubenti,
609 2665 980 2738 compellitur
1032 2669 1231 2720 noster
1280 2666 1517 2719 animus
1559 2663 1849 2736 possibili-

197 2759 378 2812 tatem
401 2756 694 2822 excedere,
715 2754 1308 2826 suamquejustitiam
1333 2752 1656 2820 multorum
1683 2770 1848 2824 aspe-

197 2845 390 2900 ctibus
417 2843 726 2899 hominum
774 2843 1126 2914 improvisus
1159 2842 1402 2914 aperire.
1446 2840 1848 2913 Compellitur,

199 2933 465 3004 inquam,
490 2935 690 2988 noster
702 2931 935 2986 animus
954 2948 1124 2987 suam
1145 2930 1415 3004 ignorare
1435 2929 1848 3002 ignorantiam,

198 3025 255 3077 et
282 3013 622 3078 nostrorum
646 3021 887 3075 fratrum
913 3020 1139 3092 roganti
1162 3019 1409 3090 imperio
1429 3019 1697 3074 exhibere
1719 3020 1850 3074 obe-

1957 1869 2014 1922 in
2048 1885 2162 1940 quo
2196 1868 2392 1924 libello
2438 1869 2602 1924 nulla
2649 1868 2798 1924 falsa
2828 1868 3108 1924 fallaciter
3137 1871 3477 1943 interposui,
3511 1892 3604 1930 ve-

1958 1974 2088 2011 rum
2128 1974 2326 2012 sacras
2370 1957 2664 2022 historias,
2722 1958 3100 2029 antiquorum
3144 1960 3403 2016 virorum
3451 1963 3606 2018 ﬁdeli

1957 2047 2289 2102 narratione
2308 2047 2591 2119 cognitas,
2618 2063 2976 2118 suorumque
2997 2052 3364 2120 posterorum
3387 2053 3608 2108 tenacis

1959 2135 2251 2189 memoriae
2285 2135 2418 2191 sinu
2438 2135 2761 2190 custoditas
2784 2139 2840 2191 et
2867 2137 3083 2192 nostris
3108 2139 3472 2210 temporibus
3485 2157 3609 2197 suc-

1958 2223 2290 2278 cedentium
2313 2225 2567 2279 virorum
2593 2223 2852 2295 diligenti
2872 2225 3150 2281 relatione
3165 2225 3357 2283 illatas
3379 2230 3606 2301 scripsi,

1958 2314 2009 2366 et
2044 2312 2315 2382 scriptas,
2350 2312 2420 2365 ad
2462 2312 2866 2367 auctoritatem
2900 2313 3308 2370 Fiscannensis
3346 2317 3608 2378 ecclesias

1957 2403 2013 2454 et
2033 2400 2103 2453 ad
2119 2399 2427 2454 utilitatem
2443 2399 2762 2470 legentium
2779 2401 3023 2456 fratrum
3039 2403 3410 2475 edidi.Hujus
3431 2405 3611 2477 igitur

1957 2486 2137 2542 libelli
2187 2487 2561 2560 principium,
2621 2505 2735 2544 non
2781 2490 3069 2554 omnium,
3115 2493 3214 2545 sed
3264 2509 3606 2562 paucorum,

1957 2576 2140 2630 ration
2151 2576 2239 2630 abi
2251 2576 2391 2631 lium
2407 2575 2722 2631 relatorum
2737 2579 3141 2632 auctoritatem
3162 2584 3418 2649 secutus,
3439 2582 3611 2638 mira-

1958 2662 2156 2718 culum
2209 2665 2280 2718 de
2332 2681 2495 2719 cervo
2537 2666 2833 2736 preposui,
2885 2673 2943 2720 et
2983 2667 3151 2736 juxta
3197 2667 3608 2726 chronicaru'm

1959 2752 2312 2822 exquisitam
2376 2752 2762 2825 diligentiam,
2813 2754 2981 2808 ducis
3037 2756 3305 2827 Ansegisi
3355 2758 3609 2828 primam

1962 2840 2144 2895 fuisse
2193 2840 2603 2896 revelationem
2653 2843 2951 2909 constitui.
3005 2844 3164 2908 Quod
3204 2861 3334 2900 vero
3379 2847 3451 2901 ab
3482 2846 3609 2918 ipso

1961 2929 2201 3000 antiquo
2251 2930 2503 2998 exordio,
2557 2948 2670 2984 non
2722 2931 2987 3002 gloriosee
3036 2938 3092 2987 et
3139 2933 3610 2992 incontaminatis

1961 3017 2206 3087 virginis
2253 3017 2467 3083 Maria,
2501 3024 2566 3074 ut
2610 3020 2851 3090 quidam
2898 3020 3121 3089 volunt,
3166 3023 3265 3077 sed
3312 3027 3524 3079 sanctae
3556 3029 3613 3080 et

199 3109 479 3165 dientiam
499 3133 513 3176 ς
537 3109 629 3164 cui
661 3108 1013 3174 exhibendae,
1036 3112 1093 3163 et
1121 3107 1641 3177 mentisjudicium
1675 3107 1855 3162 nulla-
1881 3143 1930 3208 Β
1965 3105 2284 3161 individua
2337 3107 2637 3163 Trinitatis
2667 3108 2860 3174 titulo,
2907 3107 3247 3182 insignitam
3279 3110 3460 3167 fuisse
3489 3113 3612 3168 Fis-

201 3203 376 3254 tenus
409 3197 745 3269 acquiescit,
799 3201 856 3253 et
886 3197 1167 3269 propositi
1210 3197 1566 3252 verecundia
1615 3196 1852 3251 omnino

202 3279 570 3343 contradicit.
602 3287 839 3355 Verum,
865 3302 998 3341 cum
1021 3284 1346 3341 obedientia
1377 3289 1598 3351 sancta,
1624 3284 1853 3340 nullum

205 3392 353 3449 opus
386 3373 624 3430 difﬁcile
651 3374 741 3430 vel
767 3373 1132 3446 impossibile
1158 3376 1412 3440 excuset,
1449 3377 1549 3427 aut
1580 3390 1856 3428 excusare

204 3464 435 3529 debeat,
468 3461 568 3517 diu
602 3465 885 3517 cunctans
924 3463 1362 3533 multarumque
1385 3462 1854 3532 procrastinatio-

204 3566 348 3607 num
381 3550 651 3606 iuducias
680 3551 930 3622 ﬁngens,
961 3552 1204 3622 urgente
1237 3551 1501 3605 fraternae
1531 3550 1858 3606 dilectionis

196 3639 477 3696 continua
492 3639 786 3710 jussione,
805 3656 952 3693 onus
965 3640 1198 3694 tandem
1219 3639 1589 3710 imperatum,
1605 3637 1855 3708 suscepi,

197 3733 254 3784 et
281 3727 700 3785 Fiscannensis
755 3727 1097 3783 monasterii
1147 3728 1402 3795 exordia,
1439 3726 1619 3781 libelli
1654 3727 1859 3782 subse-

1964 3211 2317 3250 cannensem
2356 3195 2659 3251 ecclesiam
2692 3201 3036 3268 prosecutus
3086 3217 3239 3254 sum.
3289 3200 3455 3256 Ratio
3503 3202 3613 3257 fuit

1963 3286 2254 3354 quatenus
2283 3300 2403 3338 rem
2437 3285 2794 3356 ambiguam,
2826 3286 2881 3338 in
2907 3286 3068 3341 illam
3100 3288 3450 3345 declinarem
3481 3307 3611 3345 scn—

1964 3371 2227 3439 tentiam,
2262 3389 2388 3444 quae
2421 3371 2641 3428 nullius
2670 3373 2943 3430 falsitatis
2964 3381 3419 3450 consequeretur
3446 3379 3608 3451 igno~

1965 3461 2230 3515 miniam.
2267 3461 2469 3516 Omnis
2500 3462 2656 3516 enim
2675 3463 2937 3530 ecclesia,
2966 3463 3103 3519 licet
3134 3465 3311 3531 illius,
3338 3467 3611 3522 velistius

1966 3549 2366 3620 distinguatur
2389 3549 2561 3604 titulo
2612 3550 2815 3616 sancti,
2867 3551 3269 3622 principaliter
3307 3554 3607 3621 fundatur,

1969 3637 2362 3703 constituitur,
2399 3638 2718 3704 dedicatur,
2758 3640 2866 3692 sub
2918 3641 3153 3695 nomine
3201 3645 3258 3695 et
3288 3643 3611 3713 patrocinio

1970 3730 2182 3781 sanctae
2217 3730 2273 3780 et
2304 3726 2616 3780 inclividuae
2649 3726 2969 3783 Trinitatis.

1525 3853 1774 3922 Earplz'cit
1797 3853 2070 3923 prologus.

2338 4001 3612 4026 ____.__._.______________

1330 4101 1737 4199 INCIPIT
1794 4113 2476 4200 TRACTATUS

240 4281 584 4358 ,Postquam
626 4303 870 4343 summae
921 4288 1153 4344 deitatis
1213 4287 1528 4363 ineffabilia
1569 4288 1844 4355 Trinitas,

192 4391 310 4432 suae
341 4375 663 4454 clementiae
681 4393 892 4433 arcano
924 4377 1188 4444 consilio,
1222 4376 1539 4432 humanam
1573 4381 1842 4432 naturam

189 4459 463 4536 liberare,
493 4465 722 4537 antiqui
749 4466 1039 4539 serpentis
1079 4466 1395 4522 virulentas
1439 4465 1850 4537 persuasiones

188 4551 497 4624 publicare
543 4553 854 4626 disposuit,
923 4556 1231 4627 cujusdam
1291 4555 1539 4627 virginis
1597 4555 1852 4626 corporis

189 4641 643 4698 incontaminati
662 4646 886 4714 partem
907 4643 1684 4713 incontaminatam,excluso
1698 4643 1849 4698 virili
1891 4719 1894 4722 ί

187 4745 382 4802 opere,
426 4730 898 4788 inenarrabiliter
925 4731 1080 4800 tulit,
1104 4749 1305 4803 quam,
1332 4732 1594 4788 humana
1634 4733 1849 4805 speciei

188 4819 542 4892 compagine
571 4819 854 4876 divinitus
868 4821 1311 4889 conformatam,
1338 4821 1608 4877 rationali
1630 4822 1845 4886 anima,

188 4907 486 4963 urbertate
511 4907 691 4964 totius
713 4909 958 4965 cmlestis
980 4910 1179 4983 gratiae
1198 4909 1504 4965 fecundata
1528 4911 1846 4977 viviﬁcans,

191 4995 252 5052 in
283 4997 526 5068 perfecti
547 4997 804 5054 hominis
819 4999 1212 5054 substantiam
1237 4999 1566 5070 composuit
1587 5004 1644 5055 et
1675 5016 1848 5072 expo-

189 5082 337 5141 livit.
391 5085 576 5141 Istum
629 5103 786 5159 ergo,
836 5105 905 5144 ex
952 5089 1300 5162 incorrupta
1349 5087 1608 5160 Virginis
1659 5093 1844 5156 utero,

190 5168 492 5229 hominem
536 5172 663 5229 sine
710 5173 965 5242 homine,
1001 5179 1124 5231 tota
1153 5176 1390 5247 quidem
1437 5181 1636 5231 sancta
1670 5180 1726 5232 et
1759 5177 1845 5231 in-

195 5261 631 5318 commutabilis
647 5261 946 5320 Trinitatis
959 5265 1308 5337 composuit,
1325 5265 1737 5333 sanctiﬁcavit;
1760 5281 1850 5321 vc-

194 5364 325 5405 rum
350 5350 529 5406 Verbi
551 5350 734 5407 solius
757 5353 1110 5422 sublimitas,
1127 5370 1244 5409 suae
1261 5353 1634 5426 proprietatis
1657 5370 1850 5426 perso-

195 5453 329 5494 nam
352 5439 742 5511 personaliter
763 5443 1005 5498 sociavit
1025 5447 1081 5498 et
1102 5444 1402 5514 conjunxit
1422 5445 1516 5514 (1).
1533 5444 1849 5515 Oportebat

195 5527 350 5582 enim
400 5529 633 5584 duabus
692 5532 959 5602 personis
1009 5533 1240 5588 obedire
1289 5549 1488 5599 unam,
1552 5549 1677 5604 quae.
1727 5549 1848 5587 suae

268 5652 345 5723 (1)
375 5653 555 5710 Caute
586 5654 706 5710 haec
737 5655 1024 5729 legenda.-

1957 4287 2312 4344 humilitatis
2335 4289 2620 4361 exemplo,
2659 4293 2956 4347 creaturas
2978 4291 3338 4361 informaret,
3362 4293 3615 4366 qualiter

1958 4375 2260 4431 inferiores
2293 4395 2398 4433 suo
2451 4378 2705 4433 Creatori
2739 4379 3058 4449 obedirent,
3111 4397 3244 4436 cum
3277 4381 3348 4437 ab
3380 4381 3611 4454 aequali,

1962 4463 2284 4534 aequalibus
2319 4468 2490 4518 tanta:
2540 4465 2930 4521 obedientiam
2973 4466 3326 4523 humilitatis
3357 4469 3613 4524 exhiberi

1960 4556 2389 4623 cognoscerent.
2452 4553 2635 4621 Hujus
2685 4557 2879 4609 autem
2932 4555 3285 4611 humilitatis
3331 4556 3611 4624 ofﬁcium,

1960 4641 2125 4711 quasi
2177 4641 2486 4711 cujusdam
2536 4641 2863 4725 dilectionis
2914 4642 3235 4714 privilegio,
3285 4643 3464 4698 Filius
3509 4645 3611 4701 Dei

1959 4729 2221 4801 exigebat
2256 4730 2388 4796 Deo,
2422 4715 2711 4800 quatenus
2744 4715 3142 4786 reconciliaret
3171 4731 3460 4800 homines,
3493 4733 3610 4787 fac-

1961 4821 2057 4872 tus
2086 4818 2282 4884 homo,
2317 4836 2464 4890 quos
2487 4835 2594 4874 sua
2615 4822 2671 4874 et
2699 4818 2910 4874 virtute
2941 4819 3299 4891 etsapientia
3317 4827 3612 4878 creaverat

1959 4924 2024 4962 ex
2068 4907 2274 4963 nihilo.
2309 4909 2437 4964 Suae
2469 4908 2650 4981 igitur
2687 4907 3014 4964 dilectionis
3063 4908 3432 4966 dulcedinem
3483 4911 3612 4967 dul-

1960 4996 2181 5051 cedinis
2221 4997 2680 5065 exuberantiam,
2715 4997 3103 5053 exuberantize
3138 4999 3610 5072 magnitudinem

1959 5084 2412 5141 misericorditer
2441 5086 2781 5142 hominibus
2804 5087 3201 5154 manifestam,
3230 5087 3329 5143 Dei
3354 5089 3623 5148 Verbum.

1958 5173 2208 5230 efﬁcitur
2237 5190 2388 5242 caro,
2420 5175 2744 5246 concipitur
2774 5193 2842 5230 ex
2874 5174 3106 5231 illibatae
3145 5175 3391 5248 virginis
3423 5181 3607 5247 utero,

1957 5263 2327 5334 progreditur
2356 5263 2427 5318 de
2457 5280 2562 5319 suo
2598 5263 2876 5330 thalamo,
2912 5282 3026 5320 non
3061 5269 3241 5320 Deum
3268 5271 3610 5323 convertens

1957 5351 2014 5405 in
2049 5351 2575 5418 hominem,verum
2598 5351 3063 5409 incommuta'bili
3086 5354 3201 5410 Deo
3229 5355 3612 5427 personaliter

1958 5442 2318 5513 conjungens
2349 5441 2670 5509 hominem,
2714 5442 2814 5497 Dei
2847 5448 2905 5498 et
2944 5443 3252 5499 hominum
3285 5443 3606 5514 benignum

1957 5531 2336 5587 constituens.
2388 5531 2536 5604 Ergo
2589 5530 2877 5600 Christus,
2913 5533 3203 5605 perfectus
3255 5533 3452 5598 homo,
3487 5547 3604 5589 sua:
