3946 6390
339 26 364 32 ,..
375 25 468 32 ...μη
475 26 484 30 -
493 15 728 32 -.-..__.—-.—'
661 19 664 22 '
691 12 698 24 θ
711 12 870 32 ""—"-__..."—:'.'.:

286 403 401 464 703

1018 399 1206 464 SEC.
1251 398 1334 461 XI
1378 396 1609 461 AUCT.
1653 393 1932 456 INCER‘I

2100 389 2202 452 i-NI
2248 389 2347 450 ET
2391 387 2696 451 SCRIPT.
2744 393 2967 445 ’AAEsn.

3590 380 3709 442 704

285 535 612 612 majestatis
659 533 979 592 exinanivit
1027 534 1275 592 formam
1326 547 1588 601 suorum,
1632 545 1931 588 servorum
1962 528 2016 596 Α
2117 525 2308 582 CAPUT
2361 538 2608 612 ramus.
2767 523 2864 577 Hic
2893 518 3149 612 ιᾳςιςριίςίι
3193 530 3364 590 quare
3399 518 3718 573 sanctorum

281 630 475 686 induit
504 631 797 693 naturam,
840 625 1032 680 induit
1058 625 1484 690 inﬁrmitatem,
1517 625 1810 694 quatenus
1841 636 1928 676 re-

285 717 577 775 dimendis
589 715 928 772 hominibus
949 714 1178 769 facilius
1193 713 1530 785 praedicaret
1561 713 1929 783 peccatorum

283 806 734 878 indulgentiam,
769 803 1129 874 probabilius
1163 804 1434 857 suaderet
1451 799 1846 855 conversionis
1877 801 1933 851 et

285 893 632 952 reversionis
673 892 1005 959 utilitatem,
1040 908 1291 963 quorum
1337 895 1555 945 naturae
1587 893 1644 943 et
1687 887 1929 942 inﬁrmi-

282 985 410 1050 tati,
445 984 648 1038 divinaa
682 980 1067 1036 sublimitatis
1101 995 1474 1051 nequaquam
1509 977 1934 1048 dedignabatur

284 1075 409 1143 conj
421 1087 635 1144 ungere
659 1071 926 1125 formam.
959 1070 1187 1124 Poterat
1199 1067 1369 1139 plane
1382 1064 1582 1120 multis
1595 1064 1724 1120 aliis
1743 1065 1873 1118 mod
1884 1063 1932 1116 is

284 1165 562 1218 Satanam
611 1159 908 1222 damnare,
973 1174 1110 1212 suas
1156 1156 1605 1228 tergiversantes
1665 1151 1928 1218 insidias,

284 1249 632 1306 insidiantes
681 1245 1117 1318 tergiversutias
1148 1243 1470 1312 excludere,
1508 1245 1607 1296 aut
1636 1242 1932 1312 imperans

283 1342 430 1393 nutu
463 1336 605 1402 solo,
640 1339 740 1390 aut
777 1333 1116 1405 angelorum
1169 1336 1339 1386 utens
1379 1329 1697 1400 obsequio;
1731 1344 1931 1382 verum

281 1424 641 1482 ostendenda
685 1422 990 1475 videbatur
1037 1420 1378 1475 hominibus
1435 1417 1782 1474 reversionis
1813 1417 1924 1482 via,

282 1517 568 1586 quatenus
608 1509 928 1582 potentiam
975 1509 1322 1580 praecederet
1372 1507 1670 1579 patientia,
1715 1511 1771 1561 et
1831 1522 1930 1577 pa-

282 1601 487 1659 tientia
518 1601 974 1670 consequeretur
1003 1596 1345 1668 potentiam.

351 1691 616 1747 Clemens
645 1687 825 1759 igitur
851 1686 1024 1751 Deus,
1059 1687 1281 1740 secreta
1311 1682 1673 1755 providentia
1694 1698 1795 1753 per
1826 1682 1932 1737 ho-

281 1780 499 1837 minem
529 1775 870 1832 hominibus
901 1773 1234 1838 consulens,
1269 1774 1339 1828 de
1369 1771 1701 1826 humilitate
1731 1787 1929 1842 super-

278 1870 458 1933 biam,
491 1867 561 1921 de
593 1868 778 1920 morte
810 1862 1108 1917 damnavit
1139 1866 1406 1927 mortem,
1442 1859 1746 1932 originalis
1770 1875 1929 1913 noxae

280 1954 750 2012 maledictionem
769 1950 1137 2018 conculcans,
1164 1967 1322 2005 novae
1345 1949 1546 2022 gratiae
1578 1947 1949 2003 benedictio-

280 2061 436 2110 nem,
471 2043 561 2098 sui
594 2039 899 2112 sanguinis
931 2039 1234 2106 effusione,
1267 2038 1484 2092 renatis
1517 2036 1788 2090 ﬁdelibus
1821 2034 1933 2088 cle-

282 2129 881 2201 menterimpertiens.
895 2129 980 2182 Ad
995 2127 1168 2183 istius
1181 2123 1794 2198 incomprehensibilis
1811 2140 1937 2195 gra-

279 2224 372 2280 tiae
400 2221 679 2278 solemnis
722 2217 967 2273 convivii
989 2218 1422 2287 jucunditatem
1453 2230 1697 2270 summae
1740 2212 1933 2266 Trini-

280 2312 419 2369 tatis
479 2306 788 2366 ineﬁ'abilis
851 2305 1182 2378 benignitas
1245 2303 1515 2359 convivas
1575 2301 1930 2367 convocavit,

283 2398 584 2456 convocari
615 2395 936 2460 constituit,
967 2410 1218 2465 quorum
1252 2391 1449 2447 avidas
1483 2395 1706 2446 mentes
1732 2389 1933 2445 coeles-

280 2489 437 2545 tibus
469 2484 658 2558 epulis
690 2484 1057 2540 abundanter
1086 2483 1346 2548 satiaret,
1383 2496 1639 2550 suosque
1659 2478 1934 2534 torrentis

281 2573 605 2633 delectabili
636 2573 840 2646 poculo
872 2571 1183 2626 debriaret.
1218 2569 1562 2640 Diriguntur
1605 2585 1741 2640 ergo
1767 2567 1935 2622 electi

282 2663 551 2737 discipuli
583 2679 686 2735 per
734 2662 934 2717 orbem
989 2659 1350 2723 universum,
1383 2657 1635 2714 caelestis
1667 2655 1935 2710 thesauri

281 2754 663 2826 bajulatores,
723 2747 1110 2805 beatitudinis
1174 2747 1411 2801 redditae
1470 2744 1932 2814 annuntiatores,

283 2844 587 2918 promissae
600 2839 798 2912 gratim
814 2836 1003 2892 nuntii
1025 2834 1242 2890 fideles.
1268 2832 1936 2889 Praedicaturcharitatis

289 2932 582 2997 nimietas,
617 2924 1038 2982 incarnationis
1057 2922 1678 2994 humilitas,passionis
1692 2921 1935 2976 tolerata

287 3021 495 3078 silente
525 3015 860 3079 crudelitas,
897 3013 1102 3068 mortis
1135 3015 1406 3083 suscepta
1437 3011 1797 3083 gratulanter
1834 3026 1932 3064 as-

287 3109 526 3182 peritas.
587 3103 959 3169 Prazdicatur,
1011 3102 1272 3172 inquam,
1335 3099 1628 3155 conversis
1679 3102 1936 3170 peccato-

290 3199 475 3263 ribus,
533 3195 907 3266 peccatorum
985 3190 1240 3262 perfecta
1302 3188 1574 3244 donanda
1641 3187 1928 3255 remissio,

2555 595 2794 650 basilicae
2824 593 3185 664 aediﬁcantur.

2113 686 2366 741 Cernens
2396 699 2532 756 ergo
2551 683 2901 754 incorruptae
2924 679 3248 737 Trinitatis
3273 674 3547 733 sublimis
3583 673 3724 730 divi-

2041 775 2194 830 nitas
2212 791 2329 829 suae
2343 773 2539 845 gratiae
2564 771 2847 844 populum
2871 768 3082 825 divinis
3105 767 3382 824 laudibus
3401 764 3683 822 assistere
3700 826 3714 849 ’

2043 862 2452 935 temporalium
2485 877 2680 916 rerum
2732 858 2964 930 negotia
3011 861 3317 914 contemne
3347 871 3430 920 re,
3474 853 3727 925 imperat

2041 951 2311 1007 aediﬁcari
2345 967 2542 1006 sacras
2583 949 2755 1014 aedes,
2779 964 2925 1019 quas
2943 946 3190 1002 terrenis
3223 942 3473 1016 negotiis
3504 941 3700 998 claudi

2040 1044 2094 1096 et
2127 1039 2267 1094 solis
2299 1040 2424 1094 suis
2454 1036 2864 1092 laudatoribus
2896 1035 3203 1091 constituit
3254 1031 3489 1104 aperiri.
3519 1031 3717 1087 Ediﬁ-

2042 1131 2248 1184 cantur
2295 1143 2430 1198 ergo
2478 1124 2700 1196 templa
2752 1141 2937 1190 sacra,
2994 1122 3355 1194 templorum
3411 1135 3714 1175 sacrorum

2042 1215 2285 1272 aediﬁcia
2335 1214 2608 1287 gloriosa,
2645 1214 2859 1284 quibus
2908 1211 3306 1268 ecclesiastica
3332 1211 3703 1264 sacramenta

2041 1303 2371 1377 religiosius
2405 1302 2792 1371 celebrentur,
2817 1300 3097 1372 legalium
3119 1297 3552 1369 Scripturarum
3577 1313 3708 1368 my-

2043 1393 2220 1449 steria
2252 1391 2596 1457 revelentur,
2632 1393 2969 1445 sanctorum
3002 1385 3446 1458 Evangeliorum
3470 1387 3704 1462 senten-

2040 1483 2133 1537 tire
2163 1481 2484 1537 recitentur
2513 1482 2570 1534 et
2622 1477 2953 1533 audiantur.
2987 1476 3363 1546 Consurgunt
3392 1473 3703 1529 beatorum

2043 1571 2395 1643 pepulerum
2410 1572 2621 1623 sanctae
2635 1565 2888 1622 basilicae
2914 1563 3317 1637 spiritualibus
3336 1559 3545 1616 ofﬁciis
3561 1577 3702 1616 con-

2043 1663 2459 1729 secratae,quas
2476 1656 2692 1712 summi
2713 1653 3086 1726 Imperatoris
3101 1657 3315 1708 aeterna
3334 1649 3706 1723 providentia

2043 1746 2387 1804 sublimium
2435 1745 2694 1800 virorum
2729 1743 3068 1798 nominibus
3113 1740 3383 1812 insigniri
3415 1755 3481 1795 ac
3509 1737 3703 1794 titulis

2043 1835 2346 1892 constituit
2367 1833 2681 1906 appellari:
2718 1831 2945 1888 Sanctis
2979 1830 3160 1902 igitur
3185 1827 3448 1886 ecclesiis
3479 1827 3702 1883 sanctis

2043 1924 2384 1980 hominibus
2406 1920 2779 1989 consecratis,
2809 1918 2994 1976 sancti
3016 1917 3284 1974 homines
3307 1919 3620 1972 exorantur
3641 1918 3704 1971 et

2043 2017 2429 2079 venerantur;
2464 2015 2522 2067 et
2552 2010 2712 2066 solus
2739 2009 2893 2065 Deus
2927 2007 3136 2063 colitur
3167 2010 3223 2061 et
3254 2003 3702 2062 adoratur.Suis

2043 2102 2223 2175 igitur
2250 2100 2394 2156 locis
2424 2104 2531 2154 BB.
2588 2097 2855 2170 apostoli,
2891 2100 3174 2168 martyres
3209 2099 3266 2150 et
3312 2092 3703 2160 confessores,

2044 2207 2266 2248 necnon
2300 2189 2565 2262 gloriosae
2583 2186 2858 2258 virgines,
2885 2202 3022 2242 suas
3044 2183 3319 2240 basilicas
3342 2183 3696 2248 sortiuntur,

2045 2280 2266 2336 sortitis
2299 2279 2756 2343 commorantur,
2791 2273 3007 2346 quibus
3026 2271 3500 2329 concurrentium
3533 2271 3702 2327 devo-

2042 2369 2230 2424 tiones
2262 2367 2571 2439 aspiciant,
2606 2364 2896 2419 orationes
2927 2361 3261 2433 exaudiant,
3287 2359 3590 2433 postulata
3609 2360 3705 2415 be-

2043 2457 2251 2513 neﬁcia
2279 2453 2732 2511 misericorditer
2758 2453 3120 2524 impendant.

2044 2565 2179 2620 CAP.
2210 2565 2278 2620 II.
2307 2595 2374 2603 —
2399 2560 2667 2631 Quomodo
2691 2559 2890 2631 vallem
2911 2561 3334 2631 Fiscannensem
3360 2570 3456 2611 suo
3483 2555 3702 2611 nomini

2465 2629 2888 2689 consecrandam
2917 2631 3078 2701 elegit
3105 2629 3264 2684 Deus.

2115 2723 2479 2780 Constructis
2511 2721 2689 2794 igitur
2718 2723 2776 2774 et
2804 2719 3158 2774 consecratis
3202 2715 3420 2772 sanctis
3452 2729 3700 2772 summae

2044 2813 2382 2869 hominibus
2409 2807 2802 2866 venerationis
2840 2805 3212 2873 habitaculis,
3249 2805 3396 2861 ratio
3429 2803 3700 2876 exigebat

2045 2905 2334 2973 quatenus
2367 2900 2516 2955 trino
2541 2903 2597 2954 et
2627 2896 2730 2953 uni
2748 2895 2884 2963 Deo,
2909 2912 3105 2952 rerum
3139 2894 3405 2950 omnium
3438 2893 3700 2949 Creatori

2043 2989 2471 3063 potentissimo,
2525 2987 2749 3043 caeteris
2791 2985 3101 3060 gloriosius
3133 2983 3516 3038 aediﬁcaretur
3545 2986 3698 3037 tem-

2043 3079 2228 3152 plum,
2266 3079 2421 3151 quod
2455 3078 2546 3133 sui
2575 3076 2830 3132 nominis
2849 3073 3027 3148 regali
3050 3071 3349 3146 privilegio
3371 3071 3701 3143 insigniret,

2042 3173 2100 3225 et
2128 3185 2245 3225 suae
2281 3166 2603 3240 singularis
2634 3164 2997 3222 celsitudinis
3037 3161 3348 3234 praesentia
3389 3164 3700 3216 exornaret

685 3246 1018 3335 adhibenda
1061 3279 1360 3346 correctio,
1395 3294 1553 3332 novae
1587 3277 1713 3330 vitae
1754 3246 1931 3330 aedili;
1964 3259 2008 3326 C
2047 3275 2112 3314 διο
2142 3255 2481 3314 θυείεοάίνθῒο
2515 3255 2684 3346 Tanti
2714 3254 2896 3346 igitur
2925 3249 3304 3346 imperatoris
3335 3246 3693 3346 Πξὺξίξλοωο»

287 3376 474 3431 canda
486 3369 839 3426 constructio
857 3387 870 3436 ;
888 3367 1260 3440 publicantur
1271 3368 1604 3423 daemonum
1625 3364 1927 3430 falsitates,

287 3458 700 3520 famulantium
764 3457 1128 3513 daemonibus
1186 3456 1612 3512 convincuntur
1683 3470 1926 3510 errores.

286 3549 622 3608 leestium
652 3548 898 3604 nubium
929 3546 1321 3602 voluntarium
1346 3546 1594 3600 imbrem
1627 3543 1932 3599 miraculo-

287 3657 419 3697 rum
441 3636 793 3693 comitantur
813 3637 1057 3708 copiosae
1083 3635 1534 3700 coruscationes,
1555 3633 1770 3706 quibus
1790 3632 1931 3688 vali-

288 3730 371 3784 da
391 3726 728 3784 idololatriae
755 3724 1100 3780 famulantia
1115 3724 1617 3787 comminuuntur,
1631 3726 1687 3778 et
1706 3720 1932 3778 Christo

287 3817 603 3874 militantia
657 3815 833 3870 corda
881 3814 1348 3882 corroborantur,
1407 3817 1463 3868 et
1529 3811 1930 3868 sublevantur.

288 3906 580 3961 Imbribus
629 3919 765 3974 ergo
815 3901 1064 3958 ccelestis
1096 3903 1314 3974 gratiae,
1364 3901 1546 3957 totius
1577 3897 1784 3954 mundi
1815 3896 1934 3951 cul-

285 3998 420 4051 tura
457 3993 825 4059 fecundatur,
869 3991 1107 4062 antiqua
1143 3991 1408 4062 veprium
1458 3991 1726 4061 proterva
1769 4001 1934 4057 aspe-

286 4085 431 4139 ritas
479 4081 801 4152 extirpatur
850 4082 904 4134 et
947 4078 1293 4150 succiditur;
1352 4078 1494 4133 laetae
1544 4078 1938 4147 prorumpunt

289 4171 502 4244 segetis
564 4170 753 4234 ﬂores,
823 4168 1006 4223 sacris
1071 4167 1432 4240 colliguntur
1496 4165 1691 4219 horeis
1758 4164 1936 4218 beatae

289 4259 534 4317 sationis
610 4261 911 4312 maturatae
980 4273 1222 4312 messes.
1297 4252 1612 4310 Promissis
1663 4252 1938 4324 temporis

289 4349 575 4420 completa
623 4347 942 4419 plenitudo,
981 4350 1326 4402 cunctarum
1351 4342 1574 4398 deliciis
1604 4341 1938 4398 divitiarum

290 4437 538 4494 cmlestis
591 4436 939 4493 sacramenti
982 4434 1223 4506 nuptias
1271 4432 1437 4497 ditat,
1479 4429 1692 4501 quibus
1724 4448 1938 4503 sponso

290 4527 552 4583 omnium
585 4542 779 4582 rerum
812 4523 1193 4597 speciossimo
1235 4519 1513 4576 thalamis
1535 4519 1939 4592 spiritualibus

289 4615 592 4687 copulatur
615 4614 892 4678 Ecclesia,
917 4609 1296 4666 immaculata
1316 4609 1492 4682 virgo.
1517 4610 1664 4682 Ergo
1683 4608 1935 4664 invitata:

290 4706 636 4761 conveniunt
666 4707 1011 4759 cunctarum
1040 4698 1301 4770 gentium
1316 4699 1579 4756 nationes
1601 4703 1658 4755 et
1683 4697 1934 4755 cmlestis

289 4794 486 4866 sponsi
529 4793 788 4850 convivio
819 4788 1136 4845 concinunt
1173 4787 1423 4844 caelestis
1453 4788 1774 4844 harmoniae
1807 4803 1938 4842 sua-

288 4883 512 4938 vitates.
548 4881 786 4954 Regalia
818 4877 962 4933 atria
992 4877 1357 4950 complentur
1371 4879 1676 4934 ordinibus
1690 4878 1942 4933 discum-

291 4971 578 5036 bentium,
613 4984 866 5041 quorum
899 4965 1161 5036 intentio,
1209 4969 1482 5038 perennis
1532 4967 1677 5024 aulae
1707 4965 1939 5039 gaudiis

292 5059 631 5124 sublimata,
655 5054 1020 5112 obliviscitur
1042 5057 1446 5129 temporalium
1469 5057 1859 5129 voluptatum.
1876 5056 1940 5110 In

290 5152 571 5219 tympano
607 5144 784 5216 igitur
814 5147 870 5198 et
902 5143 1094 5212 choro,
1129 5144 1187 5199 in
1220 5145 1443 5201 cithara
1473 5148 1529 5200 et
1562 5143 1856 5215 psalterio,
1884 5143 1941 5196 in

293 5235 527 5291 chordis
555 5237 610 5287 et
634 5248 849 5304 organo
892 5239 1212 5290 consonant
1238 5235 1498 5290 caelestes
1532 5232 1939 5304 paranymphi,

294 5339 546 5396 quorum
569 5321 854 5377 continuae
873 5322 1062 5380 laudis
1081 5323 1379 5379 modulata
1401 5321 1767 5395 symphonia,
1786 5324 1942 5376 totus

295 5413 681 5493 congregatur
737 5412 1018 5480 mundus,
1067 5429 1331 5486 supernae
1382 5409 1552 5465 curiae
1602 5409 1945 5467 conciliatur

294 5500 509 5556 chorus
542 5499 905 5572 angelorum.

2039 3347 2362 3404 Galliarum
2387 3344 2694 3400 maritima:
2730 3344 2875 3398 ﬁnes
2893 3341 3208 3414 eliguntur,
3235 3355 3354 3412 qua
3373 3336 3698 3394 Calciacen-

2039 3437 2121 3493 sis
2152 3435 2451 3510 provincia
2465 3433 2782 3505 reSpiciens
2802 3432 2961 3501 laeva,
2987 3430 3260 3501 Sequana
3279 3431 3406 3484 octo
3430 3424 3696 3482 millibus

2040 3526 2314 3591 distante,
2375 3522 2678 3587 voracitati
2730 3519 3104 3577 occidentalis
3148 3517 3382 3583 Oceani,
3434 3515 3693 3589 quodam

2039 3614 2317 3670 eminenti
2343 3611 2761 3684 promontorio,
2787 3611 3037 3666 duorum
3064 3606 3431 3663 ﬁuviolorum
3462 3603 3702 3678 exponit

2041 3720 2245 3774 aquas.
2281 3700 2364 3757 Ibi
2395 3717 2530 3774 ergo
2574 3699 2808 3772 eligitur
2858 3695 3245 3754 Calciacensis
3271 3693 3579 3767 provinciae
3608 3693 3700 3748 Fi-

2043 3789 2492 3859 scannus,vallis
2506 3789 2824 3856 maritima,
2845 3789 3056 3858 quae,et
3069 3784 3348 3840 silvarum
3365 3788 3421 3839 et
3432 3781 3701 3855 veprium

2043 3879 2330 3936 densitate
2352 3879 2620 3944 obscura,
2637 3877 3034 3948 etingentium
3051 3871 3511 3946 supereminenti
3527 3869 3705 3926 extol-

2041 3969 2224 4025 lentia
2253 3965 2727 4033 circommunita,
2761 3982 2875 4020 non
2907 3979 3103 4019 rerum
3124 3961 3373 4018 Creatori
3399 3959 3704 4016 habitacu-

2045 4058 2194 4126 lum,
2225 4073 2428 4113 verum
2461 4056 2599 4112 feris
2631 4059 2688 4110 et
2719 4053 2965 4110 marinis
2996 4051 3322 4107 latronibus
3354 4048 3706 4105 credebatur

2044 4147 2300 4219 praebere
2321 4144 2651 4201 latibulum.
2669 4144 2712 4199 Ο
2740 4142 2945 4198 divinae
2961 4141 3288 4212 majestatis
3305 4136 3705 4193 humilitatem

2047 4235 2390 4293 maximam!
2428 4232 2836 4291 Ohumilitatis
2865 4226 3470 4299 maximaeimaginem
3492 4228 3709 4281 morta-

2044 4326 2202 4381 libus
2233 4323 2702 4397 proponendam!
2742 4339 2857 4376 non
2890 4319 3117 4389 civitas,
3149 4333 3264 4372 non
3310 4329 3446 4388 ager
3475 4312 3702 4381 cultus;

2047 4416 2146 4470 sed
2180 4414 2327 4470 tanti
2357 4411 2516 4468 tituli
2566 4409 2803 4483 speciali
2853 4406 3176 4481 privilegio,
3219 4405 3488 4478 quaedam
3533 4398 3704 4459 vallis

2048 4520 2229 4576 opaca
2257 4505 2315 4558 et
2343 4501 2638 4557 horrenda
2679 4497 2998 4571 insignitur
3040 4495 3381 4552 Fiscannus.
3416 4489 3705 4558 Quaaritur

2047 4593 2216 4663 cujus
2276 4588 2646 4645 revelationis
2693 4588 2869 4643 verba
2921 4590 3023 4643 aut
3061 4580 3708 4657 miraculorum.signa

2046 4677 2605 4749 claruerint,quibus
2624 4679 2836 4731 aeterna
2852 4678 2908 4731 et
2922 4670 3426 4729 incommutabilis
3449 4669 3708 4726 Trinitas

2048 4769 2393 4842 praedictum
2425 4766 2616 4821 locum
2648 4782 2753 4822 suo
2797 4765 3031 4821 servitia
3062 4761 3362 4836 segregari
3386 4764 3446 4816 et
3475 4759 3568 4816 sui
3601 4776 3706 4815 no-

2050 4858 2228 4914 minis
2287 4856 2519 4912 oraculo
2570 4854 2923 4928 judicaverit
2990 4852 3280 4908 honorari.
3355 4847 3707 4916 Quaestionis

2050 4945 2399 5004 solutionem
2414 4945 2735 5017 praepositae
2758 4943 2961 4999 crebra
2973 4943 3350 5013 antiquorum
3369 4939 3708 4994 nostrorum

2051 5035 2327 5092 relatione
2360 5034 2758 5108 cognovimus,
2793 5031 3206 5106 cognitamque
3241 5027 3374 5101 styli
3406 5024 3707 5099 sequentis

2053 5125 2354 5196 diligentia
2382 5123 2687 5180 enucleare
2717 5121 3074 5177 curavimus.

2409 5231 2542 5286 CAP.
2579 5229 2679 5286 III.
2702 5261 2770 5270 —
2799 5231 2872 5284 De
2900 5229 3036 5283 duce
3065 5229 3345 5296 Ansegiso.
3659 5295 3663 5300 _

2122 5321 2392 5377 Virorum
2423 5320 2601 5393 igitur
2634 5317 2785 5374 ﬁdeli
2817 5317 3150 5374 narratione
3186 5312 3568 5387 cognovimus
3587 5312 3707 5366 An-

2053 5413 2311 5485 segisum
2325 5407 2718 5466 ducemGallis
2732 5407 3057 5480 antiquitus
3074 5406 3598 5478 imperasse,quem
3611 5416 3710 5455 no-

2051 5501 2262 5557 bilium
2286 5503 2523 5556 actuum
2539 5497 2858 5554 strenuitas
2870 5495 3151 5567 praeclara
3176 5491 3430 5549 exterius
3461 5488 3710 5554 mundo,

2053 5594 2111 5647 et
2141 5589 2335 5646 multae
2367 5587 2665 5660 religionis
2697 5585 2881 5640 virtus
2901 5584 3116 5658 inclyta
3138 5581 3384 5638 interius
3415 5592 3684 5636 commen

2056 5680 2234 5738 dabat
2262 5679 2394 5738 Deo.
2431 5677 2820 5736 Barbarorum
2845 5675 3061 5747 quippe
3112 5671 3264 5730 acies
3295 5668 3618 5728 horrendas
3649 5663 3708 5721 et
