3946 6362
180 393 296 457 105

1353 405 1791 471 ANONYMUS
1838 406 2428 473 FISCANNENSIS.

3493 410 3612 472 706

184 523 552 588 lncursiones
575 533 938 589 truculentae
956 534 1161 590 audaci
1184 534 1377 608 gladio
1396 535 1695 593 Gallorum
1712 538 1835 593 fini-
1863 538 1919 605 Α
1949 544 2123 611 atque
2136 540 2411 597 demissis
2434 540 2855 607 cornibus,suo
2875 555 3112 612 genere,
3128 540 3443 612 cujusdam
3456 542 3616 599 beni—

179 620 289 677 bus
320 621 575 690 arcebat,
606 626 682 692 et,
699 622 994 695 subjectae
1015 623 1342 696 provincias
1364 641 1503 698 pace
1526 628 1832 683 continens

181 710 704 781 securas,justitia
735 710 1011 769 laudibus
1042 715 1493 770 commendabat
1512 718 1569 770 et
1601 732 1833 771 morum

181 799 494 856 sanctitate
515 800 853 859 exornabat.
876 801 1003 858 Non
1022 803 1150 874 ejus
1180 803 1500 859 ambitione
1529 820 1636 859 suo
1658 821 1835 878 regno

181 887 507 965 adiacentia
555 906 737 962 regna
786 891 1125 946 marcebant
1156 894 1257 947 aut
1289 893 1707 961 vastabantur;
1739 909 1832 948 ve-

183 992 309 1054 rum
339 994 460 1033 sua
478 978 710 1034 virtutis
725 977 967 1035 consilio
994 978 1269 1052 vigebant
1286 981 1834 1052 etpaciﬁcabantur.

182 1065 410 1123 Nullius
442 1066 695 1122 avaritia
727 1066 1110 1124 clandestinis
1142 1069 1407 1126 consiliis
1450 1069 1835 1142 provinciales

186 1172 320 1212 suos
349 1154 643 1212 hostiliter
671 1156 1053 1228 exspoliabat,
1088 1158 1188 1215 sed
1220 1175 1338 1214 sua
1386 1158 1678 1215 facultatis
1711 1159 1837 1233 epi-

185 1245 292 1301 bus
322 1261 567 1301 suorum
599 1261 907 1318 procerum
939 1245 1170 1302 divitias
1192 1246 1465 1320 regaliter
1494 1247 1834 1321 ampliabat;

184 1347 508 1404 pauperum
536 1349 671 1389 vero
702 1333 1061 1407 indigentiae
1115 1335 1574 1392 misericorditer
1603 1340 1836 1392 susten-

184 1420 366 1475 tabat.
397 1421 720 1478 Tantorum
739 1421 917 1495 igitur
930 1422 1270 1479 meritorum
1289 1423 1412 1479 viro
1428 1424 1839 1480 Fiscannensis

185 1508 439 1566 ecclesia
451 1510 653 1585 prima
669 1510 1034 1567 revelationis
1048 1528 1190 1584 argu
1200 1516 1399 1568 menta
1416 1513 1629 1569 conced
1640 1516 1836 1579 untur,

185 1597 508 1670 primorum
539 1601 1021 1672 argumentorum
1053 1600 1432 1658 revelationes
1466 1600 1842 1657 manifestan-

184 1690 295 1742 tur.
330 1684 647 1744 Pradictus
661 1687 817 1744 enim
833 1689 948 1744 dux
984 1688 1044 1744 in
1062 1689 1467 1756 mundo,velut
1497 1694 1656 1745 extra
1670 1706 1839 1745 mun-

187 1775 346 1845 dum,
382 1776 693 1847 cujusdam
723 1777 957 1834 theoria
1007 1778 1414 1850 praerogativa,
1461 1779 1840 1844 constitutus,

187 1880 300 1920 non
331 1857 650 1922 commissa
670 1865 834 1938 regni
859 1865 1047 1939 gtoria
1059 1867 1427 1939 pascebatur,
1444 1883 1647 1923 verum
1670 1867 1839 1923 cale-

189 1952 293 2009 stis
321 1951 557 2026 imperii
588 1958 893 2010 manentes
915 1955 1244 2027 opulentiae
1264 1955 1676 2025 meditabatur,
1704 1973 1843 2029 qua-

189 2057 319 2098 rum
351 2041 679 2099 dulcedinis
710 2044 901 2124 gratia
930 2059 1127 2098 rerum
1158 2044 1569 2116 temporalium
1609 2045 1844 2118 negotia

190 2130 407 2187 invitus
434 2131 745 2199 tractabat,
774 2131 1138 2188 voluntarius
1186 2132 1537 2198 declinabat,
1573 2137 1630 2188 et
1660 2132 1844 2188 multo

188 2219 438 2276 venandi
469 2220 663 2276 studio
694 2235 930 2289 vacans,
956 2219 1238 2277 silvarum
1259 2220 1573 2277 solitudine
1603 2221 1849 2277 detecta-

192 2309 385 2377 batur,
415 2311 474 2364 et
504 2309 830 2381 frequentis
862 2309 1166 2366 occasione
1195 2309 1415 2366 laboris
1444 2310 1842 2366 exercebatur.

189 2397 467 2462 Quocirca
496 2388 884 2454 Calciacensis
903 2398 1214 2470 provincia
1236 2402 1461 2470 partem
1484 2398 1847 2453 maritimam

190 2486 621 2558 frequentabat,
652 2503 798 2558 qua,
834 2485 1074 2543 annosis
1102 2487 1441 2544 nemoribus
1474 2488 1734 2559 copiosa,
1759 2486 1849 2541 di-

188 2573 374 2630 versis
408 2574 664 2632 ferarum
696 2574 1009 2648 generibus
1036 2575 1333 2647 prabebat
1358 2575 1624 2631 latibula.

363 2663 497 2719 CAP.
531 2663 626 2719 IV.
658 2697 725 2707 ι-
746 2666 822 2721 De
849 2666 1141 2720 contractis
1169 2665 1398 2719 canibus
1427 2669 1477 2719 et
1508 2666 1678 2737 cquis.

265 2752 534 2817 Quadam
554 2751 735 2826 igitur
748 2752 841 2808 die
861 2753 980 2807 dux
1005 2753 1347 2825 Ansegisus,
1379 2752 1548 2809 solito
1582 2756 1855 2809 maturus

198 2856 582 2913 consurgens,
606 2858 744 2897 suos
773 2845 1076 2897 venatores
1094 2842 1451 2910 convocavit,
1483 2858 1657 2898 canes
1678 2858 1858 2913 copu-

201 2930 308 2987 lari
340 2929 652 3003 disposuit,
687 2929 910 3003 plagas,
943 2930 1233 2986 venabula
1264 2934 1589 3001 cateraque
1608 2928 1858 2985 venandi

204 3018 603 3074 instrumenta
631 3018 702 3074 ad
736 3017 952 3073 saltum
987 3018 1448 3085 Fiscanensium,
1490 3017 1640 3074 imas
1678 3018 1859 3075 valles

206 3110 263 3164 et
294 3107 512 3162 arduos
533 3110 761 3162 mentes
778 3107 1127 3177 comportari
1147 3106 1438 3179 pracepit.
1465 3107 1661 3162 Jussis
1683 3107 1861 3180 igitur

206 3195 295 3253 sui
329 3194 553 3269 domini
581 3199 885 3251 venatores
918 3195 1266 3260 obaudiunt,
1299 3212 1473 3251 canes
1514 3201 1855 3265 convocant,

1941 628 2183 700 gnitatis
2212 629 2448 686 vultum
2482 630 2881 702 pratendens,
2918 645 3165 686 securus
3196 645 3335 687 suos
3352 642 3615 702 persecu-

1944 719 2103 773 tores
2177 718 2460 790 respexit.
2541 717 2628 774 Ibi
2688 717 3196 774 circumlatrantes
3250 717 3617 775 innocentem

1944 810 2220 862 nocentes
2254 823 2431 864 canes
2464 805 2608 863 ultio
2638 806 3019 879 consequitur
3049 806 3271 875 divina,
3298 822 3618 879 eorumque

1951 895 2150 950 omnia
2181 896 2467 951 membra
2482 895 2855 962 contrahens,
2887 898 3231 950 cunctarum
3271 895 3486 951 virium
3518 914 3615 968 pe-

1941 982 2194 1039 tulantia
2214 984 2557 1042 festinanter
2583 985 2791 1057 privat.
2808 984 3050 1039 Videres
3080 983 3230 1040 alios
3260 1002 3378 1039 non
3406 983 3618 1041 latrare

1944 1071 2211 1140 hiantes;
2272 1073 2419 1129 alios
2482 1073 2768 1129 emissam
2817 1072 3081 1145 linguam
3130 1086 3246 1127 non
3296 1073 3615 1142 reducere;

1945 1159 2107 1216 alios
2137 1161 2427 1218 irruentes
2476 1162 2814 1218 immobiles
2851 1178 3170 1218 remanere.
3225 1161 3396 1216 Tanti
3439 1161 3620 1234 igitur

1946 1249 2210 1305 miraculi
2227 1250 2561 1322 spectaculo
2580 1251 2937 1307 conveniunt
2950 1252 3070 1305 dux
3101 1253 3156 1305 et
3179 1242 3482 1306 venatOres
3500 1250 3617 1305 sui-

1945 1341 2002 1392 et
2031 1337 2176 1409 pede
2207 1338 2539 1411 ﬂagrantes,
2602 1339 2982 1411 cupiditatem
3042 1340 3172 1393 fera
3210 1337 3368 1393 velut
3418 1342 3616 1418 capta,

1946 1429 2443 1498 congratulantur
2473 1444 2540 1483 ex
2574 1428 2712 1482 imo.
2773 1427 2921 1483 Mira
2952 1426 3081 1482 res!
3132 1427 3436 1498 repentina
3476 1427 3623 1482 ultio

1944 1514 2154 1570 ducem
2179 1532 2357 1587 suosq
2375 1532 2448 1571 ue
2468 1520 2774 1571 venatores
2799 1515 3431 1587 corripuit,eorumque
3448 1531 3623 1586 equo-

1950 1619 2082 1658 rum
2097 1604 2294 1659 omnia
2309 1604 2573 1659 membra
2583 1604 2957 1671 contraxit,et
2970 1619 3184 1658 canum
3207 1602 3616 1670 similitudine,

1949 1692 2190 1746 cunctis
2219 1693 2442 1747 viribus
2472 1692 2837 1764 exspoliavit.
2871 1692 3035 1756 Quod
3068 1691 3336 1747 miraculi
3359 1690 3616 1764 signum,

1948 1783 2050 1835 aut
2080 1779 2235 1853 signi
2250 1780 2599 1836 miraculum
2645 1781 2943 1836 maximus
2968 1780 3420 1847 heroscernens,
3440 1779 3622 1838 laten-

1956 1868 2162 1940 tisque
2199 1870 2568 1925 sacramenti
2605 1869 2917 1924 silentium
2965 1868 3182 1924 mentis
3225 1867 3470 1924 vivacite
3514 1884 3621 1924 con

1952 1956 2249 2029 templans
2274 1975 2286 2011 :
2324 1979 2352 2007 «
2384 1957 2640 2027 Cessate,
2668 1957 2978 2023 exclamat,
3008 1960 3286 2025 cesssate,
3317 1960 3621 2013 venatores

1957 2046 2094 2114 mei,
2114 2063 2229 2101 non
2255 2063 2512 2114 cervum,
2529 2048 2631 2102 sed
2646 2047 2865 2102 summi
2879 2046 2981 2101 Dei
2995 2045 3269 2101 nuntium
3282 2044 3623 2118 agitare,ve1

1956 2135 2229 2207 persequi
2257 2134 2268 2188 !
2305 2136 2526 2191 Cervus
2558 2135 2689 2203 iste,
2720 2136 2941 2207 inquit,
2999 2134 3306 2204 candidus,
3357 2133 3625 2206 designat

1956 2223 2128 2279 nobis
2159 2222 2353 2279 locum
2395 2224 2795 2296 propositum,
2829 2228 2885 2278 et
2914 2222 3023 2279 loci
3054 2222 3335 2296 propositi
3368 2222 3625 2296 aliquem

1960 2328 2207 2367 summa
2238 2312 2471 2367 virtutis
2502 2312 2898 2367 habitatorem
2931 2316 2987 2366 et
3012 2316 3345 2383 patronum.
3372 2313 3626 2382 Quapro-

1963 2405 2092 2472 pter
2120 2399 2287 2471 equis
2306 2399 2524 2454 nostris
2552 2399 2897 2455 festinantes
2913 2399 3265 2469 descendite,
3292 2399 3627 2471 potentissi-

1966 2504 2250 2560 mumque
2280 2488 2663 2559 omniumque
2695 2504 2896 2543 rerum
2937 2492 3265 2543 Creatorem
3317 2486 3623 2543 devotione

1964 2575 2218 2649 supplici
2239 2576 2488 2641 exorate,
2515 2580 2805 2648 quatenus
2823 2575 3164 2649 ignorantia
3197 2576 3620 2631 nostramani-

1964 2666 2183 2721 festare
2214 2665 2488 2737 dignetur
2518 2681 2645 2736 qua
2659 2667 2833 2720 tanta
2856 2664 3225 2720 formalitatis
3253 2679 3442 2731 cervo,
3470 2663 3624 2719 inso-

1961 2754 2079 2809 lita
2112 2754 2193 2809 rei
2222 2753 2510 2810 evidentia
2558 2752 2874 2826 signiﬁcari
2908 2752 3325 2824 conspicimus.
3368 2752 3622 2808 Descen-

1967 2845 2170 2899 dentes
2198 2842 2401 2916 igitur,
2421 2845 2871 2915 prosternuntur
2882 2841 3185 2896 humiliter
3196 2840 3337 2908 solo,
3357 2845 3622 2913 prostra-

1965 2931 2126 3002 tique
2201 2933 2528 2987 reverenter
2596 2930 2932 3002 supplicant
2997 2946 3193 2984 rerum
3263 2927 3625 2985 Dominatori

1968 3017 2394 3092 potentissimo.
2455 3018 2564 3081 Qui
2596 3033 2799 3073 eorum
2845 3016 3174 3089 suspiciens
3232 3016 3621 3083 devotionem,

1970 3107 2274 3180 prasentis
2306 3107 2569 3163 miraculi
2601 3107 2875 3179 patefecit
2889 3105 3396 3178 significationem,
3423 3109 3479 3162 et
3498 3106 3625 3161 suis

1972 3196 2140 3268 equis
2163 3198 2219 3251 et
2239 3196 2485 3251 canibus
2498 3194 2751 3250 restituit
2775 3194 3084 3267 pristinam
3117 3194 3453 3250 sanitatem.
3473 3194 3621 3250 Nam

204 3282 490 3341 silvarum
518 3282 771 3340 latebras
795 3285 1103 3355 jussarum
1126 3284 1365 3352 intrant,
1397 3286 1664 3353 tendunt,
1690 3285 1854 3354 retia,
1887 3270 1929 3336 C
1969 3302 2124 3353 cum,
2150 3284 2315 3339 finita
2344 3284 2623 3351 oratione,
2658 3286 2961 3355 surgerent
2983 3286 3040 3338 et
3069 3282 3266 3338 oculos
3298 3283 3369 3339 ad
3389 3299 3620 3338 cervum

205 3373 479 3441 custodes
522 3371 823 3441 adhibent,
896 3371 1195 3445 explorata
1248 3375 1305 3427 et
1362 3371 1672 3445 implorata
1733 3372 1861 3429 loca

202 3477 441 3525 summa
471 3460 772 3533 diligentia
791 3461 1169 3534 perlustrant.
1199 3456 1461 3519 Tandem
1479 3461 1634 3530 duci,
1667 3462 1859 3518 etsuis

198 3548 599 3619 venatoribus,
620 3567 832 3624 magno
854 3550 1052 3606 labore
1082 3550 1336 3606 etmulto
1360 3550 1692 3606 inveniendi
1710 3550 1863 3606 desi-

202 3640 365 3711 derio
394 3638 781 3696 astuantibus
797 3642 853 3694 et
866 3638 1300 3706 anhelantibus,
1316 3639 1478 3695 mira
1500 3639 1858 3713 magnitudi-

200 3729 294 3785 nis
312 3727 569 3785 occurrit
584 3728 1111 3799 cervus:qui,niveo
1125 3744 1365 3800 corpore
1374 3732 1535 3784 totus
1550 3728 1858 3795 candidus,

203 3815 431 3874 nullius
455 3814 752 3881 varietatis
786 3815 1019 3871 macula
1050 3816 1544 3896 distinguebatur.
1588 3815 1863 3873 Protinus

203 3903 749 3977 obstupescentium
799 3908 1142 3960 venatorum
1193 3904 1448 3962 clamore
1497 3905 1772 3975 maximo,
1806 3910 1863 3961 et

202 3993 556 4050 irruentium
587 4009 801 4049 canum
860 3992 1073 4049 latratu
1121 3993 1358 4051 dissono
1404 3993 1683 4050 sublimia
1732 3995 1862 4051 aris

201 4082 399 4156 spatia
431 4082 818 4155 complentur,
842 4086 899 4138 et
916 4083 1337 4156 respondentes
1353 4083 1672 4153 nemorosi,
1686 4083 1861 4140 colles

203 4170 459 4228 clamore
490 4171 758 4227 feruntur
786 4171 1224 4229 :‘Absolvuntur
1254 4189 1426 4228 canes
1459 4172 1737 4229 omnibus
1768 4190 1861 4230 co-

202 4259 382 4333 pulis,
418 4259 798 4332 dimissisque
810 4260 1057 4317 habenis
1072 4261 1211 4316 totis
1222 4260 1449 4318 viribus
1471 4262 1862 4318 admittuntur

201 4349 362 4422 equi.
394 4348 612 4417 Verum
646 4349 943 4421 speciosus
959 4366 1182 4418 cervus,
1213 4349 1598 4422 omnipotenti
1613 4354 1860 4422 patrono

199 4441 388 4505 tutus,
420 4426 901 4511 persequentium
930 4437 1210 4494 saevitiam
1245 4438 1410 4494 facile
1456 4438 1773 4507 illudebat;
1805 4443 1862 4495 et

201 4526 476 4600 opposita
504 4526 652 4582 retia
681 4531 781 4582 aut
813 4526 1164 4595 transilibat,
1198 4532 1301 4583 aut
1330 4528 1422 4583 sui
1450 4526 1727 4584 violentia
1754 4544 1859 4600 pe-

1969 3373 2232 3429 studiose
2262 3372 2627 3439 reducerent,
2658 3387 2863 3427 cervus
2895 3371 3153 3426 demisso
3188 3371 3398 3443 capite,
3432 3371 3502 3425 ad
3538 3370 3623 3425 si-

1970 3461 2361 3517 militudinem
2381 3461 2618 3532 sphara
2636 3460 2697 3514 in
2729 3460 2932 3515 eodem
2947 3459 3071 3514 loco
3086 3459 3400 3514 circuitum
3418 3458 3625 3525 edidit,

1968 3551 2142 3606 tacito
2158 3546 2908 3616 motuinnuensillic,illius
2934 3546 3192 3614 nomine,
3221 3547 3626 3602 aedificandum

1969 3637 2390 3704 habitaculum,
2412 3637 2510 3709 qui
2544 3654 2663 3692 sua
2678 3635 3116 3709 magnitudinis
3149 3634 3413 3707 potentia
3428 3635 3629 3690 orbem

1970 3727 2405 3784 administraret
2435 3725 2795 3782 universum.
2826 3725 2948 3788 Quo
2967 3723 3116 3778 facto
3140 3739 3347 3778 cervus
3368 3722 3626 3789 evanuit,

1970 3815 2483 3872 circumstantium
2499 3816 2737 3869 notante
2768 3810 2929 3867 nullo
2950 3815 3148 3867 utrum
3166 3828 3404 3867 sursum
3426 3827 3628 3867 ascen-

1971 3905 2141 3976 derit,
2179 3908 2280 3960 aut
2308 3907 2524 3959 terram
2556 3901 2876 3968 intraverit,
2910 3904 3012 3956 aut
3027 3900 3195 3956 aliter
3224 3899 3370 3956 alias
3384 3899 3635 3956 declina-

1969 3994 2132 4051 verit.
2167 3994 2290 4051 Dux
2322 3992 2504 4066 igitur
2533 3991 2859 4059 exsultans,
2890 3989 3311 4062 praesentisque
3360 3988 3632 4044 miraculi

1973 4082 2463 4157 significationem
2487 4097 2865 4153 cognoscens,
2886 4078 3092 4136 divina
3110 4078 3484 4151 providentia
3505 4094 3636 4150 gra-

1971 4173 2085 4229 tias
2117 4171 2406 4239 reddidit;
2441 4186 2637 4227 ramos
2684 4171 2957 4226 arborum
3006 4167 3230 4223 concidi
3283 4166 3634 4238 consisaque

1970 4261 2244 4333 praecepit
2255 4259 2694 4333 comportari,et
2708 4275 2739 4330 q
2752 4259 2924 4313 uamd
2934 4274 3026 4313 am
3042 4256 3297 4313 ecclesia
3311 4255 3632 4328 imaginem

1969 4349 2289 4406 viminibus
2321 4352 2377 4404 et
2428 4347 2607 4404 ramis
2656 4345 2952 4419 proposito
3005 4345 3166 4401 cervi
3197 4343 3323 4401 loco
3382 4344 3633 4400 festinus

1970 4437 2420 4510 compaginavit,
2449 4435 2812 4491 constituens
2829 4435 3025 4490 animo
3047 4450 3109 4490 se
3141 4431 3434 4489 maturius
3448 4432 3633 4488 adiﬁ-

1971 4531 2240 4582 caturum
2271 4524 2350 4579 ibi
2381 4524 2535 4580 trino
2565 4528 2622 4578 et
2654 4522 2756 4578 uni
2775 4523 2890 4578 Deo
2915 4539 3166 4593 operosa
3197 4519 3633 4594 magnitudinis

202 4616 386 4673 cteris
416 4614 1038 4677 illasus'dissolvebat.
1072 4616 1220 4689 Ergo
1243 4616 1464 4673 frustra
1480 4634 1691 4673 canum
1714 4617 1856 4673 inci-
1888 4634 1936 4700 D
1969 4614 2308 4673 oratorium.
2342 4617 2579 4700 Verum,
2613 4611 2727 4667 Deo
2755 4610 2923 4700 aliter
2970 4610 3337 4700 disponente,
3384 4606 3626 4700 regique

199 4707 360 4761 tatur
390 4703 703 4777 sagacitas,
736 4720 1092 4777 equorumve
1122 4705 1445 4762 calcaribus
1457 4706 1676 4762 crebris
1706 4706 1856 4762 velo-

188 4793 350 4851 .citas
380 4792 651 4865 exigitur,
687 4797 787 4849 aut
807 4793 1044 4849 nimbus
1068 4793 1538 4868 telorumingens
1564 4795 1863 4868 prosequi-

196 4886 318 4938 tur.
353 4885 567 4938 Cervus
599 4882 779 4953 enim,
811 4899 927 4938 non
963 4882 1303 4938 divertendo
1354 4884 1713 4951 discurrens,
1762 4888 1863 4940 aut

200 4970 592 5033 discurrendo
650 4971 964 5042 divertens,
1021 4971 1177 5027 lento
1246 4988 1421 5042 passu
1506 4973 1861 5045 tranquillus

206 5059 544 5128 incedebat,
565 5062 623 5115 et
652 5060 723 5115 ad
753 5059 949 5116 locum
981 5059 1072 5115 sui
1108 5059 1393 5133 propositi
1427 5077 1567 5119 suos
1586 5078 1860 5133 persecu-

198 5151 363 5205 tores
393 5146 648 5204 ﬁdeliter
675 5149 1020 5207 adducebat.
1042 5149 1299 5205 Tandem
1331 5148 1531 5223 itaque
1559 5151 1859 5223 prafatam

201 5240 444 5293 venerat
474 5238 548 5293 ad
576 5237 807 5307 vallem,
860 5239 933 5294 ad
963 5237 1134 5295 vallis
1177 5241 1404 5318 partem
1436 5238 1537 5294 ubi
1566 5242 1781 5296 aeterna
1803 5244 1863 5297 et

203 5325 715 5383 incommutabilis
738 5327 995 5384 Trinitas
1010 5328 1269 5384 futuram
1294 5327 1386 5383 sui
1415 5329 1671 5385 nominis
1691 5328 1860 5385 titulo

208 5415 563 5490 disponebat
593 5432 776 5473 aram.
804 5415 949 5473 Illuc
978 5416 1162 5491 igitur
1200 5417 1539 5490 perveniens
1576 5417 1859 5489 substitit,

283 5608 366 5684 (2)_
408 5607 771 5684 Tri_t_hem_ius
817 5611 889 5684 de
944 5608 1167 5684 origine
1209 5614 1281 5684 et
1310 5610 1493 5683 regib.
1550 5611 1861 5684 Francor.;

212 5679 449 5742 Annius
500 5680 905 5753 Viterbiensis,
956 5679 1137 5754 ibid;
1197 5679 1529 5742 Cbarrenus
1559 5683 1620 5743 in
1645 5679 1862 5745 Hister.

592 5890 617 5897 μ

1967 4705 2063 4761 alii
2094 4702 2241 4759 tanti
2268 4701 2460 4774 operis
2493 4699 2741 4772 gloriam
2760 4698 3126 4770 disponente,
3157 4698 3276 4751 dux
3308 4689 3633 4767 Ansegisu's

1970 4793 2270 4850 hominem
2300 4789 2475 4857 exuit,
2510 4795 2585 4857 et,
2618 4786 2950 4843 labentibus
2984 4785 3186 4841 multis
3238 4782 3627 4857 temporibus,

1968 4880 2429 4955 pranominatus
2460 4878 2646 4947 locus,
2674 4875 2933 4931 incultus
2967 4889 3371 4946 perseverans,
3396 4873 3633 4946 ignotus

1970 4974 2028 5025 et
2057 4969 2447 5024 inhonoratus
2477 4965 2712 5020 mansit.

2627 5069 2962 5109 ADNOTATIO.

2045 5147 2210 5215 Quis,
2245 5150 2346 5202 aut
2375 5145 2567 5218 qualis
2596 5144 2770 5200 fuerit
2799 5142 2909 5197 iste
2939 5143 3057 5197 dux
3106 5139 3451 5214 Ansegisus,
3484 5155 3630 5265 pra-

2045 5237 2093 5265 :p.
2128 5236 2239 5265 nnn
2275 5216 2643 5265 exnrimitur-
2681 5213 2796 5265 nisi
2850 5214 2924 5265 ad
2953 5212 3339 5265 Trithemium
3386 5215 3497 5265 eta
3524 5211 3630 5265 ios.

1975 5211 2093 5276 cise
2128 5211 2242 5275 non
2275 5211 2643 5290 exprimitur,
2681 5213 2796 5270 nisi
2850 5214 2924 5290 ad
2953 5211 3339 5290 Trithemiu'm
3386 5211 3630 5290 etalios,

1975 5282 2611 5374 priscorumGallorum
2624 5302 2831 5410 regum
2844 5289 2901 5342 et
2912 5285 3245 5369 principum
3259 5282 3633 5410 genealogias

1975 5361 2388 5410 interminatus
2444 5358 2643 5410 oculos
2715 5359 3014 5410 eﬂexeris:
3066 5373 3213 5410 auos
3284 5356 3470 5410 ubens
3502 5369 3631 5410 Der-

1975 5356 2388 5418 interminatas
2444 5358 2643 5415 oculos
2674 5356 3014 5425 deﬂexeris;
3066 5356 3213 5429 quos
3260 5356 3470 5411 lubens
3502 5369 3631 5429 per-

1972 5438 2209 5490 transeo
2244 5432 2342 5503 (2).
2378 5433 2674 5497 Quantum
2704 5444 2838 5484 vero
2861 5423 3180 5502 spectat-ad
3207 5442 3462 5493 cervum,
3485 5423 3630 5479 miro

1971 5575 2299 5744 lgriiiversal.
2332 5607 2479 5667 Gell.
2509 5623 2522 5667 :
2554 5605 3012 5685 Wasseburgius
3041 5606 3102 5666 in
3146 5602 3429 5678 Antiquit.
3480 5599 3657 5660 Gall.’

2018 5700 2047 5743 e
2072 5699 2184 5744 mc.

2018 5699 2184 5758 eigic.
