  <div class='ocr_page' id='page_1' title='image "/cluster/home/n/w/nwhite01/storage/ocr_20150623/151/umn.31951002477444s/431.png"; bbox 0 0 3946 6368; ppageno 0'>
   <div class='ocr_carea' id='block_1_1' title="bbox 339 370 453 430">
    <p class='ocr_par' dir='ltr' id='par_1_1' title="bbox 339 370 453 430">
     <span class='ocr_line' id='line_1_1' title="bbox 339 370 453 430; baseline 0.018 -2"><span class='ocrx_word' id='word_1_1' title='bbox 339 370 453 430; x_wconf 78' lang='grc'>707</span> 
     </span>
    </p>
   </div>
   <div class='ocr_carea' id='block_1_2' title="bbox 1075 361 3017 430">
    <p class='ocr_par' dir='ltr' id='par_1_2' title="bbox 1075 361 3017 430">
     <span class='ocr_line' id='line_1_2' title="bbox 1075 361 3017 430; baseline -0.004 -1"><span class='ocrx_word' id='word_1_2' title='bbox 1075 367 1262 429; x_wconf 66' lang='lat' dir='ltr'>SIEG.</span> <span class='ocrx_word' id='word_1_3' title='bbox 1306 366 1389 430; x_wconf 84' lang='lat' dir='ltr'>XI</span> <span class='ocrx_word' id='word_1_4' title='bbox 1432 365 1667 429; x_wconf 84' lang='lat' dir='ltr'>AUCT.</span> <span class='ocrx_word' id='word_1_5' title='bbox 1711 361 2026 426; x_wconf 83' lang='lat' dir='ltr'>INCERTI</span> <span class='ocrx_word' id='word_1_6' title='bbox 2070 361 2256 424; x_wconf 88' lang='lat' dir='ltr'>ANNl</span> <span class='ocrx_word' id='word_1_7' title='bbox 2298 364 2399 426; x_wconf 85' lang='lat' dir='ltr'>ET</span> <span class='ocrx_word' id='word_1_8' title='bbox 2445 365 2742 428; x_wconf 82' lang='lat' dir='ltr'>SCRIPT.</span> <span class='ocrx_word' id='word_1_9' title='bbox 2794 375 3017 424; x_wconf 72' lang='grc' dir='ltr'>ἈΔΒΣΠ.</span> 
     </span>
    </p>
   </div>
   <div class='ocr_carea' id='block_1_3' title="bbox 3621 367 3748 428">
    <p class='ocr_par' dir='ltr' id='par_1_3' title="bbox 3621 367 3748 428">
     <span class='ocr_line' id='line_1_3' title="bbox 3621 367 3748 428; baseline 0.016 -2"><span class='ocrx_word' id='word_1_10' title='bbox 3621 367 3748 428; x_wconf 74' lang='lat'>708</span> 
     </span>
    </p>
   </div>
   <div class='ocr_carea' id='block_1_4' title="bbox 332 494 3740 570">
    <p class='ocr_par' dir='ltr' id='par_1_4' title="bbox 332 494 3740 570">
     <span class='ocr_line' id='line_1_4' title="bbox 332 494 3740 570; baseline -0 -17"><span class='ocrx_word' id='word_1_11' title='bbox 332 499 468 554; x_wconf 87' lang='lat' dir='ltr'>facti</span> <span class='ocrx_word' id='word_1_12' title='bbox 501 499 724 565; x_wconf 79' lang='lat' dir='ltr'>ordine,</span> <span class='ocrx_word' id='word_1_13' title='bbox 755 499 944 554; x_wconf 90' lang='lat' dir='ltr'>eidem</span> <span class='ocrx_word' id='word_1_14' title='bbox 975 498 1104 553; x_wconf 87' lang='lat' dir='ltr'>duci</span> <span class='ocrx_word' id='word_1_15' title='bbox 1135 499 1419 570; x_wconf 78' lang='lat' dir='ltr'>Ansegiso</span> <span class='ocrx_word' id='word_1_16' title='bbox 1463 502 1858 570; x_wconf 77' lang='lat' dir='ltr'>apparentem.</span> <span class='ocrx_word' id='word_1_17' title='bbox 1895 494 1971 548; x_wconf 90' lang='lat' dir='ltr'>nil</span> <span class='ocrx_word' id='word_1_18' title='bbox 2010 497 2058 560; x_wconf 79' lang='grc' dir='ltr'><strong>Α</strong></span> <span class='ocrx_word' id='word_1_19' title='bbox 2095 495 2254 550; x_wconf 82' lang='lat' dir='ltr'>tinus.</span> <span class='ocrx_word' id='word_1_20' title='bbox 2286 498 2456 550; x_wconf 86' lang='lat' dir='ltr'>ardor</span> <span class='ocrx_word' id='word_1_21' title='bbox 2485 497 2726 563; x_wconf 81' lang='lat' dir='ltr'>invasit;</span> <span class='ocrx_word' id='word_1_22' title='bbox 2763 498 3080 569; x_wconf 85' lang='lat' dir='ltr'>qui,totius</span> <span class='ocrx_word' id='word_1_23' title='bbox 3107 497 3365 569; x_wconf 88' lang='lat' dir='ltr'>corporis</span> <span class='ocrx_word' id='word_1_24' title='bbox 3395 513 3740 570; x_wconf 83' lang='lat' dir='ltr'>compagem</span> 
     </span>
    </p>
   </div>
   <div class='ocr_carea' id='block_1_5' title="bbox 331 568 1974 637">
    <p class='ocr_par' dir='ltr' id='par_1_5' title="bbox 331 568 1974 637">
     <span class='ocr_line' id='line_1_5' title="bbox 331 568 1974 637; baseline -0.003 -13"><span class='ocrx_word' id='word_1_25' title='bbox 331 571 657 636; x_wconf 88' lang='lat' dir='ltr'>insolitum,</span> <span class='ocrx_word' id='word_1_26' title='bbox 686 587 788 625; x_wconf 88' lang='lat' dir='ltr'>nec</span> <span class='ocrx_word' id='word_1_27' title='bbox 807 585 1043 637; x_wconf 86' lang='lat' dir='ltr'>novum,</span> <span class='ocrx_word' id='word_1_28' title='bbox 1065 586 1197 625; x_wconf 90' lang='lat' dir='ltr'>cum</span> <span class='ocrx_word' id='word_1_29' title='bbox 1217 568 1326 624; x_wconf 77' lang='lat' dir='ltr'>BB.</span> <span class='ocrx_word' id='word_1_30' title='bbox 1343 568 1671 635; x_wconf 84' lang='lat' dir='ltr'>Eustachio,</span> <span class='ocrx_word' id='word_1_31' title='bbox 1696 568 1974 633; x_wconf 84' lang='lat' dir='ltr'>Ilnberto,</span> 
     </span>
    </p>
   </div>
   <div class='ocr_carea' id='block_1_6' title="bbox 331 638 1980 712">
    <p class='ocr_par' dir='ltr' id='par_1_6' title="bbox 331 638 1980 712">
     <span class='ocr_line' id='line_1_6' title="bbox 331 638 1980 712; baseline -0.004 -15"><span class='ocrx_word' id='word_1_32' title='bbox 331 645 464 709; x_wconf 88' lang='lat' dir='ltr'>etc.,</span> <span class='ocrx_word' id='word_1_33' title='bbox 499 640 819 708; x_wconf 86' lang='lat' dir='ltr'>simillima,</span> <span class='ocrx_word' id='word_1_34' title='bbox 853 639 970 696; x_wconf 91' lang='lat' dir='ltr'>imo</span> <span class='ocrx_word' id='word_1_35' title='bbox 1014 643 1071 696; x_wconf 90' lang='lat' dir='ltr'>et</span> <span class='ocrx_word' id='word_1_36' title='bbox 1109 639 1278 712; x_wconf 85' lang='lat' dir='ltr'>longe</span> <span class='ocrx_word' id='word_1_37' title='bbox 1332 639 1615 712; x_wconf 84' lang='lat' dir='ltr'>ampliora</span> <span class='ocrx_word' id='word_1_38' title='bbox 1661 638 1980 712; x_wconf 69' lang='lat' dir='ltr'>evenerint.</span> 
     </span>
    </p>
   </div>
   <div class='ocr_carea' id='block_1_7' title="bbox 331 708 1982 783">
    <p class='ocr_par' dir='ltr' id='par_1_7' title="bbox 331 708 1982 783">
     <span class='ocr_line' id='line_1_7' title="bbox 331 708 1982 783; baseline -0.002 -17"><span class='ocrx_word' id='word_1_39' title='bbox 331 708 466 778; x_wconf 68' lang='lat' dir='ltr'>Quae</span> <span class='ocrx_word' id='word_1_40' title='bbox 491 712 716 768; x_wconf 90' lang='lat' dir='ltr'>erudite</span> <span class='ocrx_word' id='word_1_41' title='bbox 747 712 990 768; x_wconf 80' lang='lat' dir='ltr'>discutit</span> <span class='ocrx_word' id='word_1_42' title='bbox 1020 728 1086 783; x_wconf 86' lang='lat' dir='ltr'>ac</span> <span class='ocrx_word' id='word_1_43' title='bbox 1112 708 1406 783; x_wconf 71' lang='lat' dir='ltr'>percurrit</span> <span class='ocrx_word' id='word_1_44' title='bbox 1431 708 1689 783; x_wconf 75' lang='lat' dir='ltr'>Joannes</span> <span class='ocrx_word' id='word_1_45' title='bbox 1737 708 1982 783; x_wconf 71' lang='lat' dir='ltr'>Boberti</span> 
     </span>
    </p>
   </div>
   <div class='ocr_carea' id='block_1_8' title="bbox 331 779 1982 865">
    <p class='ocr_par' dir='ltr' id='par_1_8' title="bbox 331 779 1982 865">
     <span class='ocr_line' id='line_1_8' title="bbox 331 779 1982 865; baseline -0.004 -25"><span class='ocrx_word' id='word_1_46' title='bbox 331 783 598 865; x_wconf 42' lang='lat' dir='ltr'>(93),.post</span> <span class='ocrx_word' id='word_1_47' title='bbox 627 784 684 839; x_wconf 92' lang='lat' dir='ltr'>S.</span> <span class='ocrx_word' id='word_1_48' title='bbox 719 783 1004 840; x_wconf 87' lang='lat' dir='ltr'>Joannem</span> <span class='ocrx_word' id='word_1_49' title='bbox 1039 779 1489 851; x_wconf 77' lang='lat' dir='ltr'>Damascenum,</span> <span class='ocrx_word' id='word_1_50' title='bbox 1514 781 1616 837; x_wconf 90' lang='lat' dir='ltr'>lib.</span> <span class='ocrx_word' id='word_1_51' title='bbox 1651 798 1714 837; x_wconf 81' lang='lat' dir='ltr'>ill</span> <span class='ocrx_word' id='word_1_52' title='bbox 1736 781 1815 836; x_wconf 89' lang='lat' dir='ltr'>De</span> <span class='ocrx_word' id='word_1_53' title='bbox 1841 779 1982 834; x_wconf 86' lang='lat' dir='ltr'>ima-</span> 
     </span>
    </p>
   </div>
   <div class='ocr_carea' id='block_1_9' title="bbox 329 869 592 926">
    <p class='ocr_par' dir='ltr' id='par_1_9' title="bbox 329 869 592 926">
     <span class='ocr_line' id='line_1_9' title="bbox 329 869 592 926; baseline 0.015 -18"><span class='ocrx_word' id='word_1_54' title='bbox 329 869 592 926; x_wconf 66' lang='lat' dir='ltr'>gruibus.</span> 
     </span>
    </p>
   </div>
   <div class='ocr_carea' id='block_1_10' title="bbox 329 974 1980 1049">
    <p class='ocr_par' dir='ltr' id='par_1_10' title="bbox 329 974 1980 1049">
     <span class='ocr_line' id='line_1_10' title="bbox 329 974 1980 1049; baseline -0.002 -17"><span class='ocrx_word' id='word_1_55' title='bbox 329 977 460 1032; x_wconf 80' lang='lat' dir='ltr'>CAP.</span> <span class='ocrx_word' id='word_1_56' title='bbox 523 977 590 1032; x_wconf 91' lang='lat' dir='ltr'>V.</span> <span class='ocrx_word' id='word_1_57' title='bbox 623 1009 692 1018; x_wconf 88' lang='lat'>——</span> <span class='ocrx_word' id='word_1_58' title='bbox 723 979 796 1032; x_wconf 90' lang='lat' dir='ltr'>De</span> <span class='ocrx_word' id='word_1_59' title='bbox 841 979 903 1032; x_wconf 88' lang='grc' dir='ltr'>Β.</span> <span class='ocrx_word' id='word_1_60' title='bbox 945 979 1187 1047; x_wconf 77' lang='lat' dir='ltr'>Vaningo</span> <span class='ocrx_word' id='word_1_61' title='bbox 1215 985 1267 1032; x_wconf 84' lang='lat' dir='ltr'>et</span> <span class='ocrx_word' id='word_1_62' title='bbox 1325 976 1587 1049; x_wconf 86' lang='lat' dir='ltr'>quomodo</span> <span class='ocrx_word' id='word_1_63' title='bbox 1633 977 1744 1047; x_wconf 79' lang='lat' dir='ltr'>fuit</span> <span class='ocrx_word' id='word_1_64' title='bbox 1771 991 1803 1030; x_wconf 90' lang='lat' dir='ltr'>a</span> <span class='ocrx_word' id='word_1_65' title='bbox 1831 974 1980 1046; x_wconf 85' lang='lat' dir='ltr'>febre</span> 
     </span>
    </p>
   </div>
   <div class='ocr_carea' id='block_1_11' title="bbox 1005 1051 1301 1120">
    <p class='ocr_par' dir='ltr' id='par_1_11' title="bbox 1005 1051 1301 1120">
     <span class='ocr_line' id='line_1_11' title="bbox 1005 1051 1301 1120; baseline 0.003 -17"><span class='ocrx_word' id='word_1_66' title='bbox 1005 1051 1301 1120; x_wconf 75' lang='lat' dir='ltr'>correptus.</span> 
     </span>
    </p>
   </div>
   <div class='ocr_carea' id='block_1_12' title="bbox 397 1151 1978 1226">
    <p class='ocr_par' dir='ltr' id='par_1_12' title="bbox 397 1151 1978 1226">
     <span class='ocr_line' id='line_1_12' title="bbox 397 1151 1978 1226; baseline -0.003 -16"><span class='ocrx_word' id='word_1_67' title='bbox 397 1153 717 1210; x_wconf 85' lang='lat' dir='ltr'>Multorum</span> <span class='ocrx_word' id='word_1_68' title='bbox 751 1153 927 1226; x_wconf 82' lang='lat' dir='ltr'>igitur</span> <span class='ocrx_word' id='word_1_69' title='bbox 957 1155 1354 1226; x_wconf 70' lang='lat' dir='ltr'>proﬂuxerunt</span> <span class='ocrx_word' id='word_1_70' title='bbox 1383 1155 1713 1224; x_wconf 87' lang='lat' dir='ltr'>temporum</span> <span class='ocrx_word' id='word_1_71' title='bbox 1745 1151 1890 1215; x_wconf 89' lang='lat' dir='ltr'>dies,</span> <span class='ocrx_word' id='word_1_72' title='bbox 1919 1153 1978 1206; x_wconf 90' lang='lat' dir='ltr'>et</span> 
     </span>
    </p>
   </div>
   <div class='ocr_carea' id='block_1_13' title="bbox 325 1239 1975 1314">
    <p class='ocr_par' dir='ltr' id='par_1_13' title="bbox 325 1239 1975 1314">
     <span class='ocr_line' id='line_1_13' title="bbox 325 1239 1975 1314; baseline -0.003 -17"><span class='ocrx_word' id='word_1_73' title='bbox 325 1241 956 1314; x_wconf 85' lang='lat' dir='ltr'>dignusinveniebatur</span> <span class='ocrx_word' id='word_1_74' title='bbox 982 1241 1185 1297; x_wconf 84' lang='lat' dir='ltr'>nullus</span> <span class='ocrx_word' id='word_1_75' title='bbox 1209 1239 1422 1312; x_wconf 89' lang='lat' dir='ltr'>quiaut</span> <span class='ocrx_word' id='word_1_76' title='bbox 1437 1239 1832 1312; x_wconf 89' lang='lat' dir='ltr'>signiﬁcatum</span> <span class='ocrx_word' id='word_1_77' title='bbox 1851 1254 1975 1293; x_wconf 86' lang='lat' dir='ltr'>ora-</span> 
     </span>
    </p>
   </div>
   <div class='ocr_carea' id='block_1_14' title="bbox 324 1327 1976 1393">
    <p class='ocr_par' dir='ltr' id='par_1_14' title="bbox 324 1327 1976 1393">
     <span class='ocr_line' id='line_1_14' title="bbox 324 1327 1976 1393; baseline -0.002 -8"><span class='ocrx_word' id='word_1_78' title='bbox 324 1329 522 1385; x_wconf 89' lang='lat' dir='ltr'>culum</span> <span class='ocrx_word' id='word_1_79' title='bbox 554 1329 884 1393; x_wconf 81' lang='lat' dir='ltr'>aediﬁcaret,</span> <span class='ocrx_word' id='word_1_80' title='bbox 919 1333 1020 1384; x_wconf 91' lang='lat' dir='ltr'>aut</span> <span class='ocrx_word' id='word_1_81' title='bbox 1039 1329 1135 1384; x_wconf 88' lang='lat' dir='ltr'>cui</span> <span class='ocrx_word' id='word_1_82' title='bbox 1165 1344 1409 1384; x_wconf 70' lang='lat' dir='ltr'>summa:</span> <span class='ocrx_word' id='word_1_83' title='bbox 1427 1327 1750 1383; x_wconf 69' lang='lat' dir='ltr'>clementiae</span> <span class='ocrx_word' id='word_1_84' title='bbox 1779 1327 1976 1382; x_wconf 86' lang='lat' dir='ltr'>ineffa-</span> 
     </span>
    </p>
   </div>
   <div class='ocr_carea' id='block_1_15' title="bbox 322 1413 1967 1490">
    <p class='ocr_par' dir='ltr' id='par_1_15' title="bbox 322 1413 1967 1490">
     <span class='ocr_line' id='line_1_15' title="bbox 322 1413 1967 1490; baseline -0.002 -18"><span class='ocrx_word' id='word_1_85' title='bbox 322 1417 459 1472; x_wconf 84' lang='lat' dir='ltr'>bilis</span> <span class='ocrx_word' id='word_1_86' title='bbox 489 1417 745 1472; x_wconf 84' lang='lat' dir='ltr'>Trinitas</span> <span class='ocrx_word' id='word_1_87' title='bbox 763 1417 1085 1472; x_wconf 78' lang='lat' dir='ltr'>aediﬁcandi</span> <span class='ocrx_word' id='word_1_88' title='bbox 1117 1415 1604 1490; x_wconf 85' lang='lat' dir='ltr'>signiﬁcationem</span> <span class='ocrx_word' id='word_1_89' title='bbox 1628 1413 1967 1471; x_wconf 84' lang='lat' dir='ltr'>declararet.</span> 
     </span>
    </p>
   </div>
   <div class='ocr_carea' id='block_1_16' title="bbox 319 1503 1972 1577">
    <p class='ocr_par' dir='ltr' id='par_1_16' title="bbox 319 1503 1972 1577">
     <span class='ocr_line' id='line_1_16' title="bbox 319 1503 1972 1577; baseline -0.002 -15"><span class='ocrx_word' id='word_1_90' title='bbox 319 1505 704 1577; x_wconf 88' lang='lat' dir='ltr'>Exspectabat</span> <span class='ocrx_word' id='word_1_91' title='bbox 732 1503 891 1560; x_wconf 81' lang='lat' dir='ltr'>enim</span> <span class='ocrx_word' id='word_1_92' title='bbox 917 1503 1124 1560; x_wconf 68' lang='lat' dir='ltr'>divinae</span> <span class='ocrx_word' id='word_1_93' title='bbox 1159 1503 1533 1576; x_wconf 69' lang='lat' dir='ltr'>providentia:</span> <span class='ocrx_word' id='word_1_94' title='bbox 1571 1503 1853 1559; x_wconf 88' lang='lat' dir='ltr'>celsitudo</span> <span class='ocrx_word' id='word_1_95' title='bbox 1883 1503 1972 1558; x_wconf 87' lang='lat' dir='ltr'>vi-</span> 
     </span>
    </p>
   </div>
   <div class='ocr_carea' id='block_1_17' title="bbox 323 1591 1966 1666">
    <p class='ocr_par' dir='ltr' id='par_1_17' title="bbox 323 1591 1966 1666">
     <span class='ocr_line' id='line_1_17' title="bbox 323 1591 1966 1666; baseline -0.001 -18"><span class='ocrx_word' id='word_1_96' title='bbox 323 1609 478 1658; x_wconf 90' lang='lat' dir='ltr'>rum,</span> <span class='ocrx_word' id='word_1_97' title='bbox 539 1609 736 1666; x_wconf 89' lang='lat' dir='ltr'>quem,</span> <span class='ocrx_word' id='word_1_98' title='bbox 790 1592 1042 1648; x_wconf 90' lang='lat' dir='ltr'>carnalis</span> <span class='ocrx_word' id='word_1_99' title='bbox 1092 1592 1369 1648; x_wconf 85' lang='lat' dir='ltr'>desiderii</span> <span class='ocrx_word' id='word_1_100' title='bbox 1417 1607 1648 1648; x_wconf 79' lang='lat' dir='ltr'>carcere</span> <span class='ocrx_word' id='word_1_101' title='bbox 1694 1591 1966 1658; x_wconf 89' lang='lat' dir='ltr'>liberum,</span> 
     </span>
    </p>
   </div>
   <div class='ocr_carea' id='block_1_18' title="bbox 331 1678 1968 1752">
    <p class='ocr_par' dir='ltr' id='par_1_18' title="bbox 331 1678 1968 1752">
     <span class='ocr_line' id='line_1_18' title="bbox 331 1678 1968 1752; baseline -0.001 -16"><span class='ocrx_word' id='word_1_102' title='bbox 331 1684 532 1738; x_wconf 85' lang='lat' dir='ltr'>sancto</span> <span class='ocrx_word' id='word_1_103' title='bbox 564 1681 805 1752; x_wconf 88' lang='lat' dir='ltr'>Spiritui</span> <span class='ocrx_word' id='word_1_104' title='bbox 839 1688 1208 1736; x_wconf 82' lang='lat' dir='ltr'>consecraret</span> <span class='ocrx_word' id='word_1_105' title='bbox 1235 1684 1292 1736; x_wconf 90' lang='lat' dir='ltr'>et</span> <span class='ocrx_word' id='word_1_106' title='bbox 1320 1679 1641 1737; x_wconf 83' lang='lat' dir='ltr'>custodiret</span> <span class='ocrx_word' id='word_1_107' title='bbox 1684 1678 1968 1750; x_wconf 87' lang='lat' dir='ltr'>templum</span> 
     </span>
    </p>
   </div>
   <div class='ocr_carea' id='block_1_19' title="bbox 321 1765 1970 1840">
    <p class='ocr_par' dir='ltr' id='par_1_19' title="bbox 321 1765 1970 1840">
     <span class='ocr_line' id='line_1_19' title="bbox 321 1765 1970 1840; baseline -0.001 -16"><span class='ocrx_word' id='word_1_108' title='bbox 321 1768 680 1824; x_wconf 86' lang='lat' dir='ltr'>delectabile.</span> <span class='ocrx_word' id='word_1_109' title='bbox 715 1767 1027 1840; x_wconf 86' lang='lat' dir='ltr'>Oportebat</span> <span class='ocrx_word' id='word_1_110' title='bbox 1060 1768 1276 1840; x_wconf 88' lang='lat' dir='ltr'>quippe</span> <span class='ocrx_word' id='word_1_111' title='bbox 1307 1767 1630 1836; x_wconf 88' lang='lat' dir='ltr'>hominem,</span> <span class='ocrx_word' id='word_1_112' title='bbox 1665 1765 1970 1839; x_wconf 89' lang='lat' dir='ltr'>spirituale</span> 
     </span>
    </p>
   </div>
   <div class='ocr_carea' id='block_1_20' title="bbox 315 1853 2050 1929">
    <p class='ocr_par' dir='ltr' id='par_1_20' title="bbox 315 1853 2050 1929">
     <span class='ocr_line' id='line_1_20' title="bbox 315 1853 2050 1929; baseline -0.002 -16"><span class='ocrx_word' id='word_1_113' title='bbox 315 1855 603 1929; x_wconf 86' lang='lat' dir='ltr'>templum</span> <span class='ocrx_word' id='word_1_114' title='bbox 628 1855 747 1923; x_wconf 90' lang='lat' dir='ltr'>Dei,</span> <span class='ocrx_word' id='word_1_115' title='bbox 781 1857 1068 1912; x_wconf 66' lang='lat' dir='ltr'>aediﬁcare</span> <span class='ocrx_word' id='word_1_116' title='bbox 1085 1855 1202 1912; x_wconf 92' lang='lat' dir='ltr'>Deo</span> <span class='ocrx_word' id='word_1_117' title='bbox 1227 1855 1523 1928; x_wconf 89' lang='lat' dir='ltr'>corporale</span> <span class='ocrx_word' id='word_1_118' title='bbox 1545 1855 1854 1927; x_wconf 86' lang='lat' dir='ltr'>templum,</span> <span class='ocrx_word' id='word_1_119' title='bbox 1872 1855 1974 1926; x_wconf 89' lang='lat' dir='ltr'>qui</span> <span class='ocrx_word' id='word_1_120' title='bbox 2005 1853 2050 1920; x_wconf 88' lang='lat' dir='ltr'><strong>B</strong></span> 
     </span>
    </p>
   </div>
   <div class='ocr_carea' id='block_1_21' title="bbox 317 1942 1970 2015">
    <p class='ocr_par' dir='ltr' id='par_1_21' title="bbox 317 1942 1970 2015">
     <span class='ocr_line' id='line_1_21' title="bbox 317 1942 1970 2015; baseline -0.002 -15"><span class='ocrx_word' id='word_1_121' title='bbox 317 1945 410 2000; x_wconf 89' lang='lat' dir='ltr'>sui</span> <span class='ocrx_word' id='word_1_122' title='bbox 443 1945 736 1999; x_wconf 83' lang='lat' dir='ltr'>interioris</span> <span class='ocrx_word' id='word_1_123' title='bbox 765 1944 1134 2000; x_wconf 87' lang='lat' dir='ltr'>considerata</span> <span class='ocrx_word' id='word_1_124' title='bbox 1161 1943 1414 2015; x_wconf 86' lang='lat' dir='ltr'>imagine</span> <span class='ocrx_word' id='word_1_125' title='bbox 1445 1942 1970 2015; x_wconf 88' lang='lat' dir='ltr'>conciperetquali-</span> 
     </span>
    </p>
   </div>
   <div class='ocr_carea' id='block_1_22' title="bbox 316 2031 1963 2102">
    <p class='ocr_par' dir='ltr' id='par_1_22' title="bbox 316 2031 1963 2102">
     <span class='ocr_line' id='line_1_22' title="bbox 316 2031 1963 2102; baseline -0.001 -15"><span class='ocrx_word' id='word_1_126' title='bbox 316 2037 407 2087; x_wconf 91' lang='lat' dir='ltr'>ter</span> <span class='ocrx_word' id='word_1_127' title='bbox 433 2032 687 2087; x_wconf 88' lang='lat' dir='ltr'>exterius</span> <span class='ocrx_word' id='word_1_128' title='bbox 718 2048 912 2087; x_wconf 86' lang='lat' dir='ltr'>rerum</span> <span class='ocrx_word' id='word_1_129' title='bbox 947 2031 1350 2086; x_wconf 87' lang='lat' dir='ltr'>universarum</span> <span class='ocrx_word' id='word_1_130' title='bbox 1381 2031 1634 2087; x_wconf 87' lang='lat' dir='ltr'>Creatori</span> <span class='ocrx_word' id='word_1_131' title='bbox 1679 2031 1963 2102; x_wconf 89' lang='lat' dir='ltr'>templum</span> 
     </span>
    </p>
   </div>
   <div class='ocr_carea' id='block_1_23' title="bbox 317 2117 1964 2187">
    <p class='ocr_par' dir='ltr' id='par_1_23' title="bbox 317 2117 1964 2187">
     <span class='ocr_line' id='line_1_23' title="bbox 317 2117 1964 2187; baseline -0.001 -13"><span class='ocrx_word' id='word_1_132' title='bbox 317 2119 588 2176; x_wconf 88' lang='lat' dir='ltr'>ordinare</span> <span class='ocrx_word' id='word_1_133' title='bbox 648 2124 704 2173; x_wconf 88' lang='lat' dir='ltr'>et</span> <span class='ocrx_word' id='word_1_134' title='bbox 752 2118 1036 2174; x_wconf 80' lang='lat' dir='ltr'>aediﬁcare</span> <span class='ocrx_word' id='word_1_135' title='bbox 1083 2119 1336 2175; x_wconf 86' lang='lat' dir='ltr'>deberet.</span> <span class='ocrx_word' id='word_1_136' title='bbox 1397 2117 1675 2187; x_wconf 80' lang='lat' dir='ltr'>Quocirca</span> <span class='ocrx_word' id='word_1_137' title='bbox 1728 2118 1964 2173; x_wconf 88' lang='lat' dir='ltr'>tandem</span> 
     </span>
    </p>
   </div>
   <div class='ocr_carea' id='block_1_24' title="bbox 316 2207 1969 2264">
    <p class='ocr_par' dir='ltr' id='par_1_24' title="bbox 316 2207 1969 2264">
     <span class='ocr_line' id='line_1_24' title="bbox 316 2207 1969 2264; baseline -0.001 0"><span class='ocrx_word' id='word_1_138' title='bbox 316 2211 492 2264; x_wconf 66' lang='lat' dir='ltr'>tanta:</span> <span class='ocrx_word' id='word_1_139' title='bbox 517 2207 953 2263; x_wconf 81' lang='lat' dir='ltr'>deliberationis</span> <span class='ocrx_word' id='word_1_140' title='bbox 987 2207 1326 2262; x_wconf 81' lang='lat' dir='ltr'>aediﬁcando</span> <span class='ocrx_word' id='word_1_141' title='bbox 1357 2207 1590 2263; x_wconf 90' lang='lat' dir='ltr'>oraculo</span> <span class='ocrx_word' id='word_1_142' title='bbox 1639 2212 1880 2263; x_wconf 90' lang='lat' dir='ltr'>sanctus</span> <span class='ocrx_word' id='word_1_143' title='bbox 1913 2211 1969 2262; x_wconf 92' lang='lat' dir='ltr'>et</span> 
     </span>
    </p>
   </div>
   <div class='ocr_carea' id='block_1_25' title="bbox 314 2294 1966 2368">
    <p class='ocr_par' dir='ltr' id='par_1_25' title="bbox 314 2294 1966 2368">
     <span class='ocr_line' id='line_1_25' title="bbox 314 2294 1966 2368; baseline -0.001 -18"><span class='ocrx_word' id='word_1_144' title='bbox 314 2295 608 2368; x_wconf 87' lang='lat' dir='ltr'>gloriosus</span> <span class='ocrx_word' id='word_1_145' title='bbox 633 2295 931 2351; x_wconf 82' lang='lat' dir='ltr'>confessor</span> <span class='ocrx_word' id='word_1_146' title='bbox 971 2295 1272 2368; x_wconf 85' lang='lat' dir='ltr'>Vaningus</span> <span class='ocrx_word' id='word_1_147' title='bbox 1323 2295 1580 2366; x_wconf 88' lang='lat' dir='ltr'>eligitur,</span> <span class='ocrx_word' id='word_1_148' title='bbox 1629 2294 1966 2366; x_wconf 83' lang='lat' dir='ltr'>electusque</span> 
     </span>
    </p>
   </div>
   <div class='ocr_carea' id='block_1_26' title="bbox 317 2381 1964 2454">
    <p class='ocr_par' dir='ltr' id='par_1_26' title="bbox 317 2381 1964 2454">
     <span class='ocr_line' id='line_1_26' title="bbox 317 2381 1964 2454; baseline -0.001 -16"><span class='ocrx_word' id='word_1_149' title='bbox 317 2387 604 2439; x_wconf 89' lang='lat' dir='ltr'>monetur.</span> <span class='ocrx_word' id='word_1_150' title='bbox 641 2384 820 2454; x_wconf 79' lang='lat' dir='ltr'>Cujus</span> <span class='ocrx_word' id='word_1_151' title='bbox 840 2383 1124 2438; x_wconf 88' lang='lat' dir='ltr'>nobilium</span> <span class='ocrx_word' id='word_1_152' title='bbox 1141 2387 1375 2440; x_wconf 88' lang='lat' dir='ltr'>actuum</span> <span class='ocrx_word' id='word_1_153' title='bbox 1389 2382 1791 2438; x_wconf 79' lang='lat' dir='ltr'>excellentiam</span> <span class='ocrx_word' id='word_1_154' title='bbox 1815 2381 1964 2438; x_wconf 86' lang='lat' dir='ltr'>Galli</span> 
     </span>
    </p>
   </div>
   <div class='ocr_carea' id='block_1_27' title="bbox 314 2469 1966 2544">
    <p class='ocr_par' dir='ltr' id='par_1_27' title="bbox 314 2469 1966 2544">
     <span class='ocr_line' id='line_1_27' title="bbox 314 2469 1966 2544; baseline -0.001 -18"><span class='ocrx_word' id='word_1_155' title='bbox 314 2487 580 2544; x_wconf 89' lang='lat' dir='ltr'>proceres</span> <span class='ocrx_word' id='word_1_156' title='bbox 611 2471 1074 2538; x_wconf 87' lang='lat' dir='ltr'>admirabantur,</span> <span class='ocrx_word' id='word_1_157' title='bbox 1091 2475 1148 2527; x_wconf 92' lang='lat' dir='ltr'>et</span> <span class='ocrx_word' id='word_1_158' title='bbox 1177 2471 1501 2527; x_wconf 82' lang='lat' dir='ltr'>caelestium</span> <span class='ocrx_word' id='word_1_159' title='bbox 1517 2487 1748 2526; x_wconf 90' lang='lat' dir='ltr'>morum</span> <span class='ocrx_word' id='word_1_160' title='bbox 1765 2469 1966 2543; x_wconf 67' lang='lat' dir='ltr'>gratia:</span> 
     </span>
    </p>
   </div>
   <div class='ocr_carea' id='block_1_28' title="bbox 313 2558 1965 2631">
    <p class='ocr_par' dir='ltr' id='par_1_28' title="bbox 313 2558 1965 2631">
     <span class='ocr_line' id='line_1_28' title="bbox 313 2558 1965 2631; baseline -0.002 -15"><span class='ocrx_word' id='word_1_161' title='bbox 313 2559 566 2616; x_wconf 83' lang='lat' dir='ltr'>caelestis</span> <span class='ocrx_word' id='word_1_162' title='bbox 621 2561 784 2616; x_wconf 88' lang='lat' dir='ltr'>curia</span> <span class='ocrx_word' id='word_1_163' title='bbox 842 2558 1379 2631; x_wconf 86' lang='lat' dir='ltr'>congratulabatur.</span> <span class='ocrx_word' id='word_1_164' title='bbox 1422 2559 1769 2615; x_wconf 74' lang='lat' dir='ltr'>Boasidebat</span> <span class='ocrx_word' id='word_1_165' title='bbox 1807 2558 1965 2614; x_wconf 90' lang='lat' dir='ltr'>enim</span> 
     </span>
    </p>
   </div>
   <div class='ocr_carea' id='block_1_29' title="bbox 315 2645 1962 2720">
    <p class='ocr_par' dir='ltr' id='par_1_29' title="bbox 315 2645 1962 2720">
     <span class='ocr_line' id='line_1_29' title="bbox 315 2645 1962 2720; baseline -0.001 -18"><span class='ocrx_word' id='word_1_166' title='bbox 315 2649 468 2720; x_wconf 89' lang='lat' dir='ltr'>quod</span> <span class='ocrx_word' id='word_1_167' title='bbox 489 2665 602 2718; x_wconf 86' lang='lat' dir='ltr'>non</span> <span class='ocrx_word' id='word_1_168' title='bbox 619 2647 1016 2715; x_wconf 88' lang='lat' dir='ltr'>multi,verum</span> <span class='ocrx_word' id='word_1_169' title='bbox 1031 2647 1240 2702; x_wconf 89' lang='lat' dir='ltr'>divites</span> <span class='ocrx_word' id='word_1_170' title='bbox 1254 2647 1422 2719; x_wconf 89' lang='lat' dir='ltr'>pauci</span> <span class='ocrx_word' id='word_1_171' title='bbox 1438 2647 1737 2718; x_wconf 86' lang='lat' dir='ltr'>possidere</span> <span class='ocrx_word' id='word_1_172' title='bbox 1754 2645 1962 2714; x_wconf 88' lang='lat' dir='ltr'>solent,</span> 
     </span>
    </p>
   </div>
   <div class='ocr_carea' id='block_1_30' title="bbox 312 2733 1964 2805">
    <p class='ocr_par' dir='ltr' id='par_1_30' title="bbox 312 2733 1964 2805">
     <span class='ocr_line' id='line_1_30' title="bbox 312 2733 1964 2805; baseline -0.002 -14"><span class='ocrx_word' id='word_1_173' title='bbox 312 2741 368 2791; x_wconf 88' lang='lat' dir='ltr'>et</span> <span class='ocrx_word' id='word_1_174' title='bbox 379 2741 724 2791; x_wconf 69' lang='lat' dir='ltr'>aeternorum</span> <span class='ocrx_word' id='word_1_175' title='bbox 741 2735 1096 2791; x_wconf 89' lang='lat' dir='ltr'>desiderium</span> <span class='ocrx_word' id='word_1_176' title='bbox 1111 2741 1168 2790; x_wconf 89' lang='lat' dir='ltr'>et</span> <span class='ocrx_word' id='word_1_177' title='bbox 1180 2735 1540 2790; x_wconf 78' lang='lat' dir='ltr'>affluentiam</span> <span class='ocrx_word' id='word_1_178' title='bbox 1553 2733 1964 2805; x_wconf 85' lang='lat' dir='ltr'>temporalium</span> 
     </span>
    </p>
   </div>
   <div class='ocr_carea' id='block_1_31' title="bbox 313 2821 1964 2895">
    <p class='ocr_par' dir='ltr' id='par_1_31' title="bbox 313 2821 1964 2895">
     <span class='ocr_line' id='line_1_31' title="bbox 313 2821 1964 2895; baseline -0.002 -16"><span class='ocrx_word' id='word_1_179' title='bbox 313 2825 619 2892; x_wconf 90' lang='lat' dir='ltr'>bonorum;</span> <span class='ocrx_word' id='word_1_180' title='bbox 643 2841 892 2895; x_wconf 89' lang='lat' dir='ltr'>quorum</span> <span class='ocrx_word' id='word_1_181' title='bbox 907 2823 1176 2879; x_wconf 89' lang='lat' dir='ltr'>clementi</span> <span class='ocrx_word' id='word_1_182' title='bbox 1195 2839 1448 2894; x_wconf 84' lang='lat' dir='ltr'>expensa</span> <span class='ocrx_word' id='word_1_183' title='bbox 1461 2821 1756 2876; x_wconf 88' lang='lat' dir='ltr'>nullorum</span> <span class='ocrx_word' id='word_1_184' title='bbox 1779 2821 1964 2894; x_wconf 89' lang='lat' dir='ltr'>respi-</span> 
     </span>
    </p>
   </div>
   <div class='ocr_carea' id='block_1_32' title="bbox 311 2910 1960 2980">
    <p class='ocr_par' dir='ltr' id='par_1_32' title="bbox 311 2910 1960 2980">
     <span class='ocr_line' id='line_1_32' title="bbox 311 2910 1960 2980; baseline 0 -14"><span class='ocrx_word' id='word_1_185' title='bbox 311 2912 522 2980; x_wconf 88' lang='lat' dir='ltr'>ciebat,</span> <span class='ocrx_word' id='word_1_186' title='bbox 551 2915 652 2968; x_wconf 90' lang='lat' dir='ltr'>aut</span> <span class='ocrx_word' id='word_1_187' title='bbox 683 2913 956 2980; x_wconf 82' lang='lat' dir='ltr'>favorem,</span> <span class='ocrx_word' id='word_1_188' title='bbox 991 2914 1094 2966; x_wconf 88' lang='lat' dir='ltr'>aut</span> <span class='ocrx_word' id='word_1_189' title='bbox 1124 2910 1569 2966; x_wconf 83' lang='lat' dir='ltr'>retributionem</span> <span class='ocrx_word' id='word_1_190' title='bbox 1603 2910 1960 2966; x_wconf 86' lang='lat' dir='ltr'>mortalium.</span> 
     </span>
    </p>
   </div>
   <div class='ocr_carea' id='block_1_33' title="bbox 313 2998 1966 3074">
    <p class='ocr_par' dir='ltr' id='par_1_33' title="bbox 313 2998 1966 3074">
     <span class='ocr_line' id='line_1_33' title="bbox 313 2998 1966 3074; baseline -0.001 -18"><span class='ocrx_word' id='word_1_191' title='bbox 313 2999 544 3056; x_wconf 89' lang='lat' dir='ltr'>Talium</span> <span class='ocrx_word' id='word_1_192' title='bbox 576 3001 756 3074; x_wconf 86' lang='lat' dir='ltr'>igitur</span> <span class='ocrx_word' id='word_1_193' title='bbox 786 3001 1128 3056; x_wconf 89' lang='lat' dir='ltr'>meritorum</span> <span class='ocrx_word' id='word_1_194' title='bbox 1159 2998 1368 3070; x_wconf 86' lang='lat' dir='ltr'>gratia,</span> <span class='ocrx_word' id='word_1_195' title='bbox 1401 3002 1458 3052; x_wconf 91' lang='lat' dir='ltr'>et</span> <span class='ocrx_word' id='word_1_196' title='bbox 1486 2999 1602 3054; x_wconf 90' lang='lat' dir='ltr'>Deo</span> <span class='ocrx_word' id='word_1_197' title='bbox 1633 2998 1879 3066; x_wconf 88' lang='lat' dir='ltr'>amicus,</span> <span class='ocrx_word' id='word_1_198' title='bbox 1907 3004 1966 3054; x_wconf 84' lang='lat' dir='ltr'>et</span> 
     </span>
    </p>
   </div>
   <div class='ocr_carea' id='block_1_34' title="bbox 311 3085 1965 3158">
    <p class='ocr_par' dir='ltr' id='par_1_34' title="bbox 311 3085 1965 3158">
     <span class='ocr_line' id='line_1_34' title="bbox 311 3085 1965 3158; baseline -0.001 -14"><span class='ocrx_word' id='word_1_199' title='bbox 311 3089 532 3145; x_wconf 90' lang='lat' dir='ltr'>mundo</span> <span class='ocrx_word' id='word_1_200' title='bbox 559 3087 754 3145; x_wconf 87' lang='lat' dir='ltr'>clarus</span> <span class='ocrx_word' id='word_1_201' title='bbox 785 3092 841 3143; x_wconf 87' lang='lat' dir='ltr'>et</span> <span class='ocrx_word' id='word_1_202' title='bbox 856 3087 976 3158; x_wconf 87' lang='lat' dir='ltr'>regi</span> <span class='ocrx_word' id='word_1_203' title='bbox 995 3085 1267 3142; x_wconf 90' lang='lat' dir='ltr'>Lothario</span> <span class='ocrx_word' id='word_1_204' title='bbox 1295 3085 1626 3142; x_wconf 89' lang='lat' dir='ltr'>habebatur</span> <span class='ocrx_word' id='word_1_205' title='bbox 1660 3085 1965 3142; x_wconf 84' lang='lat' dir='ltr'>familiaris</span> 
     </span>
    </p>
   </div>
   <div class='ocr_carea' id='block_1_35' title="bbox 310 3173 1961 3249">
    <p class='ocr_par' dir='ltr' id='par_1_35' title="bbox 310 3173 1961 3249">
     <span class='ocr_line' id='line_1_35' title="bbox 310 3173 1961 3249; baseline -0.001 -17"><span class='ocrx_word' id='word_1_206' title='bbox 310 3180 366 3232; x_wconf 91' lang='lat' dir='ltr'>et</span> <span class='ocrx_word' id='word_1_207' title='bbox 397 3180 789 3232; x_wconf 89' lang='lat' dir='ltr'>secretaneus.</span> <span class='ocrx_word' id='word_1_208' title='bbox 811 3173 1123 3230; x_wconf 87' lang='lat' dir='ltr'>Lotharius</span> <span class='ocrx_word' id='word_1_209' title='bbox 1138 3173 1292 3229; x_wconf 89' lang='lat' dir='ltr'>enim</span> <span class='ocrx_word' id='word_1_210' title='bbox 1319 3191 1417 3230; x_wconf 85' lang='lat' dir='ltr'>rex</span> <span class='ocrx_word' id='word_1_211' title='bbox 1445 3179 1508 3228; x_wconf 91' lang='lat' dir='ltr'>B.</span> <span class='ocrx_word' id='word_1_212' title='bbox 1527 3175 1785 3248; x_wconf 89' lang='lat' dir='ltr'>Vaningo</span> <span class='ocrx_word' id='word_1_213' title='bbox 1799 3177 1961 3249; x_wconf 88' lang='lat' dir='ltr'>regni</span> 
     </span>
    </p>
   </div>
   <div class='ocr_carea' id='block_1_36' title="bbox 311 3262 1960 3336">
    <p class='ocr_par' dir='ltr' id='par_1_36' title="bbox 311 3262 1960 3336">
     <span class='ocr_line' id='line_1_36' title="bbox 311 3262 1960 3336; baseline 0.001 -17"><span class='ocrx_word' id='word_1_214' title='bbox 311 3263 401 3320; x_wconf 87' lang='lat' dir='ltr'>sui</span> <span class='ocrx_word' id='word_1_215' title='bbox 435 3269 660 3336; x_wconf 88' lang='lat' dir='ltr'>partem</span> <span class='ocrx_word' id='word_1_216' title='bbox 677 3262 992 3318; x_wconf 84' lang='lat' dir='ltr'>maximam</span> <span class='ocrx_word' id='word_1_217' title='bbox 1008 3262 1513 3319; x_wconf 86' lang='lat' dir='ltr'>commendaverat</span> <span class='ocrx_word' id='word_1_218' title='bbox 1535 3281 1547 3328; x_wconf 92' lang='lat'><strong>;</strong></span> <span class='ocrx_word' id='word_1_219' title='bbox 1575 3263 1960 3320; x_wconf 84' lang='lat' dir='ltr'>nihilominus</span> 
     </span>
    </p>
   </div>
   <div class='ocr_carea' id='block_1_37' title="bbox 309 3349 1960 3424">
    <p class='ocr_par' dir='ltr' id='par_1_37' title="bbox 309 3349 1960 3424">
     <span class='ocr_line' id='line_1_37' title="bbox 309 3349 1960 3424; baseline 0 -16"><span class='ocrx_word' id='word_1_220' title='bbox 309 3351 510 3420; x_wconf 89' lang='lat' dir='ltr'>etiam,</span> <span class='ocrx_word' id='word_1_221' title='bbox 543 3351 604 3424; x_wconf 86' lang='lat' dir='ltr'>in</span> <span class='ocrx_word' id='word_1_222' title='bbox 635 3349 818 3421; x_wconf 83' lang='lat' dir='ltr'>totius</span> <span class='ocrx_word' id='word_1_223' title='bbox 835 3350 1509 3407; x_wconf 89' lang='lat' dir='ltr'>summaordinandavel</span> <span class='ocrx_word' id='word_1_224' title='bbox 1542 3351 1960 3408; x_wconf 88' lang='lat' dir='ltr'>administran-</span> 
     </span>
    </p>
   </div>
   <div class='ocr_carea' id='block_1_38' title="bbox 309 3438 1961 3510">
    <p class='ocr_par' dir='ltr' id='par_1_38' title="bbox 309 3438 1961 3510">
     <span class='ocr_line' id='line_1_38' title="bbox 309 3438 1961 3510; baseline 0.001 -16"><span class='ocrx_word' id='word_1_225' title='bbox 309 3441 404 3506; x_wconf 89' lang='lat' dir='ltr'>da,</span> <span class='ocrx_word' id='word_1_226' title='bbox 437 3439 500 3496; x_wconf 90' lang='grc' dir='ltr'><strong>Β.</strong></span> <span class='ocrx_word' id='word_1_227' title='bbox 532 3438 641 3493; x_wconf 90' lang='lat' dir='ltr'>viri</span> <span class='ocrx_word' id='word_1_228' title='bbox 673 3439 931 3510; x_wconf 87' lang='lat' dir='ltr'>prudens</span> <span class='ocrx_word' id='word_1_229' title='bbox 961 3438 1270 3494; x_wconf 89' lang='lat' dir='ltr'>consilium</span> <span class='ocrx_word' id='word_1_230' title='bbox 1297 3439 1652 3510; x_wconf 87' lang='lat' dir='ltr'>sequebatur</span> <span class='ocrx_word' id='word_1_231' title='bbox 1679 3444 1738 3494; x_wconf 89' lang='lat' dir='ltr'>et</span> <span class='ocrx_word' id='word_1_232' title='bbox 1769 3440 1961 3496; x_wconf 89' lang='lat' dir='ltr'>audie-</span> 
     </span>
    </p>
   </div>
   <div class='ocr_carea' id='block_1_39' title="bbox 309 3526 1959 3601">
    <p class='ocr_par' dir='ltr' id='par_1_39' title="bbox 309 3526 1959 3601">
     <span class='ocr_line' id='line_1_39' title="bbox 309 3526 1959 3601; baseline 0.001 -19"><span class='ocrx_word' id='word_1_233' title='bbox 309 3527 431 3582; x_wconf 86' lang='lat' dir='ltr'>bat.</span> <span class='ocrx_word' id='word_1_234' title='bbox 465 3526 1002 3595; x_wconf 88' lang='lat' dir='ltr'>Gommendaverat,</span> <span class='ocrx_word' id='word_1_235' title='bbox 1033 3527 1296 3598; x_wconf 89' lang='lat' dir='ltr'>inquam,</span> <span class='ocrx_word' id='word_1_236' title='bbox 1331 3527 1393 3582; x_wconf 89' lang='grc' dir='ltr'><strong>Β.</strong></span> <span class='ocrx_word' id='word_1_237' title='bbox 1427 3527 1690 3601; x_wconf 86' lang='lat' dir='ltr'>Vaningo</span> <span class='ocrx_word' id='word_1_238' title='bbox 1721 3545 1820 3584; x_wconf 89' lang='lat' dir='ltr'>rex</span> <span class='ocrx_word' id='word_1_239' title='bbox 1852 3529 1959 3584; x_wconf 88' lang='lat' dir='ltr'>Lo-</span> 
     </span>
    </p>
   </div>
   <div class='ocr_carea' id='block_1_40' title="bbox 307 3614 1960 3690">
    <p class='ocr_par' dir='ltr' id='par_1_40' title="bbox 307 3614 1960 3690">
     <span class='ocr_line' id='line_1_40' title="bbox 307 3614 1960 3690; baseline 0.004 -21"><span class='ocrx_word' id='word_1_240' title='bbox 307 3614 536 3670; x_wconf 89' lang='lat' dir='ltr'>tharius</span> <span class='ocrx_word' id='word_1_241' title='bbox 561 3615 921 3688; x_wconf 87' lang='lat' dir='ltr'>provinciam</span> <span class='ocrx_word' id='word_1_242' title='bbox 944 3614 1558 3688; x_wconf 72' lang='lat' dir='ltr'>Calciacensem,quze,</span> <span class='ocrx_word' id='word_1_243' title='bbox 1592 3617 1665 3673; x_wconf 90' lang='lat' dir='ltr'>ob</span> <span class='ocrx_word' id='word_1_244' title='bbox 1695 3619 1960 3690; x_wconf 89' lang='lat' dir='ltr'>antiqua-</span> 
     </span>
    </p>
   </div>
   <div class='ocr_carea' id='block_1_41' title="bbox 308 3703 1958 3778">
    <p class='ocr_par' dir='ltr' id='par_1_41' title="bbox 308 3703 1958 3778">
     <span class='ocr_line' id='line_1_41' title="bbox 308 3703 1958 3778; baseline 0.004 -20"><span class='ocrx_word' id='word_1_245' title='bbox 308 3719 440 3778; x_wconf 84' lang='lat' dir='ltr'>rum</span> <span class='ocrx_word' id='word_1_246' title='bbox 471 3703 749 3761; x_wconf 88' lang='lat' dir='ltr'>silvarum</span> <span class='ocrx_word' id='word_1_247' title='bbox 782 3705 1202 3762; x_wconf 88' lang='lat' dir='ltr'>abundantiam</span> <span class='ocrx_word' id='word_1_248' title='bbox 1223 3711 1280 3762; x_wconf 91' lang='lat' dir='ltr'>et</span> <span class='ocrx_word' id='word_1_249' title='bbox 1309 3707 1563 3762; x_wconf 81' lang='lat' dir='ltr'>ferarum</span> <span class='ocrx_word' id='word_1_250' title='bbox 1595 3707 1958 3764; x_wconf 88' lang='lat' dir='ltr'>diversarum</span> 
     </span>
    </p>
   </div>
   <div class='ocr_carea' id='block_1_42' title="bbox 305 3793 1958 3870">
    <p class='ocr_par' dir='ltr' id='par_1_42' title="bbox 305 3793 1958 3870">
     <span class='ocr_line' id='line_1_42' title="bbox 305 3793 1958 3870; baseline 0.002 -22"><span class='ocrx_word' id='word_1_251' title='bbox 305 3793 670 3850; x_wconf 85' lang='lat' dir='ltr'>venationem</span> <span class='ocrx_word' id='word_1_252' title='bbox 696 3795 1047 3864; x_wconf 86' lang='lat' dir='ltr'>jucundam,</span> <span class='ocrx_word' id='word_1_253' title='bbox 1079 3795 1260 3852; x_wconf 89' lang='lat' dir='ltr'>valles</span> <span class='ocrx_word' id='word_1_254' title='bbox 1311 3795 1593 3868; x_wconf 87' lang='lat' dir='ltr'>diligebat</span> <span class='ocrx_word' id='word_1_255' title='bbox 1637 3797 1958 3870; x_wconf 87' lang='lat' dir='ltr'>nullisque,</span> 
     </span>
    </p>
   </div>
   <div class='ocr_carea' id='block_1_43' title="bbox 307 3881 1961 3957">
    <p class='ocr_par' dir='ltr' id='par_1_43' title="bbox 307 3881 1961 3957">
     <span class='ocr_line' id='line_1_43' title="bbox 307 3881 1961 3957; baseline 0.001 -19"><span class='ocrx_word' id='word_1_256' title='bbox 307 3882 422 3938; x_wconf 88' lang='lat' dir='ltr'>nisi</span> <span class='ocrx_word' id='word_1_257' title='bbox 451 3881 724 3937; x_wconf 87' lang='lat' dir='ltr'>familiari</span> <span class='ocrx_word' id='word_1_258' title='bbox 756 3886 814 3937; x_wconf 92' lang='lat' dir='ltr'>et</span> <span class='ocrx_word' id='word_1_259' title='bbox 844 3882 1001 3936; x_wconf 88' lang='lat' dir='ltr'>ﬁdeli</span> <span class='ocrx_word' id='word_1_260' title='bbox 1032 3885 1399 3940; x_wconf 88' lang='lat' dir='ltr'>committere</span> <span class='ocrx_word' id='word_1_261' title='bbox 1421 3883 1846 3940; x_wconf 88' lang='lat' dir='ltr'>rationabiliter</span> <span class='ocrx_word' id='word_1_262' title='bbox 1867 3887 1961 3957; x_wconf 90' lang='lat' dir='ltr'>ju-</span> 
     </span>
    </p>
   </div>
   <div class='ocr_carea' id='block_1_44' title="bbox 306 3969 1960 4042">
    <p class='ocr_par' dir='ltr' id='par_1_44' title="bbox 306 3969 1960 4042">
     <span class='ocr_line' id='line_1_44' title="bbox 306 3969 1960 4042; baseline 0.003 -16"><span class='ocrx_word' id='word_1_263' title='bbox 306 3969 558 4026; x_wconf 87' lang='lat' dir='ltr'>dicabat.</span> <span class='ocrx_word' id='word_1_264' title='bbox 591 3969 1140 4042; x_wconf 86' lang='lat' dir='ltr'>Gommissasigitur</span> <span class='ocrx_word' id='word_1_265' title='bbox 1155 3970 1332 4028; x_wconf 88' lang='lat' dir='ltr'>silvas</span> <span class='ocrx_word' id='word_1_266' title='bbox 1350 3971 1601 4028; x_wconf 89' lang='lat' dir='ltr'>ﬁdeliter</span> <span class='ocrx_word' id='word_1_267' title='bbox 1623 3973 1960 4032; x_wconf 89' lang='lat' dir='ltr'>custodiens</span> 
     </span>
    </p>
   </div>
   <div class='ocr_carea' id='block_1_45' title="bbox 304 4056 1957 4134">
    <p class='ocr_par' dir='ltr' id='par_1_45' title="bbox 304 4056 1957 4134">
     <span class='ocr_line' id='line_1_45' title="bbox 304 4056 1957 4134; baseline 0.004 -22"><span class='ocrx_word' id='word_1_268' title='bbox 304 4062 368 4112; x_wconf 89' lang='grc' dir='ltr'>Β.</span> <span class='ocrx_word' id='word_1_269' title='bbox 401 4056 729 4130; x_wconf 87' lang='lat' dir='ltr'>Vaningus,</span> <span class='ocrx_word' id='word_1_270' title='bbox 760 4058 1096 4130; x_wconf 86' lang='lat' dir='ltr'>frequenter</span> <span class='ocrx_word' id='word_1_271' title='bbox 1124 4059 1420 4126; x_wconf 87' lang='lat' dir='ltr'>visitabat,</span> <span class='ocrx_word' id='word_1_272' title='bbox 1453 4061 1743 4117; x_wconf 89' lang='lat' dir='ltr'>visitando</span> <span class='ocrx_word' id='word_1_273' title='bbox 1775 4062 1957 4134; x_wconf 91' lang='lat' dir='ltr'>pellu-</span> 
     </span>
    </p>
   </div>
   <div class='ocr_carea' id='block_1_46' title="bbox 305 4144 1957 4222">
    <p class='ocr_par' dir='ltr' id='par_1_46' title="bbox 305 4144 1957 4222">
     <span class='ocr_line' id='line_1_46' title="bbox 305 4144 1957 4222; baseline 0.003 -22"><span class='ocrx_word' id='word_1_274' title='bbox 305 4144 568 4213; x_wconf 88' lang='lat' dir='ltr'>strabat;</span> <span class='ocrx_word' id='word_1_275' title='bbox 603 4162 718 4201; x_wconf 89' lang='lat' dir='ltr'>non</span> <span class='ocrx_word' id='word_1_276' title='bbox 749 4149 980 4200; x_wconf 88' lang='lat' dir='ltr'>tantum</span> <span class='ocrx_word' id='word_1_277' title='bbox 1006 4145 1424 4216; x_wconf 88' lang='lat' dir='ltr'>capiendarum</span> <span class='ocrx_word' id='word_1_278' title='bbox 1453 4145 1591 4204; x_wconf 94' lang='lat' dir='ltr'>ludo</span> <span class='ocrx_word' id='word_1_279' title='bbox 1633 4153 1735 4204; x_wconf 91' lang='lat' dir='ltr'>aut</span> <span class='ocrx_word' id='word_1_280' title='bbox 1763 4154 1957 4222; x_wconf 87' lang='lat' dir='ltr'>capta-</span> 
     </span>
    </p>
   </div>
   <div class='ocr_carea' id='block_1_47' title="bbox 305 4231 1955 4308">
    <p class='ocr_par' dir='ltr' id='par_1_47' title="bbox 305 4231 1955 4308">
     <span class='ocr_line' id='line_1_47' title="bbox 305 4231 1955 4308; baseline 0.005 -20"><span class='ocrx_word' id='word_1_281' title='bbox 305 4249 438 4289; x_wconf 87' lang='lat' dir='ltr'>rum</span> <span class='ocrx_word' id='word_1_282' title='bbox 471 4233 727 4289; x_wconf 88' lang='lat' dir='ltr'>ferarum</span> <span class='ocrx_word' id='word_1_283' title='bbox 772 4231 937 4289; x_wconf 90' lang='lat' dir='ltr'>lucro</span> <span class='ocrx_word' id='word_1_284' title='bbox 985 4235 1248 4306; x_wconf 82' lang='lat' dir='ltr'>gaudens</span> <span class='ocrx_word' id='word_1_285' title='bbox 1297 4239 1586 4308; x_wconf 89' lang='lat' dir='ltr'>quantum</span> <span class='ocrx_word' id='word_1_286' title='bbox 1636 4237 1955 4296; x_wconf 87' lang='lat' dir='ltr'>carnalium</span> 
     </span>
    </p>
   </div>
   <div class='ocr_carea' id='block_1_48' title="bbox 305 4319 1957 4396">
    <p class='ocr_par' dir='ltr' id='par_1_48' title="bbox 305 4319 1957 4396">
     <span class='ocr_line' id='line_1_48' title="bbox 305 4319 1957 4396; baseline 0.007 -22"><span class='ocrx_word' id='word_1_287' title='bbox 305 4319 673 4376; x_wconf 88' lang='lat' dir='ltr'>tumultuum</span> <span class='ocrx_word' id='word_1_288' title='bbox 689 4321 1188 4392; x_wconf 83' lang='lat' dir='ltr'>refrigerationem</span> <span class='ocrx_word' id='word_1_289' title='bbox 1203 4323 1412 4380; x_wconf 91' lang='lat' dir='ltr'>umbra</span> <span class='ocrx_word' id='word_1_290' title='bbox 1425 4324 1726 4396; x_wconf 84' lang='lat' dir='ltr'>silvarum,</span> <span class='ocrx_word' id='word_1_291' title='bbox 1750 4327 1957 4386; x_wconf 90' lang='lat' dir='ltr'>solitu-</span> 
     </span>
    </p>
   </div>
   <div class='ocr_carea' id='block_1_49' title="bbox 308 4408 1958 4482">
    <p class='ocr_par' dir='ltr' id='par_1_49' title="bbox 308 4408 1958 4482">
     <span class='ocr_line' id='line_1_49' title="bbox 308 4408 1958 4482; baseline 0.007 -19"><span class='ocrx_word' id='word_1_292' title='bbox 308 4409 444 4464; x_wconf 90' lang='lat' dir='ltr'>dine</span> <span class='ocrx_word' id='word_1_293' title='bbox 475 4425 759 4481; x_wconf 72' lang='lat' dir='ltr'>quzerens.</span> <span class='ocrx_word' id='word_1_294' title='bbox 793 4408 919 4468; x_wconf 87' lang='lat' dir='ltr'>Tali</span> <span class='ocrx_word' id='word_1_295' title='bbox 949 4410 1147 4482; x_wconf 88' lang='lat' dir='ltr'>itaque</span> <span class='ocrx_word' id='word_1_296' title='bbox 1169 4413 1361 4469; x_wconf 91' lang='lat' dir='ltr'>studio</span> <span class='ocrx_word' id='word_1_297' title='bbox 1392 4415 1815 4474; x_wconf 88' lang='lat' dir='ltr'>commodiores</span> <span class='ocrx_word' id='word_1_298' title='bbox 1838 4419 1958 4474; x_wconf 91' lang='lat' dir='ltr'>Fis-</span> 
     </span>
    </p>
   </div>
   <div class='ocr_carea' id='block_1_50' title="bbox 307 4496 1954 4578">
    <p class='ocr_par' dir='ltr' id='par_1_50' title="bbox 307 4496 1954 4578">
     <span class='ocr_line' id='line_1_50' title="bbox 307 4496 1954 4578; baseline 0.006 -25"><span class='ocrx_word' id='word_1_299' title='bbox 307 4513 632 4554; x_wconf 89' lang='lat' dir='ltr'>cannenses</span> <span class='ocrx_word' id='word_1_300' title='bbox 645 4496 830 4554; x_wconf 84' lang='lat' dir='ltr'>saltus</span> <span class='ocrx_word' id='word_1_301' title='bbox 847 4499 1174 4568; x_wconf 85' lang='lat' dir='ltr'>judicabat,</span> <span class='ocrx_word' id='word_1_302' title='bbox 1191 4501 1514 4572; x_wconf 88' lang='lat' dir='ltr'>judicando</span> <span class='ocrx_word' id='word_1_303' title='bbox 1529 4504 1954 4578; x_wconf 88' lang='lat' dir='ltr'>frequentabat,</span> 
     </span>
    </p>
   </div>
   <div class='ocr_carea' id='block_1_51' title="bbox 2097 582 3742 658">
    <p class='ocr_par' dir='ltr' id='par_1_51' title="bbox 2097 582 3742 658">
     <span class='ocr_line' id='line_1_51' title="bbox 2097 582 3742 658; baseline 0.002 -22"><span class='ocrx_word' id='word_1_304' title='bbox 2097 582 2451 640; x_wconf 80' lang='lat' dir='ltr'>labefactans</span> <span class='ocrx_word' id='word_1_305' title='bbox 2483 585 2828 658; x_wconf 82' lang='lat' dir='ltr'>cunctisque</span> <span class='ocrx_word' id='word_1_306' title='bbox 2857 585 3372 642; x_wconf 89' lang='lat' dir='ltr'>viribus-membra</span> <span class='ocrx_word' id='word_1_307' title='bbox 3417 587 3618 643; x_wconf 87' lang='lat' dir='ltr'>omnia</span> <span class='ocrx_word' id='word_1_308' title='bbox 3647 587 3742 641; x_wconf 79' lang='lat' dir='ltr'>in-</span> 
     </span>
    </p>
   </div>
   <div class='ocr_carea' id='block_1_52' title="bbox 2092 671 3747 746">
    <p class='ocr_par' dir='ltr' id='par_1_52' title="bbox 2092 671 3747 746">
     <span class='ocr_line' id='line_1_52' title="bbox 2092 671 3747 746; baseline 0.002 -19"><span class='ocrx_word' id='word_1_309' title='bbox 2092 671 2406 729; x_wconf 88' lang='lat' dir='ltr'>clementer</span> <span class='ocrx_word' id='word_1_310' title='bbox 2435 673 2691 746; x_wconf 89' lang='lat' dir='ltr'>privans,</span> <span class='ocrx_word' id='word_1_311' title='bbox 2726 675 2954 732; x_wconf 81' lang='lat' dir='ltr'>auferre</span> <span class='ocrx_word' id='word_1_312' title='bbox 2983 674 3161 731; x_wconf 90' lang='lat' dir='ltr'>vitam</span> <span class='ocrx_word' id='word_1_313' title='bbox 3193 679 3252 730; x_wconf 88' lang='lat' dir='ltr'>et</span> <span class='ocrx_word' id='word_1_314' title='bbox 3280 679 3528 732; x_wconf 88' lang='lat' dir='ltr'>mortem</span> <span class='ocrx_word' id='word_1_315' title='bbox 3559 675 3747 730; x_wconf 86' lang='lat' dir='ltr'>mina-</span> 
     </span>
    </p>
   </div>
   <div class='ocr_carea' id='block_1_53' title="bbox 2091 761 3748 838">
    <p class='ocr_par' dir='ltr' id='par_1_53' title="bbox 2091 761 3748 838">
     <span class='ocr_line' id='line_1_53' title="bbox 2091 761 3748 838; baseline 0.002 -22"><span class='ocrx_word' id='word_1_316' title='bbox 2091 761 2264 816; x_wconf 88' lang='lat' dir='ltr'>batur</span> <span class='ocrx_word' id='word_1_317' title='bbox 2293 761 2568 818; x_wconf 89' lang='lat' dir='ltr'>inducere</span> <span class='ocrx_word' id='word_1_318' title='bbox 2589 767 2956 834; x_wconf 70' lang='lat' dir='ltr'>praasentem.</span> <span class='ocrx_word' id='word_1_319' title='bbox 2992 764 3432 838; x_wconf 82' lang='lat' dir='ltr'>Ingravescente</span> <span class='ocrx_word' id='word_1_320' title='bbox 3461 779 3600 836; x_wconf 88' lang='lat' dir='ltr'>ergo</span> <span class='ocrx_word' id='word_1_321' title='bbox 3621 779 3748 819; x_wconf 87' lang='lat' dir='ltr'>mo-</span> 
     </span>
    </p>
   </div>
   <div class='ocr_carea' id='block_1_54' title="bbox 2089 847 3772 924">
    <p class='ocr_par' dir='ltr' id='par_1_54' title="bbox 2089 847 3772 924">
     <span class='ocr_line' id='line_1_54' title="bbox 2089 847 3772 924; baseline 0.002 -21"><span class='ocrx_word' id='word_1_322' title='bbox 2089 847 2277 916; x_wconf 88' lang='lat' dir='ltr'>lestia,</span> <span class='ocrx_word' id='word_1_323' title='bbox 2313 850 2544 922; x_wconf 89' lang='lat' dir='ltr'>penitus</span> <span class='ocrx_word' id='word_1_324' title='bbox 2575 851 2736 924; x_wconf 84' lang='lat' dir='ltr'>vigor</span> <span class='ocrx_word' id='word_1_325' title='bbox 2763 852 2962 908; x_wconf 90' lang='lat' dir='ltr'>vitalis</span> <span class='ocrx_word' id='word_1_326' title='bbox 3003 851 3392 921; x_wconf 89' lang='lat' dir='ltr'>concluditur,</span> <span class='ocrx_word' id='word_1_327' title='bbox 3426 852 3772 908; x_wconf 84' lang='lat' dir='ltr'>conclusus.</span> 
     </span>
    </p>
   </div>
   <div class='ocr_carea' id='block_1_55' title="bbox 2089 937 3742 1012">
    <p class='ocr_par' dir='ltr' id='par_1_55' title="bbox 2089 937 3742 1012">
     <span class='ocr_line' id='line_1_55' title="bbox 2089 937 3742 1012; baseline 0.003 -21"><span class='ocrx_word' id='word_1_328' title='bbox 2089 937 2700 1012; x_wconf 88' lang='lat' dir='ltr'>exstinguitur;atque</span> <span class='ocrx_word' id='word_1_329' title='bbox 2711 947 3058 1012; x_wconf 89' lang='lat' dir='ltr'>consumpto</span> <span class='ocrx_word' id='word_1_330' title='bbox 3089 940 3380 1008; x_wconf 83' lang='lat' dir='ltr'>exteriori,</span> <span class='ocrx_word' id='word_1_331' title='bbox 3405 957 3550 997; x_wconf 90' lang='lat' dir='ltr'>suus</span> <span class='ocrx_word' id='word_1_332' title='bbox 3563 939 3742 996; x_wconf 85' lang='lat' dir='ltr'>homo</span> 
     </span>
    </p>
   </div>
   <div class='ocr_carea' id='block_1_56' title="bbox 2088 1025 3745 1098">
    <p class='ocr_par' dir='ltr' id='par_1_56' title="bbox 2088 1025 3745 1098">
     <span class='ocr_line' id='line_1_56' title="bbox 2088 1025 3745 1098; baseline 0.003 -19"><span class='ocrx_word' id='word_1_333' title='bbox 2088 1025 2330 1082; x_wconf 90' lang='lat' dir='ltr'>interior</span> <span class='ocrx_word' id='word_1_334' title='bbox 2355 1027 2414 1081; x_wconf 91' lang='lat' dir='ltr'>in</span> <span class='ocrx_word' id='word_1_335' title='bbox 2447 1029 2757 1098; x_wconf 85' lang='lat' dir='ltr'>cujusdam</span> <span class='ocrx_word' id='word_1_336' title='bbox 2789 1029 3004 1085; x_wconf 87' lang='lat' dir='ltr'>extasis</span> <span class='ocrx_word' id='word_1_337' title='bbox 3050 1029 3434 1086; x_wconf 85' lang='lat' dir='ltr'>translatione</span> <span class='ocrx_word' id='word_1_338' title='bbox 3481 1029 3745 1086; x_wconf 83' lang='lat' dir='ltr'>maxima</span> 
     </span>
    </p>
   </div>
   <div class='ocr_carea' id='block_1_57' title="bbox 2086 1116 3742 1190">
    <p class='ocr_par' dir='ltr' id='par_1_57' title="bbox 2086 1116 3742 1190">
     <span class='ocr_line' id='line_1_57' title="bbox 2086 1116 3742 1190; baseline 0.004 -22"><span class='ocrx_word' id='word_1_339' title='bbox 2086 1116 2414 1172; x_wconf 86' lang='lat' dir='ltr'>extenditur</span> <span class='ocrx_word' id='word_1_340' title='bbox 2443 1120 2500 1172; x_wconf 90' lang='lat' dir='ltr'>et</span> <span class='ocrx_word' id='word_1_341' title='bbox 2528 1116 2826 1173; x_wconf 91' lang='lat' dir='ltr'>indicitur.</span> <span class='ocrx_word' id='word_1_342' title='bbox 2860 1118 3194 1184; x_wconf 89' lang='lat' dir='ltr'>Deducitur,</span> <span class='ocrx_word' id='word_1_343' title='bbox 3213 1118 3742 1190; x_wconf 74' lang='lat' dir='ltr'>inquam,sanetus</span> 
     </span>
    </p>
   </div>
   <div class='ocr_carea' id='block_1_58' title="bbox 2085 1203 3740 1280">
    <p class='ocr_par' dir='ltr' id='par_1_58' title="bbox 2085 1203 3740 1280">
     <span class='ocr_line' id='line_1_58' title="bbox 2085 1203 3740 1280; baseline 0.004 -25"><span class='ocrx_word' id='word_1_344' title='bbox 2085 1203 2389 1277; x_wconf 87' lang='lat' dir='ltr'>Vaningus</span> <span class='ocrx_word' id='word_1_345' title='bbox 2419 1206 2490 1261; x_wconf 91' lang='lat' dir='ltr'>ad</span> <span class='ocrx_word' id='word_1_346' title='bbox 2506 1205 2613 1260; x_wconf 92' lang='lat' dir='ltr'>BB.</span> <span class='ocrx_word' id='word_1_347' title='bbox 2631 1205 2888 1262; x_wconf 88' lang='lat' dir='ltr'>virorum</span> <span class='ocrx_word' id='word_1_348' title='bbox 2903 1205 3314 1280; x_wconf 87' lang='lat' dir='ltr'>gloriosaloca,</span> <span class='ocrx_word' id='word_1_349' title='bbox 3347 1211 3406 1263; x_wconf 85' lang='lat' dir='ltr'>et</span> <span class='ocrx_word' id='word_1_350' title='bbox 3426 1206 3740 1263; x_wconf 86' lang='lat' dir='ltr'>hominum</span> 
     </span>
    </p>
   </div>
   <div class='ocr_carea' id='block_1_59' title="bbox 2085 1291 3742 1368">
    <p class='ocr_par' dir='ltr' id='par_1_59' title="bbox 2085 1291 3742 1368">
     <span class='ocr_line' id='line_1_59' title="bbox 2085 1291 3742 1368; baseline 0.004 -22"><span class='ocrx_word' id='word_1_351' title='bbox 2085 1291 2434 1348; x_wconf 84' lang='lat' dir='ltr'>miserorum</span> <span class='ocrx_word' id='word_1_352' title='bbox 2461 1294 2719 1350; x_wconf 90' lang='lat' dir='ltr'>crudelia</span> <span class='ocrx_word' id='word_1_353' title='bbox 2734 1295 3160 1361; x_wconf 89' lang='lat' dir='ltr'>tormenta;ubi</span> <span class='ocrx_word' id='word_1_354' title='bbox 3191 1299 3460 1368; x_wconf 87' lang='lat' dir='ltr'>quantas,</span> <span class='ocrx_word' id='word_1_355' title='bbox 3483 1296 3742 1368; x_wconf 85' lang='lat' dir='ltr'>etjusto-</span> 
     </span>
    </p>
   </div>
   <div class='ocr_carea' id='block_1_60' title="bbox 2082 1379 3742 1454">
    <p class='ocr_par' dir='ltr' id='par_1_60' title="bbox 2082 1379 3742 1454">
     <span class='ocr_line' id='line_1_60' title="bbox 2082 1379 3742 1454; baseline 0.004 -20"><span class='ocrx_word' id='word_1_356' title='bbox 2082 1397 2214 1435; x_wconf 87' lang='lat' dir='ltr'>rum</span> <span class='ocrx_word' id='word_1_357' title='bbox 2246 1397 2490 1438; x_wconf 88' lang='lat' dir='ltr'>coronas</span> <span class='ocrx_word' id='word_1_358' title='bbox 2515 1388 2572 1437; x_wconf 92' lang='lat' dir='ltr'>et</span> <span class='ocrx_word' id='word_1_359' title='bbox 2599 1383 2976 1454; x_wconf 90' lang='lat' dir='ltr'>reproborum</span> <span class='ocrx_word' id='word_1_360' title='bbox 2995 1400 3216 1454; x_wconf 77' lang='lat' dir='ltr'>pomus,</span> <span class='ocrx_word' id='word_1_361' title='bbox 3245 1399 3513 1441; x_wconf 84' lang='lat' dir='ltr'>reversus</span> <span class='ocrx_word' id='word_1_362' title='bbox 3536 1379 3742 1440; x_wconf 76' lang='lat' dir='ltr'>narra-</span> 
     </span>
    </p>
   </div>
   <div class='ocr_carea' id='block_1_61' title="bbox 2077 1467 3738 1546">
    <p class='ocr_par' dir='ltr' id='par_1_61' title="bbox 2077 1467 3738 1546">
     <span class='ocr_line' id='line_1_61' title="bbox 2077 1467 3738 1546; baseline 0.002 -22"><span class='ocrx_word' id='word_1_363' title='bbox 2077 1467 2180 1537; x_wconf 90' lang='lat' dir='ltr'>vit,</span> <span class='ocrx_word' id='word_1_364' title='bbox 2215 1485 2577 1542; x_wconf 88' lang='lat' dir='ltr'>suorumque</span> <span class='ocrx_word' id='word_1_365' title='bbox 2607 1475 2846 1526; x_wconf 88' lang='lat' dir='ltr'>actuum</span> <span class='ocrx_word' id='word_1_366' title='bbox 2859 1471 3424 1544; x_wconf 88' lang='lat' dir='ltr'>evidentiapatenter</span> <span class='ocrx_word' id='word_1_367' title='bbox 3443 1471 3738 1546; x_wconf 79' lang='lat' dir='ltr'>exposuit.</span> 
     </span>
    </p>
   </div>
   <div class='ocr_carea' id='block_1_62' title="bbox 2079 1556 3738 1632">
    <p class='ocr_par' dir='ltr' id='par_1_62' title="bbox 2079 1556 3738 1632">
     <span class='ocr_line' id='line_1_62' title="bbox 2079 1556 3738 1632; baseline 0.005 -24"><span class='ocrx_word' id='word_1_368' title='bbox 2079 1556 2236 1612; x_wconf 88' lang='lat' dir='ltr'>Visis</span> <span class='ocrx_word' id='word_1_369' title='bbox 2251 1573 2386 1630; x_wconf 86' lang='lat' dir='ltr'>ergo</span> <span class='ocrx_word' id='word_1_370' title='bbox 2403 1558 2780 1614; x_wconf 85' lang='lat' dir='ltr'>beatitudinis</span> <span class='ocrx_word' id='word_1_371' title='bbox 2796 1565 2852 1614; x_wconf 91' lang='lat' dir='ltr'>et</span> <span class='ocrx_word' id='word_1_372' title='bbox 2863 1558 3110 1616; x_wconf 83' lang='lat' dir='ltr'>miseriae</span> <span class='ocrx_word' id='word_1_373' title='bbox 3123 1560 3421 1632; x_wconf 87' lang='lat' dir='ltr'>perpetuis</span> <span class='ocrx_word' id='word_1_374' title='bbox 3433 1560 3738 1632; x_wconf 89' lang='lat' dir='ltr'>domibus,</span> 
     </span>
    </p>
   </div>
   <div class='ocr_carea' id='block_1_63' title="bbox 2071 1644 3740 1721">
    <p class='ocr_par' dir='ltr' id='par_1_63' title="bbox 2071 1644 3740 1721">
     <span class='ocr_line' id='line_1_63' title="bbox 2071 1644 3740 1721; baseline 0.004 -22"><span class='ocrx_word' id='word_1_375' title='bbox 2071 1644 2260 1716; x_wconf 84' lang='lat' dir='ltr'>judici</span> <span class='ocrx_word' id='word_1_376' title='bbox 2292 1646 2524 1701; x_wconf 89' lang='lat' dir='ltr'>cuidam</span> <span class='ocrx_word' id='word_1_377' title='bbox 2559 1647 2617 1702; x_wconf 91' lang='lat' dir='ltr'>S.</span> <span class='ocrx_word' id='word_1_378' title='bbox 2650 1647 2956 1720; x_wconf 86' lang='lat' dir='ltr'>Vaningus</span> <span class='ocrx_word' id='word_1_379' title='bbox 2986 1653 3390 1720; x_wconf 69' lang='lat' dir='ltr'>praesentatur,</span> <span class='ocrx_word' id='word_1_380' title='bbox 3423 1653 3600 1721; x_wconf 87' lang='lat' dir='ltr'>atque</span> <span class='ocrx_word' id='word_1_381' title='bbox 3638 1666 3740 1706; x_wconf 80' lang='lat' dir='ltr'>ex-</span> 
     </span>
    </p>
   </div>
   <div class='ocr_carea' id='block_1_64' title="bbox 2077 1732 3738 1808">
    <p class='ocr_par' dir='ltr' id='par_1_64' title="bbox 2077 1732 3738 1808">
     <span class='ocr_line' id='line_1_64' title="bbox 2077 1732 3738 1808; baseline 0.004 -20"><span class='ocrx_word' id='word_1_382' title='bbox 2077 1732 2233 1788; x_wconf 88' lang='lat' dir='ltr'>celso</span> <span class='ocrx_word' id='word_1_383' title='bbox 2265 1751 2384 1789; x_wconf 67' lang='lat' dir='ltr'>suae</span> <span class='ocrx_word' id='word_1_384' title='bbox 2417 1734 2742 1804; x_wconf 79' lang='lat' dir='ltr'>maiestatis</span> <span class='ocrx_word' id='word_1_385' title='bbox 2791 1735 3002 1790; x_wconf 87' lang='lat' dir='ltr'>throno</span> <span class='ocrx_word' id='word_1_386' title='bbox 3049 1736 3364 1808; x_wconf 89' lang='lat' dir='ltr'>deponitur</span> <span class='ocrx_word' id='word_1_387' title='bbox 3391 1741 3457 1793; x_wconf 86' lang='lat' dir='ltr'>et-</span> <span class='ocrx_word' id='word_1_388' title='bbox 3478 1736 3738 1794; x_wconf 86' lang='lat' dir='ltr'>colloca-</span> 
     </span>
    </p>
   </div>
   <div class='ocr_carea' id='block_1_65' title="bbox 2079 1820 3736 1896">
    <p class='ocr_par' dir='ltr' id='par_1_65' title="bbox 2079 1820 3736 1896">
     <span class='ocr_line' id='line_1_65' title="bbox 2079 1820 3736 1896; baseline 0.003 -22"><span class='ocrx_word' id='word_1_389' title='bbox 2079 1823 2195 1876; x_wconf 90' lang='lat' dir='ltr'>tur.</span> <span class='ocrx_word' id='word_1_390' title='bbox 2227 1820 2444 1876; x_wconf 90' lang='lat' dir='ltr'>Verum</span> <span class='ocrx_word' id='word_1_391' title='bbox 2475 1837 2610 1876; x_wconf 90' lang='lat' dir='ltr'>cum</span> <span class='ocrx_word' id='word_1_392' title='bbox 2641 1826 2699 1876; x_wconf 92' lang='lat' dir='ltr'>et</span> <span class='ocrx_word' id='word_1_393' title='bbox 2729 1821 2886 1877; x_wconf 88' lang='lat' dir='ltr'>sedis</span> <span class='ocrx_word' id='word_1_394' title='bbox 2932 1820 3510 1896; x_wconf 88' lang='lat' dir='ltr'>incircumscriptum</span> <span class='ocrx_word' id='word_1_395' title='bbox 3540 1821 3736 1896; x_wconf 80' lang='lat' dir='ltr'>fulgo-</span> 
     </span>
    </p>
   </div>
   <div class='ocr_carea' id='block_1_66' title="bbox 2080 1907 3736 1980">
    <p class='ocr_par' dir='ltr' id='par_1_66' title="bbox 2080 1907 3736 1980">
     <span class='ocr_line' id='line_1_66' title="bbox 2080 1907 3736 1980; baseline 0.002 -18"><span class='ocrx_word' id='word_1_396' title='bbox 2080 1923 2202 1962; x_wconf 89' lang='lat' dir='ltr'>rem</span> <span class='ocrx_word' id='word_1_397' title='bbox 2215 1911 2272 1963; x_wconf 89' lang='lat' dir='ltr'>et</span> <span class='ocrx_word' id='word_1_398' title='bbox 2282 1907 2539 1964; x_wconf 82' lang='lat' dir='ltr'>sedentis</span> <span class='ocrx_word' id='word_1_399' title='bbox 2550 1913 2854 1980; x_wconf 87' lang='lat' dir='ltr'>aspectum</span> <span class='ocrx_word' id='word_1_400' title='bbox 2866 1909 3186 1964; x_wconf 86' lang='lat' dir='ltr'>terribilem</span> <span class='ocrx_word' id='word_1_401' title='bbox 3199 1909 3736 1968; x_wconf 71' lang='lat' dir='ltr'>circumstantium.</span> 
     </span>
    </p>
   </div>
   <div class='ocr_carea' id='block_1_67' title="bbox 2079 1996 3737 2070">
    <p class='ocr_par' dir='ltr' id='par_1_67' title="bbox 2079 1996 3737 2070">
     <span class='ocr_line' id='line_1_67' title="bbox 2079 1996 3737 2070; baseline 0.003 -19"><span class='ocrx_word' id='word_1_402' title='bbox 2079 2013 2191 2068; x_wconf 90' lang='lat' dir='ltr'>que</span> <span class='ocrx_word' id='word_1_403' title='bbox 2222 1997 2593 2052; x_wconf 89' lang='lat' dir='ltr'>innumeram</span> <span class='ocrx_word' id='word_1_404' title='bbox 2635 1996 3073 2052; x_wconf 88' lang='lat' dir='ltr'>multitudinem</span> <span class='ocrx_word' id='word_1_405' title='bbox 3127 1997 3644 2070; x_wconf 86' lang='lat' dir='ltr'>contemplaretur,</span> <span class='ocrx_word' id='word_1_406' title='bbox 3676 2005 3737 2056; x_wconf 89' lang='lat' dir='ltr'>et</span> 
     </span>
    </p>
   </div>
   <div class='ocr_carea' id='block_1_68' title="bbox 2077 2084 3732 2158">
    <p class='ocr_par' dir='ltr' id='par_1_68' title="bbox 2077 2084 3732 2158">
     <span class='ocr_line' id='line_1_68' title="bbox 2077 2084 3732 2158; baseline 0.001 -19"><span class='ocrx_word' id='word_1_407' title='bbox 2077 2084 2480 2156; x_wconf 86' lang='lat' dir='ltr'>contemplans</span> <span class='ocrx_word' id='word_1_408' title='bbox 2502 2089 2842 2150; x_wconf 89' lang='lat' dir='ltr'>terreretur,</span> <span class='ocrx_word' id='word_1_409' title='bbox 2859 2084 3097 2151; x_wconf 89' lang='lat' dir='ltr'>corruit;</span> <span class='ocrx_word' id='word_1_410' title='bbox 3111 2088 3167 2140; x_wconf 90' lang='lat' dir='ltr'>et</span> <span class='ocrx_word' id='word_1_411' title='bbox 3181 2089 3302 2140; x_wconf 91' lang='lat' dir='ltr'>toto</span> <span class='ocrx_word' id='word_1_412' title='bbox 3335 2101 3572 2158; x_wconf 90' lang='lat' dir='ltr'>corpore</span> <span class='ocrx_word' id='word_1_413' title='bbox 3589 2102 3732 2158; x_wconf 88' lang='lat' dir='ltr'>pro-</span> 
     </span>
    </p>
   </div>
   <div class='ocr_carea' id='block_1_69' title="bbox 2076 2172 3733 2245">
    <p class='ocr_par' dir='ltr' id='par_1_69' title="bbox 2076 2172 3733 2245">
     <span class='ocr_line' id='line_1_69' title="bbox 2076 2172 3733 2245; baseline 0.002 -17"><span class='ocrx_word' id='word_1_414' title='bbox 2076 2179 2320 2238; x_wconf 88' lang='lat' dir='ltr'>stratus,</span> <span class='ocrx_word' id='word_1_415' title='bbox 2353 2189 2548 2228; x_wconf 87' lang='lat' dir='ltr'>coram</span> <span class='ocrx_word' id='word_1_416' title='bbox 2577 2172 2805 2228; x_wconf 86' lang='lat' dir='ltr'>Judicis</span> <span class='ocrx_word' id='word_1_417' title='bbox 2836 2172 3145 2245; x_wconf 71' lang='lat' dir='ltr'>praesentia</span> <span class='ocrx_word' id='word_1_418' title='bbox 3173 2172 3334 2230; x_wconf 89' lang='lat' dir='ltr'>velut</span> <span class='ocrx_word' id='word_1_419' title='bbox 3361 2173 3649 2230; x_wconf 85' lang='lat' dir='ltr'>exanimis</span> <span class='ocrx_word' id='word_1_420' title='bbox 3669 2178 3733 2231; x_wconf 90' lang='lat' dir='ltr'>et</span> 
     </span>
    </p>
   </div>
   <div class='ocr_carea' id='block_1_70' title="bbox 2077 2261 3728 2336">
    <p class='ocr_par' dir='ltr' id='par_1_70' title="bbox 2077 2261 3728 2336">
     <span class='ocr_line' id='line_1_70' title="bbox 2077 2261 3728 2336; baseline 0.001 -20"><span class='ocrx_word' id='word_1_421' title='bbox 2077 2263 2462 2318; x_wconf 90' lang='lat' dir='ltr'>conturbatus</span> <span class='ocrx_word' id='word_1_422' title='bbox 2475 2261 2684 2332; x_wconf 79' lang='lat' dir='ltr'>jacuit.</span> <span class='ocrx_word' id='word_1_423' title='bbox 2717 2261 2878 2316; x_wconf 89' lang='lat' dir='ltr'>Tunc</span> <span class='ocrx_word' id='word_1_424' title='bbox 2899 2262 3118 2332; x_wconf 87' lang='lat' dir='ltr'>judex:</span> <span class='ocrx_word' id='word_1_425' title='bbox 3160 2263 3480 2330; x_wconf 86' lang='lat' dir='ltr'>Quomodo,</span> <span class='ocrx_word' id='word_1_426' title='bbox 3513 2261 3728 2336; x_wconf 89' lang='lat' dir='ltr'>inquit,</span> 
     </span>
    </p>
   </div>
   <div class='ocr_carea' id='block_1_71' title="bbox 2076 2349 3730 2423">
    <p class='ocr_par' dir='ltr' id='par_1_71' title="bbox 2076 2349 3730 2423">
     <span class='ocr_line' id='line_1_71' title="bbox 2076 2349 3730 2423; baseline 0.003 -19"><span class='ocrx_word' id='word_1_427' title='bbox 2076 2350 2356 2423; x_wconf 88' lang='lat' dir='ltr'>Vaninge,</span> <span class='ocrx_word' id='word_1_428' title='bbox 2383 2349 2828 2406; x_wconf 84' lang='lat' dir='ltr'>Fiscannensem</span> <span class='ocrx_word' id='word_1_429' title='bbox 2861 2349 3069 2406; x_wconf 90' lang='lat' dir='ltr'>vallem</span> <span class='ocrx_word' id='word_1_430' title='bbox 3093 2349 3318 2406; x_wconf 90' lang='lat' dir='ltr'>nomini</span> <span class='ocrx_word' id='word_1_431' title='bbox 3349 2367 3478 2408; x_wconf 88' lang='lat' dir='ltr'>meo</span> <span class='ocrx_word' id='word_1_432' title='bbox 3522 2367 3730 2409; x_wconf 84' lang='lat' dir='ltr'>conse-</span> 
     </span>
    </p>
   </div>
   <div class='ocr_carea' id='block_1_72' title="bbox 2077 2437 3732 2516">
    <p class='ocr_par' dir='ltr' id='par_1_72' title="bbox 2077 2437 3732 2516">
     <span class='ocr_line' id='line_1_72' title="bbox 2077 2437 3732 2516; baseline 0.002 -22"><span class='ocrx_word' id='word_1_433' title='bbox 2077 2439 2420 2494; x_wconf 87' lang='lat' dir='ltr'>secrandam</span> <span class='ocrx_word' id='word_1_434' title='bbox 2443 2438 2699 2516; x_wconf 76' lang='lat' dir='ltr'>ignoras,</span> <span class='ocrx_word' id='word_1_435' title='bbox 2731 2443 2788 2494; x_wconf 91' lang='lat' dir='ltr'>et</span> <span class='ocrx_word' id='word_1_436' title='bbox 2828 2437 3150 2510; x_wconf 85' lang='lat' dir='ltr'>ignorando</span> <span class='ocrx_word' id='word_1_437' title='bbox 3199 2439 3526 2496; x_wconf 86' lang='lat' dir='ltr'>exhonoras</span> <span class='ocrx_word' id='word_1_438' title='bbox 3547 2439 3575 2494; x_wconf 73' lang='lat' dir='ltr'>‘P</span> <span class='ocrx_word' id='word_1_439' title='bbox 3603 2441 3732 2507; x_wconf 85' lang='lat' dir='ltr'>Qua</span> 
     </span>
    </p>
   </div>
   <div class='ocr_carea' id='block_1_73' title="bbox 2075 2526 3726 2600">
    <p class='ocr_par' dir='ltr' id='par_1_73' title="bbox 2075 2526 3726 2600">
     <span class='ocr_line' id='line_1_73' title="bbox 2075 2526 3726 2600; baseline 0.002 -18"><span class='ocrx_word' id='word_1_440' title='bbox 2075 2527 2301 2583; x_wconf 90' lang='lat' dir='ltr'>ratione</span> <span class='ocrx_word' id='word_1_441' title='bbox 2332 2527 2786 2583; x_wconf 87' lang='lat' dir='ltr'>consecrationis</span> <span class='ocrx_word' id='word_1_442' title='bbox 2816 2543 2959 2583; x_wconf 81' lang='lat' dir='ltr'>meas</span> <span class='ocrx_word' id='word_1_443' title='bbox 2989 2526 3183 2583; x_wconf 90' lang='lat' dir='ltr'>locum</span> <span class='ocrx_word' id='word_1_444' title='bbox 3232 2543 3604 2600; x_wconf 87' lang='lat' dir='ltr'>nequaquam</span> <span class='ocrx_word' id='word_1_445' title='bbox 3637 2535 3726 2586; x_wconf 89' lang='lat' dir='ltr'>at-</span> 
     </span>
    </p>
   </div>
   <div class='ocr_carea' id='block_1_74' title="bbox 2073 2614 3728 2683">
    <p class='ocr_par' dir='ltr' id='par_1_74' title="bbox 2073 2614 3728 2683">
     <span class='ocr_line' id='line_1_74' title="bbox 2073 2614 3728 2683; baseline 0.002 -12"><span class='ocrx_word' id='word_1_446' title='bbox 2073 2617 2343 2683; x_wconf 84' lang='lat' dir='ltr'>tendens,</span> <span class='ocrx_word' id='word_1_447' title='bbox 2401 2615 2798 2672; x_wconf 85' lang='lat' dir='ltr'>contaminare</span> <span class='ocrx_word' id='word_1_448' title='bbox 2855 2614 3266 2672; x_wconf 81' lang='lat' dir='ltr'>exhorrescis‘?</span> <span class='ocrx_word' id='word_1_449' title='bbox 3313 2616 3466 2672; x_wconf 90' lang='lat' dir='ltr'>Num</span> <span class='ocrx_word' id='word_1_450' title='bbox 3512 2617 3728 2675; x_wconf 84' lang='lat' dir='ltr'>veteris</span> 
     </span>
    </p>
   </div>
   <div class='ocr_carea' id='block_1_75' title="bbox 2075 2703 3728 2778">
    <p class='ocr_par' dir='ltr' id='par_1_75' title="bbox 2075 2703 3728 2778">
     <span class='ocr_line' id='line_1_75' title="bbox 2075 2703 3728 2778; baseline 0.002 -19"><span class='ocrx_word' id='word_1_451' title='bbox 2075 2704 2370 2760; x_wconf 90' lang='lat' dir='ltr'>incurrere</span> <span class='ocrx_word' id='word_1_452' title='bbox 2391 2705 2538 2760; x_wconf 90' lang='lat' dir='ltr'>iram</span> <span class='ocrx_word' id='word_1_453' title='bbox 2567 2721 2780 2771; x_wconf 88' lang='lat' dir='ltr'>meam,</span> <span class='ocrx_word' id='word_1_454' title='bbox 2799 2704 2971 2775; x_wconf 87' lang='lat' dir='ltr'>cujus</span> <span class='ocrx_word' id='word_1_455' title='bbox 3000 2703 3254 2761; x_wconf 84' lang='lat' dir='ltr'>ﬁdeliter</span> <span class='ocrx_word' id='word_1_456' title='bbox 3281 2705 3586 2778; x_wconf 79' lang='lat' dir='ltr'>cognoscis</span> <span class='ocrx_word' id='word_1_457' title='bbox 3599 2721 3728 2762; x_wconf 90' lang='lat' dir='ltr'>om-</span> 
     </span>
    </p>
   </div>
   <div class='ocr_carea' id='block_1_76' title="bbox 2076 2792 3726 2866">
    <p class='ocr_par' dir='ltr' id='par_1_76' title="bbox 2076 2792 3726 2866">
     <span class='ocr_line' id='line_1_76' title="bbox 2076 2792 3726 2866; baseline 0.002 -18"><span class='ocrx_word' id='word_1_458' title='bbox 2076 2793 2434 2866; x_wconf 88' lang='lat' dir='ltr'>nipotentem</span> <span class='ocrx_word' id='word_1_459' title='bbox 2447 2793 2802 2849; x_wconf 88' lang='lat' dir='ltr'>voluntatem</span> <span class='ocrx_word' id='word_1_460' title='bbox 2824 2793 2852 2848; x_wconf 86' lang='lat'><strong><em>?</em></strong></span> <span class='ocrx_word' id='word_1_461' title='bbox 2864 2792 3118 2857; x_wconf 86' lang='lat' dir='ltr'>Dixerat,</span> <span class='ocrx_word' id='word_1_462' title='bbox 3133 2797 3191 2848; x_wconf 89' lang='lat' dir='ltr'>et</span> <span class='ocrx_word' id='word_1_463' title='bbox 3207 2793 3726 2852; x_wconf 85' lang='lat' dir='ltr'>circumstantium</span> 
     </span>
    </p>
   </div>
   <div class='ocr_carea' id='block_1_77' title="bbox 2074 2881 3726 2955">
    <p class='ocr_par' dir='ltr' id='par_1_77' title="bbox 2074 2881 3726 2955">
     <span class='ocr_line' id='line_1_77' title="bbox 2074 2881 3726 2955; baseline 0 -16"><span class='ocrx_word' id='word_1_464' title='bbox 2074 2883 2286 2939; x_wconf 90' lang='lat' dir='ltr'>chorus</span> <span class='ocrx_word' id='word_1_465' title='bbox 2318 2881 2614 2939; x_wconf 90' lang='lat' dir='ltr'>seniorum</span> <span class='ocrx_word' id='word_1_466' title='bbox 2645 2881 2736 2938; x_wconf 91' lang='lat' dir='ltr'>sui</span> <span class='ocrx_word' id='word_1_467' title='bbox 2754 2881 3128 2953; x_wconf 87' lang='lat' dir='ltr'>Imperatoris</span> <span class='ocrx_word' id='word_1_468' title='bbox 3156 2882 3507 2938; x_wconf 89' lang='lat' dir='ltr'>sententiam</span> <span class='ocrx_word' id='word_1_469' title='bbox 3531 2883 3726 2955; x_wconf 86' lang='lat' dir='ltr'>gravi-</span> 
     </span>
    </p>
   </div>
   <div class='ocr_carea' id='block_1_78' title="bbox 2073 2969 3727 3027">
    <p class='ocr_par' dir='ltr' id='par_1_78' title="bbox 2073 2969 3727 3027">
     <span class='ocr_line' id='line_1_78' title="bbox 2073 2969 3727 3027; baseline 0.001 -1"><span class='ocrx_word' id='word_1_470' title='bbox 2073 2973 2210 3027; x_wconf 89' lang='lat' dir='ltr'>tatis</span> <span class='ocrx_word' id='word_1_471' title='bbox 2241 2987 2436 3027; x_wconf 89' lang='lat' dir='ltr'>severo</span> <span class='ocrx_word' id='word_1_472' title='bbox 2465 2969 2628 3026; x_wconf 91' lang='lat' dir='ltr'>vultu</span> <span class='ocrx_word' id='word_1_473' title='bbox 2659 2970 3064 3026; x_wconf 88' lang='lat' dir='ltr'>conﬁrmabat.</span> <span class='ocrx_word' id='word_1_474' title='bbox 3099 2969 3348 3026; x_wconf 89' lang='lat' dir='ltr'>Sanctus</span> <span class='ocrx_word' id='word_1_475' title='bbox 3378 2976 3573 3026; x_wconf 89' lang='lat' dir='ltr'>autem</span> <span class='ocrx_word' id='word_1_476' title='bbox 3603 2971 3727 3027; x_wconf 87' lang='lat' dir='ltr'>Va-</span> 
     </span>
    </p>
   </div>
   <div class='ocr_carea' id='block_1_79' title="bbox 2075 3057 3722 3132">
    <p class='ocr_par' dir='ltr' id='par_1_79' title="bbox 2075 3057 3722 3132">
     <span class='ocr_line' id='line_1_79' title="bbox 2075 3057 3722 3132; baseline 0.001 -18"><span class='ocrx_word' id='word_1_477' title='bbox 2075 3061 2290 3131; x_wconf 89' lang='lat' dir='ltr'>ningus</span> <span class='ocrx_word' id='word_1_478' title='bbox 2320 3058 2486 3114; x_wconf 90' lang='lat' dir='ltr'>valde</span> <span class='ocrx_word' id='word_1_479' title='bbox 2514 3058 2876 3132; x_wconf 89' lang='lat' dir='ltr'>perterritus,</span> <span class='ocrx_word' id='word_1_480' title='bbox 2927 3057 3264 3114; x_wconf 87' lang='lat' dir='ltr'>nullatenus</span> <span class='ocrx_word' id='word_1_481' title='bbox 3289 3075 3392 3122; x_wconf 82' lang='lat' dir='ltr'>ora</span> <span class='ocrx_word' id='word_1_482' title='bbox 3438 3057 3722 3127; x_wconf 88' lang='lat' dir='ltr'>solvebat,</span> 
     </span>
    </p>
   </div>
   <div class='ocr_carea' id='block_1_80' title="bbox 2075 3147 3722 3220">
    <p class='ocr_par' dir='ltr' id='par_1_80' title="bbox 2075 3147 3722 3220">
     <span class='ocr_line' id='line_1_80' title="bbox 2075 3147 3722 3220; baseline 0.001 -18"><span class='ocrx_word' id='word_1_483' title='bbox 2075 3155 2178 3204; x_wconf 91' lang='lat' dir='ltr'>aut</span> <span class='ocrx_word' id='word_1_484' title='bbox 2208 3152 2386 3220; x_wconf 90' lang='lat' dir='ltr'>caput</span> <span class='ocrx_word' id='word_1_485' title='bbox 2413 3147 2536 3203; x_wconf 92' lang='lat' dir='ltr'>solo</span> <span class='ocrx_word' id='word_1_486' title='bbox 2568 3147 2788 3218; x_wconf 87' lang='lat' dir='ltr'>erigere</span> <span class='ocrx_word' id='word_1_487' title='bbox 2805 3147 3231 3218; x_wconf 53' lang='lat' dir='ltr'>praesumebat;</span> <span class='ocrx_word' id='word_1_488' title='bbox 3264 3147 3366 3202; x_wconf 90' lang='lat' dir='ltr'>sed</span> <span class='ocrx_word' id='word_1_489' title='bbox 3397 3147 3488 3202; x_wconf 89' lang='lat' dir='ltr'>sui</span> <span class='ocrx_word' id='word_1_490' title='bbox 3537 3147 3722 3204; x_wconf 87' lang='lat' dir='ltr'>animi</span> 
     </span>
    </p>
   </div>
   <div class='ocr_carea' id='block_1_81' title="bbox 2073 3233 3721 3310">
    <p class='ocr_par' dir='ltr' id='par_1_81' title="bbox 2073 3233 3721 3310">
     <span class='ocr_line' id='line_1_81' title="bbox 2073 3233 3721 3310; baseline 0 -18"><span class='ocrx_word' id='word_1_491' title='bbox 2073 3237 2326 3310; x_wconf 89' lang='lat' dir='ltr'>puritate</span> <span class='ocrx_word' id='word_1_492' title='bbox 2351 3241 2408 3292; x_wconf 92' lang='lat' dir='ltr'>et</span> <span class='ocrx_word' id='word_1_493' title='bbox 2435 3237 2726 3292; x_wconf 87' lang='lat' dir='ltr'>fatebatur</span> <span class='ocrx_word' id='word_1_494' title='bbox 2755 3233 3010 3307; x_wconf 90' lang='lat' dir='ltr'>culpam,</span> <span class='ocrx_word' id='word_1_495' title='bbox 3033 3239 3090 3290; x_wconf 89' lang='lat' dir='ltr'>et</span> <span class='ocrx_word' id='word_1_496' title='bbox 3110 3234 3447 3306; x_wconf 88' lang='lat' dir='ltr'>postulabat</span> <span class='ocrx_word' id='word_1_497' title='bbox 3464 3235 3721 3306; x_wconf 88' lang='lat' dir='ltr'>veniam,</span> 
     </span>
    </p>
   </div>
   <div class='ocr_carea' id='block_1_82' title="bbox 2068 3323 3722 3398">
    <p class='ocr_par' dir='ltr' id='par_1_82' title="bbox 2068 3323 3722 3398">
     <span class='ocr_line' id='line_1_82' title="bbox 2068 3323 3722 3398; baseline 0.001 -18"><span class='ocrx_word' id='word_1_498' title='bbox 2068 3331 2126 3380; x_wconf 92' lang='lat' dir='ltr'>et</span> <span class='ocrx_word' id='word_1_499' title='bbox 2167 3325 2561 3398; x_wconf 73' lang='lat' dir='ltr'>praetendebat</span> <span class='ocrx_word' id='word_1_500' title='bbox 2613 3323 2956 3397; x_wconf 57' lang='lat' dir='ltr'>ignorantiae</span> <span class='ocrx_word' id='word_1_501' title='bbox 3005 3323 3440 3380; x_wconf 85' lang='lat' dir='ltr'>excusationem</span> <span class='ocrx_word' id='word_1_502' title='bbox 3505 3323 3722 3381; x_wconf 83' lang='lat' dir='ltr'>solam.</span> 
     </span>
    </p>
   </div>
   <div class='ocr_carea' id='block_1_83' title="bbox 2069 3411 3724 3484">
    <p class='ocr_par' dir='ltr' id='par_1_83' title="bbox 2069 3411 3724 3484">
     <span class='ocr_line' id='line_1_83' title="bbox 2069 3411 3724 3484; baseline -0.001 -13"><span class='ocrx_word' id='word_1_503' title='bbox 2069 3413 2392 3471; x_wconf 90' lang='lat' dir='ltr'>Silentibus</span> <span class='ocrx_word' id='word_1_504' title='bbox 2424 3414 2602 3484; x_wconf 87' lang='lat' dir='ltr'>igitur</span> <span class='ocrx_word' id='word_1_505' title='bbox 2617 3411 2844 3468; x_wconf 89' lang='lat' dir='ltr'>cunctis</span> <span class='ocrx_word' id='word_1_506' title='bbox 2868 3413 3223 3482; x_wconf 88' lang='lat' dir='ltr'>astantibus,</span> <span class='ocrx_word' id='word_1_507' title='bbox 3243 3428 3468 3484; x_wconf 87' lang='lat' dir='ltr'>suoque</span> <span class='ocrx_word' id='word_1_508' title='bbox 3487 3411 3724 3470; x_wconf 89' lang='lat' dir='ltr'>silentio</span> 
     </span>
    </p>
   </div>
   <div class='ocr_carea' id='block_1_84' title="bbox 2067 3499 3722 3574">
    <p class='ocr_par' dir='ltr' id='par_1_84' title="bbox 2067 3499 3722 3574">
     <span class='ocr_line' id='line_1_84' title="bbox 2067 3499 3722 3574; baseline -0.001 -15"><span class='ocrx_word' id='word_1_509' title='bbox 2067 3508 2125 3559; x_wconf 89' lang='lat' dir='ltr'>et</span> <span class='ocrx_word' id='word_1_510' title='bbox 2153 3503 2515 3559; x_wconf 87' lang='lat' dir='ltr'>inferendam</span> <span class='ocrx_word' id='word_1_511' title='bbox 2529 3499 2897 3572; x_wconf 89' lang='lat' dir='ltr'>disciplinam</span> <span class='ocrx_word' id='word_1_512' title='bbox 2919 3505 2976 3556; x_wconf 92' lang='lat' dir='ltr'>et</span> <span class='ocrx_word' id='word_1_513' title='bbox 3001 3500 3388 3557; x_wconf 82' lang='lat' dir='ltr'>exhibendam</span> <span class='ocrx_word' id='word_1_514' title='bbox 3410 3500 3722 3574; x_wconf 82' lang='lat' dir='ltr'>indulgen-</span> 
     </span>
    </p>
   </div>
   <div class='ocr_carea' id='block_1_85' title="bbox 2068 3589 3722 3662">
    <p class='ocr_par' dir='ltr' id='par_1_85' title="bbox 2068 3589 3722 3662">
     <span class='ocr_line' id='line_1_85' title="bbox 2068 3589 3722 3662; baseline -0.001 -14"><span class='ocrx_word' id='word_1_515' title='bbox 2068 3593 2213 3649; x_wconf 90' lang='lat' dir='ltr'>tiam</span> <span class='ocrx_word' id='word_1_516' title='bbox 2243 3591 2730 3657; x_wconf 86' lang='lat' dir='ltr'>contestantibus;</span> <span class='ocrx_word' id='word_1_517' title='bbox 2765 3589 2892 3644; x_wconf 90' lang='lat' dir='ltr'>sola</span> <span class='ocrx_word' id='word_1_518' title='bbox 2923 3593 3126 3645; x_wconf 86' lang='lat' dir='ltr'>sancta</span> <span class='ocrx_word' id='word_1_519' title='bbox 3151 3590 3312 3662; x_wconf 86' lang='lat' dir='ltr'>virgo</span> <span class='ocrx_word' id='word_1_520' title='bbox 3343 3589 3568 3646; x_wconf 88' lang='lat' dir='ltr'>Eulalia</span> <span class='ocrx_word' id='word_1_521' title='bbox 3582 3606 3722 3646; x_wconf 84' lang='lat' dir='ltr'>sur-</span> 
     </span>
    </p>
   </div>
   <div class='ocr_carea' id='block_1_86' title="bbox 2068 3677 3722 3750">
    <p class='ocr_par' dir='ltr' id='par_1_86' title="bbox 2068 3677 3722 3750">
     <span class='ocr_line' id='line_1_86' title="bbox 2068 3677 3722 3750; baseline -0.001 -14"><span class='ocrx_word' id='word_1_522' title='bbox 2068 3683 2232 3748; x_wconf 88' lang='lat' dir='ltr'>rexit,</span> <span class='ocrx_word' id='word_1_523' title='bbox 2260 3685 2316 3735; x_wconf 89' lang='lat' dir='ltr'>et</span> <span class='ocrx_word' id='word_1_524' title='bbox 2331 3678 2583 3750; x_wconf 82' lang='lat' dir='ltr'>jacentis</span> <span class='ocrx_word' id='word_1_525' title='bbox 2606 3695 2845 3733; x_wconf 84' lang='lat' dir='ltr'>causam</span> <span class='ocrx_word' id='word_1_526' title='bbox 2864 3677 3214 3750; x_wconf 85' lang='lat' dir='ltr'>suscipiens,</span> <span class='ocrx_word' id='word_1_527' title='bbox 3248 3677 3722 3750; x_wconf 88' lang='lat' dir='ltr'>clementisjudi-</span> 
     </span>
    </p>
   </div>
   <div class='ocr_carea' id='block_1_87' title="bbox 2067 3765 3715 3840">
    <p class='ocr_par' dir='ltr' id='par_1_87' title="bbox 2067 3765 3715 3840">
     <span class='ocr_line' id='line_1_87' title="bbox 2067 3765 3715 3840; baseline -0.001 -14"><span class='ocrx_word' id='word_1_528' title='bbox 2067 3770 2150 3827; x_wconf 90' lang='lat' dir='ltr'>cis</span> <span class='ocrx_word' id='word_1_529' title='bbox 2172 3769 2536 3829; x_wconf 82' lang='lat' dir='ltr'>severitatem</span> <span class='ocrx_word' id='word_1_530' title='bbox 2568 3765 2852 3834; x_wconf 87' lang='lat' dir='ltr'>delinivit,</span> <span class='ocrx_word' id='word_1_531' title='bbox 2872 3765 3290 3839; x_wconf 90' lang='lat' dir='ltr'>indulgendam</span> <span class='ocrx_word' id='word_1_532' title='bbox 3320 3765 3715 3840; x_wconf 89' lang='lat' dir='ltr'>ignorantiam</span> 
     </span>
    </p>
   </div>
   <div class='ocr_carea' id='block_1_88' title="bbox 2067 3854 3712 3930">
    <p class='ocr_par' dir='ltr' id='par_1_88' title="bbox 2067 3854 3712 3930">
     <span class='ocr_line' id='line_1_88' title="bbox 2067 3854 3712 3930; baseline -0.002 -15"><span class='ocrx_word' id='word_1_533' title='bbox 2067 3857 2343 3927; x_wconf 84' lang='lat' dir='ltr'>exoravit,</span> <span class='ocrx_word' id='word_1_534' title='bbox 2385 3857 2595 3929; x_wconf 89' lang='lat' dir='ltr'>suique</span> <span class='ocrx_word' id='word_1_535' title='bbox 2613 3854 2919 3912; x_wconf 89' lang='lat' dir='ltr'>familiaris</span> <span class='ocrx_word' id='word_1_536' title='bbox 2933 3858 2990 3911; x_wconf 89' lang='lat' dir='ltr'>et</span> <span class='ocrx_word' id='word_1_537' title='bbox 3013 3855 3254 3912; x_wconf 78' lang='lat' dir='ltr'>amicis.</span> <span class='ocrx_word' id='word_1_538' title='bbox 3287 3855 3712 3930; x_wconf 68' lang='lat' dir='ltr'>Vaningi,pra2-</span> 
     </span>
    </p>
   </div>
   <div class='ocr_carea' id='block_1_89' title="bbox 2066 3943 3711 4018">
    <p class='ocr_par' dir='ltr' id='par_1_89' title="bbox 2066 3943 3711 4018">
     <span class='ocr_line' id='line_1_89' title="bbox 2066 3943 3711 4018; baseline -0.002 -14"><span class='ocrx_word' id='word_1_539' title='bbox 2066 3955 2294 4005; x_wconf 90' lang='lat' dir='ltr'>sentem</span> <span class='ocrx_word' id='word_1_540' title='bbox 2319 3947 2500 4002; x_wconf 88' lang='lat' dir='ltr'>vitam</span> <span class='ocrx_word' id='word_1_541' title='bbox 2530 3945 2737 4018; x_wconf 86' lang='lat' dir='ltr'>viginti</span> <span class='ocrx_word' id='word_1_542' title='bbox 2763 3961 3052 4000; x_wconf 90' lang='lat' dir='ltr'>annorum</span> <span class='ocrx_word' id='word_1_543' title='bbox 3095 3943 3480 4016; x_wconf 89' lang='lat' dir='ltr'>protelatione</span> <span class='ocrx_word' id='word_1_544' title='bbox 3525 3945 3711 4002; x_wconf 82' lang='lat' dir='ltr'>inter-</span> 
     </span>
    </p>
   </div>
   <div class='ocr_carea' id='block_1_90' title="bbox 2064 4031 3712 4107">
    <p class='ocr_par' dir='ltr' id='par_1_90' title="bbox 2064 4031 3712 4107">
     <span class='ocr_line' id='line_1_90' title="bbox 2064 4031 3712 4107; baseline -0.002 -15"><span class='ocrx_word' id='word_1_545' title='bbox 2064 4041 2236 4092; x_wconf 92' lang='lat' dir='ltr'>ventu</span> <span class='ocrx_word' id='word_1_546' title='bbox 2271 4051 2378 4092; x_wconf 92' lang='lat' dir='ltr'>suo</span> <span class='ocrx_word' id='word_1_547' title='bbox 2407 4033 2792 4107; x_wconf 91' lang='lat' dir='ltr'>prolongavit.</span> <span class='ocrx_word' id='word_1_548' title='bbox 2823 4031 2997 4106; x_wconf 85' lang='lat' dir='ltr'>Virgo</span> <span class='ocrx_word' id='word_1_549' title='bbox 3027 4033 3224 4104; x_wconf 89' lang='lat' dir='ltr'>itaque</span> <span class='ocrx_word' id='word_1_550' title='bbox 3256 4033 3312 4088; x_wconf 89' lang='lat' dir='ltr'>S.</span> <span class='ocrx_word' id='word_1_551' title='bbox 3347 4031 3571 4089; x_wconf 88' lang='lat' dir='ltr'>Eulalia</span> <span class='ocrx_word' id='word_1_552' title='bbox 3611 4049 3712 4089; x_wconf 84' lang='lat' dir='ltr'>ex-</span> 
     </span>
    </p>
   </div>
   <div class='ocr_carea' id='block_1_91' title="bbox 2065 4121 3715 4197">
    <p class='ocr_par' dir='ltr' id='par_1_91' title="bbox 2065 4121 3715 4197">
     <span class='ocr_line' id='line_1_91' title="bbox 2065 4121 3715 4197; baseline -0.002 -15"><span class='ocrx_word' id='word_1_553' title='bbox 2065 4125 2322 4195; x_wconf 88' lang='lat' dir='ltr'>auditur,</span> <span class='ocrx_word' id='word_1_554' title='bbox 2357 4124 2526 4197; x_wconf 89' lang='lat' dir='ltr'>eique</span> <span class='ocrx_word' id='word_1_555' title='bbox 2558 4121 2840 4179; x_wconf 69' lang='lat' dir='ltr'>exauditae</span> <span class='ocrx_word' id='word_1_556' title='bbox 2873 4125 3112 4178; x_wconf 89' lang='lat' dir='ltr'>sanctus</span> <span class='ocrx_word' id='word_1_557' title='bbox 3143 4121 3590 4177; x_wconf 89' lang='lat' dir='ltr'>commendatur</span> <span class='ocrx_word' id='word_1_558' title='bbox 3606 4121 3715 4178; x_wconf 89' lang='lat' dir='ltr'>Va-</span> 
     </span>
    </p>
   </div>
   <div class='ocr_carea' id='block_1_92' title="bbox 2065 4206 3716 4288">
    <p class='ocr_par' dir='ltr' id='par_1_92' title="bbox 2065 4206 3716 4288">
     <span class='ocr_line' id='line_1_92' title="bbox 2065 4206 3716 4288; baseline -0.004 -16"><span class='ocrx_word' id='word_1_559' title='bbox 2065 4206 2318 4288; x_wconf 58' lang='lat' dir='ltr'>ningus,‘</span> <span class='ocrx_word' id='word_1_560' title='bbox 2337 4215 2628 4286; x_wconf 91' lang='lat' dir='ltr'>quatenus</span> <span class='ocrx_word' id='word_1_561' title='bbox 2659 4226 2794 4267; x_wconf 90' lang='lat' dir='ltr'>eum</span> <span class='ocrx_word' id='word_1_562' title='bbox 2844 4209 3094 4282; x_wconf 85' lang='lat' dir='ltr'>perfecte</span> <span class='ocrx_word' id='word_1_563' title='bbox 3141 4209 3416 4280; x_wconf 89' lang='lat' dir='ltr'>instruat,</span> <span class='ocrx_word' id='word_1_564' title='bbox 3461 4210 3716 4284; x_wconf 86' lang='lat' dir='ltr'>qualiter</span> 
     </span>
    </p>
   </div>
   <div class='ocr_carea' id='block_1_93' title="bbox 2065 4297 3716 4370">
    <p class='ocr_par' dir='ltr' id='par_1_93' title="bbox 2065 4297 3716 4370">
     <span class='ocr_line' id='line_1_93' title="bbox 2065 4297 3716 4370; baseline -0.003 -10"><span class='ocrx_word' id='word_1_565' title='bbox 2065 4308 2334 4360; x_wconf 90' lang='lat' dir='ltr'>sanctum</span> <span class='ocrx_word' id='word_1_566' title='bbox 2361 4300 2663 4357; x_wconf 89' lang='lat' dir='ltr'>oraculum</span> <span class='ocrx_word' id='word_1_567' title='bbox 2685 4297 3027 4366; x_wconf 86' lang='lat' dir='ltr'>constituat,</span> <span class='ocrx_word' id='word_1_568' title='bbox 3058 4302 3468 4355; x_wconf 87' lang='lat' dir='ltr'>constutumve</span> <span class='ocrx_word' id='word_1_569' title='bbox 3497 4297 3716 4370; x_wconf 90' lang='lat' dir='ltr'>quibus</span> 
     </span>
    </p>
   </div>
   <div class='ocr_carea' id='block_1_94' title="bbox 2063 4375 3714 4465">
    <p class='ocr_par' dir='ltr' id='par_1_94' title="bbox 2063 4375 3714 4465">
     <span class='ocr_line' id='line_1_94' title="bbox 2063 4375 3714 4465; baseline -0.001 -18"><span class='ocrx_word' id='word_1_570' title='bbox 2063 4391 2330 4465; x_wconf 90' lang='lat' dir='ltr'>personis</span> <span class='ocrx_word' id='word_1_571' title='bbox 2342 4387 2705 4444; x_wconf 89' lang='lat' dir='ltr'>committere</span> <span class='ocrx_word' id='word_1_572' title='bbox 2717 4386 3055 4443; x_wconf 86' lang='lat' dir='ltr'>debeat.Cui</span> <span class='ocrx_word' id='word_1_573' title='bbox 3068 4387 3230 4460; x_wconf 90' lang='lat' dir='ltr'>virgo</span> <span class='ocrx_word' id='word_1_574' title='bbox 3248 4405 3261 4442; x_wconf 90' lang='lat'>:</span> <span class='ocrx_word' id='word_1_575' title='bbox 3278 4375 3714 4456; x_wconf 63' lang='lat' dir='ltr'>(«Convalesces,</span> 
     </span>
    </p>
   </div>
   <div class='ocr_carea' id='block_1_95' title="bbox 2065 4475 3716 4552">
    <p class='ocr_par' dir='ltr' id='par_1_95' title="bbox 2065 4475 3716 4552">
     <span class='ocr_line' id='line_1_95' title="bbox 2065 4475 3716 4552; baseline -0.001 -19"><span class='ocrx_word' id='word_1_576' title='bbox 2065 4479 2276 4552; x_wconf 89' lang='lat' dir='ltr'>inquit,</span> <span class='ocrx_word' id='word_1_577' title='bbox 2307 4477 2592 4548; x_wconf 87' lang='lat' dir='ltr'>Vaninge,</span> <span class='ocrx_word' id='word_1_578' title='bbox 2638 4479 2695 4530; x_wconf 90' lang='lat' dir='ltr'>et</span> <span class='ocrx_word' id='word_1_579' title='bbox 2723 4475 2900 4542; x_wconf 88' lang='lat' dir='ltr'>vives,</span> <span class='ocrx_word' id='word_1_580' title='bbox 2957 4475 3193 4547; x_wconf 91' lang='lat' dir='ltr'>tuisque</span> <span class='ocrx_word' id='word_1_581' title='bbox 3240 4475 3716 4548; x_wconf 85' lang='lat' dir='ltr'>possessionibus</span> 
     </span>
    </p>
   </div>
   <div class='ocr_carea' id='block_1_96' title="bbox 304 4562 3717 4665">
    <p class='ocr_par' dir='ltr' id='par_1_96' title="bbox 304 4562 3717 4665">
     <span class='ocr_line' id='line_1_96' title="bbox 304 4562 3717 4665; baseline -0.001 -24"><span class='ocrx_word' id='word_1_582' title='bbox 304 4586 586 4659; x_wconf 88' lang='lat' dir='ltr'>ignorans</span> <span class='ocrx_word' id='word_1_583' title='bbox 617 4587 783 4643; x_wconf 90' lang='lat' dir='ltr'>ducis</span> <span class='ocrx_word' id='word_1_584' title='bbox 803 4587 1070 4660; x_wconf 87' lang='lat' dir='ltr'>Ansegisi</span> <span class='ocrx_word' id='word_1_585' title='bbox 1119 4562 1528 4648; x_wconf 66' lang='lat' dir='ltr'>revelationem</span> <span class='ocrx_word' id='word_1_586' title='bbox 1576 4562 1954 4665; x_wconf 65' lang='lat' dir='ltr'>praeteritam,</span> <span class='ocrx_word' id='word_1_587' title='bbox 1983 4580 2031 4644; x_wconf 88' lang='lat' dir='ltr'><strong>D</strong></span> <span class='ocrx_word' id='word_1_588' title='bbox 2064 4567 2410 4665; x_wconf 51' lang='grc' dir='ltr'>ι’θεῗίξυθνξξ,</span> <span class='ocrx_word' id='word_1_589' title='bbox 2442 4565 2514 4665; x_wconf 68' lang='grc' dir='ltr'>διξῖ</span> <span class='ocrx_word' id='word_1_590' title='bbox 2547 4563 2996 4665; x_wconf 42' lang='grc' dir='ltr'>ῙῖίεξῖθῑὶΠθ-Πεθω</span> <span class='ocrx_word' id='word_1_591' title='bbox 3028 4563 3267 4665; x_wconf 49' lang='grc' dir='ltr'>νεξῖξθῐξλχ</span> <span class='ocrx_word' id='word_1_592' title='bbox 3287 4566 3362 4620; x_wconf 58' lang='grc' dir='ltr'>Αἵ</span> <span class='ocrx_word' id='word_1_593' title='bbox 3391 4563 3450 4665; x_wconf 59' lang='lat' dir='ltr'>if]</span> <span class='ocrx_word' id='word_1_594' title='bbox 3481 4562 3717 4665; x_wconf 60' lang='grc' dir='ltr'>Ὲίεοθοῐξ·</span> 
     </span>
    </p>
   </div>
   <div class='ocr_carea' id='block_1_97' title="bbox 307 4675 1953 4738">
    <p class='ocr_par' dir='ltr' id='par_1_97' title="bbox 307 4675 1953 4738">
     <span class='ocr_line' id='line_1_97' title="bbox 307 4675 1953 4738; baseline 0.004 -7"><span class='ocrx_word' id='word_1_595' title='bbox 307 4675 492 4731; x_wconf 90' lang='lat' dir='ltr'>sancti</span> <span class='ocrx_word' id='word_1_596' title='bbox 523 4675 632 4730; x_wconf 89' lang='lat' dir='ltr'>loci</span> <span class='ocrx_word' id='word_1_597' title='bbox 667 4676 1194 4732; x_wconf 87' lang='lat' dir='ltr'>manifestalionem</span> <span class='ocrx_word' id='word_1_598' title='bbox 1229 4683 1286 4734; x_wconf 91' lang='lat' dir='ltr'>et</span> <span class='ocrx_word' id='word_1_599' title='bbox 1315 4680 1496 4736; x_wconf 85' lang='lat' dir='ltr'>futuri</span> <span class='ocrx_word' id='word_1_600' title='bbox 1527 4681 1744 4738; x_wconf 89' lang='lat' dir='ltr'>oraculi</span> <span class='ocrx_word' id='word_1_601' title='bbox 1795 4698 1953 4738; x_wconf 86' lang='lat' dir='ltr'>reve-</span> 
     </span>
    </p>
   </div>
   <div class='ocr_carea' id='block_1_98' title="bbox 305 4763 1956 4826">
    <p class='ocr_par' dir='ltr' id='par_1_98' title="bbox 305 4763 1956 4826">
     <span class='ocr_line' id='line_1_98' title="bbox 305 4763 1956 4826; baseline 0.004 -8"><span class='ocrx_word' id='word_1_602' title='bbox 305 4763 552 4819; x_wconf 89' lang='lat' dir='ltr'>rentiam</span> <span class='ocrx_word' id='word_1_603' title='bbox 585 4765 1029 4822; x_wconf 87' lang='lat' dir='ltr'>observandam.</span> <span class='ocrx_word' id='word_1_604' title='bbox 1065 4770 1208 4823; x_wconf 91' lang='lat' dir='ltr'>Loco</span> <span class='ocrx_word' id='word_1_605' title='bbox 1231 4767 1385 4824; x_wconf 92' lang='lat' dir='ltr'>enim</span> <span class='ocrx_word' id='word_1_606' title='bbox 1420 4773 1622 4825; x_wconf 90' lang='lat' dir='ltr'>sancto</span> <span class='ocrx_word' id='word_1_607' title='bbox 1651 4772 1708 4826; x_wconf 92' lang='lat' dir='ltr'>S.</span> <span class='ocrx_word' id='word_1_608' title='bbox 1744 4771 1956 4825; x_wconf 83' lang='lat' dir='ltr'>Vanin-</span> 
     </span>
    </p>
   </div>
   <div class='ocr_carea' id='block_1_99' title="bbox 305 4853 1954 4924">
    <p class='ocr_par' dir='ltr' id='par_1_99' title="bbox 305 4853 1954 4924">
     <span class='ocr_line' id='line_1_99' title="bbox 305 4853 1954 4924; baseline 0.004 -18"><span class='ocrx_word' id='word_1_609' title='bbox 305 4867 416 4923; x_wconf 78' lang='lat' dir='ltr'>gus</span> <span class='ocrx_word' id='word_1_610' title='bbox 447 4853 828 4908; x_wconf 88' lang='lat' dir='ltr'>reverentiam</span> <span class='ocrx_word' id='word_1_611' title='bbox 859 4853 1082 4910; x_wconf 90' lang='lat' dir='ltr'>nullam</span> <span class='ocrx_word' id='word_1_612' title='bbox 1113 4855 1444 4924; x_wconf 85' lang='lat' dir='ltr'>exhibebat,</span> <span class='ocrx_word' id='word_1_613' title='bbox 1493 4873 1698 4913; x_wconf 89' lang='lat' dir='ltr'>verum</span> <span class='ocrx_word' id='word_1_614' title='bbox 1727 4858 1809 4913; x_wconf 90' lang='lat' dir='ltr'>ibi</span> <span class='ocrx_word' id='word_1_615' title='bbox 1842 4859 1954 4913; x_wconf 83' lang='lat' dir='ltr'>fre-</span> 
     </span>
    </p>
   </div>
   <div class='ocr_carea' id='block_1_100' title="bbox 306 4942 1954 5014">
    <p class='ocr_par' dir='ltr' id='par_1_100' title="bbox 306 4942 1954 5014">
     <span class='ocr_line' id='line_1_100' title="bbox 306 4942 1954 5014; baseline 0.005 -21"><span class='ocrx_word' id='word_1_616' title='bbox 306 4944 554 5010; x_wconf 89' lang='lat' dir='ltr'>quentes</span> <span class='ocrx_word' id='word_1_617' title='bbox 603 4957 774 4996; x_wconf 91' lang='lat' dir='ltr'>canes</span> <span class='ocrx_word' id='word_1_618' title='bbox 827 4942 1156 5014; x_wconf 86' lang='lat' dir='ltr'>copulabat,</span> <span class='ocrx_word' id='word_1_619' title='bbox 1189 4951 1290 4999; x_wconf 91' lang='lat' dir='ltr'>aut</span> <span class='ocrx_word' id='word_1_620' title='bbox 1337 4945 1484 5000; x_wconf 91' lang='lat' dir='ltr'>retia</span> <span class='ocrx_word' id='word_1_621' title='bbox 1537 4946 1834 5014; x_wconf 90' lang='lat' dir='ltr'>tendebat,</span> <span class='ocrx_word' id='word_1_622' title='bbox 1867 4946 1954 5001; x_wconf 86' lang='lat' dir='ltr'>vel</span> 
     </span>
    </p>
   </div>
   <div class='ocr_carea' id='block_1_101' title="bbox 307 5027 1954 5102">
    <p class='ocr_par' dir='ltr' id='par_1_101' title="bbox 307 5027 1954 5102">
     <span class='ocr_line' id='line_1_101' title="bbox 307 5027 1954 5102; baseline 0.005 -20"><span class='ocrx_word' id='word_1_623' title='bbox 307 5027 566 5100; x_wconf 86' lang='lat' dir='ltr'>agitabat</span> <span class='ocrx_word' id='word_1_624' title='bbox 597 5027 886 5100; x_wconf 83' lang='lat' dir='ltr'>fugientes</span> <span class='ocrx_word' id='word_1_625' title='bbox 917 5033 1088 5097; x_wconf 87' lang='lat' dir='ltr'>feras,</span> <span class='ocrx_word' id='word_1_626' title='bbox 1122 5034 1209 5087; x_wconf 91' lang='lat' dir='ltr'>vel</span> <span class='ocrx_word' id='word_1_627' title='bbox 1243 5033 1369 5087; x_wconf 89' lang='lat' dir='ltr'>suis</span> <span class='ocrx_word' id='word_1_628' title='bbox 1418 5032 1688 5102; x_wconf 87' lang='lat' dir='ltr'>privabat</span> <span class='ocrx_word' id='word_1_629' title='bbox 1735 5035 1954 5090; x_wconf 86' lang='lat' dir='ltr'>exuviis</span> 
     </span>
    </p>
   </div>
   <div class='ocr_carea' id='block_1_102' title="bbox 305 5116 1958 5194">
    <p class='ocr_par' dir='ltr' id='par_1_102' title="bbox 305 5116 1958 5194">
     <span class='ocr_line' id='line_1_102' title="bbox 305 5116 1958 5194; baseline 0.004 -23"><span class='ocrx_word' id='word_1_630' title='bbox 305 5121 527 5188; x_wconf 89' lang='lat' dir='ltr'>captas.</span> <span class='ocrx_word' id='word_1_631' title='bbox 559 5116 742 5181; x_wconf 89' lang='lat' dir='ltr'>Quam</span> <span class='ocrx_word' id='word_1_632' title='bbox 760 5119 1288 5189; x_wconf 65' lang='lat' dir='ltr'>praevaricationem</span> <span class='ocrx_word' id='word_1_633' title='bbox 1303 5119 1526 5190; x_wconf 66' lang='lat' dir='ltr'>nimiaej</span> <span class='ocrx_word' id='word_1_634' title='bbox 1538 5120 1658 5177; x_wconf 91' lang='lat' dir='ltr'>uris</span> <span class='ocrx_word' id='word_1_635' title='bbox 1689 5123 1958 5194; x_wconf 87' lang='lat' dir='ltr'>ignoran-</span> 
     </span>
    </p>
   </div>
   <div class='ocr_carea' id='block_1_103' title="bbox 304 5203 1956 5277">
    <p class='ocr_par' dir='ltr' id='par_1_103' title="bbox 304 5203 1956 5277">
     <span class='ocr_line' id='line_1_103' title="bbox 304 5203 1956 5277; baseline 0.007 -20"><span class='ocrx_word' id='word_1_636' title='bbox 304 5203 397 5258; x_wconf 63' lang='lat' dir='ltr'>tia:</span> <span class='ocrx_word' id='word_1_637' title='bbox 411 5204 818 5276; x_wconf 88' lang='lat' dir='ltr'>corrigendam</span> <span class='ocrx_word' id='word_1_638' title='bbox 830 5207 1030 5263; x_wconf 87' lang='lat' dir='ltr'>divina</span> <span class='ocrx_word' id='word_1_639' title='bbox 1041 5207 1374 5262; x_wconf 86' lang='lat' dir='ltr'>sublimitas</span> <span class='ocrx_word' id='word_1_640' title='bbox 1389 5207 1956 5277; x_wconf 78' lang='lat' dir='ltr'>miserata,sanctum</span> 
     </span>
    </p>
   </div>
   <div class='ocr_carea' id='block_1_104' title="bbox 305 5291 1955 5366">
    <p class='ocr_par' dir='ltr' id='par_1_104' title="bbox 305 5291 1955 5366">
     <span class='ocr_line' id='line_1_104' title="bbox 305 5291 1955 5366; baseline 0.006 -19"><span class='ocrx_word' id='word_1_641' title='bbox 305 5291 588 5363; x_wconf 89' lang='lat' dir='ltr'>corripuit</span> <span class='ocrx_word' id='word_1_642' title='bbox 614 5294 828 5364; x_wconf 90' lang='lat' dir='ltr'>virum,</span> <span class='ocrx_word' id='word_1_643' title='bbox 859 5300 918 5351; x_wconf 90' lang='lat' dir='ltr'>et</span> <span class='ocrx_word' id='word_1_644' title='bbox 947 5293 1562 5366; x_wconf 88' lang='lat' dir='ltr'>complendimiraculi</span> <span class='ocrx_word' id='word_1_645' title='bbox 1577 5299 1955 5356; x_wconf 89' lang='lat' dir='ltr'>manifestum</span> 
     </span>
    </p>
   </div>
   <div class='ocr_carea' id='block_1_105' title="bbox 305 5379 803 5438">
    <p class='ocr_par' dir='ltr' id='par_1_105' title="bbox 305 5379 803 5438">
     <span class='ocr_line' id='line_1_105' title="bbox 305 5379 803 5438; baseline 0.004 -2"><span class='ocrx_word' id='word_1_646' title='bbox 305 5379 468 5436; x_wconf 90' lang='lat' dir='ltr'>dedit</span> <span class='ocrx_word' id='word_1_647' title='bbox 498 5380 803 5438; x_wconf 90' lang='lat' dir='ltr'>indicium.</span> 
     </span>
    </p>
   </div>
   <div class='ocr_carea' id='block_1_106' title="bbox 378 5468 1958 5551">
    <p class='ocr_par' dir='ltr' id='par_1_106' title="bbox 378 5468 1958 5551">
     <span class='ocr_line' id='line_1_106' title="bbox 378 5468 1958 5551; baseline 0.008 -27"><span class='ocrx_word' id='word_1_648' title='bbox 378 5468 708 5542; x_wconf 83' lang='lat' dir='ltr'>lugentium</span> <span class='ocrx_word' id='word_1_649' title='bbox 731 5469 948 5543; x_wconf 90' lang='lat' dir='ltr'>quippe</span> <span class='ocrx_word' id='word_1_650' title='bbox 977 5470 1230 5526; x_wconf 86' lang='lat' dir='ltr'>febrium</span> <span class='ocrx_word' id='word_1_651' title='bbox 1254 5471 1442 5528; x_wconf 89' lang='lat' dir='ltr'>virum</span> <span class='ocrx_word' id='word_1_652' title='bbox 1464 5479 1735 5533; x_wconf 89' lang='lat' dir='ltr'>sanctum</span> <span class='ocrx_word' id='word_1_653' title='bbox 1757 5493 1958 5551; x_wconf 83' lang='lat' dir='ltr'>repen-</span> 
     </span>
    </p>
   </div>
   <div class='ocr_carea' id='block_1_107' title="bbox 384 5610 1810 5699">
    <p class='ocr_par' dir='ltr' id='par_1_107' title="bbox 384 5610 1810 5699">
     <span class='ocr_line' id='line_1_107' title="bbox 384 5610 1810 5699; baseline 0.008 -29"><span class='ocrx_word' id='word_1_654' title='bbox 384 5612 461 5692; x_wconf 85' lang='lat'>(3)</span> <span class='ocrx_word' id='word_1_655' title='bbox 493 5611 558 5676; x_wconf 83' lang='lat' dir='ltr'>In</span> <span class='ocrx_word' id='word_1_656' title='bbox 585 5610 842 5680; x_wconf 80' lang='lat' dir='ltr'>Historia</span> <span class='ocrx_word' id='word_1_657' title='bbox 871 5611 928 5671; x_wconf 78' lang='grc' dir='ltr'>Β.</span> <span class='ocrx_word' id='word_1_658' title='bbox 953 5611 1194 5674; x_wconf 85' lang='lat' dir='ltr'>Huberti</span> <span class='ocrx_word' id='word_1_659' title='bbox 1220 5617 1370 5694; x_wconf 84' lang='lat' dir='ltr'>part.</span> <span class='ocrx_word' id='word_1_660' title='bbox 1399 5631 1486 5699; x_wconf 61' lang='lat' dir='ltr'>in,</span> <span class='ocrx_word' id='word_1_661' title='bbox 1519 5619 1725 5692; x_wconf 64' lang='lat' dir='ltr'>quaest.</span> <span class='ocrx_word' id='word_1_662' title='bbox 1756 5619 1810 5681; x_wconf 88' lang='lat'>3.</span> 
     </span>
    </p>
   </div>
   <div class='ocr_carea' id='block_1_108' title="bbox 2064 4652 3714 4724">
    <p class='ocr_par' dir='ltr' id='par_1_108' title="bbox 2064 4652 3714 4724">
     <span class='ocr_line' id='line_1_108' title="bbox 2064 4652 3714 4724; baseline -0.001 -12"><span class='ocrx_word' id='word_1_663' title='bbox 2064 4657 2232 4712; x_wconf 88' lang='lat' dir='ltr'>nensi</span> <span class='ocrx_word' id='word_1_664' title='bbox 2265 4654 2430 4721; x_wconf 89' lang='lat' dir='ltr'>valle,</span> <span class='ocrx_word' id='word_1_665' title='bbox 2465 4653 2598 4708; x_wconf 92' lang='lat' dir='ltr'>duci</span> <span class='ocrx_word' id='word_1_666' title='bbox 2628 4652 2910 4724; x_wconf 82' lang='lat' dir='ltr'>Ansegiso</span> <span class='ocrx_word' id='word_1_667' title='bbox 2941 4652 3380 4710; x_wconf 86' lang='lat' dir='ltr'>manifestatum</span> <span class='ocrx_word' id='word_1_668' title='bbox 3411 4652 3608 4710; x_wconf 91' lang='lat' dir='ltr'>locum</span> <span class='ocrx_word' id='word_1_669' title='bbox 3640 4654 3714 4711; x_wconf 89' lang='lat' dir='ltr'>ab</span> 
     </span>
    </p>
   </div>
   <div class='ocr_carea' id='block_1_109' title="bbox 2065 4741 3714 4814">
    <p class='ocr_par' dir='ltr' id='par_1_109' title="bbox 2065 4741 3714 4814">
     <span class='ocr_line' id='line_1_109' title="bbox 2065 4741 3714 4814; baseline -0.001 -14"><span class='ocrx_word' id='word_1_670' title='bbox 2065 4744 2271 4800; x_wconf 90' lang='lat' dir='ltr'>incolis</span> <span class='ocrx_word' id='word_1_671' title='bbox 2300 4742 2609 4814; x_wconf 89' lang='lat' dir='ltr'>diligenter</span> <span class='ocrx_word' id='word_1_672' title='bbox 2637 4741 2894 4813; x_wconf 89' lang='lat' dir='ltr'>exquire,</span> <span class='ocrx_word' id='word_1_673' title='bbox 2927 4746 2984 4796; x_wconf 91' lang='lat' dir='ltr'>et</span> <span class='ocrx_word' id='word_1_674' title='bbox 3014 4742 3314 4797; x_wconf 87' lang='lat' dir='ltr'>inventum</span> <span class='ocrx_word' id='word_1_675' title='bbox 3345 4741 3596 4798; x_wconf 88' lang='lat' dir='ltr'>festinus</span> <span class='ocrx_word' id='word_1_676' title='bbox 3617 4758 3714 4798; x_wconf 84' lang='lat' dir='ltr'>ex-</span> 
     </span>
    </p>
   </div>
   <div class='ocr_carea' id='block_1_110' title="bbox 2063 4829 3713 4904">
    <p class='ocr_par' dir='ltr' id='par_1_110' title="bbox 2063 4829 3713 4904">
     <span class='ocr_line' id='line_1_110' title="bbox 2063 4829 3713 4904; baseline -0.001 -16"><span class='ocrx_word' id='word_1_677' title='bbox 2063 4832 2188 4888; x_wconf 92' lang='lat' dir='ltr'>cole</span> <span class='ocrx_word' id='word_1_678' title='bbox 2215 4830 2296 4886; x_wconf 91' lang='lat' dir='ltr'>ibi</span> <span class='ocrx_word' id='word_1_679' title='bbox 2327 4846 2572 4886; x_wconf 70' lang='lat' dir='ltr'>summaa</span> <span class='ocrx_word' id='word_1_680' title='bbox 2604 4835 2661 4886; x_wconf 90' lang='lat' dir='ltr'>et</span> <span class='ocrx_word' id='word_1_681' title='bbox 2691 4831 3002 4886; x_wconf 60' lang='lat' dir='ltr'>individuis</span> <span class='ocrx_word' id='word_1_682' title='bbox 3027 4829 3330 4886; x_wconf 90' lang='lat' dir='ltr'>Trinitatis</span> <span class='ocrx_word' id='word_1_683' title='bbox 3383 4846 3713 4904; x_wconf 86' lang='lat' dir='ltr'>congruum</span> 
     </span>
    </p>
   </div>
   <div class='ocr_carea' id='block_1_111' title="bbox 2063 4906 3714 4993">
    <p class='ocr_par' dir='ltr' id='par_1_111' title="bbox 2063 4906 3714 4993">
     <span class='ocr_line' id='line_1_111' title="bbox 2063 4906 3714 4993; baseline -0.001 -15"><span class='ocrx_word' id='word_1_684' title='bbox 2063 4921 2349 4993; x_wconf 86' lang='lat' dir='ltr'>templum</span> <span class='ocrx_word' id='word_1_685' title='bbox 2381 4919 2632 4976; x_wconf 87' lang='lat' dir='ltr'>ﬁdeliter</span> <span class='ocrx_word' id='word_1_686' title='bbox 2661 4923 2921 4976; x_wconf 91' lang='lat' dir='ltr'>contrue.</span> <span class='ocrx_word' id='word_1_687' title='bbox 2953 4917 3322 4992; x_wconf 87' lang='lat' dir='ltr'>Completum</span> <span class='ocrx_word' id='word_1_688' title='bbox 3349 4906 3714 4976; x_wconf 26' lang='lat' dir='ltr'>autem‘tem-</span> 
     </span>
    </p>
   </div>
   <div class='ocr_carea' id='block_1_112' title="bbox 2063 4997 3712 5084">
    <p class='ocr_par' dir='ltr' id='par_1_112' title="bbox 2063 4997 3712 5084">
     <span class='ocr_line' id='line_1_112' title="bbox 2063 4997 3712 5084; baseline -0.001 -20"><span class='ocrx_word' id='word_1_689' title='bbox 2063 5011 2227 5084; x_wconf 90' lang='lat' dir='ltr'>plum</span> <span class='ocrx_word' id='word_1_690' title='bbox 2260 5009 2477 5065; x_wconf 89' lang='lat' dir='ltr'>sanctis</span> <span class='ocrx_word' id='word_1_691' title='bbox 2495 5009 2818 5082; x_wconf 89' lang='lat' dir='ltr'>virginibus</span> <span class='ocrx_word' id='word_1_692' title='bbox 2835 5008 3296 5078; x_wconf 88' lang='lat' dir='ltr'>commendabis,</span> <span class='ocrx_word' id='word_1_693' title='bbox 3312 4997 3528 5080; x_wconf 83' lang='lat' dir='ltr'>quibus</span> <span class='ocrx_word' id='word_1_694' title='bbox 3548 5007 3712 5084; x_wconf 81' lang='lat' dir='ltr'>Chil—</span> 
     </span>
    </p>
   </div>
   <div class='ocr_carea' id='block_1_113' title="bbox 2064 5083 3714 5176">
    <p class='ocr_par' dir='ltr' id='par_1_113' title="bbox 2064 5083 3714 5176">
     <span class='ocr_line' id='line_1_113' title="bbox 2064 5083 3714 5176; baseline -0.002 -21"><span class='ocrx_word' id='word_1_695' title='bbox 2064 5099 2458 5168; x_wconf 88' lang='lat' dir='ltr'>demarcham,</span> <span class='ocrx_word' id='word_1_696' title='bbox 2490 5095 2978 5170; x_wconf 87' lang='lat' dir='ltr'>Burdegalensem</span> <span class='ocrx_word' id='word_1_697' title='bbox 2999 5096 3307 5168; x_wconf 85' lang='lat' dir='ltr'>virginem,</span> <span class='ocrx_word' id='word_1_698' title='bbox 3326 5096 3473 5152; x_wconf 91' lang='lat' dir='ltr'>inibi</span> <span class='ocrx_word' id='word_1_699' title='bbox 3505 5083 3714 5176; x_wconf 74' lang='lat' dir='ltr'>multa-</span> 
     </span>
    </p>
   </div>
   <div class='ocr_carea' id='block_1_114' title="bbox 2064 5185 3713 5261">
    <p class='ocr_par' dir='ltr' id='par_1_114' title="bbox 2064 5185 3713 5261">
     <span class='ocr_line' id='line_1_114' title="bbox 2064 5185 3713 5261; baseline -0.003 -17"><span class='ocrx_word' id='word_1_700' title='bbox 2064 5205 2196 5244; x_wconf 91' lang='lat' dir='ltr'>rum</span> <span class='ocrx_word' id='word_1_701' title='bbox 2213 5189 2502 5261; x_wconf 86' lang='lat' dir='ltr'>virginum</span> <span class='ocrx_word' id='word_1_702' title='bbox 2522 5191 2792 5254; x_wconf 91' lang='lat' dir='ltr'>matrem,</span> <span class='ocrx_word' id='word_1_703' title='bbox 2815 5185 3086 5258; x_wconf 76' lang='lat' dir='ltr'>inclytam</span> <span class='ocrx_word' id='word_1_704' title='bbox 3115 5185 3475 5256; x_wconf 83' lang='lat' dir='ltr'>abbatissam</span> <span class='ocrx_word' id='word_1_705' title='bbox 3496 5201 3713 5258; x_wconf 66' lang='lat' dir='ltr'>praepo-</span> 
     </span>
    </p>
   </div>
   <div class='ocr_carea' id='block_1_115' title="bbox 2065 5277 2546 5334">
    <p class='ocr_par' dir='ltr' id='par_1_115' title="bbox 2065 5277 2546 5334">
     <span class='ocr_line' id='line_1_115' title="bbox 2065 5277 2546 5334; baseline -0.015 0"><span class='ocrx_word' id='word_1_706' title='bbox 2065 5295 2201 5334; x_wconf 91' lang='lat' dir='ltr'>nere</span> <span class='ocrx_word' id='word_1_707' title='bbox 2229 5277 2484 5334; x_wconf 87' lang='lat' dir='ltr'>curabis.</span> <span class='ocrx_word' id='word_1_708' title='bbox 2517 5299 2546 5328; x_wconf 83' lang='lat'><strong>»</strong></span> 
     </span>
    </p>
   </div>
   <div class='ocr_carea' id='block_1_116' title="bbox 2065 5381 3714 5453">
    <p class='ocr_par' dir='ltr' id='par_1_116' title="bbox 2065 5381 3714 5453">
     <span class='ocr_line' id='line_1_116' title="bbox 2065 5381 3714 5453; baseline -0.001 -13"><span class='ocrx_word' id='word_1_709' title='bbox 2065 5385 2198 5440; x_wconf 82' lang='lat' dir='ltr'>CAP.</span> <span class='ocrx_word' id='word_1_710' title='bbox 2230 5385 2324 5440; x_wconf 90' lang='lat' dir='ltr'>VI.</span> <span class='ocrx_word' id='word_1_711' title='bbox 2356 5415 2424 5424; x_wconf 95' lang='lat'><strong>—</strong></span> <span class='ocrx_word' id='word_1_712' title='bbox 2456 5385 2527 5439; x_wconf 89' lang='lat' dir='ltr'>De</span> <span class='ocrx_word' id='word_1_713' title='bbox 2554 5383 2909 5453; x_wconf 70' lang='lat' dir='ltr'>Fiscannensi</span> <span class='ocrx_word' id='word_1_714' title='bbox 2937 5381 3163 5438; x_wconf 79' lang='lat' dir='ltr'>ecclesia</span> <span class='ocrx_word' id='word_1_715' title='bbox 3187 5383 3369 5453; x_wconf 74' lang='lat' dir='ltr'>primo</span> <span class='ocrx_word' id='word_1_716' title='bbox 3395 5395 3508 5453; x_wconf 8' lang='lat' dir='ltr'>per,</span> <span class='ocrx_word' id='word_1_717' title='bbox 3527 5396 3714 5450; x_wconf 81' lang='lat' dir='ltr'>regem</span> 
     </span>
    </p>
   </div>
   <div class='ocr_carea' id='block_1_117' title="bbox 2133 5451 3630 5527">
    <p class='ocr_par' dir='ltr' id='par_1_117' title="bbox 2133 5451 3630 5527">
     <span class='ocr_line' id='line_1_117' title="bbox 2133 5451 3630 5527; baseline -0.003 -15"><span class='ocrx_word' id='word_1_718' title='bbox 2133 5457 2454 5512; x_wconf 79' lang='lat' dir='ltr'>Lotharium</span> <span class='ocrx_word' id='word_1_719' title='bbox 2481 5455 2734 5527; x_wconf 79' lang='lat' dir='ltr'>fundata,</span> <span class='ocrx_word' id='word_1_720' title='bbox 2769 5463 2820 5510; x_wconf 80' lang='lat' dir='ltr'>et</span> <span class='ocrx_word' id='word_1_721' title='bbox 2849 5452 3141 5509; x_wconf 75' lang='lat' dir='ltr'>ditissimis</span> <span class='ocrx_word' id='word_1_722' title='bbox 3165 5451 3409 5525; x_wconf 56' lang='lat' dir='ltr'>praediis</span> <span class='ocrx_word' id='word_1_723' title='bbox 3424 5451 3630 5508; x_wconf 76' lang='lat' dir='ltr'>dolata.</span> 
     </span>
    </p>
   </div>
   <div class='ocr_carea' id='block_1_118' title="bbox 2137 5540 3708 5622">
    <p class='ocr_par' dir='ltr' id='par_1_118' title="bbox 2137 5540 3708 5622">
     <span class='ocr_line' id='line_1_118' title="bbox 2137 5540 3708 5622; baseline -0.004 -16"><span class='ocrx_word' id='word_1_724' title='bbox 2137 5545 2341 5606; x_wconf 87' lang='lat' dir='ltr'>Finitis</span> <span class='ocrx_word' id='word_1_725' title='bbox 2379 5545 2618 5608; x_wconf 74' lang='lat' dir='ltr'>demam</span> <span class='ocrx_word' id='word_1_726' title='bbox 2665 5546 2841 5622; x_wconf 78' lang='lat' dir='ltr'>tantae</span> <span class='ocrx_word' id='word_1_727' title='bbox 2889 5541 3256 5603; x_wconf 86' lang='lat' dir='ltr'>revelationis</span> <span class='ocrx_word' id='word_1_728' title='bbox 3315 5540 3708 5618; x_wconf 85' lang='lat' dir='ltr'>sermonibus,</span> 
     </span>
    </p>
   </div>
  </div>
