3946 6362
139 352 263 432 7.13

141 487 385 560 regione
413 487 551 570 (20}.
586 489 656 544 Ex
693 507 808 563 qua
858 492 1091 565 quidem
1146 498 1546 555 translatione.
1596 518 1801 575 perpe-

138 557 619 642 ram-arbitratus
647 567 737 617 est
763 564 1049 642 Antonius
1080 569 1328 642 _Yeppes,
1379 570 1493 625 duo
1526 571 1797 629 Fiscanni

133 629 751 716 exstitisee‘yirginum
777 636 1152 716 monasteria,
1166 629 1433 716 'jhreque
1455 658 1590 716 eum
1612 660 1801 716 repre-

134 699 348 784 hendit
389 699 576 785 illius
598 702 891 785 interpres
937 699 1245 785 Matthaeus
1303 699 1611 785 Oliverius,
1660 699 1795 771 cum

134 771 384 852 omnino
408 772 638 852 diversa
666 771 786 852 sip}
808 775 933 835 solo
967 782 1024 833 et
1052 779 1287 852 oppido.

208 840 664 927 Censtatigitur
686 840 1115 927 'Fislcannense:
1129 840 1563 927 'monasterium
1607 853 1797 927 primo

135 912 459 989 incoluisse
482 906 756 989 virgines.
789 906 1010 982 Quibus
1041 919 1154 977 alio
1179 906 1797 981 translatis‘succes—sﬁe:

132 986 277 1078 ﬁunt
299 986 897 1078 eanonicikegulares
917 991 1037 1078 sub
1056 992 1435 1078 .Guillelmoll
1468 994 1795 1078 Longaspa-

136 1055 257 1123 αλλ,
293 1056 442 1137 duce
462 1055 805 1137 Nortbinan.
831 1061 930 1137 Rei
955 1061 1258 1137 historiam
1282 1069 1457 1137 gestae
1480 1055 1794 1124 audiamus

134 1144 207 1187 ex
229 1127 429 1189 codice
459 1145 570 1193 ms.
588 1129 715 1201 jam
748 1131 917 1191 toties
949 1132 1143 1193 allato.

134 1233 273 1297 Car.
304 1234 372 1293 X.
404 1265 472 1276 -—
501 1235 577 1299 De
625 1239 975 1305 renovatione
1018 1240 1260 1298 ecclesia:
1303 1243 1654 1300 Fiscannensi
1693 1245 1789 1300 sub

700 1344 703 1347 ‹
721 1307 857 1364 duce
888 1308 1198 1368 Guillelmo.

203 1393 405 1471 Lange
433 1391 613 1466 igitur
640 1392 927 1467 bellorum
979 1398 1216 1465 miseria
1265 1401 1533 1458 contritis
1572 1404 1629 1458 et
1657 1401 1787 1458 fati-

130 1481 293 1563 gatis
312 1479 633 1551 Galliarum
665 1484 999 1555 provinciis,
1035 1486 1350 1559 aliquando
1394 1489 1591 1546 divina
1628 1506 1787 1547 seve-

130 1569 275 1641 ritas
305 1568 607 1640 delinitur,
651 1588 1011 1648 suarumque
1042 1575 1420 1649 antiquarum
1453 1579 1784 1635 misericor-

129 1658 364 1727 diarurn
421 1658 838 1730 reminiscitur,
899 1666 959 1718 et
1011 1664 1321 1737 inopinata)
1383 1666 1787 1738 opitulationis

125 1745 583 1815 consolationem
616 1747 1018 1809 laborantibus
1061 1753 1294 1826 populis
1324 1753 1590 1827 largitur.
1624 1754 1784 1811 Divi-

126 1851 339 1903 narum
368 1835 587 1909 quippe
612 1837 914 1903 afﬂuentia
933 1841 1256 1913 gratiarum
1279 1846 1538 1899 errantes
1568 1843 1781 1916 pagani

125 1928 626 2000 compunguntur,
657 1929 993 1999 compuncti
1035 1934 1474 1997 convertuntur,
1512 1931 1776 2002 inquam,
1809 1928 1825 1953 τ

123 2013 511 2085 barbarorum
530 2012 871 2074 truculentae
898 2020 1154 2084 mentes;
1179 2017 1600 2090 religionisque
1621 2018 1780 2077 Chri-

124 2103 328 2168 stianae
377 2102 682 2169 veritatem
732 2120 966 2162 summa
1012 2105 1317 2162 devotione
1374 2111 1675 2163 sectantur
1723 2112 1780 2165 et

121 2194 492 2261 venerantur,
527 2207 703 2263 quam
735 2192 908 2265 paulo
940 2198 1073 2250 ante
1121 2193 1284 2250 ferali
1314 2195 1551 2252 vesania
1582 2212 1775 2268 perse-

122 2279 456 2353 quebantur
474 2284 531 2337 et
549 2280 1062 2346 abominabantur.
1084 2283 1243 2339 Unde
1264 2284 1506 2358 contigit
1530 2289 1595 2339 ut
1624 2285 1775 2352 dono

118 2374 174 2424 et
194 2365 573 2424 concessione
602 2366 811 2437 Caroli,
847 2369 1165 2437 Galliarum
1199 2371 1376 2444 regis,
1408 2376 1697 2429 extremas
1717 2376 1776 2429 et

119 2455 447 2517 maritimas
526 2460 748 2529 septem
820 2458 1151 2531 provincias
1217 2461 1567 2516 sortirentur
1623 2464 1769 2530 (21);

117 2562 263 2619 quas
295 2545 391 2611 sui
417 2544 641 2613 laboris
670 2545 927 2607 incolatu
968 2551 1205 2611 externo
1235 2548 1582 2615 excolercnt,
1615 2554 1669 2605 et
1701 2550 1772 2605 ab

118 2624 469 2690 irruentium
512 2633 896 2690 barbarorum
947 2636 1350 2693 invasionibus
1398 2637 1774 2693 defenderent

119 2727 177 2779 et
201 2722 583 2795 custodirent.
616 2722 907 2787 Divinitus
939 2724 1137 2796 itaque
1159 2724 1483 2782 conciliatis
1513 2727 1767 2799 populis,

121 2827 229 2887 pax
257 2810 480 2875 mundo
510 2810 794 2878 redditur,
826 2812 1001 2869 urbes
1022 2811 1221 2881 deletae
1245 2814 1613 2883 muniuntur,
1637 2816 1772 2871 sub-

119 2915 401 2972 versaque
428 2903 622 2961 castra
648 2899 799 2955 vallo
830 2902 1184 2972 competenti
1216 2906 1273 2958 et
1293 2919 1501 2975 aggere
1534 2902 1772 2976 cingun-

120 2993 230 3053 tur,
262 2991 320 3045 et
348 2987 771 3045 revertentibus
797 2987 1019 3046 colonis
1049 2989 1198 3044 villae
1230 2996 1289 3046 et
1320 2991 1443 3063 agri
1474 2990 1772 3064 replentur

117 3081 173 3133 et
210 3075 579 3136 excoluntur.
636 3075 900 3148 Denique
952 3077 1339 3134 Northmanni
1374 3078 1767 3151 spiritualium

116 3163 301 3238 gratia
328 3168 828 3223 sacramentorum
859 3164 1143 3234 innovati,
1167 3183 1307 3223 suas
1340 3174 1606 3238 acceptas
1636 3185 1767 3240 pro-

1320 363 1771 441 ANONYMUS.
1804 369 2395 443 EISCANNENSIS.

3434 391 3559 461 ’ΖΜ

1827 510 1883 573 Α
1911 507 2235 581 virginibus
2266 512 2541 583 quietem,
2573 517 2631 569 ct
2658 514 3081 579 habitationem
3107 523 3387 591 secretam
3417 537 3560 593 prg-

1907 596 2303 671 stitit.Quibus
2323 601 2539 669 auditis
2556 603 2740 659 sancti
2760 604 3006 677 operarii
3023 622 3324 673 sacrarum
3341 608 3555 667 aedium
3644 632 3647 633 '

1906 686 2120 742 deﬂent
2155 689 2560 759 vastationem,
2610 691 2820 764 suique
2867 693 3199 767 paganismi
3249 694 3559 754 exhorrsnt

1905 773 2417 845 inhumanitatem,
2477 783 2534 839 et
2601 780 2819 837 sanctis
2899 781 3196 851 cineribus
3273 783 3557 861 donantes

1903 861 2251 933 libertatem,
2312 866 2453 923 alibi
2511 867 2602 923 sui
2677 870 2958 942 propositi
3028 871 3222 943 operis
3280 876 3559 949 satagunt

1904 951 2206 1023 exquirere
2237 955 2563 1013 materiam.
2589 959 2713 1023 Qua
2730 958 3016 1031 inquisita
3034 959 3273 1035 etfacile
3304 965 3553 1034 reperta,

1903 1037 2101 1095 multa:
2133 1040 2470 1103 ambitionis
2500 1043 2789 1114 palatium
2821 1044 3126 1117 extollunt,
3158 1048 3367 1125 suique
3387 1048 3556 1118 ducis

1892 1127 2224 1196 jussionem
2284 1131 2660 1203 complentes,
2735 1134 2895 1190 brevi
2952 1134 3277 1209 intervallo,
3337 1136 3554 1209 arrepti

1900 1216 2092 1285 operis
2110 1217 2577 1290 magnitudinem
2595 1228 3103 1293 consummarunt.
3123 1223 3359 1298 Expleta
3377 1224 3556 1299 igitur

1898 1304 2043 1360 tanti
2073 1303 2297 1385 laboris
2320 1313 2626 1382 praecepto,
2668 1310 2921 1369 artifices
2969 1312 3294 1385 invitarunt
3339 1313 3551 1383 ducem

1897 1390 2293 1462 Guillelmum,
2314 1399 2688 1468 castrumque
2703 1398 3044 1470 etpalatium
3067 1406 3546 1477 consummatum

1896 1497 2014 1537 suae
2046 1482 2409 1539 auctoritatis
2425 1483 2651 1555 judicio
2681 1490 2739 1541 et
2766 1489 3068 1559 sententiae
3093 1490 3366 1565 reddunt.
3398 1491 3546 1565 Quo-

1895 1585 2025 1623 rum
2053 1568 2400 1627 Guillelmus
2431 1572 2547 1628 dux
2578 1573 2845 1646 peritiam
2876 1580 2933 1631 et
2960 1576 3211 1633 formam
3232 1576 3548 1652 completo-

1894 1673 2025 1713 rum
2082 1674 2323 1730 operum
2372 1662 2829 1732 commendans,
2872 1681 3073 1733 eorum
3123 1665 3544 1753 negligentiam

1893 1745 2283 1818 reprehendit,
2304 1749 2459 1820 quod
2475 1748 2537 1804 in
2554 1754 2766 1818 castro,
2777 1752 2947 1825 juxta
2961 1753 3269 1826 palatium,
3287 1745 3546 1833 ecclesias

1893 1834 2112 1892 nullius
2134 1835 2435 1891 oraculum
2453 1837 2756 1897 invenerit.
2777 1839 2965 1912 Super
2984 1842 3154 1912 cujus
3174 1841 3541 1921 negligentiae

1891 1923 2082 1996 culpa,
2117 1941 2257 1979 suos
2278 1925 2531 1981 artiﬁces
2552 1942 2803 1999 arguens
2829 1945 2842 1983 :
2867 1928 2970 1999 Ite,
2995 1929 3209 2002 inquit,
3228 1931 3541 2007 stillarum

1888 2013 2194 2068 ruinarum
2234 2012 2360 2069 loco
2410 2019 2611 2070 sancto
2664 2016 2945 2075 mdiﬁcate
2991 2019 3319 2090 ecclesiam,
3370 2022 3541 2097 cujus

1887 2104 2160 2174 aspectus
2181 2102 2368 2158 sancti
2391 2101 2590 2174 templi
2616 2106 2958 2161 memoriam
2981 2108 3393 2183 contuentibus
3414 2110 3541 2181 red,-

1886 2187 2106 2257 dat;et
2160 2189 2328 2256 mihi,
2384 2195 2486 2246 aut
2537 2191 2712 2247 alicui
2770 2210 2899 2261 meo
2954 2193 3190 2264 haeredi,
3233 2192 3537 2275 antiQuam

1885 2277 2191 2333 ecclesiam
2218 2280 2525 2350 reparandi
2546 2280 2902 2339 voluntatem
2927 2281 3243 2356 aliquando
3267 2284 3532 2361 incutiat.

1884 2364 2060 2421 Ducis
2096 2366 2427 2437 jussionem
2473 2369 2778 2427 audientes
2826 2371 3095 2441 operarii,
3141 2375 3426 2439 accedunt
3461 2376 3533 2449 ad

1884 2470 2049 2511 sacra
2075 2454 2219 2524 loca,
2252 2459 2427 2528 atque
2457 2455 2516 2510 in
2548 2456 2679 2529 ipsa
2721 2457 2974 2513 incendii
3005 2464 3065 2516 et
3093 2461 3299 2531 excidii
3324 2463 3534 2527 confu-

1882 2543 2065 2610 sione,
2119 2544 2426 2615 cujusdam
2478 2544 2791 2600 ecclesiolae
2854 2553 3077 2618 ponunt
3121 2549 3529 2625 fundamenta,

1881 2631 2227 2703 signatoque
2259 2631 2460 2702 primae
2488 2648 2599 2687 aras
2637 2632 2784 2700 loco,
2814 2634 3120 2705 ruinarum
3148 2635 3447 2709 lapidibus
3474 2642 3533 2697 et

1880 2718 2247 2790 fragmentis,
2276 2735 2389 2774 non
2414 2719 2610 2775 multae
2636 2719 2976 2779 extollentiie
3000 2723 3251 2799 parietes
3273 2724 3528 2801 erigunt,

1879 2810 2217 2879 erectosque
2238 2809 2308 2863 ad
2333 2809 2643 2880 proposita:
2660 2809 3004 2881 quantitatis
3025 2828 3346 2884 summam,
3367 2814 3531 2876 nulla

1881 2896 2331 2969 intercapedine,
2351 2896 2667 2954 deducunt.
2687 2898 3006 2973 Completis
3027 2915 3163 2976 ergo
3183 2902 3528 2983 parietibus,

1880 2988 2097 3040 tectum
2151 2985 2343 3041 solum
2398 2986 2632 3054 deerat;
2682 2988 2852 3059 cujus
2910 2988 3131 3062 perlato
3179 2989 3529 3065 munimine,

1879 3072 2063 3128 aerias
2091 3073 2495 3130 inclementius
2525 3075 2596 3130 ab
2631 3075 2901 3132 universa
2938 3078 3111 3134 domo
3142 3080 3326 3136 arceri
3356 3097 3531 3156 opor—

1876 3162 2055 3217 tebat.
2116 3162 2396 3226 Quocirca
2452 3161 2747 3236 lignorum
2812 3163 3194 3239 inquiruntur
3242 3167 3413 3239 fabri,
3475 3172 3533 3229 et
3620 3236 3621 3239 η

114 3232 354 3322 vincies,
389 3253 578 3322 North,
626 3252 779 3311 venti
824 3254 919 3308 sui
965 3232 1266 3323 vocabulo,
1310 3232 1771 3315 Northrnanniam
1799 3232 1842 3309 (ἶ
1880 3249 2097 3305 inventi
2131 3250 2541 3320 adducuntur;
2593 3251 2794 3326 eisque
2844 3269 2984 3309 cura
3032 3253 3283 3323 faciendi
3312 3261 3532 3327 tectum

114 3339 587 3415 appellaverunt;
621 3341 792 3412 cujus
812 3345 978 3399 terra:
1000 3342 1279 3398 ducatum
1302 3342 1467 3398 Rollo
1492 3344 1512 3398 Ι
1537 3349 1594 3399 et
1615 3342 1772 3399 Guil-

113 3428 351 3507 lelmus,
376 3427 640 3489 Rollonis
664 3428 844 3498 filius,
862 3429 1068 3486 habuit
1090 3432 1400 3488 secundus.
1426 3432 1614 3504 Hujus
1630 3448 1765 3504 ergo

117 3517 282 3577 ducis
343 3522 631 3590 tempore,
687 3522 915 3575 aeternae
972 3522 1031 3574 et
1101 3519 1415 3577 individuae
1470 3519 1773 3576 Trinitatis

113 3605 417 3680 oraculum
446 3606 704 3678 reperitu
716 3611 1184 3680 r,repertumque
1205 3607 1419 3664 notitia
1450 3613 1507 3665 et
1534 3608 1770 3665 utilitati

120 3692 438 3763 multorum
471 3684 821 3767 pbpulorum
870 3695 1170 3752 reducitur
1197 3700 1254 3752 et
1284 3701 1615 3752 renovatur.
1647 3697 1773 3752 Dux

119 3784 275 3851 enim
322 3781 672 3851 Guillelmus
730 3784 1006 3856 praecepit
1059 3785 1242 3843 servis
1298 3785 1423 3842 suis
1481 3788 1771 3857 quatenus
1828 3840 1833 3846 .

120 3873 508 3945 Fiscannense
527 3872 809 3945 oppidum
833 3879 1196 3944 renovarent,
1223 3877 1395 3946 atque
1417 3874 1476 3930 in
1501 3878 1771 3930 renovato

119 3960 331 4034 oppido
348 3958 545 4016 multae
565 3959 955 4033 speciositatis
972 3966 1029 4016 et
1046 3961 1471 4035 magnitudinis
1490 3962 1771 4036 palatium

120 4050 495 4117 aedificarent.
529 4046 878 4105 Obedientes
928 4054 1120 4104 autem
1169 4051 1315 4105 servi
1365 4069 1514 4124 opus
1568 4068 1770 4124 aggre-

119 4140 360 4195 diuntur
386 4137 773 4211 imperatum;
832 4138 1163 4213 oppidoque
1216 4144 1511 4215 renovato,
1562 4139 1771 4196 excelsi

119 4226 353 4302 fastigii
389 4225 676 4283 aediﬁcare
724 4224 1050 4282 moliuntur
1099 4227 1407 4298 palatium.
1466 4227 1573 4283 Ubi
1629 4228 1771 4282 dum

120 4316 534 4383 discurrerent,
567 4318 624 4371 et
665 4314 1006 4371 aediﬁcando
1053 4315 1269 4387 palatio
1324 4315 1547 4388 lapides
1580 4320 1635 4371 et
1665 4333 1770 4371 cae-

121 4410 316 4465 menta
346 4404 602 4461 invenire
634 4407 984 4476 satagerent,
1010 4422 1309 4461 sacrarum
1336 4404 1547 4460 aedium
1573 4406 1774 4461 ruinas

119 4493 434 4571 reperiunt,
459 4497 833 4566 repertaeque
852 4493 911 4548 in
931 4492 1240 4549 aediﬁcium
1261 4493 1535 4549 humana:
1552 4493 1772 4549 habita-

1879 3338 2209 3412 injungitur
2239 3343 2294 3394 et
2325 3338 2696 3411 relinquitur.
2732 3342 2902 3397 Fabri
2923 3347 3121 3399 autem
3142 3345 3534 3421 instrumenta

1880 3426 2223 3501 corripiunt,
2256 3427 2541 3499 imperato
2571 3429 2731 3501 operi
2782 3432 3049 3503 augendo
3088 3431 3373 3495 habiliora
3402 3432 3532 3507 red-

1880 3516 2047 3582 dunt,
2095 3514 2425 3586 electasque
2472 3514 2650 3573 silvas
2700 3519 2988 3591 maturius
3046 3519 3264 3589 intrare
3322 3523 3526 3596 dispo-

1881 3608 2046 3660 nunt
2266 3648 2272 3654 .

1880 3710 2011 3787 ΟΑιξ.
2044 3709 2134 3787 Xl.
2172 3740 2237 3749 —
2270 3710 2345 3787 De
2374 3717 2526 3787 tecto,
2571 3711 2713 3787 quod
2754 3728 2927 3787 mare;
2952 3714 3143 3771 attulit
3164 3714 3235 3787 de
3265 3715 3529 3787 Constan-

1951 3728 2011 3793 ιζ.
2045 3728 2134 3792 At.
2172 3740 2237 3749 -—
2270 3728 2345 3791 tle
2374 3728 2526 3792 tecm,
2555 3728 2713 3836 (ἵκου.
2754 3728 2927 3795 mare
2952 3728 3143 3771 auum
3169 3728 3235 3785 ac
3265 3728 3457 3787 conatu

1951 3789 2115 3837 tzensz
2142 3797 2446 3853 provmcza,
2478 3784 2528 3837 et
2592 3783 2762 3838 uobus
2784 3783 2971 3853 lzgms,
2994 3784 3457 3858 quwdefuerunt.

1950 3871 2165 3925 Verum
2179 3868 2545 3925 discurrente
2561 3868 2996 3929 deliberationis
3009 3873 3535 3945 intervallo,divina

1881 3958 2306 4031 omnipotentis
2334 3963 2390 4014 et
2422 3958 2617 4015 fabros
2667 3976 2701 4014 a
2751 3961 3033 4033 propositi
3077 3962 3295 4020 laboris
3322 3965 3534 4033 sudore

1879 4047 2148 4104 liberavit
2177 4051 2231 4102 et
2262 4047 2572 4116 revocavit,
2606 4052 2663 4104 et
2693 4065 2812 4105 suae
2841 4050 3268 4124 magnitudinis
3290 4070 3538 4127 presen-

1882 4136 2024 4195 tiam
2058 4136 2115 4191 in
2149 4136 2388 4209 prmfata
2417 4136 2742 4207 ecclesiola,
2766 4137 2962 4194 eximii
2986 4139 3252 4197 miraculi
3280 4141 3538 4217 gloriosa

1882 4226 2249 4282 attestatione
2281 4224 2593 4281 declaravit
2622 4231 2679 4281 et
2699 4226 2899 4284 docuit
2920 4227 3001 4300 (in
3024 4230 3150 4285 cod.
3174 4246 3287 4288 ms.
3312 4231 3535 4307 domini

1881 4313 1922 4367 B
1932 4314 1942 4366 i
1950 4318 2049 4385 got
2062 4314 2539 4385 sup.habetur,in
2547 4332 2688 4386 pago
2707 4315 3234 4391 Constantino,apud
3242 4320 3538 4392 quamdam

1880 4403 2121 4459 insulam
2132 4404 2188 4456 in
2201 4404 2369 4473 mari)
2380 4404 2861 4460 .Constantiensis
2874 4406 3031 4461 enim
3047 4407 3541 4479 provinCiaehomi-

1882 4506 2007 4559 nes,
2036 4490 2094 4545 S.
2121 4489 2447 4564 Marculphi
2466 4487 2698 4547 ouidam
2724 4492 2978 4549 ecclesia
3003 4496 3297 4567 quoddam
3320 4501 3538 4565 tectum

119 4584 294 4641 tionis
343 4584 741 4654 transportare
783 4581 1123 4655 disponunt.
1176 4583 1413 4652 Verum,
1475 4582 1773 4655 repentino
1802 4593 1849 4659 D
1882 4584 2366 4651 praeparaverant,
2388 4583 2561 4651 atque
2579 4585 2970 4654 praeparatum
2991 4583 3178 4640 eidem
3201 4585 3424 4641 eclesiae
3445 4603 3540 4659 su-

119 4671 363 4729 consilio
393 4670 677 4726 divinitus
724 4670 986 4743 aspirati,
1042 4670 1201 4726 illius
1253 4671 1360 4726 loci
1413 4671 1686 4744 antiquos
1714 4675 1772 4729 et

120 4762 429 4836 indigenas
460 4764 797 4827 convocant,
830 4759 1201 4815 inventarum
1235 4760 1541 4815 ruinarum
1564 4776 1772 4816 causas

118 4852 500 4923 interrogant,
528 4854 586 4907 et
615 4850 783 4921 cujus
813 4848 1183 4923 imperatoris
1222 4848 1465 4905 alterius
1497 4849 1770 4922 potentiae

120 4957 220 5013 per-
248 4954 490 4997 summa
514 4937 732 5011 palatia
774 4937 906 4994 illas
955 4937 1156 4995 ruinas
1208 4938 1611 5010 praecesserint
1638 4936 1770 4992 dili-

120 5028 711 5103 genterinvestigant.
738 5027 924 5083 Locus
949 5027 1082 5095 iste,
1106 5027 1403 5098 inquiunt,
1433 5025 1771 5098 interrogati

120 5118 432 5190 indigenae,
462 5115 601 5171 olim
631 5116 827 5172 clarus
855 5119 912 5172 et
941 5114 1183 5173 celebris
1203 5113 1369 5171 vallis
1400 5114 1531 5182 fuit,
1555 5131 1776 5170 rerum-

122 5223 233 5280 que
262 5205 531 5277 omnium
562 5203 933 5277 imperatoris
975 5203 1319 5278 insignitus,
1342 5202 1535 5269 titulo,
1569 5202 1775 5258 multis

213 5319 308 5393 20)
358 5319 519 5391 Idem
559 5317 809 5400 Yeppes,
854 5319 1247 5401 Quercetanus
1290 5315 1392 5373 lib.
1432 5334 1545 5386 vn;
1575 5316 1772 5441 Antig.

213 5388 267 5441 ll-
300 5408 432 5441 can.
462 5390 535 5441 6:
565 5388 852 5441 Chronica
879 5389 1241 5441 Chron1car.-
1271 5393 1422 5441 part.
1456 5406 1518 5441 Il.
1552 5386 1649 5441 fol.
1682 5390 1716 5440 2
1758 5430 1772 5441 .

213 5325 308 5393 20)
359 5325 519 5391 Idem
560 5325 809 5393 Yeppes,
854 5325 1247 5385 Quercetanus
1292 5325 1392 5373 lib.
1432 5334 1545 5386 vn;
1575 5325 1772 5441 Antig.

123 5325 267 5464 Gai].
300 5390 498 5464 cap._6
519 5388 852 5464 ;_C_hroniea
879 5388 1253 5464 Qbronicar.,_
1271 5393 1422 5464 part.
1439 5406 1518 5464 _n,
1552 5386 1649 5464 fol.
1672 5390 1774 5464 _2_,

124 5454 499 5521 in‘Richardo
522 5454 554 5516 Ἰ
584 5461 731 5516 duce
758 5459 1127 5528 Northman.;
1161 5454 1407 5526 Grisius,
1439 5458 1520 5515 De
1551 5454 1775 5515 clericis

122 5534 402 5613 regulam,
436 5532 657 5613 gectjgn
682 5531 777 5613 _l_3,
809 5532 836 5599 §
862 5531 930 5613 9;
962 5530 1247 5613 Lanovius
1275 5531 1354 5613 .in
1399 5530 1777 5613 Syntagmate

122 5600 403 5664 historico
434 5600 513 5660 de
530 5600 634 5659 SS.
682 5600 937 5665 Francia:
985 5601 1365 5671 cancellariis,
1412 5600 1479 5657 in
1523 5601 1677 5659 notis
1703 5601 1776 5660 ad

122 5678 318 5745 Vitam
359 5681 420 5738 Β.
451 5673 719 5743 Audoeni
749 5672 1171 5756 archiepiscOpi
1199 5673 1583 5755 Bothomag.;
1613 5672 1776 5737 Anti-

448 5802 715 5872 Puset.
758 5798 906 5872 GLI.

1880 4683 2198 4741 perponere
2220 4667 2653 4739 disponebantJ
2662 4668 2784 4724 llud
2798 4686 2935 4743 ergo
2949 4675 3165 4727 tectum
3182 4672 3426 4747 pelagus
3442 4691 3540 4735 su-

1879 4754 2253 4830 pergrediens
2285 4755 2499 4812 invasit
2518 4759 2575 4811 et
2596 4756 2858 4827 sustulit,
2888 4757 3148 4832 levisque
3170 4760 3338 4817 undae
3371 4763 3540 4825 obse-

1881 4846 2041 4919 quio,
2076 4845 2146 4900 ad
2172 4844 2460 4903 Fiscanna
2479 4844 2675 4901 littora
2702 4846 2931 4903 devexit
2955 4851 3045 4917 ;et
3064 4848 3222 4905 dictu
3240 4851 3537 4921 mirabile!

1882 4951 2079 4991 coram
2094 4938 2308 4997 sanctae
2327 4933 2639 4991 ecclesiolze
2679 4935 2890 4992 erectis
2926 4937 3249 5010 parietibus
3288 4940 3547 5007 officiose

1884 5023 2393 5094 deposuit,suique
2415 5022 2627 5080 littoris
2652 5023 2810 5080 alveo
2831 5023 3001 5097 lapsu
3023 5025 3274 5084 innocuo
3297 5029 3529 5089 reﬁnxit

1827 5180 1841 5198 .
1884 5111 2171 5168 Mirantur
2198 5111 2446 5183 operarii
2487 5116 2545 5167 et
2592 5113 2836 5186 pelagus
2880 5113 3155 5183 refluens,
3207 5120 3265 5173 et
3302 5122 3548 5193 tectum-

1886 5216 2216 5267 remanens,
2249 5203 2306 5255 et
2335 5199 2394 5255 in
2424 5206 2760 5257 remanente
2783 5206 2955 5273 tecto,
2974 5203 3197 5262 nullius
3225 5205 3394 5278 elavi,
3417 5225 3552 5282 pro.

1929 5314 2520 5400 uitateanort‘hman.
2555 5332 2837 5400 ms;_pag.
2880 5319 2998 5400 225.
3030 5324 3088 5400 et
3133 5323 3263 5400 ξὲϐ,
3296 5324 3450 5400 apud
3483 5325 3552 5400 ξ).

1935 5387 2090 5471 igot;
2137 5384 2404 5471 Crenalis.
2453 5391 2596 5442 tom.
2649 5384 3094 5447 ll'Hierarchiie
3145 5384 3455 5463 Neustria,
3489 5396 3552 5453 in

1885 5458 2154 5530 episcopo
2177 5458 2243 5513 44
2256 5464 2306 5530 -Α
2319 5458 2609 5530 brincens.

1962 5528 2435 5659 (112:;Provincias
2463 5533 2632 5588 vocat
2678 5530 2985 5602 Neustrize,
3017 5532 3408 5609 episcopatus,
3441 5534 3544 5611 qui

1889 5614 2031 5659 sunt
2057 5614 2087 5659 Ἰ
2098 5641 2111 5659 ο
