3946 6360
69 376 188 450 πί
1255 385 1696 452 ANONYMUS
1738 377 2324 454 FISCANNENSIS.
2485 410 2488 413 ·
3365 389 3482 454 722

67 522 244 612 seret
270 515 332 578 et
359 515 635 612 erudiiet,
676 525 899 612 magna
935 514 1598 612 humilitatisprecibus
1628 536 1723 577 ex-
1752 513 1810 590 Α
1839 519 2060 612 caeteris
2075 515 3484 612 ἴσωςρυιῴνὶιιιᾶίηθηΞ-ᾁεεεξξεηεξαξέὲτίεξρρρξ

71 611 281 670 crevit.
299 610 528 678 Quibus
540 607 904 692 B.metnorite
917 609 1264 668 Guillelmus
1276 611 1456 668 abbas
1469 610 1728 685 primum
1838 607 3483 682 tuentiuinfluentibusfsurefconversationis'consilium

69 700 453 775 respondisse
475 699 686 757 ibitur:
705 699 1540 768 Charissimifilii,audivimus
1553 701 1730 757 duces
1838 698 1987 756 inire
2017 703 2074 756 et
2117 697 2354 768 imitari,
2379 699 2768 774 perlecturum
2824 704 3170 775 argumento
3200 697 3482 757 virtutum

78 791 502 857 Nortmannos,
560 789 831 846 homines
887 789 1170 846 barbaros
1228 793 1286 845 et
1340 789 1726 855 truculentos,

74 869 513 946 subvertere,et
533 893 651 934 non
675 877 961 934 aedificare
1003 881 1204 934 sancta
1233 877 1487 951 templa;
1521 877 1730 934 debere

71 974 133 1027 et
161 969 444 1041 eﬂ'ugare,
458 970 652 1024 etnon
675 965 945 1040 colligere
966 971 1067 1024 aut
1088 967 1310 1024 nutrire
1330 965 1727 1040 spiritualium

69 1057 390 1115 hominum
421 1056 901 1131 congregatione
957 1059 1212 1113 sanctas.
1243 1057 1607 1130 Quapropter
1655 1057 1726 1113 ad

67 1147 287 1202 ducem
307 1148 569 1202 Vestrum
600 1145 806 1214 redite,
837 1148 897 1201 et
924 1153 1031 1201 nos
1061 1144 1242 1217 hujus
1273 1144 1356 1201 rei
1404 1145 1727 1219 imparatos

71 1235 319 1293 omnino
341 1233 706 1308 respondete,
721 1249 854 1290 cum
871 1239 929 1290 et
955 1231 1124 1291 nobis
1149 1233 1426 1290 fratribus
1442 1233 1728 1291 deducen-

69 1323 167 1380 dis
197 1323 415 1380 desunt
433 1323 600 1395 equi.
631 1326 807 1396 atque
845 1323 1155 1397 stipendiis
1202 1322 1719 1380 conducendorum

69 1413 327 1469 fratrum
359 1411 574 1468 desunt
604 1405 916 1469 cl—itcllarii.

143 1502 309 1569 Quod
326 1510 689 1558 reversorum
701 1501 1028 1575 legatorum
1043 1499 1323 1557 relatione
1337 1499 1454 1557 dux
1469 1499 1724 1574 inclytus

77 1590 468 1664 comperiens,
491 1589 780 1659 extimuit,
813 1588 1149 1663 multosque
1174 1605 1356 1663 equos
1384 1595 1440 1646 et
1481 1587 1724 1646 clitella-

75 1681 196 1740 rios
219 1680 470 1737 festinus
483 1679 853 1753 praeparavit;
880 1691 1027 1752 quos
1049 1680 1474 1736 revertentibus
1493 1677 1722 1752 legatis,

79 1770 140 1828 Β.
174 1769 475 1826 metueritis
524 1768 720 1826 abbati
777 1767 1090 1826 Guillclmo
1137 1768 1441 1824 humiliter
1475 1767 1721 1824 remisit.

77 1862 237 1960 Tunc
255 1858 320 1914 B.
339 1858 524 1962 abbas
546 1857 713 1962 ducis
733 1857 1236 1958 importunitatem
1266 1861 1323 1913 et
1349 1869 1721 1956 perseveran-
1755 1888 1801 1962 Β

81 1947 250 2012 tiam,
269 1950 446 2019 atque
464 1947 539 2002 de
558 1946 1001 2019 importunitate
1021 1949 1078 2002 et
1106 1945 1536 2020 perseverantia
1564 1961 1720 2002 com-

81 2045 340 2110 pensans
391 2036 573 2092 animi
622 2035 982 2092 voluntatem
1023 2039 1080 2090 et
1128 2033 1495 2090 devotionem
1526 2035 1721 2105 istam,

77 2124 325 2183 collecta
352 2123 750 2196 spiritualium
775 2124 1020 2181 fratrum
1043 2123 1424 2180 multitudine
1445 2124 1719 2191 maxima,

79 2207 190 2271 iter
220 2214 491 2286 arripuit,
525 2213 844 2286 paucisque
873 2212 1079 2270 diebus
1109 2214 1390 2280 decursis,
1423 2211 1724 2268 aestuantis

83 2303 256 2360 ducis
285 2302 576 2359 desiderio
594 2313 760 2359 suam
787 2306 844 2359 et
864 2300 1180 2359 multorum
1203 2303 1446 2358 fratrum
1479 2313 1726 2374 praesen-

81 2393 230 2450 tiam
286 2390 570 2448 exhibuit.
602 2393 784 2458 Quem
841 2391 958 2448 dux
1015 2392 1304 2465 egregius,
1335 2391 1518 2447 totius
1545 2389 1726 2446 animi

84 2480 422 2539 sinceritate
473 2480 770 2553 totiusque
814 2481 1170 2537 sinceritatis
1201 2479 1510 2536 dilectione
1538 2478 1724 2536 susci-

74 2569 282 2645 piens,
294 2569 454 2626 velut
487 2575 759 2644 suscepto
791 2569 1039 2638 Christo,
1069 2570 1199 2626 aliis
1227 2570 1439 2626 amotis
1467 2569 1723 2626 servien-

79 2660 261 2727 tibus,
293 2659 420 2731 ipse
479 2659 728 2732 propriis
787 2658 1061 2716 manibus
1109 2659 1360 2728 servivit,
1418 2659 1728 2730 medioque

77 2748 270 2805 brevis
312 2748 592 2820 temporis
624 2748 926 2804 intervallo
959 2749 1315 2805 Fiscannum
1371 2748 1633 2815 deduxit,
1668 2751 1724 2804 et

88 2838 312 2894 Sancta;
371 2829 694 2894 Trinitatis
732 2837 1036 2894 ecclesiam
1094 2837 1332 2894 donavit
1379 2843 1437 2893 et
1465 2837 1725 2903 tradidit,

89 2941 336 2998 eamque
360 2925 636 2981 donatam
657 2929 714 2981 et
732 2926 1032 2991 traditam,
1045 2926 1215 2997 juxta
1235 2926 1496 2999 regulam
1527 2925 1585 2981 S.
1623 2930 1726 2980 Be-

90 3015 304 3073 nedicti
337 3019 395 3070 et
424 3015 858 3071 institutionem
891 3015 1123 3088 disponi
1153 3020 1212 3071 et
1238 3015 1495 3071 ordinari
1526 3031 1726 3070 exora-

84 3105 184 3160 vit.
247 3103 514 3171 Donavit,
574 3104 838 3175 inquam,
889 3108 947 3159 et
1004 3105 1244 3160 tradidit
1298 3105 1416 3159 dux
1459 3104 1727 3177 egregius

88 3192 418 3248 Richardus
436 3192 617 3248 beatae
638 3192 930 3248 memoriae
949 3191 1144 3248 abbati
1165 3191 1475 3248 Guillelmo
1502 3191 1725 3248 Sanctae

1839 786 2192 846 accendebat
2221 791 2278 846 et
2307 789 2675 863 provocabat.
2701 789 3012 863 lgnorabat
3068 787 3168 846 illo
3225 791 3486 863 tempore

1840 877 2251 936 Fiscannensis
2284 877 2527 934 ecclesia
2552 879 2734 935 totius
2763 879 3133 952 prOprietatis
3165 877 3484 952 singulari-

1834 971 2040 1038 tatem,
2056 966 2359 1040 soliusque
2379 967 2820 1024 communitatis
2851 968 3234 1041 cognoscebat
3255 968 3482 1025 unitam

1837 1055 2228 1125 dilectionem,
2261 1069 2388 1130 quis
2437 1055 2610 1128 juxta
2661 1056 3028 1113 diversitates
3067 1053 3479 1130 indigentium,

1835 1149 2033 1218 partes
2056 1146 2314 1203 diversas
2338 1143 2720 1214 distribuens,
2743 1139 2843 1202 BS.
2877 1139 3276 1218 apostolorum
3310 1161 3480 1202 reno-

1833 1231 2006 1292 vabat
2027 1238 2084 1290 et
2107 1235 2557 1307 repraesentabat
2574 1233 2930 1306 primitivam
2954 1234 3294 1308 imaginem.
3327 1237 3477 1301 ‘Quo-

1835 1333 1966 1378 "rum
1997 1323 2179 1396 igitur
2205 1324 2494 1380 bonorum
2541 1323 2821 1379 eminenti
2871 1324 3303 1395 perseverantia
3360 1323 3477 1380 dm:

1834 1407 2162 1468 Richardus
2193 1408 2603 1468 Fiscannensis
2632 1405 2886 1468 ecclesiae
2918 1416 3074 1467 totus
3105 1407 3473 1485 alligabatur,

1833 1501 2009 1572 atque
2030 1498 2384 1557 utilitatibus
2407 1495 2668 1572 ejusdem
2692 1500 2970 1569 ecclesiae,
2984 1500 3166 1556 totius
3178 1501 3477 1573 proViden-

1829 1587 1922 1645 tite
1943 1588 2248 1663 diligentia
2266 1587 2746 1646 transferebatur.
2769 1583 2924 1644 Adeo
2945 1587 3101 1646 enim
3124 1583 3475 1646 Fiscannen-

1830 1677 1916 1735 sis
1965 1677 2218 1734 ecclesiae
2269 1675 2589 1734 illustrium
2621 1677 2879 1734 virorum
2912 1677 3240 1752 regularem
3269 1677 3472 1746 vitam,

1833 1771 1889 1824 'et
1920 1766 2259 1840 religionem
2290 1781 2485 1823 veram
2512 1757 2811 1840 diligebat,
2844 1772 2903 1824 et
2922 1761 3174 1842 diligens
3206 1767 3474 1841 frequen-

1835 1857 1997 1912 tabat
2026 1860 2091 1912 ut
2141 1858 2322 1914 totius
2370 1855 2618 1913 ducatus
2649 1856 2742 1913 sui
2773 1847 3032 1923 collecta,
3057 1859 3123 1913 ut
3150 1856 3232 1914 ita
3261 1857 3476 1928 dicam,

1830 1942 2186 2018 pinguedine
2217 1945 2438 2002 caelesti
2466 1944 2898 2019 congregationi
2928 1943 3248 2002 deserviret
3267 1963 3281 2014 ;
3300 1950 3476 2018 atque

1830 2031 2157 2106 epulaturis
2196 2032 2478 2090 fratribus
2527 2033 2905 2090 servientium
2954 2029 3329 2090 multitudine
3360 2035 3477 2092 fre-

1829 2125 2077 2194 quenter
2101 2123 2224 2196 ipse
2247 2123 2626 2192 ministraret,
2649 2127 2939 2195 tantaeque
2956 2121 3307 2179 humilitatis
3325 2139 3477 2179 com-

1830 2209 1987 2283 ‘pleto
2015 2211 2360 2282 ministerio,
2395 2212 2644 2268 fratrum
2677 2211 2942 2268 omnium
2969 2203 3216 2268 ultimus
3257 2214 3474 2270 reside-

1832 2297 1996 2356 deret
2023 2305 2081 2357 et
2126 2299 2483 2375 regularium
2533 2297 2840 2373 epularum
2896 2299 3225 2358 delectabili
3259 2301 3473 2375 pabulo

1832 2388 1989 2445 reﬁci
2021 2389 2428 2463 congauderet.

1833 2477 1969 2535 CAP.
2031 2479 2150 2534 XX.
2201 2511 2269 2521 —-
2324 2481 2399 2536 De
2453 2477 2702 2536 libertate
2776 2475 3156 2535 Fiscannenst's
3231 2475 3472 2537 ecclesia!

1901 2552 2266 2634 monasterii;
2306 2552 2393 2633 pel
2439 2551 2700 2623 quomodo
2755 2551 2870 2606 dua:
2916 2551 3146 2606 absolvit
3199 2553 3266 2608 ab
3320 2553 3472 2608 omni

1903 2638 2268 2693 episcoporum
2287 2639 2439 2693 jugo.

1905 2710 2100 2767 Sensit
2120 2711 2298 2783 igitur
2318 2711 2434 2766 dux
2454 2710 2706 2784 inclytus
2727 2712 3114 2784 quorumdam
3127 2710 3472 2767 clericorum

1831 2799 2196 2856 corrosiones
2225 2803 2281 2855 et
2311 2797 2699 2856 detractiones
2746 2799 3134 2873 prasagiique
3163 2800 3472 2872 cujusdam

1834 2889 2064 2944 futuras
2101 2888 2688 2960 adversitates,quos,
2711 2889 2783 2945 ob
2815 2888 2981 2944 ducis
3011 2888 3258 2946 nimiam
3284 2889 3476 2944 chari-

1833 2981 2036 3044 t'atem,
2069 2982 2124 3034 et
2157 2981 2372 3034 sancta
2427 2972 2695 3033 Ecclesize
2755 2977 3071 3033 maximam
3114 2975 3476 3051 religionem,

1835 3065 2064 3122 invidiae
2096 3066 2652 3134 morbusinfecerat,
2675 3065 3036 3138 infectosque
3066 3066 3286 3123 crudeli
3333 3068 3478 3122 inte-

1831 3155 2192 3213 stinilivo'ris
2216 3155 2484 3212 molestia
2515 3155 2833 3212 cruciabat.
2859 3156 3079 3212 Horum
3111 3172 3247 3229 ergo
3292 3157 3481 3212 detra-

437 3244 1723 3349 égngégéég'eggl"
1751 3263 1797 3330 ρ
1833 3245 2102 3302 hentium
2118 3244 2581 3344 malevolentiam
2595 3244 3484 3349 duxcompericus,clericorum-

81 3369 407 3426 carnalium
441 3368 968 3442 expulitenormem
989 3370 1446 3438 multitudinem,
1467 3386 1718 3443 quorum

81 3458 490 3532 possessiones
517 3458 770 3516 ecclesiae
796 3457 1029 3531 penitus
1059 3459 1317 3515 retinens
1347 3463 1404 3514 et
1449 3458 1720 3527 reddens,

86 3547 347 3622 expulsis
367 3541 425 3604 et
455 3548 708 3604 conVerti
735 3547 1068 3605 nolentibus
1099 3548 1415 3615 canonicis,
1434 3547 1570 3604 alibi
1595 3565 1726 3604 con-

80 3641 286 3712 'gruam
313 3635 572 3692 restituit
588 3635 1140 3716 compensationem.
1160 3629 1336 3692 Nocte
1355 3634 1725 3710 igitur,cujus

80 3723 350 3799 sequenti
369 3723 463 3780 die
483 3723 892 3782 Fiscannensis
907 3723 1152 3782 ecclesia
1166 3722 1499 3797 spirituales
1527 3741 1724 3782 susce-

84 3815 168 3888 pit
196 3811 541 3882 monachos,
570 3811 951 3887 carnalesque
980 3813 1201 3886 expulit
1220 3811 1548 3879 canonicos,
1583 3813 1727 3887 ipsis

85 3902 391 3960 canonicis
412 3899 667 3959 ecclesiae
691 3900 921 3957 culmen
957 3906 1143 3958 totum
1174 3902 1384 3975 aquilis
1426 3902 1731 3959 videbatur

87 3990 300 4065 operiri
330 3985 579 4062 ;quibus
604 3983 818 4064 aquilis
841 3989 1271 4063 ingredentium
1307 3993 1729 4048 monachorum

84 4071 315 4138 theori‘a
338 4082 397 4135 et
417 4079 741 4152 spiritualis
767 4080 1012 4146 volatus,
1031 4095 1096 4134 ac
1123 4080 1398 4154 deinceps
1431 4085 1733 4154 protegen-

87 4170 240 4224 tium
275 4163 616 4241 angelorum
648 4169 965 4225 descensus
1008 4173 1064 4224 et
1094 4169 1453 4226 conversatio
1481 4186 1734 4243 congrue

91 4252 401 4331 figuratur.
437 4255 618 4329 igitur
647 4255 707 4312 Β.
742 4262 799 4314 et
828 4255 1120 4331 “gloriosus
1153 4259 1332 4314 abbas
1387 4257 1734 4316 Guillelmus

95 4349 426 4418 susceptam
441 4346 745 4403 ecclesiam
764 4347 938 4419 coepit
953 4349 1278 4420 gubernare
1289 4351 1345 4403 et
1367 4347 1735 4405 administra-

86 4441 164 4504 re,
198 4433 456 4506 etjuxta
491 4431 554 4490 S.
589 4434 880 4492 Benedicti
940 4436 1369 4492 institutionem
1427 4437 1736 4509 disponere

96 4525 150 4580 'et
165 4523 477 4595 corrigere,
497 4527 668 4595 atque
685 4524 757 4580 de
776 4525 1020 4581 diversis
1041 4525 1355 4598 provinciis
1386 4541 1516 4580 vere
1537 4523 1736 4581 fideles

93 4617 430 4698 convocare,
463 4616 519 4668 et
551 4612 609 4668 in
639 4613 938 4686 obsequiis
961 4613 1292 4670 coelestibus
1320 4615 1486 4671 unire
1519 4619 1574 4671 et
1603 4632 1736 4671 con-
1768 4631 1816 4698 Ῑ)

94 4695 580 4758 ﬁrmare.8ubita
599 4701 782 4776 igitur
805 4701 1177 4759 conversione
1209 4702 1616 4761 Fiscanneusis
1647 4721 1738 4761 ec-

97 4789 274 4848 clesia
295 4790 620 4848 mlestium
649 4791 906 4849 virorum
927 4793 1140 4849 studiis
1161 4792 1416 4850 fervebat
1445 4797 1500 4850 et
1530 4791 1738 4866 ﬂagra-

88 4880 206 4948 bat,
222 4884 282 4936 et
296 4879 492 4936 multae
516 4881 871 4954 opinationis
887 4881 1070 4956 gloria
1081 4881 1526 4954 circumpositas
1557 4881 1736 4938 eccle-

99 4965 216 5023 sias
247 4965 615 5039 praecellebat
660 4972 719 5024 et
747 4969 1120 5024 obscurabat.
1154 4967 1474 5042 Fastigium
1525 4970 1740 5042 quippe

90 5058 264 5111 tanta:
321 5052 691 5113 celsitudinis
739 5069 848 5114 sua
899 5063 1309 5114 momentanea
1364 5056 1740 5114 translatione

90 5144 506 5201 Fiscannensis
544 5145 792 5203 ecclesia
820 5149 1306 5220 consequebatur,
1341 5151 1632 5220 quatenus
1661 5148 1742 5203 ita

93 5239 298 5290 omnes
321 5229 645 5290 Galliarum
665 5236 940 5292 ecclesias
953 5237 1372 5293 transcendens
1385 5254 1444 5292 rc
1463 5236 1740 5292 ethabitu

90 5339 339 5378 summa)
399 5321 721 5396 religionis,
759 5326 1255 5398 quemadmodum
1296 5324 1744 5383 transcendebat

90 5411 262 5468 verba
280 5414 342 5467 et
359 5411 604 5484 epeciali
632 5412 933 5487 privilegio
950 5425 1069 5470 suis
1090 5413 1564 5488 nuncupationis.
1601 5413 1742 5471 Par-

95 5499 436 5568 cimonia,et
447 5499 800 5574 pudicitiaet
811 5499 1152 5560 voluntariae
1175 5503 1535 5577 paupertatis
1553 5503 1739 5558 abun-

97 5585 311 5657 dantia,
333 5585 748 5647 Fiscannensis
778 5589 1024 5648 ecclesia
1075 5583 1245 5647 valde
1293 5587 1582 5656 radiabat,
1618 5588 1744 5645 luce

103 5676 674 5752 virtutum,quaruin
713 5681 1005 5739 evidentia
1051 5681 1330 5739 latentem
1371 5693 1493 5738 suae
1525 5680 1745 5751 formis,

1833 3349 1947 3406 que
1967 3334 2452 3406 praesumptiones
2473 3333 2756 3404 superbas
2767 3337 2824 3388 et
2844 3337 3266 3404 praesumentes
3277 3350 3478 3407 super-

1830 3422 1959 3479 bias
1989 3429 2366 3495 cognoscens,
2399 3422 2580 3478 totius
2629 3421 3024 3478 Northmanite
3062 3421 3384 3496 episcopos,
3419 3428 3475 3480 et

1830 3511 1985 3567 viros
2039 3510 2289 3580 nobiles,
2322 3510 2571 3566 festinus
2627 3509 2980 3566 Fiscannum
3028 3512 3383 3578 convocavit,
3417 3516 3476 3567 et

1834 3600 2244 3656 Fiscannensis
2264 3600 2488 3654 Sanctae
2511 3597 2815 3654 Trinitatis
2845 3598 3173 3666 ecclesiam,
3209 3600 3282 3654 ab
3313 3599 3473 3655 omni

1835 3689 2392 3761 episcOporumjugo
2413 3692 2470 3743 et
2481 3687 3114 3758 consuetudine,juste,
3131 3687 3221 3744 vel
3234 3688 3478 3760 injuste,

1836 3777 2050 3850 eripuit
2090 3781 2146 3834 et
2187 3777 2471 3833 liberavit.
2498 3777 2656 3833 Hanc
2678 3780 2872 3833 autem
2904 3770 3237 3833 libertatem
3264 3776 3481 3833 Rotbo-

1838 3867 2135 3940 magensis
2164 3865 2644 3939 archiepiscopus
2672 3865 2827 3938 fecit,
2847 3868 2908 3922 et
2928 3865 3050 3921 fieri
3077 3859 3290 3935 voluit;
3309 3867 3488 3938 atque

1839 3955 1986 4012 alias
2033 3956 2476 4029 quatuordeoim
2508 3950 2804 4021 ecclesias,
2835 3955 2910 4010 ob
2932 3954 3116 4028 patris
3146 3954 3239 4011 sui
3267 3969 3490 4012 memo-

1839 4045 2010 4113 riam,
2035 4053 2092 4101 et
2109 4045 2304 4101 fratris
2327 4044 2632 4118 praesentis
2645 4044 2998 4117 jussionem,
3019 4059 3085 4100 ac
3098 4041 3486 4114 voluntatem,

1842 4135 1913 4190 ab
1962 4134 2120 4189 omni
2142 4132 2460 4206 episcopali
2492 4133 2935 4202 consuetudine,
2957 4138 3014 4189 et
3041 4133 3357 4201 excutiens,
3385 4135 3488 4189 ab-

1843 4222 2014 4279 solvit
2033 4228 2091 4278 et
2116 4221 2407 4290 liberavit;
2432 4223 2657 4279 donatae
2688 4218 2976 4280 libertatis
3004 4221 3267 4279 chartam
3297 4222 3487 4279 archi-

1843 4311 2173 4384 episcOpus,
2189 4311 2408 4384 aliique
2425 4312 2705 4384 episcOpl,
2728 4312 2896 4385 signo
2917 4317 2975 4369 et
2993 4323 3283 4368 consensu
3300 4325 3490 4368 corro-

1842 4401 2211 4464 boraverunt,
2235 4407 2411 4471 atque
2442 4397 2875 4457 corroboratam
2908 4402 3168 4458 virorum
3203 4395 3488 4459 nobilium

1847 4486 2362 4562 astipulationibus
2382 4490 2768 4545 tradiderunt.
2795 4490 3051 4562 Cupiens
3068 4502 3205 4564 ergo
3222 4493 3339 4548 dux
3365 4507 3492 4564 pro-

1845 4579 2014 4634 vidus
2035 4583 2298 4632 sanctam
2321 4577 2622 4633 ecclesiam
2643 4576 2834 4635 modis
2845 4579 3120 4634 omnibus
3146 4581 3493 4637 confirmare

1847 4671 1905 4724 et
1922 4667 2290 4739 praemunire,
2306 4665 2620 4722 Robertum
2640 4679 2833 4739 regem
2848 4672 2904 4723 et
2925 4662 3146 4724 multos
3165 4667 3488 4724 Galliarum

1848 4771 2136 4829 proceres,
2157 4751 2507 4811 Fiscannum
2523 4755 2828 4811 accersivit
2847 4772 2860 4823 ;
2893 4759 3068 4827 atque
3086 4756 3265 4829 regali
3289 4756 3496 4815 charta

1849 4847 1905 4900 et
1931 4844 2294 4911 auctdritate,
2327 4859 2686 4915 suorumque
2714 4841 3028 4916 equalium
3066 4854 3378 4914 consensu,
3435 4851 3494 4902 et

1850 4933 2281 5005 astipulatione,
2302 4935 2376 4989 ab
2396 4932 2555 4989 omni
2574 4932 2978 5006 episcoporum
2995 4934 3142 5007 jugo
3163 4938 3225 4991 et
3255 4945 3496 4992 consue-

1847 5023 2050 5079 tudine
2083 5023 2533 5079 Fiscannensem
2563 5021 2866 5079 ecclesiam
2890 5022 3108 5096 eripuit
3122 5027 3180 5080 et
3203 5022 3492 5093 liberavit,

1847 5116 1905 5167 et
1925 5127 2093 5166 suam
2117 5127 2477 5182 suorumque
2498 5111 2788 5168 nobilium
2807 5112 3070 5168 chartam
3091 5115 3151 5168 et
3177 5111 3496 5170 ordinatio-

1850 5216 1984 5256 nem
2020 5199 2274 5254 ﬁrmavit
2303 5205 2362 5254 et
2390 5200 2800 5258 corroboravit.

1849 5290 1984 5365 Csr.
2036 5287 2178 5365 XXl.
2212 5319 2280 5365 —_-
2329 5287 2623 5365 Quomodo_
2657 5289 2990 5365 Guilicims:
3038 5291 3205 5365 abbas
3247 5295 3498 5365 porrecti

1911 5361 2075 5443 jussu
2315 5363 2369 5415 et
2395 5360 2654 5431 quomodo
2699 5362 3001 5433 privilegia
3023 5379 3060 5419 u
3086 5359 3306 5421 domino
3349 5374 3494 5436 papa

1920 5432 2186 5559 gold-laeti;
2223 5500 2407 5575 igitur
2438 5499 2850 5561 Fiscannensis
2879 5504 3207 5561 constituta:
3237 5505 3493 5561 libertati

1849 5577 1967 5652 dux
1990 5589 2314 5647 Richardus
2329 5593 2766 5665 congratularis,
2786 5594 3164 5666 futuramque
3178 5610 3491 5666 perennem

1856 5680 2070 5738 mentis
2085 5679 2395 5740 vivacitate
2416 5680 2758 5755 discutiens,
2792 5681 2973 5741 beatae
2998 5683 3291 5740 memoriae
3335 5683 3497 5740 Guil-
