3946 6374
435 371 568 444 ,723

1249 374 1440 438 ΞΛΕΟ.
1486 375 1567 439 XI
1609 373 1838 438 AUGT.
1885 373 2201 437 INCERTI
2243 373 2436 437 ANNI
2482 374 2582 436 ET
2626 373 3170 438 SCRIPT.’AAE£II.

3734 368 3859 432 724

449 505 694 565 lelmum
718 505 989 564 abbatem
1012 507 1398 580 compellavit,
1419 509 1982 581 squuelegationis
2013 509 2096 563 in-
2125 510 2182 578 Α
2211 513 2392 579 ctum,
2409 509 2802 582 injunctaaque
2820 507 3129 583 legationis
3145 505 3404 564 ofﬁcium
3439 502 3687 564 feliciter
3709 521 3858 572 con-

450 596 660 669 juncto
683 596 982 664 ofﬁcio,ad
1007 597 1278 652 Romana
1304 597 1459 653 sedis
1489 597 1866 670 apostolicam
1897 601 2101 654 aucto-

452 686 709 754 ritatem,
742 685 946 742 multis
1002 690 1283 742 onustum
1331 687 1518 742 xeniis
1569 686 1796 742 direxit.
1831 686 2101 743 Confecto

451 774 649 846 itaque
678 773 904 842 itinere,
929 774 1112 831 abbas
1141 775 1492 832 Guillelmus
1525 776 1767 832 Romam
1816 775 2098 848 pervenit,

451 867 508 920 et
531 863 637 936 pice
669 864 962 920 memoriae
1005 881 1170 938 papie
1201 865 1530 933 Benedicto,
1553 865 1838 920 adventus
1869 865 1960 921 sui
2009 882 2100 920 ra-

450 951 627 1019 tione,
677 955 735 1009 et
788 952 1076 1010 mittentis
1135 953 1301 1009 ducis
1351 953 1708 1010 voluntatem
1767 953 2012 1026 aperuit,
2046 958 2103 1008 et

451 1039 616 1098 factas
640 1040 852 1098 chartae
869 1041 1398 1110 conﬁrmationem,
1415 1046 1471 1098 et
1493 1042 1794 1115 apostolici
1816 1041 2100 1114 privilegii

455 1129 885 1200 auctoritatem,
914 1147 1141 1204 magnas
1168 1129 1524 1186 humilitatis
1555 1131 1814 1187 oratione
1844 1147 2104 1202 congrua

455 1217 790 1290 postulavit.
809 1219 963 1292 Papa
979 1219 1160 1296 igitur
1178 1219 1721 1289 Benedictus,ducis
1732 1219 2098 1290 diligentiam

456 1307 754 1363 admirans
787 1312 843 1364 et
872 1308 1130 1380 suscepti
1158 1307 1330 1364 amici
1354 1308 1672 1381 praesentia
1691 1324 1986 1364 summam
2009 1323 2101 1362 ex-

453 1394 804 1462 cellentiam,
845 1395 1144 1468 privilegia
1173 1396 1465 1468 postulata
1495 1396 1880 1464 conﬁrmavit,
1915 1401 1972 1452 et
2000 1413 2092 1450 vo-

451 1481 1022 1549 luntariustradidit,
1047 1487 1104 1540 et
1121 1485 1573 1540 Fiscannensem
1593 1486 1815 1542 Sanctae
1845 1486 2097 1542 Trinita-

450 1571 528 1628 tis
551 1571 857 1629 ecclesiam
875 1572 946 1629 ab
965 1573 1546 1648 omniepiscoporum
1557 1575 1724 1648 jugo,
1741 1575 2100 1647 subjectione

451 1665 510 1717 et
565 1661 992 1720 consuetudine
1041 1661 1297 1718 liberans
1350 1667 1410 1719 et
1446 1647 1721 1736 eripiens,
1755 1664 1864 1718 sub
1914 1663 2098 1720 solius

450 1749 723 1808 Romanae
753 1749 1024 1806 Ecclesia.-
1049 1751 1473 1826 gubernatione
1497 1757 1554 1808 et
1583 1751 1902 1824 patrocinio
1961 1769 2096 1807 con-

451 1838 644 1895 stituit
671 1843 728 1895 et
757 1839 1036 1912 suscepit.
1070 1839 1406 1907 Constituit,
1440 1841 1704 1914 inquam,
1737 1841 2096 1912 Fiscannen-

452 1945 578 1984 sem
635 1927 744 1984 soli
798 1928 1072 1984 Romanas
1129 1928 1395 1986 Ecclesiae
1445 1931 1766 2002 subjacere,
1800 1933 1977 2002 atque
2027 1929 2098 1986 ab

451 2017 612 2072 omni
642 2015 890 2072 aliarum
927 2017 1316 2073 Ecclesiarum
1347 2021 1629 2091 potestate
1661 2019 1984 2074 immunem
2043 2021 2100 2074 et

452 2104 788 2162 absolutam
817 2108 874 2162 et
902 2106 1142 2162 omnino
1173 2105 1436 2174 liberam,
1469 2108 1660 2162 forma
1700 2107 2100 2163 Cluniacensis

452 2194 795 2250 monasterii
827 2199 1224 2267 permanente.
1257 2196 1522 2269 Acceptis
1553 2196 1734 2269 igitur
1771 2195 2098 2268 apostolicae

452 2283 820 2340 auctoritatis
850 2283 1156 2356 exquisitis
1204 2284 1544 2358 privilegiis,
1574 2285 1752 2340 beatae
1803 2283 2098 2341 memoriae

450 2371 776 2429 Guillemus
789 2373 970 2429 abbas
982 2373 1190 2430 festino
1205 2373 1870 2431 cursuNorthmanniam
1885 2389 2100 2429 remea-

445 2461 551 2532 vit,
571 2465 630 2518 et
647 2461 816 2518 ducis
836 2461 1108 2519 Richardi
1129 2462 1420 2519 desiderio
1455 2480 1575 2519 sua:
1605 2462 1924 2519 voluntatis
1965 2461 2098 2517 effe-

2212 601 2604 662 summatum,
2620 597 3015 654 enucleavitet
3035 597 3309 654 ostendit.
3334 595 3499 652 Unde
3529 595 3862 653 duxinetfa-

2209 685 2402 742 biliter
2430 686 2807 754 exhilaratus,
2842 687 2992 742 trino
3017 685 3362 756 etluniIDeo
3410 685 3632 758 gratias
3671 685 3863 742 totius

2211 775 2557 830 intensionis
2598 777 2813 830 fervore
2844 775 3099 831 reddidit
3132 791 3144 829 :
3182 774 3282 846 qui
3314 773 3645 842 ecclesiam,
3676 791 3862 847 quam

2210 862 2536 920 Ricbardus
2586 869 2749 936 pater
2778 865 3120 920 fundaverat
3169 868 3346 936 atque
3378 863 3504 936 ipse
3535 863 3720 935 patris
3754 863 3862 920 Ri-

2210 951 2412 1008 chardi
2433 958 2635 1024 rogatu
2659 951 2995 1024 etjussione
3033 951 3424 1024 compleverat
3451 968 3520 1008 ac
3543 951 3862 1010 ordinave-

2208 1045 2320 1106 rat,
2351 1040 2556 1096 divinaa
2587 1041 2962 1113 providentiae
2999 1057 3211 1098 arcano
3257 1041 3523 1109 consilio,
3553 1044 3861 1098 tantarum

2207 1147 2592 1203 personarum
2604 1130 3100 1198 convenientia,ab
3115 1130 3382 1200 omnium
3393 1130 3861 1204 hominumjugo

2208 1223 2266 1274 et
2285 1218 2619 1290 praelatione
2641 1219 2974 1276 absolvebat
2997 1219 3368 1276 etliberabat.
3393 1220 3614 1292 Magnis
3642 1218 3862 1276 deinde

2206 1307 2392 1363 xeniis
2414 1323 2586 1363 suum
2607 1307 3056 1364 dilectissimum
3077 1307 3346 1365 abbatem
3367 1306 3746 1366 Guillelmum
3758 1309 3864 1366 ho-

2210 1397 2454 1463 noravit,
2489 1396 2959 1469 honoratamque
2990 1397 3217 1453 Sanctae
3244 1395 3546 1453 Trinitatis
3594 1397 3860 1454 ecclesia:

2209 1483 2620 1540 Fiscannensis
2651 1483 2876 1540 remisit
2900 1501 2913 1539 :
2934 1483 3146 1540 iterum
3179 1489 3354 1557 atque
3385 1485 3598 1542 iterum
3625 1486 3862 1543 enixius

2206 1589 2472 1644 exorans,
2505 1577 2794 1646 quatenus
2823 1573 3150 1631 commissae
3181 1573 3459 1642 ecclesiae,
3483 1575 3657 1646 juxta
3683 1576 3859 1649 empti

2208 1660 2432 1719 ordinis
2449 1661 2812 1736 religionem,
2833 1663 3171 1730 custodiret,
3189 1669 3247 1720 et
3268 1664 3646 1724 custodiendo
3661 1719 3665 1724 .
3679 1665 3857 1738 perﬁ-

2207 1755 2362 1807 ceret
2393 1767 2457 1806 ac
2503 1751 2896 1808 conﬁrmaret.
2929 1751 3112 1825 Cujus
3137 1757 3372 1810 sanctas
3397 1769 3600 1826 preces
3629 1758 3862 1812 sancta-

2209 1856 2410 1895 rumve
2441 1857 2680 1912 precum
2713 1841 2928 1896 nimias
2974 1839 3360 1910 humilitates,
3393 1842 3601 1900 beatus
3645 1842 3857 1913 abbas,

2209 1927 2368 1984 velut
2387 1927 2623 1984 oracula
2637 1929 2738 1985 Dei
2766 1929 3113 2002 suscipiens.
3139 1931 3490 1987 [“iscannum
3521 1931 3785 2000 intravit,
3800 1936 3860 1989 et

2208 2035 2310 2089 per
2331 2018 2648 2074 multorum
2672 2035 2960 2074 annorum
2981 2018 3346 2092 vertiginem,
3371 2037 3560 2092 usque
3588 2021 3662 2075 ad
3685 2021 3840 2076 duca

2206 2111 2334 2162 tum
2352 2105 2810 2180 llierosolymitte
2835 2107 3070 2164 Roberti
3085 2108 3536 2165 Fiscannensem
3547 2108 3862 2166 ecclesiam

2209 2195 2374 2264 rexit,
2396 2195 2809 2268 subjectosque
2830 2213 2970 2252 suos
2991 2197 3164 2254 verbo
3188 2201 3246 2252 et
3266 2197 3528 2270 exemplo
3550 2198 3864 2254 succendit

2208 2288 2265 2339 et
2293 2283 2626 2339 reformavit
2643 2284 2716 2340 ad
2740 2285 3056 2357 imaginem
3087 2289 3144 2342 et
3174 2284 3644 2357 similitudinem,
3681 2287 3862 2344 hono-

2208 2389 2332 2428 rem
2382 2376 2441 2428 et
2481 2371 2731 2446 gloriam
2764 2373 2863 2429 Dei
2893 2374 3336 2447 omnipotentis,
3362 2375 3464 2448 qui
3509 2375 3652 2432 vivit
3677 2380 3739 2433 et
3769 2394 3860 2436 re-

2207 2465 2350 2534 gnat
2377 2479 2480 2535 per
2506 2462 2706 2518 omnia
2732 2461 2946 2519 saecula
2973 2463 3340 2520 saeculorum.
3371 2465 3576 2521 Amen.

735 2755 1296 2872 LIBELLUS
1361 2754 1886 2868 SUPPLEX
1951 2752 2750 2866 MONACHORUM
2815 2755 3566 2874 ARULENSIUM

511 2957 603 3020 Ad
636 2959 854 3021 Patres
879 2955 946 3018 in
975 2953 1239 3017 concilio
1269 2952 1435 3033 apud
1466 2954 1532 3016 S.
1563 2952 1887 3014 Tiberium
1915 2969 2074 3044 anno
2105 2953 2258 3014 1050
2294 2957 2729 3032 congregatos,
2763 2953 3059 3016 adversus
3085 2953 3398 3017 bonorum
3425 2957 3795 3020 monasterii

1980 3049 2321 3093 ιιιγεεοι-εε.

1750 3165 1984 3236 (ΜΑΝει,
2015 3165 2220 3221 Concil.
2253 3182 2366 3234 XIX,
2392 3163 2544 3238 793.)

1943 3305 2364 3318 ψ

520 3425 1153 3488 OrthodoxisPatribus
1171 3423 2091 3499 omnigenavenerationedignis,
2125 3407 2170 3475 C
2207 3423 2435 3479 alodem
2466 3423 2537 3479 de
2567 3421 2842 3493 Orlarios,
2877 3425 3237 3481 Gausbertus
3271 3425 3464 3499 ipsum
3497 3426 3567 3483 de
3603 3426 3776 3486 Pidre
3806 3435 3864 3488 et

447 3536 597 3594 quos
618 3519 824 3574 sancta
862 3533 929 3573 ex
986 3515 1230 3572 diversis
1261 3515 1601 3588 aggregavit
1632 3513 1776 3570 ﬁdes
1807 3511 2095 3585 partibus,

447 3623 714 3680 quosque
744 3605 914 3664 rectit
941 3605 1000 3661 in
1033 3605 1340 3662 dilectione
1372 3603 1759 3660 fraternitatis
1788 3601 2096 3658 vinculum

445 3695 693 3770 geminae
713 3694 1036 3762 charitatis,
1061 3694 1438 3768 pontiﬁcibus
1455 3692 1738 3761 videlicet,
1754 3692 1969 3764 quibus
1985 3691 2096 3747 col-

442 3783 562 3842 lata
588 3788 677 3842 est
706 3801 848 3842 cura
872 3783 1251 3841 ecclesiarum
1282 3782 1407 3851 Dei,
1441 3799 1582 3854 grex
1611 3780 1878 3838 tantillus
1926 3779 2096 3836 almae

447 3873 551 3930 Dei
567 3873 876 3931 Genitricis
891 3872 1090 3929 Mariae
1113 3871 1359 3928 caanobii
1385 3871 1595 3927 Arulas
1625 3870 1776 3926 hanc
1798 3869 1958 3942 queri
1968 3887 2090 3925 mo-

442 3962 553 4018 nias
571 3962 892 4019 clementiae
919 3966 1124 4018 vestrae
1156 3959 1360 4034 dirigit
1384 3959 1680 4032 paginam,
1715 3959 1774 4013 in
1807 3975 1924 4030 qua
1952 3963 2092 4016 sunt

440 4052 719 4109 adnotata
742 4050 962 4124 prsidia
992 4067 1119 4122 quae
1147 4066 1209 4106 se
1241 4053 1520 4106 causatur
1534 4049 1606 4104 ab
1630 4048 1866 4119 injustis
1888 4053 1944 4103 ct
1963 4065 2090 4120 pra-

441 4139 531 4197 vis
549 4138 890 4196 hominibus
921 4155 1022 4212 per
1050 4138 1168 4194 vim
1201 4154 1302 4194 seu
1326 4154 1428 4210 per
1458 4137 1798 4193 donationes
1830 4135 2087 4207 illicitas,

443 4245 549 4287 seu
600 4229 711 4287 sub
767 4231 1048 4302 praetextu
1109 4225 1427 4298 cujuslibet
1456 4225 1884 4294 fraudulentiac,
1917 4243 1950 4280 a
1981 4243 2088 4281 suo

431 4319 568 4390 jure
589 4317 892 4374 distracta.
911 4317 1059 4373 Nam
1083 4320 1285 4372 noscat
1307 4315 1444 4372 almi
1453 4321 1541 4372 tas
1559 4319 1750 4372 vestra
1780 4315 2084 4388 praefatum

441 4406 770 4464 ccenobium
794 4405 1018 4462 noviter
1059 4405 1330 4462 aediﬁcari
1363 4409 1616 4478 coeptum
1647 4422 1752 4478 pro
1782 4408 2082 4460 tantorum

440 4495 759 4554 amissione
770 4495 1120 4569 praediorum
1131 4539 1144 4562 ,
1161 4512 1272 4552 non
1285 4498 1557 4568 estposse
1571 4499 1838 4551 nostrum
1851 4493 1997 4548 illud
2013 4493 2084 4548 ad

438 4585 761 4658 perfectum
806 4601 993 4658 usque
1025 4585 1358 4658 perducere,
1393 4582 1720 4641 necessaria
1781 4581 2085 4638 deﬁciente

438 4691 574 4748 quis
599 4673 1012 4732 sustentationi
1045 4677 1384 4748 competunt
1423 4672 1756 4746 fragilitatis
1784 4671 2076 4726 humanae.

2207 3513 2277 3568 de
2299 3511 2630 3584 Ursiniano,
2657 3513 3006 3570 Guillelmus
3037 3513 3204 3572 Oliba
3237 3515 3430 3588 ipsum
3456 3515 3528 3572 de
3557 3516 3862 3575 Cornelia-

2204 3600 2665 3670 no,Guillclmus
2703 3602 2951 3660 Joannis
2991 3607 3149 3660 tenet
3194 3605 3252 3661 S.
3285 3603 3530 3660 Mariam
3575 3605 3647 3662 de
3686 3606 3860 3664 Pani-

2204 3706 2318 3761 sar,
2355 3695 2411 3746 et
2442 3691 2602 3763 ipsas
2628 3691 2838 3750 vineas
2869 3692 2940 3748 de
2971 3692 3164 3750 Clusa.
3197 3693 3531 3752 Willelmus
3581 3693 3863 3752 Dalmatii

2202 3777 2396 3852 ipsum
2429 3779 2658 3836 alodem
2693 3781 2765 3836 de
2798 3781 3010 3849 Maras,
3032 3787 3090 3838 et
3119 3783 3191 3838 de
3220 3799 3426 3856 campo
3459 3781 3770 3852 Eldrici,et
3785 3786 3862 3842 de

2200 3872 2490 3935 Tressera,
2517 3873 2574 3924 et
2593 3869 2664 3925 de
2687 3869 2821 3926 villa
2851 3870 3142 3938 Mulacha,
3161 3876 3219 3928 et
3244 3871 3440 3944 ipsum
3457 3872 3528 3929 de
3546 3871 3858 3945 Keixanos,

2201 3957 2530 4014 Bernardus
2557 3958 2728 4014 Oliva:
2765 3958 2993 4016 alodem
3025 3961 3096 4016 de
3127 3961 3423 4028 Rutmors,
3451 3965 3509 4018 et
3538 3962 3609 4018 de
3626 3963 3862 4019 Kastel-

2198 4045 2330 4102 lone
2361 4051 2415 4101 et
2449 4047 2520 4102 de
2544 4047 2758 4117 Rodas,
2786 4049 3076 4106 Aicardus
3105 4049 3324 4106 Odonis
3372 4050 3599 4107 alodem
3647 4051 3721 4107 de
3752 4051 3864 4108 Ra-

2199 4136 2367 4205 bdos,
2395 4136 2650 4192 Bernard
2661 4155 2730 4194 us
2751 4138 2832 4194 Ad
2843 4137 3049 4194 alberti
3077 4138 3382 4195 ecclesiam
3399 4139 3470 4196 de
3489 4139 3858 4206 Chasa'mori,

2197 4222 2498 4280 Arnaldus
2529 4224 2816 4283 Johannis
2839 4225 3066 4284 alodem
3099 4229 3170 4285 de
3201 4227 3452 4299 Elsinas,
3476 4227 3860 4287 Seniofredus

2199 4311 2441 4370 Mironis
2459 4313 2686 4372 alodem
2701 4316 2771 4372 de
2783 4316 3400 4388 Terradas,etinPines
3413 4317 3672 4374 medium
3685 4334 3858 4374 man-

2197 4403 2771 4474 sum,Deusdefranc
2796 4423 3070 4463 mansum
3107 4424 3291 4464 unum
3322 4407 3381 4462 in
3411 4407 3716 4475 Terrodas,
3750 4407 3855 4464 Se-

2193 4508 2375 4564 garus
2399 4492 2635 4549 Berardi
2662 4494 2820 4567 ipsos
2852 4513 3094 4554 mansos
3124 4501 3180 4553 et
3199 4497 3359 4570 ipsos
3381 4494 3579 4553 alodes
3608 4496 3681 4552 de
3710 4495 3854 4552 Ter-

2197 4581 2394 4650 radas,
2427 4587 2479 4636 et
2513 4581 2572 4636 in
2605 4583 2828 4640 Cirasia
2859 4601 3098 4643 mansos
3129 4589 3265 4655 tres,
3301 4589 3358 4642 et
3385 4585 3546 4658 ipsos
3603 4601 3852 4642 mansos

2193 4686 2325 4725 cum
2360 4669 2525 4726 alode
2555 4671 2624 4727 de
2662 4672 2852 4743 Ortos,
2876 4675 3113 4748 etipsos
3144 4691 3380 4732 mansos
3413 4690 3548 4730 cum
3577 4671 3748 4731 alode
3773 4675 3850 4731 de

437 4763 655 4822 Idcirco
685 4763 1000 4838 predictus
1035 4769 1152 4822 tam
1181 4765 1358 4821 variis
1389 4763 1625 4820 casibus
1657 4759 1952 4832 fatigatus,
1979 4759 2078 4815 Dei
2111 4775 2158 4841 ι)
2191 4757 2331 4814 villa
2356 4759 2577 4830 Rubeo,
2604 4765 2661 4818 et
2689 4762 2850 4835 ipsos
2890 4765 2960 4820 de
2981 4763 3176 4822 Vilaro
3197 4763 3535 4832 castellano,
3559 4767 3616 4819 et
3644 4763 3848 4836 ipsum

436 4853 854 4926 omnipotentis
877 4853 1119 4927 supplex
1137 4859 1508 4924 vestramque
1533 4849 1798 4906 omnium
1822 4849 2084 4921 deposcit

435 4941 827 5012 clementiam,
851 4947 918 5000 ut
946 4944 1018 5000 ob
1043 4960 1304 5000 amorem
1329 4941 1596 5013 ejusdem
1627 4937 1891 5012 gloriose:
1925 4939 2082 5012 geni-

434 5029 600 5088 tricis
621 5032 960 5092 auctoritate
976 5031 1294 5106 pontiﬁcali
1318 5029 1603 5086 feriantur
1619 5045 1652 5083 a
1671 5027 1832 5084 vobis
1850 5027 2082 5083 vinculo

427 5121 604 5194 justas
635 5122 1055 5192 damnationis,
1086 5127 1144 5179 et
1194 5117 1815 5177 excommunicationis
1861 5133 2079 5190 quous-

435 5226 550 5282 que
571 5211 1209 5286 retinuerinlpraadicta
1239 5207 1456 5281 praedia
1486 5207 1773 5279 praedicta:
1802 5205 2076 5278 Virginis.

441 5301 574 5356 Haec
601 5305 740 5358 sunt
787 5318 923 5358 vero
955 5299 1196 5356 nomina
1240 5296 1590 5370 praediorum
1640 5300 1697 5350 ot
1727 5294 1982 5350 militum
2015 5311 2081 5350 ea

433 5389 884 5460 possidentium.
906 5389 968 5444 In
991 5386 1198 5460 primis
1220 5385 1445 5442 alodem
1470 5387 1528 5442 S.
1551 5385 1766 5453 Marim,
1783 5400 1956 5456 quem
1983 5383 2081 5438 ha-

434 5477 532 5534 bet
573 5477 632 5534 in
685 5478 963 5534 comitatu
997 5474 1360 5544 Berchitano,
1389 5474 1444 5530 id
1492 5479 1579 5532 est
1608 5475 1665 5530 in
1701 5471 1916 5530 Marola
1946 5489 2078 5528 cum

434 5565 564 5639 ipsa
589 5566 853 5634 ecclesia,
887 5568 945 5621 et
975 5563 1033 5620 in
1064 5564 1318 5621 Avisano
1349 5567 1508 5621 tenet
1554 5562 1768 5620 mulier
1818 5561 2079 5618 Reinaldi

443 5655 542 5726 qui
575 5655 688 5712 fuit
716 5654 1013 5726 quondam
1039 5671 1170 5711 cum
1199 5654 1314 5712 ﬁlio
1346 5653 1828 5712 suo.Remundus
1844 5649 2082 5707 Arualdi

2194 4847 2419 4903 alodem
2470 4849 2540 4905 de
2587 4854 2756 4908 Costa
2803 4856 2860 4909 et
2903 4853 3098 4926 ipsum
3131 4855 3203 4911 de
3231 4853 3462 4926 Felgus,
3491 4855 3548 4909 et
3578 4852 3650 4910 de
3678 4851 3851 4909 Vale-

2192 4935 2366 5005 della,
2386 4941 2442 4994 et
2471 4939 2541 4996 de
2571 4939 2788 5014 Campo
2821 4941 3130 4999 Sambucc.
3161 4943 3450 5016 Seguinus
3481 4945 3638 4998 tenet
3666 4940 3727 4996 in
3751 4940 3850 4997 Al-

2192 5025 2432 5083 biniano
2455 5027 2608 5086 inter
2623 5047 2860 5087 mansos
2882 5035 2938 5088 et
2953 5031 3167 5090 bordas
3185 5036 3430 5104 septem,
3451 5035 3509 5088 et
3528 5030 3728 5104 ipsum
3751 5030 3850 5087 de-

2193 5113 2411 5172 cimum
2441 5117 2511 5173 de
2537 5118 2886 5192 Rabugadas
2923 5137 3059 5177 cum
3090 5121 3350 5178 medium
3383 5135 3680 5188 mansum,
3703 5122 3844 5189 etc.,

2192 5209 2247 5257 et
2264 5204 2447 5262 multa
2474 5205 2586 5262 alia
2615 5209 2782 5265 nobis
2803 5226 2872 5264 au
2889 5210 3014 5266 fert.
3033 5210 3380 5284 Udalgerius
3401 5209 3721 5267 vicecomes
3749 5213 3845 5265 te-

2192 5299 2289 5348 net
2317 5298 2504 5350 totum
2536 5295 2794 5354 alodium
2826 5298 2896 5355 de
2925 5299 3156 5356 Alleles.

2191 5400 2441 5472 Synodus
2469 5405 2765 5462 anathema
2791 5409 3115 5478 pronuntiat
3146 5408 3407 5465 adversus
3435 5409 3713 5462 invasere:
3747 5407 3844 5462 bo-

2719 5494 2915 5534 norum
2946 5481 3308 5536 monasterii.-

2262 5567 2402 5619 Cum
2423 5568 2624 5621 sancta
2645 5573 2870 5640 cogeret
2892 5585 2996 5626 nos
3030 5567 3173 5626 ﬁdes
3196 5587 3265 5625 ex
3287 5566 3536 5625 diversis
3557 5565 3616 5623 in
3649 5582 3838 5622 unum

2191 5653 2532 5726 congregari
2561 5657 2850 5728 partibus,
2875 5663 3138 5717 sanctam
3161 5658 3508 5718 celebraturi
3541 5656 3840 5731 synodum
