3946 6372
110 381 230 446 725

1310 389 1573 456 SERMO
1615 393 1717 456 DE
1761 392 1822 456 S.
1867 393 2312 462 MARCULFO.

3393 397 3510 462 726

111 513 317 575 Idibus
345 514 484 575 Julii
497 518 651 594 apud
674 519 907 580 beatum
932 521 1438 593 Thiberium,cum
1459 526 1752 601 religioso-
1783 531 1837 598 Α
1863 526 2060 587 ledicti
2082 531 2472 606 ingredientes
2502 533 2558 590 et
2580 530 2960 608 egredientes.
2985 531 3176 589 Mittat
3205 549 3380 607 super
3408 550 3506 591 eos

110 623 248 664 rum
279 608 656 666 multitudine
687 611 986 681 abbatum,
1007 619 1064 670 et
1090 616 1643 673 honestissimorum
1673 619 1753 673 vi-

106 713 310 752 rorum
341 698 650 771 utriusque
673 717 867 769 sexus,
902 705 1089 760 aetatis
1137 706 1226 760 vel
1259 707 1481 763 ordinis
1515 726 1527 776 ;
1562 708 1756 764 oblata

105 789 197 842 est
230 787 609 860 querimoniae
636 791 853 862 pagina
889 792 1073 849 oculis
1105 798 1320 850 nostris
1353 813 1420 850 ex
1451 797 1752 854 monachis

107 875 277 932 alma
327 877 520 933 Maria
551 878 812 952 Virginis
863 883 1125 938 cmnobio
1165 885 1381 951 Arulis,
1415 887 1594 942 simul
1617 904 1751 942 cum

108 970 430 1037 praanotata
449 967 663 1037 prmdia
685 985 811 1040 quae
835 970 947 1025 sibi
969 973 1039 1027 ab
1063 973 1302 1043 injustis
1333 973 1619 1030 tolluntur
1648 976 1752 1030 ho-

109 1053 370 1110 minibus
403 1071 544 1127 :pro
561 1072 679 1127 qua
701 1058 1018 1115 amissione
1050 1077 1244 1116 rerum
1278 1063 1566 1135 compulsi
1591 1064 1752 1119 adire

111 1143 480 1216 praesentiam
541 1149 822 1213 nostram,
880 1149 1225 1221 suffragium
1281 1155 1616 1222 expetentes
1647 1170 1751 1207 no-

111 1237 299 1288 strum
321 1249 332 1286 :
358 1234 513 1304 quod
542 1233 656 1288 illis
679 1252 889 1308 negare
915 1253 1029 1291 non
1049 1242 1138 1292 est
1164 1239 1344 1294 nostri
1369 1240 1611 1307 ordinis,
1645 1257 1750 1295 nec

110 1325 506 1386 rectum,cum
530 1309 887 1395 inpericulis
911 1326 1568 1395 subveniredebeamus,
1603 1335 1660 1384 et
1689 1329 1748 1384 in

109 1411 458 1466 necessitate
487 1411 818 1467 constitutis
836 1413 982 1468 ferre
994 1415 1309 1485 justitiam.
1335 1416 1418 1471 0b
1443 1417 1550 1472 hoc
1572 1417 1751 1490 igitur

111 1515 217 1554 nos
237 1498 492 1555 humiles
511 1499 648 1556 Jesu
677 1500 1204 1572 Christipontiﬁces
1226 1506 1586 1560 advertentes
1615 1511 1749 1561 tan-

107 1593 228 1643 tam
250 1591 489 1659 tamque
509 1589 836 1646 inauditam
859 1607 1158 1648 servorum
1176 1593 1271 1648 Dei
1294 1594 1745 1665 querimoniam,

106 1677 390 1733 instinctu
422 1679 685 1749 ejusdem
718 1696 1104 1750 provocamur
1137 1683 1209 1737 ad
1260 1685 1749 1754 compescendam

107 1767 419 1836 eamjuxta
457 1783 628 1838 posse
663 1773 930 1824 nostrum
965 1771 1037 1825 ad
1060 1772 1290 1826 decreta
1311 1789 1620 1828 canonum.
1658 1773 1747 1828 1d-

1866 619 2150 677 Dominus
2172 623 2384 678 famem
2407 626 2464 676 et
2487 623 2877 694 pestilentiam
2896 627 2952 678 et
2972 623 3427 694 increpationem
3455 622 3515 678 in

1864 709 2061 764 omnia
2090 727 2264 783 opera
2311 728 2513 767 eorum
2564 729 2689 783 quae
2740 712 2984 778 faciunt,
3035 712 3220 766 donec
3252 715 3515 766 conterat

1863 813 1962 853 eos
1992 803 2050 853 et
2077 801 2280 870 perdat
2295 800 2567 856 velociter
2589 804 2822 872 propter
2844 799 3281 855 adinventiones
3307 815 3512 854 eorum

1862 888 2234 957 pessimas,in
2259 889 2473 960 quibus
2505 888 2842 960 relinquunt
2872 889 3205 944 Dominum.
3247 887 3514 942 Adducat

1860 978 2143 1032 Dominus
2164 994 2338 1048 super
2358 977 2487 1032 illos
2502 977 2894 1050 pestilentiam
2915 978 3098 1032 donec
3113 977 3300 1033 deleat
3323 993 3423 1031 eos
3440 977 3511 1032 de

1860 1065 2202 1136 terraquam
2227 1067 2548 1138 possident.
2583 1067 2874 1122 Percutiat
2919 1083 3018 1121 eos
3069 1069 3324 1137 egestate
3347 1069 3403 1120 et
3433 1066 3511 1120 fe-

1859 1151 1946 1206 bri
1971 1157 2026 1208 et
2056 1154 2287 1225 frigore,
2322 1157 2525 1211 ardore
2557 1161 2613 1210 et
2653 1160 2820 1222 metu,
2853 1160 2908 1210 et
2943 1171 3074 1210 aere
3115 1159 3408 1225 corrupto,
3441 1171 3506 1208 ac

1859 1243 2162 1313 rubigine;
2197 1249 2252 1298 et
2284 1248 2668 1316 persequatur
2721 1262 2820 1300 eos
2851 1246 3035 1299 donec
3067 1248 3325 1316 pereant.
3363 1244 3503 1297 Tra-

1860 1331 2110 1385 datillos
2129 1332 2411 1388 Dominus
2442 1337 2778 1388 corruentcs
2811 1349 3007 1387 coram
3062 1331 3315 1386 inimicis
3357 1331 3501 1386 suis.

1859 1418 1988 1473 Sint
2012 1421 2291 1476 cadavera
2306 1416 2540 1476 illorum
2562 1421 2896 1476 volatilibus
2914 1420 2974 1474 in
3006 1437 3199 1475 escam
3228 1424 3285 1474 et
3300 1418 3505 1474 bestiis

1859 1510 2044 1573 terra},
2074 1513 2129 1562 et
2152 1525 2265 1563 non
2315 1509 2390 1563 sit
2415 1511 2511 1580 qui
2532 1509 2749 1581 abigat.
2785 1510 2915 1564 Sint
2938 1508 3199 1580 percussi
3225 1507 3500 1573 caecitate,

1858 1600 1914 1651 et
1931 1597 2184 1652 amentia
2205 1615 2270 1652 ac
2293 1598 2486 1653 furore
2509 1599 2722 1653 mentis
2748 1616 2760 1666 ;
2786 1602 2843 1652 et
2893 1597 3129 1668 palpent
3180 1596 3237 1650 in
3262 1595 3505 1650 meridie

1858 1684 2010 1739 sicut
2055 1684 2276 1756 palpari
2315 1685 2462 1741 solet
2483 1703 2668 1742 caesus
2691 1685 2751 1740 in
2793 1685 3048 1740 tenebris
3077 1703 3087 1738 :
3118 1689 3314 1739 etnon
3363 1682 3503 1736 diri-

1857 1776 2071 1843 gantur
2089 1788 2328 1844 gressus
2357 1791 2578 1828 eorum.
2616 1773 2924 1828 Maledicta
2945 1773 3063 1827 sint
3084 1771 3273 1842 capita
3303 1786 3503 1826 eorum

106 1853 396 1928 circoego.
419 1856 710 1912 Wif'redus
736 1857 900 1913 almae
928 1859 1129 1930 primae
1152 1861 1432 1916 Narbone
1458 1866 1748 1934 metropo-
1778 1896 1827 1962 Β
1858 1877 1962 1931 per
1986 1865 2207 1932 septem
2240 1866 2460 1933 portas,
2515 1862 2572 1916 id
2625 1866 2714 1916 est
2761 1878 2863 1932 per
2911 1877 3103 1928 nares,
3138 1864 3192 1914 ct
3224 1875 3420 1926 aures,
3453 1860 3510 1912 et

105 1943 325 2000 litanus
347 1945 698 2009 confirmo.)L
733 1945 854 2019 Ugo
887 1947 1198 2019 episcopus
1231 1949 1550 2004 Uzetensis.
1582 1955 1608 2014 τι
1643 1952 1746 2004 Ar-

105 2030 300 2087 nallus
329 2031 640 2104 epiSCOpus
670 2033 1118 2104 Magalonensis.
1153 2042 1178 2102 ’τ
1217 2038 1599 2110 Berengarius
1626 2038 1745 2110 epi-

106 2136 321 2192 scopus
335 2119 696 2177 Biterrensis.
728 2127 757 2187 1‘
781 2123 1109 2179 Bernardus
1129 2127 1436 2197 episcopus
1455 2126 1750 2182 Lutovien-

107 2206 206 2264 eis.
237 2213 266 2274 1‘
292 2209 605 2263 Gontarius
627 2210 935 2282 episcopus
960 2213 1287 2285 Agatensis.
1316 2220 1342 2279 1‘
1366 2215 1748 2287 Berengarius

105 2296 415 2368 episcopus
435 2296 802 2353 Elnensisllli
835 2298 936 2371 qui
959 2300 1199 2356 fuerunt
1221 2304 1289 2358 ad
1312 2304 1745 2360 subversionem

102 2386 170 2442 de
202 2385 376 2452 Malo,
409 2387 480 2442 de
511 2390 566 2441 S.
604 2387 805 2456 Maria,
839 2389 910 2444 de
941 2390 1178 2459 Riarde,
1210 2391 1431 2446 Roland
1481 2391 1750 2447 videlicet

102 2479 157 2530 et
185 2473 280 2529 alii
314 2474 414 2546 qui
434 2475 702 2530 concensi
726 2476 982 2545 fuerunt,
1018 2495 1152 2533 cum
1175 2477 1382 2551 legatis
1409 2484 1747 2536 caaterorum

102 2561 578 2636 coepiSCOporum
601 2569 938 2621 nostrorum
962 2571 1168 2622 etcum
1186 2567 1500 2624 abbatibus
1518 2568 1745 2640 religio-

105 2653 186 2708 sis
204 2669 274 2708 ex
295 2651 540 2708 diversis
563 2653 867 2710 ordinibus
891 2656 1110 2711 Gothiw
1128 2674 1194 2712 ac
1213 2657 1464 2728 Spanim,
1488 2657 1748 2713 nolentes

107 2741 431 2798 exorbitare
453 2759 486 2798 a
505 2742 724 2815 regulis
737 2745 837 2800 SS.
862 2744 1097 2800 Patrum
1103 2747 1355 2816 ,accensi
1374 2747 1613 2802 ﬂamma
1629 2748 1750 2819 Spi-

111 2830 258 2886 ritus
275 2830 486 2898 sancti,
515 2832 878 2903 percutimus
899 2849 1018 2900 eos,
1053 2835 1151 2907 qui
1205 2835 1264 2890 in
1325 2853 1503 2906 supra
1532 2835 1750 2908 scripta

111 2918 470 2991 culpaatque
490 2919 844 2993 negligentia
863 2926 1003 2979 sunt
1054 2928 1156 2979 aut
1203 2928 1372 2979 erunt
1395 2923 1623 2984 irretiti,
1659 2940 1748 2978 se-

109 3007 368 3063 cundum
392 3008 547 3079 quod
567 3009 625 3062 in
648 3009 820 3081 culpa
841 3016 979 3066 sunt
1009 3017 1111 3067 aut
1128 3016 1299 3067 erunt
1325 3012 1629 3084 implicati,
1650 3029 1752 3085 per

110 3095 376 3168 gladium
394 3095 667 3162 Patris,et
689 3098 902 3166 Filii,et
923 3099 1174 3170 Spiritus
1197 3101 1470 3170 sancti,et
1496 3117 1599 3171 per
1618 3118 1751 3157 ana-

1859 1948 2080 2014 oculos,
2113 1956 2170 2004 et
2218 1967 2322 2021 per
2360 1950 2604 2005 buccam
2643 1966 2866 2004 eorum.
2902 1948 3276 2003 Maledictum
3308 1946 3385 2000 sit
3417 1962 3506 1999 ce-

1859 2038 2094 2093 rebrum
2130 2054 2354 2106 eorum,
2377 2038 2852 2110 capilli,humeri,
2883 2037 3384 2102 brachia,manus,
3420 2033 3506 2088 di-

1857 2125 1986 2197 giti,
2019 2127 2199 2193 frons,
2225 2127 2378 2194 eilia,
2400 2127 2634 2199 lingua,
2660 2129 2884 2193 dentes,
2905 2126 3077 2198 gulae,
3112 2128 3336 2196 pectus,
3370 2123 3505 2177 dor-

1860 2232 2014 2282 sum,
2045 2233 2162 2283 cor,
2196 2220 2414 2280 venter,
2467 2215 2804 2281 umbilicus,
2858 2214 3154 2279 interiora,
3196 2211 3499 2279 exteriora,

1858 2307 1914 2358 et
1943 2305 2282 2373 posteriora,
2316 2304 2532 2372 vitalia,
2566 2304 2856 2376 inguines,
2888 2319 3088 2367 coccae,
3123 2300 3394 2374 geniculi,
3429 2301 3504 2354 ti-

1857 2393 1986 2458 biae,
2040 2392 2161 2459 tali,
2193 2393 2389 2463 pedes,
2425 2393 2654 2463 plantze,
2698 2391 2947 2459 articuli,
2980 2407 3158 2456 venae,
3183 2392 3497 2460 juncturae,

1857 2480 2102 2546 viscera,
2136 2497 2290 2546 ossa,
2326 2480 2735 2534 modulla.Haec
2756 2479 2953 2535 omnia
2974 2478 3400 2548 praenominata
3431 2476 3498 2530 i1-

1858 2567 2050 2623 lorum
2077 2568 2385 2623 maledicta
2406 2568 2524 2622 sint
2555 2567 2668 2621 nisi
2715 2565 3085 2637 resipuerint,
3119 2569 3173 2620 et
3200 2566 3271 2620 ad
3301 2581 3498 2620 veram
3603 2587 3610 2594 ·

1857 2657 2256 2729 pmnitentiam
2278 2656 2559 2712 venerint.
2592 2657 2658 2710 Et
2686 2655 2808 2711 haec
2839 2654 3040 2727 regula
3071 2652 3500 2708 maledictionis

1858 2749 2034 2817 atque
2058 2745 2666 2801 anathematizationis
2689 2747 2970 2809 servetur,
2995 2747 3053 2798 et
3083 2745 3420 2814 permaneat
3441 2741 3501 2796 in

1859 2835 2135 2892 omnibus
2166 2836 2487 2906 primatum
2506 2833 3137 2903 ecclesiis.Quicunque
3167 2831 3347 2902 igitur
3368 2847 3501 2886 cum

1858 2923 2299 2995 praenominatis
2357 2923 2698 2978 hominibus
2757 2921 2936 2976 locuti
2982 2920 3200 2974 fuerint
3232 2918 3503 2986 scienter,

1859 3011 1972 3067 nisi
1996 3012 2307 3067 emendare
2328 3028 2426 3067 eos
2449 3010 2665 3066 hortati
2689 3009 2926 3078 fuerint,
2959 3012 3215 3064 autcum
3233 3008 3316 3063 eis
3338 3024 3501 3062 man-

1861 3099 2231 3165 ducaverint,
2252 3100 2528 3167 biberint,
2562 3098 2925 3166 dormierint,
2959 3097 3018 3152 in
3041 3097 3306 3168 aliquove
3324 3099 3503 3168 parti-

108 3183 643 3240 thematizationem
666 3186 929 3242 omnium
944 3205 1070 3259 quae
1093 3190 1493 3256 sunt,fuerunt
1513 3197 1567 3244 et
1581 3193 1753 3244 erunt
1861 3187 2034 3260 cipati
2068 3188 2306 3254 fuerint,
2364 3188 2478 3242 nisi
2512 3187 2899 3258 resipuerint;
2949 3186 2998 3241 si
3029 3185 3272 3241 clericus
3305 3184 3500 3252 fuerit,

106 3271 370 3328 fidelium
411 3273 535 3342 Dei,
569 3273 683 3330 nisi
727 3277 798 3330 ad
821 3293 1015 3332 veram
1041 3277 1440 3348 paenitentiam
1460 3279 1743 3349 venerint,
1777 3261 1819 3326 C
1859 3277 2091 3348 proprio
2125 3276 2324 3331 ordine
2350 3275 2791 3347 periclitabitur,
2823 3275 2871 3329 si
2917 3274 3102 3330 laicus
3135 3278 3237 3330 aut
3263 3274 3499 3341 femina,

105 3365 160 3417 et
190 3363 521 3417 secundum
557 3379 728 3434 posse
755 3363 988 3419 illorum
1014 3365 1468 3433 emendaverint,
1503 3366 1622 3422 sint
1652 3385 1743 3422 ex-

105 3454 290 3505 torres
323 3467 356 3505 a
386 3449 694 3506 liminibus
726 3456 941 3508 sanctae
981 3452 1077 3508 Dei
1099 3453 1386 3519 Ecclesiae,
1421 3454 1479 3508 in
1507 3456 1747 3511 anathe-

105 3537 479 3594 matizatione
513 3538 632 3594 sint
653 3555 856 3596 omnes
883 3541 1153 3613 superius
1175 3541 1480 3607 nominati,
1516 3559 1745 3599 omnes-

103 3643 215 3696 que
248 3625 688 3684 maledictiones
707 3628 930 3685 Veteris
948 3630 1156 3685 etNovi
1185 3631 1542 3686 Testamenti
1574 3649 1751 3703 super

104 3731 306 3770 eorum
340 3714 533 3786 capita
549 3715 1035 3788 multiplicamus.
1070 3718 1357 3774 Maledicti
1392 3718 1590 3773 sintin
1611 3720 1748 3774 civi-

102 3808 236 3870 tate,
271 3802 565 3858 maledicti
595 3803 655 3858 in
695 3820 854 3875 agro,
889 3806 1200 3861 maledicta
1237 3806 1444 3862 horrea
1468 3824 1668 3862 eorum
1695 3813 1752 3863 et

105 3891 340 3947 cellaria
354 3892 880 3958 eorum,maledicti
897 3894 1010 3948 cibi
1033 3911 1231 3949 eorum
1257 3898 1314 3950 et
1333 3894 1586 3966 reliquiae
1605 3896 1753 3967 ipso-

104 3996 257 4046 rum,
292 3978 605 4035 maledicta
639 3979 756 4035 sint
779 3981 1053 4037 inferiora
1073 3981 1290 4038 ventris
1309 3999 1510 4038 eorum
1545 3988 1600 4039 et
1631 3984 1749 4038 f‘ru-

104 4072 235 4124 ctus
250 4071 416 4124 terrae
437 4069 697 4140 ipsorum
709 4074 991 4136 ,armenta
1005 4076 1062 4126 et
1080 4087 1285 4144 greges
1317 4072 1579 4143 ipsorum
1601 4092 1612 4142 ;
1636 4091 1752 4129 ma-

1857 3365 1971 3419 nisi
1995 3369 2333 3436 paupertate
2357 3369 2459 3419 aut
2489 3367 2645 3419 metu
2679 3363 3080 3436 deprehensus
3127 3361 3321 3429 fuerit,
3359 3379 3502 3433 prae-

1857 3454 2012 3508 dicta
2041 3453 2416 3508 damnatione
2445 3453 2832 3524 perdendum,
2893 3456 2950 3506 et
3000 3451 3500 3506 anathematizan-

1857 3542 1999 3596 dum
2058 3545 2114 3596 et
2171 3539 2800 3596 excommunicandum
2862 3555 2922 3594 se
2997 3556 3125 3594 esse
3197 3538 3501 3609 perhorre-

1860 3634 2068 3773 “item
2090 3718 2345 3790 synodus
2366 3718 2424 3772 Id
2435 3735 2502 3773 us
2525 3716 2664 3772 Julii
2688 3732 2840 3770 anno
2858 3715 3142 3770 incarnati
3157 3714 3330 3768 Verbi
3345 3714 3365 3768 -Ι
3378 3714 3502 3780 050,

1861 3807 2179 3862 indictione
2209 3822 2294 3876 ιιι,
2327 3823 2479 3861 anno
2508 3823 2599 3872 xx,
2635 3808 2915 3878 regnante
2965 3820 3097 3876 rege
3152 3803 3398 3858 Henrico
3445 3802 3506 3858 in

1860 3897 2124 3961 Francia,
2177 3896 2313 3950 anni
2337 3895 2477 3968 cycli
2523 3895 2706 3950 octavi
2741 3892 2951 3949 decimi
2997 3910 3075 3948 v1.
3111 3892 3375 3964 Sriptum
3405 3908 3509 3962 per

1862 4001 2074 4040 manus
2105 3984 2278 4040 Oliva;
2313 3989 2339 4050 ’r
2395 3983 2810 4050 Guislibertus,
2844 3981 3034 4054 gratia
3067 3980 3168 4036 Dei
3199 3979 3507 4052 episcopus

1862 4073 2328 4140 Barcinonensis,
2361 4072 2662 4127 Wifredus
2695 4070 2906 4143 praesul
2940 4075 2992 4137 τι.

820 4346 1240 4441 SERMO
1312 4348 1476 4440 DE
1550 4348 2030 4443 SANCTO
2103 4350 2786 4443 MARCULFO

1170 4526 1447 4581 ABBATE
1487 4525 1864 4594 NANTENSI,
1935 4524 2408 4581 CONFESSORE.

210 4643 483 4716 (MARILL.
517 4644 648 4700 Acta
678 4645 774 4703 SS.
806 4647 1030 4715 Be-ned.,
1060 4653 1197 4704 Saac.
1230 4649 1324 4718 VI,
1350 4667 1406 4722 p.
1441 4667 1499 4705 ιι.
1534 4667 1590 4722 p.
1621 4651 1747 4718 517,
1770 4666 1840 4705 ex
1864 4667 1966 4705 ms.
2000 4651 2178 4706 codice
2206 4651 2441 4707 caenobii
2467 4653 2525 4706 S.
2558 4651 2822 4705 Vin-centii
2847 4647 2990 4720 apud
3007 4646 3376 4716 Laudun-um.)

168 4927 223 4984 l.
276 4925 610 4983 Venerandi
641 4929 840 4986 Patres
893 4947 958 4986 ac
988 4931 1186 4987 dilecti
1237 4933 1464 5000 fratres,
1509 4949 1654 5005 quos
1688 4934 1878 5001 injt'”.
1916 4954 1998 4984 -ςντ
2028 4953 2056 4986 οι
2081 4953 2228 4989 vim
2273 4936 2480 5005 (Prov.
2517 4950 2664 5000 xxv,
2701 4933 2756 5003 2)
2791 4933 2890 5005 (1),
2944 4933 3329 5003 Quapropter,
3362 4928 3506 4984 deli-

105 5015 280 5071 domo
312 5032 420 5072 sua
442 5016 596 5072 Deus
617 5017 878 5075 habitare
901 5020 1037 5075 facit
1059 5021 1742 5090 unanimes,exhortatio-

106 5104 200 5159 nis
233 5108 446 5160 nostra:
500 5104 776 5178 alloquia,
811 5109 926 5164 imo
958 5108 1165 5164 divinae
1228 5111 1462 5166 virtutis
1494 5111 1750 5185 insignia

102 5194 259 5248 beati
292 5193 558 5249 Marculfi
614 5197 842 5252 meritis
875 5202 1109 5255 ostensa
1138 5203 1464 5254 vestrorum
1499 5199 1748 5272 benigne

107 5283 436 5355 percipiant
466 5301 674 5341 aures:
727 5287 1035 5343 Salomone
1075 5293 1346 5352 testante,
1383 5289 1500 5343 imo
1530 5290 1746 5362 Spiritu

107 5376 309 5429 sancto
363 5371 694 5430 Salomonis
743 5393 839 5431 ore
891 5376 1186 5449 loquente,
1246 5377 1560 5433 didicimus
1615 5378 1751 5450 quia

105 5461 284 5528 gloria
314 5478 510 5532 regum
543 5463 720 5518 celare
767 5466 1009 5535 verbum,
1043 5467 1221 5536 gloria
1256 5482 1377 5521 vero
1404 5467 1506 5522 Dei
1526 5467 1747 5521 investi-

1855 5024 2122 5091 ctissimi,
2157 5027 2350 5079 vestra
2408 5022 2640 5078 dilectio
2700 5021 2924 5077 noverit
2983 5037 3092 5075 nos
3124 5018 3507 5089 investigasse

1861 5112 2123 5183 quaedam
2156 5129 2399 5182 operum
2454 5111 2774 5168 Salvatoris
2831 5109 3017 5166 nostri
3051 5109 3307 5180 Dei,qua3
3340 5108 3509 5162 Pater

1858 5201 1985 5269 ejus
2008 5217 2110 5270 per
2126 5205 2420 5265 naturam,
2454 5206 2651 5255 noster
2679 5218 2812 5257 vero
2862 5216 2965 5272 per
3014 5197 3284 5270 gratiam,
3320 5213 3507 5268 usque

1861 5287 2031 5342 modo
2062 5293 2353 5359 operatur,
2389 5294 2444 5344 et
2471 5288 2624 5343 idem
2659 5289 2841 5345 Filius
2897 5287 3126 5360 operari
3171 5303 3304 5342 cum
3339 5285 3506 5340 Patre

1860 5393 1973 5431 non
2004 5377 2234 5432 desinit.
2272 5377 2456 5450 Igitur
2513 5377 2704 5433 ﬁdelis
2761 5395 2825 5433 ac
2857 5377 2994 5433 boni
3044 5375 3363 5431 testimonii
3396 5373 3504 5426 viri

1858 5465 2043 5521 relatu
2103 5467 2494 5539 comperimus
2556 5467 2709 5539 quod
2773 5467 2843 5522 ad
2903 5465 3151 5538 gloriam
3211 5463 3310 5519 Dei
3372 5478 3500 5516 san-

175 5585 252 5663 (1)
285 5585 390 5641 Hic
439 5585 603 5663 locus
660 5589 832 5645 hodie
874 5591 932 5645 in
987 5592 1235 5663 Vulgata
1269 5595 1496 5648 nostra
1551 5591 1840 5647 contrario
1891 5607 2066 5647 sensu
2100 5592 2183 5647 sic
2230 5593 2463 5648 effertur
2496 5609 2508 5648 :
2547 5591 2730 5648 Gloria
2753 5594 2851 5647 Dei
2882 5597 2957 5647 est
2985 5593 3160 5648 celare
3193 5589 3434 5655 verbum,
3457 5590 3508 5642 et

105 5654 283 5723 gloria
307 5675 500 5729 regum
529 5662 853 5733 investigare
883 5654 1202 5720 sermonEm.
