3946 6392
398 425 517 497 ’12⁵7

1136 436 1320 500 seu.
1367 437 1448 500 XI
1491 415 2080 501 AUCTXINCERTI
2123 423 2312 496 ANNI
2354 425 2454 497 ET
2497 427 2795 498 suam.
2843 442 3066 495 manu.

3686 426 3810 501 ’128

410 579 760 649 ctorumque
815 575 943 646 ejus
999 573 1279 630 honorem
1310 571 1520 630 litteris
1548 573 1678 629 trad
1693 590 1788 630 ere
1817 549 2044 642 studui-
2071 548 2434 636 I’A'ﬂ‘uctibus
2464 563 2536 625 ad
2560 569 2896 626 monasterii
2914 575 3147 643 portum
3169 558 3800 645 convoiaveratjbique

408 677 565 724 mus.

480 759 536 811 2.
560 755 734 810 Nocte
755 756 1036 826 sequente
1049 753 1205 808 diem
1225 752 1703 807 Annuntiationis
1721 751 2054 820 Dominicae,

410 845 472 901 i'n
503 843 748 900 ecclesia
777 842 836 897 in
859 859 977 914 qua
1006 842 1212 897 beatus
1235 841 1556 897 Marculfus
1589 840 1901 912 requiescit
1931 857 2054 897 cor-

410 930 754 1006 pore,talem
767 930 1040 986 virtutem
1063 931 1246 987 Deum
1268 929 1563 986 credimus
1587 934 1890 1003 operatum
1905 946 2052 985 esse.

412 1011 630 1078 Eadem
663 1029 920 1092 namque
951 1022 1120 1074 nocte
1142 1020 1269 1090 jam
1301 1019 1618 1086 mediante,
1668 1019 1948 1076 exstincto
1994 1018 2053 1072 in

415 1109 660 1167 ecclesia
712 1108 962 1164 lucernae
1017 1105 1263 1173 lumine,
1324 1107 1506 1163 solitae
1540 1109 1728 1162 noctis
1761 1105 2058 1162 redierunt

420 1195 692 1255 tenebrae.
726 1187 992 1252 .Edituus
1042 1197 1292 1267 denique
1341 1212 1375 1249 a
1401 1212 1605 1250 somno
1656 1195 1958 1261 excitatus,
1994 1198 2058 1250 ut

419 1285 835 1359 circumspexit
868 1302 934 1340 ac
963 1283 1292 1339 sensitluce
1320 1282 1532 1339 visibili
1563 1281 1863 1338 basilicam
1897 1299 2054 1338 care-

419 1374 704 1442 m,relicto
731 1377 917 1430 stra'tu
945 1371 1354 1427 dormitorium
1385 1377 1440 1427 et
1472 1373 1783 1443 coquinam
1813 1372 2055 1427 fratrum

419 1471 534 1520 non
567 1463 767 1519 timuit
796 1462 975 1530 adire,
1036 1465 1325 1531 quatenus
1374 1460 1453 1516 ibi
1503 1461 1745 1516 candela
1776 1477 2059 1517 succensa

421 1554 611 1611 l'ucem
636 1551 902 1607 redderet
931 1549 1129 1604 domui
1149 1551 1385 1605 sanctae.
1417 1550 1522 1603 Sed
1549 1554 1604 1605 et
1626 1551 1684 1604 in
1717 1551 2055 1605 dormitorio

417 1642 740 1710 lucernam,
771 1645 829 1695 et
858 1639 916 1693 in
944 1638 1073 1710 ipsa
1117 1637 1292 1693 etiam
1316 1637 1567 1710 coquina
1597 1653 1816 1710 prunas
1849 1638 2061 1710 reperit

418 1730 754 1797 exstinctae,
789 1741 903 1782 non
926 1725 1189 1794 fortuitu,
1225 1727 1324 1782 sed
1357 1731 1424 1781 ut
1467 1743 1682 1792 remur,
1716 1731 1784 1781 ut
1815 1727 2058 1782 manife-

420 1819 718 1875 starentur
737 1817 837 1872 Dei
858 1831 1050 1888 opera.
1086 1815 1229 1880 Quid
1263 1832 1398 1887 ergo
1421 1815 1574 1870 idem
1593 1816 1842 1870 aedituus
1866 1819 2062 1888 ageret

424 1907 751 1980 ignorabat.
783 1905 1041 1961 Tandem
1094 1903 1276 1959 nimia
1307 1903 1584 1958 maestitia
1615 1905 1899 1960 attonitus
1931 1921 2059 1960 ora-

421 1994 638 2052 torium
663 1993 1055 2066 rediit,ibiquc
1073 1997 1400 2065 prostratus
1423 2010 1617 2048 coram
1640 1992 1807 2049 altari
1824 1993 2061 2048 diutina:

422 2083 669 2140 orationi
729 2082 1012 2148 incubuit,
1072 2081 1408 2154 supplicans
1439 2083 1645 2137 divinae
1678 2083 1972 2152 majestati
1999 2086 2064 2137 ut

425 2172 653 2230 meritis
675 2171 860 2228 sancti
881 2171 971 2226 sui
993 2170 1209 2225 ibidem
1247 2171 1599 2242 quiescentis
1620 2171 1679 2225 in
1708 2171 1817 2226 hac
1849 2187 2063 2242 oppor-

425 2261 675 2319 tunitate
697 2264 1056 2318 succurreret
1077 2260 1227 2328 ei,ne
1250 2259 1681 2316 scilicetlumen
1705 2260 1932 2315 deesset
1954 2260 2063 2315 fra-

425 2351 618 2408 tribus
684 2348 1088 2405 matutinalem
1131 2349 1398 2420 synaxim
1431 2350 1692 2420 proxime
1721 2348 2062 2405 cantaturis.

424 2441 542 2498 Nec
571 2437 797 2495 distulit
827 2438 1205 2510 Omnipotens
1229 2437 1502 2493 exaudire
1521 2441 1576 2492 ct
1607 2437 1848 2491 auribus
1880 2437 2062 2509 perci-

426 2535 562 2602 pere
588 2525 876 2599 lacry'mas
907 2527 1182 2599 pauperis
1216 2526 1287 2581 ad
1340 2543 1399 2581 se
1429 2526 1489 2580 in
1521 2525 1834 2581 afﬂictione
1866 2525 2064 2580 clami-

425 2617 625 2674 tantis.
657 2613 803 2671 Nam
841 2615 1080 2670 affectus
1104 2614 1360 2684 tristitia,
1395 2615 1585 2669 fessus
1608 2613 1778 2668 etiam
1805 2615 2065 2669 oratione

425 2703 723 2779 ipsa,dum
754 2704 1026 2759 Elbertus
1049 2703 1154 2774 (sic
1177 2703 1333 2758 enim
1363 2706 1602 2756 vocatur
1623 2702 1899 2773 praefatus
1930 2702 2065 2756 mdi-

430 2794 589 2865 tuus)
615 2794 778 2858 dum,
811 2794 1300 2864 inquam,stratus
1324 2789 1415 2846 sui
1442 2790 1771 2862 repetiisset
1793 2791 2062 2863 spatiola,

429 2885 571 2940 tunc
602 2889 833 2954 quoque
863 2880 1237 2952 lacrymatur,
1283 2882 1338 2934 et
1376 2878 1487 2933 sibi
1519 2879 1756 2934 omnino
1790 2883 2067 2951 reputans

430 2971 596 3046 quasi
616 2969 705 3027 s'ui
723 2967 1079 3042 negligentia
1106 2967 1234 3022 luce
1265 2970 1486 3022 careret
1504 2967 1763 3035 ecclesia,
1787 2956 1897 3022 Dei
1921 2972 2064 3022 nutu

427 3062 728 3132 respectUs
746 3053 1179 3126 circumspexit,
1197 3058 1496 3126 totamque
1518 3054 1821 3110 basilicam
1849 3055 2066 3111 caelesti

428 3147 558 3204 luce
603 3147 921 3203 clarescere
950 3142 1114 3197 vidit.
1141 3142 1397 3214 Repente
1436 3143 1648 3215 gaudio
1677 3142 1910 3215 gavisus
1946 3160 2067 3200 ma-

429 3235 872 3312 gno,lucernam
899 3230 1072 3304 paulo
1107 3234 1241 3286 ante
1267 3231 1612 3286 exstinctam
1634 3231 1795 3302 adiit,
1821 3247 2069 3306 eamque

430 3323 756 3382 clarissime
787 3320 1087 3376 ardentem
1141 3319 1370 3392 reperit.
1405 3320 1534 3375 Mox
1591 3320 1764 3376 etiam
1797 3321 2068 3394 lacrymis

431 3406 679 3484 tristitiae
702 3407 899 3482 gaudii
918 3407 1206 3480 laerymas
1228 3409 1677 3480 superfundens,
1693 3410 1807 3464 Deo
1830 3415 1885 3465 et
1903 3412 2068 3467 beato

431 3494 714 3556 Marculfo
745 3495 1164 3569 praeconiorum
1211 3495 1432 3566 jubilos
1493 3495 1708 3566 retulit,
1746 3497 1944 3570 sicque
1977 3515 2067 3554 se-

431 3586 626 3646 curior
640 3576 957 3642 dormitum
988 3583 1116 3640 init.
1145 3585 1315 3640 Mane
1347 3589 1544 3640 autem
1578 3584 1843 3641 discusso
1878 3587 2066 3642 noctis

413 3674 834 3750 'peplo,dieque
851 3674 1109 3730 radiante
1130 3674 1572 3742 sereno,fratres
1601 3674 1730 3742 loci,
1749 3676 2064 3731 monachos

423 3763 690 3821 videlicet
714 3762 1036 3820 beatissimi
1061 3761 1326 3835 Remigii,
1358 3762 1680 3831 accersivit,
1715 3763 1916 3835 eisque
1949 3766 2064 3836 (me

421 3856 704 3929 praesente
736 3852 836 3924 qui
864 3853 987 3907 haec
1020 3851 1277 3923 scripsi,)
1307 3867 1429 3904 rem
1455 3855 1678 3923 gestam
1703 3854 2066 3923 pandit,con-

411 3944 636 3999 t‘e'sta'ns
667 3941 766 3997 Dei
798 3941 1074 3996 virtutem
1100 3942 1553 4010 sanctorumque
1593 3940 1719 4010 ejus
1750 3943 2061 3997 auctorita-

406 4035 528 4087 tem
589 4031 814 4094 omnia,
870 4036 995 4100 q'uae
1058 4027 1266 4095 aiebat,
1328 4043 1574 4099 quaeque
1621 4027 1756 4083 huic
1789 4029 2061 4102 pitaciolo

409 4119 772 4176 decrevimus
805 4117 1128 4183 inferenda,
1151 4115 1233 4171 sic
1265 4115 1490 4170 haberi.

471 4209 743 4264 3.Adhuc
771 4209 972 4262 autem
997 4205 1110 4260 sub
1151 4204 1260 4258 hac
1292 4207 1489 4258 nostra
1535 4222 1865 4261 aerumnosa
1893 4210 2061 4263 aetate

412 4314 532 4354 non
563 4297 766 4368 dispar
797 4293 1168 4365 omnipotens
1198 4293 1352 4349 Deus
1380 4293 1733 4348 miraculum
1765 4295 1823 4348 in
1856 4296 2058 4351 eadem

411 4384 656 4442 ecclesia
675 4383 950 4453 ostendit,
976 4387 1039 4438 ut
1069 4382 1346 4455 quoniam
1373 4382 1627 4438 electum
1647 4399 1823 4438 suum
1857 4384 2058 4439 ineffa-

413 4473 609 4530 biliter
636 4473 1023 4546 gloriﬁcatum
1056 4471 1305 4526 habebat
1328 4471 1386 4526 in
1409 4471 1589 4538 caelis,
1620 4488 1733 4525 non
1759 4471 1955 4529 minus
1985 4475 2057 4529 ad

415 4561 795 4634 capacitatem
826 4559 1162 4615 mortalium
1197 4559 1935 4632 miriﬁcaredignareturin
1950 4567 2060 4618 ter-

2160 667 2263 732 p‘er
2283 659 2503 731 aliquot
2529 676 2713 714 annos
2733 659 3180 716 ministraVerat.
3213 655 3479 733 'Cumque
3507 659 3577 718 ab
3602 663 3810 718 eadem

2163 751 2377 805 domno
2405 744 2652 804 Roberto
2685 749 2791 821 (sic
2813 748 2966 805 enim
2999 742 3332 822 vocabatur)
3365 750 3564 806 omnia
3595 754 3726 823 qua
3753 751 3812 808 “ei

2164 839 2236 895 ad
2259 836 2506 894 salutem
2535 838 2921 916 provenirent,
2957 855 3024 894 ex
3049 854 3210 894 more
3233 838 3607 911 percepisset,
3641 841 3794 912 egw

2164 931 2261 982 tus
2293 927 2534 998 adjecit:
2577 950 2595 975 -
2632 927 2749 999 Ego
2781 927 3040 998 quidem,
3071 926 3152 981 mi
3186 919 3370 995 Pater,
3401 928 3681 999 quoniam
3738 929 3812 984 de

2165 1015 2484 1088 longinquo
2511 1015 2729 1084 sum,in
2753 1016 3023 1087 praesenti
3048 1015 3366 1088 repatriare
3393 1016 3673 1088 dispono:
3710 1018 3810 1073 sed

2164 1105 2274 1160 hoc
2302 1105 2372 1160 ob
2405 1105 2770 1160 devotionem
2805 1108 2956 1176 peto,
2987 1107 3052 1159 ut
3081 1104 3202 1160 haec
3225 1107 3404 1177 quam
3435 1102 3649 1161 obtulit
3670 1111 3808 1162 can-

2166 1193 2377 1259 delam,
2407 1198 2538 1248 ante
2559 1193 2669 1248 hoc
2689 1192 3156 1248 sacratissimum
3185 1191 3521 1266 sepulcrum
3547 1195 3812 1266 quandiu

2164 1277 2375 1337 durare
2396 1282 2624 1352 poterit,
2661 1278 2847 1353 usque
2881 1281 2952 1337 ad
2979 1283 3548 1338 consummationem
3582 1273 3807 1350 ardeat,

2167 1370 2444 1443 quoniam
2471 1387 2602 1426 cum
2641 1370 2697 1425 in
2717 1370 2905 1443 patria
2936 1387 3063 1426 mea
3083 1372 3352 1437 essem,si
3386 1387 3504 1427 non
3533 1375 3601 1427 ex
3631 1373 3813 1428 aetio-

2168 1477 2259 1528 ne,
2290 1463 2441 1515 certe
2471 1477 2537 1515 ex
2567 1457 2854 1515 desiderio
2885 1469 3011 1515 “eam
3043 1461 3213 1514 beato
3248 1449 3528 1515 MarCulfo
3553 1461 3810 1534 saepissi-

2169 1565 2261 1604 me
2294 1549 2628 1603 oti‘erebam.
2652 1549 2789 1603 Erat
2819 1551 3014 1603 autem
3048 1565 3163 1603 non
3199 1546 3440 1605 modicae
3463 1550 3815 1621 quantitatis

2169 1637 2587 1708 utinﬁniteper
2602 1641 2717 1692 tres
2733 1635 2855 1692 dies
2889 1637 3026 1691 dare
3065 1635 3264 1692 lumen
3287 1637 3346 1692 in
3374 1637 3621 1693 ecclesia
3642 1627 3814 1693 sum-

2169 1730 2344 1792 ceret,
2370 1726 2612 1796 jamque
2635 1729 2768 1781 ant‘e
2795 1719 2974 1780 altare
2997 1725 3152 1796 quod
3180 1730 3268 1780 est
3313 1725 3368 1780 in
3398 1725 3618 1783 honore
3651 1728 3818 1798 ejus-

2169 1815 2299 1870 dem
2320 1813 2533 1870 Christi
2557 1814 2927 1882 confessoris,
2944 1807 3202 1869 revoluta
3219 1819 3393 1887 super
3414 1814 3817 1887 pavimentum

2091 1921 2138 1994 Β
2171 1903 2448 1994 ardebat:
2505 1905 2854 1994 acceptaque
2915 1905 3228 1994 sponsione
3280 1919 3314 1959 a
3343 1904 3627 1994 monacho
3657 1907 3814 1977 quod

2173 2009 2300 2062 quas
2321 1990 2600 2062 petiverat
2614 1990 3328 2064 adimpleret,'peregrinus‘
3344 1993 3815 2060 'reCedebat,cum

2173 2079 2458 2146 Elbertus,
2490 2080 2559 2134 de
2582 2097 2696 2150 quo
2723 2080 2993 2152 superius
3025 2081 3422 2148 meminimus,
3451 2083 3616 2154 quasi
3651 2083 3816 2139 aliud

2173 2169 2310 2241 quid
2336 2185 2502 2241 agere
2522 2168 2692 2224 vellet
2712 2169 2858 2242 pede
2876 2171 3241 2242 superposito
3265 2169 3562 2226 candelam
3595 2174 3820 2228 exstin-

2173 2258 2444 2329 xit,juxta
2465 2273 2655 2313 arcam
2681 2273 2944 2314 seorsum
2977 2259 3322 2315 exstinctam
3367 2260 3654 2332 deposuit,
3687 2265 3826 2336 post

2175 2345 2545 2417 peregrinum
2589 2343 2783 2401 valvas
2815 2343 3067 2401 ecclesize
3093 2346 3474 2402 eb‘seraturus
3504 2347 3664 2403 abiit.
3700 2339 3821 2404 Nec

2176 2433 2616 2500 mora,iirmatis
2639 2434 2828 2502 ostiis,
2853 2438 3168 2506 antequam
3191 2433 3286 2491 ille
3309 2435 3543 2501 rediret,
3577 2435 3828 2493 candela

2176 2523 2456 2578 divinitus
2479 2539 2720 2578 accensa
2742 2527 2848 2592 est,
2880 2526 3196 2596 tantusque
3218 2540 3286 2579 ex
3307 2541 3374 2579 ea
3406 2524 3560 2597 ignis
3575 2524 3820 2595 eXi'iWit,

2176 2616 2242 2666 ut
2271 2615 2326 2667 et
2357 2629 2549 2667 arcam
2598 2615 2655 2667 et
2696 2615 2884 2667 vestes
2915 2627 3058 2666 arcae
3089 2613 3490 2685 superpbsitas
3521 2612 3720 2670 subito
3749 2614 3813 2670 in

2176 2699 2431 2755 favillam
2464 2699 2749 2772 redegerit
2781 2717 2794 2766 ;
2829 2699 3071 2773 ipsaque
3119 2701 3361 2757 candela
3393 2701 3566 2772 (sicut
3596 2709 3825 2776 pauper

2177 2788 2363 2845 Sancti
2389 2788 2653 2860 petierat)
2677 2788 2831 2843 illico
2853 2793 3378 2846 consummataest.
3395 2789 3506 2847 Res
3528 2790 3824 2848 mirabilis

2177 2877 2329 2949 quod
2357 2878 2524 2950 quasi
2557 2877 2786 2933 duobus
2809 2877 3126 2933 momentis
3156 2883 3213 2934 et
3243 2878 3482 2935 ﬂamina
3509 2879 3824 2953 multiplex

2178 2965 2515 3037 excreverit,
2537 2970 2734 3038 etquae
2752 2965 3080 3038 arripuerat
3097 2967 3336 3023 omnino
3363 2969 3823 3040 consumpserit.

2177 3047 2286 3111 Sed
2323 3054 2370 3111 si
2419 3055 2857 3111 consideremus
2888 3055 3063 3111 unius
3094 3055 3460 3112 deirotionem
3493 3060 3548 3112 'et
3575 3055 3830 3113 alterius

2180 3142 2616 3216 negligentiam,
2671 3144 2854 3216 liquet
2891 3145 3147 3216 profecto
3197 3148 3300 3216 pro
3334 3137 3588 3218 irrogata
3618 3137 3830 3204 fraude

2123 3283 2142 3304 ._
2174 3234 2336 3304 juste
2354 3232 2636 3287 divinitus
2653 3231 2967 3287 vindictam
2991 3234 3365 3289 subsecutam
3384 3222 3828 3303 eese.Vidisses,

2184 3321 2385 3388 fateor,
2407 3320 2758 3375 miraculum
2782 3322 2854 3375 de
2874 3321 3048 3376 rebus
3071 3319 3512 3377 insensibilibu's
3535 3317 3605 3377 ad
3631 3323 3828 3378 redar-

2179 3411 2470 3481 guendam
2504 3425 2698 3464 rerum
2727 3408 3120 3478 sensibilium,
3153 3409 3210 3464 id
3245 3414 3333 3465 est
3351 3410 3659 3467 hominum
3693 3420 3827 3469 ava-

2178 3497 2392 3552 ritiam.
2423 3499 2733 3552 Accurrere
2760 3497 2963 3552 fratres
2978 3498 3075 3569 qui
3094 3497 3152 3552 in
3174 3498 3362 3553 vicino
3385 3499 3644 3568 aderant,
3679 3507 3820 3556 nam

2176 3587 2462 3657 erepitum
2496 3585 2649 3658 ignis
2683 3586 2991 3641 audierant
3013 3587 3431 3658 custodemque
3453 3587 3826 3644 subolama'n-

2175 3679 2315 3731 tem.
2351 3675 2498 3739 Quid
2550 3675 2807 3730 dicerent
2855 3678 3160 3747 agerentve
3183 3691 3295 3730 non
3325 3674 3640 3743 habebant,
3673 3677 3824 3750 quo-

2174 3764 2331 3819 niam
2348 3762 2490 3819 nihil
2503 3766 2628 3835 jam
2648 3780 2766 3819 rem
2777 3764 3179 3835 anseratquod
3202 3763 3321 3836 igni
3350 3763 3818 3823 substraher‘ent.

2174 3852 2277 3909 Ille
2306 3857 2500 3908 autem
2533 3868 2594 3908 se
2643 3867 2832 3920 reum,
2877 3869 2938 3907 se
2970 3851 3106 3907 huic
3139 3853 3468 3909 discrimini
3501 3855 3823 3911 obnoxium

2171 3942 2311 3998 totis
2335 3940 2691 4014 singultibus
2715 3941 3387 4014 fatebatur,acceptaque
3413 3943 3758 4014 paenitentia
3790 3963 3826 4001 a

2169 4030 2534 4096 fratribus,in
2568 4029 2865 4085 communi
2899 4033 3185 4084 statutum
3219 4035 3394 4103 atque
3427 4031 3825 4089 anathematis

2170 4119 2402 4174 vinculo
2426 4119 2837 4175 conﬁrmatum
2869 4122 2958 4173 est
2980 4123 3044 4172 ut
3070 4119 3264 4174 oblata
3285 4136 3318 4175 a
3349 4119 3622 4176 fidelibus
3647 4119 3824 4176 lumi-

2170 4209 2336 4264 naria
2366 4224 2668 4278 nunquam
2701 4206 2986 4262 hactenus
3018 4207 3162 4262 alias
3195 4207 3308 4263 nisi
3331 4208 3389 4264 in
3416 4208 3623 4264 usibus
3655 4210 3820 4281 ejus-

2169 4299 2302 4352 dem
2333 4296 2587 4353 ecclesiaa
2621 4295 2986 4367 fratrumque
3020 4295 3099 4350 ibi
3126 4296 3500 4352 servientium
3533 4299 3823 4370 expende-

2168 4390 2389 4443 rentur.

2238 4477 2289 4530 4.
2319 4474 2725 4530 Necessarium
2771 4476 2860 4528 est
2904 4472 3238 4529 charissimi
3285 4475 3513 4541 fratres,
3547 4474 3607 4530 in
3637 4475 3815 4533 laude

2165 4564 2346 4636 hujus
2363 4560 2723 4619 sanctissimi
2754 4561 2984 4634 patroni
3017 4578 3082 4616 ac
3113 4563 3454 4634 protectoris
3470 4562 3652 4620 nostri
3669 4564 3818 4620 Mar-

415 4651 516 4708 ris.
536 4652 683 4708 Nam
704 4648 866 4704 illius
895 4648 1253 4705 inﬁrmitatis
1285 4648 1559 4704 sanandae
1593 4649 1791 4720 (quam
1825 4652 2048 4723 regium
2080 4656 2130 4723 Β
2162 4654 2298 4710 culﬁ
2322 4651 2618 4724 quod,Deo
2638 4651 2914 4718 donante,
2949 4651 3166 4707 nostris
3189 4650 3374 4707 oeulis
3396 4655 3816 4723 praesenththm

410 4741 682 4797 morbum
715 4739 791 4810 [1]
822 4739 1046 4808 vocant)
1070 4741 1232 4792 tanta
1251 4737 1301 4792 ei
1326 4735 1513 4808 gratia
1542 4736 1757 4792 coelesti
1789 4739 1938 4794 dono
1965 4757 2053 4796 ac-

409 4827 604 4896 cessit,
639 4832 705 4882 ut
729 4843 843 4882 non
875 4825 1071 4882 minus
1114 4843 1184 4881 ex
1227 4825 1468 4880 remotis
1493 4841 1558 4878 ac
1581 4825 1845 4882 barbaris
1873 4845 2050 4899 quam

409 4932 479 4973 ex
505 4915 712 4970 vicinis
742 4914 1079 4972 nationibus
1110 4915 1181 4969 ad
1213 4929 1348 4969 eum
1373 4913 1782 4983 mgrotantium
1815 4921 2049 4973 catervae

411 5008 689 5078 perpetuo
708 5003 1292 5068 confluant.Quodam
1311 5000 1505 5070 itaque
1530 4999 1622 5055 die
1651 5001 1895 5073 hujusce
1925 5022 2050 5078 gra-

406 5093 490 5148 tia
511 5092 749 5166 quidam
797 5094 971 5149 homo
995 5092 1065 5147 ad
1097 5088 1404 5145 ecclesiam
1427 5088 1674 5158 devenit,
1710 5108 1828 5146 suae
1878 5095 2046 5151 devo-

404 5181 581 5238 tionis
613 5199 829 5240 munus
873 5180 1086 5236 obtulit
1120 5195 1133 5244 ;
1168 5177 1335 5247 eique
1369 5177 1536 5247 cujus
1567 5178 1624 5231 id
1681 5185 1800 5235 erat
1847 5183 2042 5250 ofﬁcii,

403 5270 496 5330 sui
527 5270 811 5328 adventus
842 5283 1085 5325 causam
1112 5265 1475 5336 patefecit.ls
1505 5269 1701 5321 autem
1735 5269 1832 5338 qui
1867 5288 2046 5343 super

402 5375 570 5415 sacra
597 5359 852 5416 ecclesiae
886 5353 1212 5410 ministeria
1268 5354 1594 5409 custodiam
1654 5357 1928 5427 habebat,
1962 5360 2048 5415 vir

400 5464 624 5521 magna:
657 5448 716 5502 in
747 5444 974 5503 Christo
1028 5443 1352 5498 reserentia
1404 5449 1545 5514 erat,
1607 5446 1705 5518 qui
1747 5462 1814 5502 ex
1845 5449 2044 5504 saeculi

473 5623 547 5693 (l)
580 5622 757 5677 Vides
791 5625 1150 5693 strumarum
1201 5622 1472 5677 morbum
1506 5623 1663 5693 (huic
1720 5624 1874 5680 enim
1919 5643 2042 5682 me-

402 5692 590 5751 dendo
643 5692 914 5763 praesidet
975 5693 1032 5748 S.
1070 5692 1410 5766 Marcull'us)
1443 5692 1653 5765 regium
1683 5695 1818 5753 olim
1848 5699 2041 5770 appei-

2163 4747 2252 4800 est
2282 4738 2575 4796 memoria
2603 4741 2851 4806 tradere,
2869 4756 3041 4810 quem
3075 4739 3443 4812 omnipotens
3475 4740 3626 4797 Deus
3657 4743 3817 4813 apud

2163 4849 2221 4888 se
2249 4831 2527 4902 dignatus
2561 4831 2649 4883 est
2679 4826 2993 4899 specialem
3025 4828 3162 4883 dare
3189 4845 3292 4900 pro
3323 4827 3491 4884 nobis
3533 4828 3815 4886 interces-

2160 4934 2373 4976 sorem.
2409 4918 2537 4988 Ipse
2569 4921 2659 4972 est
2689 4915 2848 4970 enim
2888 4915 2990 4987 qui
3025 4915 3261 4972 assidue
3293 4921 3415 4972 orat
3456 4934 3560 4989 pro
3592 4918 3814 4990 populo

2159 5026 2286 5076 suo,
2321 5012 2376 5061 et
2405 5023 2506 5079 pro
2538 5004 2964 5062 habitatoribus
2997 5004 3176 5076 hujus
3227 5006 3416 5062 sancti
3463 5009 3810 5064 monasterii

2159 5097 2271 5152 sui.
2332 5098 2614 5166 Tempore
2674 5093 2852 5166 igitur
2895 5109 3008 5164 quo
3040 5094 3311 5149 eumdem
3345 5094 3580 5150 beatum
3613 5096 3816 5152 virum

2158 5186 2310 5258 apud
2343 5189 2602 5238 castrum
2634 5183 2913 5237 Peronam
2939 5183 3205 5253 (Ρένοηηθ
3237 5182 3295 5237 in
3327 5173 3608 5256 Picardia)
3634 5185 3815 5243 mira-

2157 5274 2302 5328 culis
2335 5288 2639 5328 coruscaro
2680 5271 2741 5325 hi
2792 5271 2892 5343 qui
2937 5271 3327 5352 interfuerunt
3344 5275 3400 5328 et
3423 5273 3717 5341 viderunt,
3755 5279 3817 5330 et

2155 5362 2430 5418 manibus
2461 5365 2876 5427 tractaverunt,
2911 5360 3102 5426 nobis,
3137 5360 3237 5433 qui
3277 5360 3340 5416 in
3371 5364 3498 5434 ejus
3545 5361 3813 5436 gloriosa

2154 5452 2290 5507 sede
2311 5449 2729 5517 remansimus,
2752 5448 2958 5520 quanti
2983 5465 3110 5504 eam
3125 5449 3368 5506 haberet
3381 5450 3637 5507 mirabili
3669 5467 3807 5524 ope-

2150 5629 2336 5686 latum
2363 5649 2381 5696 ;
2425 5643 2561 5684 nam
2590 5624 2811 5697 alioqui
2842 5625 3062 5699 lepram
3089 5627 3197 5684 hoc
3219 5626 3455 5685 nomine
3471 5603 3694 5685 veteres
3707 5635 3808 5700 ap-

2153 5700 2390 5773 pellant.
