3946 6376
160 419 272 483 741

1283 424 1594 487 MONUM.
1641 425 1743 486 DE
1787 423 2106 488 TREUGA
2148 425 2454 488 DDMINI.

3449 426 3484 482 7
3492 424 3578 485 42.

157 558 323 611 ratur
352 571 457 627 pro
488 569 628 627 pace
655 551 747 610 vel
777 558 937 611 treva
966 554 1169 611 fracta.
1202 556 1272 611 Et
1303 557 1353 612 si
1384 556 1722 613 malefactor
1751 563 1809 613 et
1835 560 1891 625 Α
1920 564 2086 612 treva:
2120 558 2377 625 Domini,
2408 557 2521 630 ipsi
2553 561 2610 613 et
2636 573 2728 612 res
2760 573 2964 613 corum
2996 573 3111 611 non
3156 555 3482 612 habeantur
3512 557 3571 611 in

155 643 458 714 adjutores
488 643 617 714 ejus
662 646 865 715 postea
904 644 1191 716 jamdicto
1241 644 1566 717 querelanti
1613 644 1801 701 ullum

155 732 379 788 malum
414 731 655 788 fecerint
684 732 839 788 intra
865 736 1104 800 trevam,
1138 735 1408 789 emendet
1437 751 1540 806 pro
1571 739 1729 791 treva
1751 739 1808 792 et

156 838 297 896 pace
326 821 529 877 fracta.
562 820 706 877 Item
724 821 984 893 praedicti
1015 818 1677 895 episcOpi'ﬁrmaverunt
1697 827 1807 880 tre-

153 928 291 967 vam
314 908 565 966 Domini.
589 908 870 965 Videlicet
898 913 963 965 ut
979 911 1138 966 omni
1165 916 1424 983 tempore
1455 914 1722 967 teneatur
1735 913 1805 968 ab

157 997 435 1054 omnibus
465 996 814 1054 Christianis
840 999 911 1055 ab
941 1015 1153 1056 occasu
1186 999 1325 1056 solis
1360 1005 1579 1072 quarta:
1630 1001 1807 1068 feriae,

156 1087 214 1142 id
247 1090 336 1144 est
354 1085 673 1142 Merchoris
703 1086 1021 1160 die,usque
1038 1088 1108 1144 ad
1143 1091 1336 1144 ortum
1368 1088 1509 1146 solis
1539 1090 1807 1145 secundae

158 1175 335 1243 feriae,
363 1175 424 1231 id
456 1179 544 1231 est
560 1175 740 1232 Lunis
757 1176 870 1232 die.
900 1178 1047 1233 Item
1077 1177 1465 1233 continuatim
1499 1182 1812 1234 teneatura

159 1264 350 1338 prima
380 1264 475 1319 die
506 1264 807 1333 Adventus
828 1265 1060 1321 Domini
1092 1282 1278 1338 usque
1307 1268 1378 1323 ad
1411 1270 1644 1323 octavas
1675 1267 1808 1340 Epi-

158 1352 386 1426 phaniae
417 1352 668 1420 Domini,
728 1354 961 1426 qumdo
1023 1354 1305 1410 festivitas
1360 1356 1548 1411 sancti
1610 1353 1811 1411 Hilarii

154 1441 366 1515 agitur.
400 1441 542 1496 Item
593 1441 865 1497 similiter
922 1442 1307 1499 continuatim
1362 1447 1630 1501 teneatur
1660 1461 1693 1498 a
1719 1445 1812 1499 die

157 1531 333 1587 Lunis
364 1547 492 1603 qua:
522 1530 810 1586 antecedit
840 1535 1016 1604 caput
1049 1532 1260 1604 jejunii
1319 1549 1508 1605 usque
1541 1534 1610 1588 ad
1659 1532 1813 1588 diem

160 1619 342 1676 Lunis
376 1619 477 1692 qui
510 1623 599 1676 est
617 1620 843 1692 primus
876 1620 1176 1693 postdiem
1205 1621 1568 1677 Dominicam
1592 1627 1815 1677 octava-

158 1725 290 1765 rum
322 1709 727 1765 Pcntecosten.
759 1709 830 1764 Et
859 1713 977 1765 tres
1002 1709 1345 1766 festivitates
1376 1715 1590 1766 sanctae
1622 1711 1813 1766 Mariae

158 1815 293 1855 cum
323 1796 779 1871 suisvigiliis.Et
804 1797 1169 1854 nativitatem
1200 1798 1385 1854 sancti
1414 1799 1656 1855 Joannis
1678 1816 1813 1854 cum

158 1904 269 1944 sua
294 1885 516 1959 vigilia,
533 1890 589 1942 et
618 1886 991 1942 festivitatem
1005 1890 1340 1943 sanctorum
1357 1887 1512 1993 Justi
1538 1892 1594 1943 et
1619 1888 1815 1944 Pasto-
1844 1929 1891 1993 Β

161 1974 262 2043 ris,
295 1978 353 2031 et
381 1974 588 2030 Abdon
620 1977 678 2030 et
706 1974 955 2041 Sennen,
991 1977 1049 2029 et
1078 1974 1263 2029 sancti
1288 1972 1509 2042 Felicis,
1544 1977 1602 2029 et
1623 1975 1809 2030 sancti

159 2063 415 2132 Genesii,
448 2067 508 2119 et
532 2062 718 2119 sancti
750 2062 997 2119 Nazarii.
1059 2067 1115 2118 et
1144 2063 1326 2119 sancti
1383 2063 1699 2131 Laurentii,
1757 2066 1815 2119 et

161 2153 348 2209 sancti
380 2149 704 2218 Michaelis,
739 2155 795 2206 et
843 2150 1213 2207 festivitatem
1263 2151 1539 2206 Omnium
1565 2152 1813 2207 Sancto-

163 2257 320 2309 rum,
349 2244 406 2297 et
436 2240 619 2296 sancti
650 2238 905 2307 Martini,
950 2243 1006 2294 et
1035 2239 1161 2295 dum
1213 2239 1551 2295 festivitates
1597 2245 1810 2296 sanctae

160 2330 382 2398 Crucis,
415 2333 473 2385 et
526 2328 816 2385 Cathedra
873 2327 1061 2384 sancti
1116 2327 1289 2395 Petri,
1352 2333 1410 2384 et
1441 2328 1811 2384 festivitatem

162 2418 349 2476 sancti
380 2417 635 2483 Ennesii,
696 2434 823 2489 quae
883 2421 973 2473 est
1002 2434 1081 2472 xu
1137 2416 1263 2472 Kal.
1326 2417 1708 2490 Septembris,
1758 2424 1816 2475 et

165 2506 621 2564 Decollationem
653 2505 837 2562 sancti
855 2506 1097 2562 Joannis
1115 2505 1408 2579 Baptistae,
1443 2523 1576 2561 cum
1598 2507 1814 2580 vigiliis

162 2602 217 2653 et
247 2613 382 2653 cum
396 2595 672 2652 omnibus
686 2594 955 2650 noctibus
961 2595 1087 2666 jam
1102 2595 1388 2651 dictarum
1407 2596 1812 2653 festivitatum.

166 2688 235 2742 Et
256 2701 463 2742 omnes
519 2684 644 2741 dies
676 2687 732 2740 et
789 2688 989 2740 noctes
1043 2684 1303 2749 Quatuor
1356 2688 1706 2758 temporum.
1754 2687 1816 2742 Si

168 2775 300 2849 quis
330 2778 527 2831 autem
559 2773 713 2829 infra
740 2773 891 2828 hanc
937 2773 1270 2845 praedictam
1321 2778 1539 2830 trevam
1584 2774 1812 2831 Domini

166 2864 400 2938 aliquod
433 2862 654 2919 malum
684 2861 857 2918 alicui
890 2861 1102 2931 fecerit,
1136 2863 1195 2917 in
1226 2862 1472 2934 duplum
1505 2863 1555 2918 ei
1587 2881 1817 2937 compo-

168 2958 285 3024 nat,
320 2956 379 3009 et
406 2955 611 3026 postea
641 2970 743 3025 per
780 2950 1074 3023 judicium
1126 2968 1288 3023 aqute
1331 2952 1553 3024 frigidae
1598 2958 1815 3008 trevam

171 3043 401 3099 Domini
436 3041 496 3097 in
528 3041 664 3097 sede
696 3044 907 3096 sancta:
941 3038 1268 3112 Eulaliaa(8)
1299 3042 1584 3097 emendet.
1608 3042 1664 3096 Si
1687 3042 1817 3115 quis

170 3135 365 3188 autem
394 3130 550 3187 infra
596 3130 748 3185 hanc
780 3133 1001 3185 trevam
1033 3128 1334 3184 hominem
1383 3130 1663 3186 occiderit
1692 3132 1818 3187 sine

172 3220 368 3293 aliquo
399 3236 562 3289 casu,
597 3235 664 3275 ex
699 3234 984 3274 consensu
1035 3217 1300 3273 omnium
1349 3218 1815 3275 Christianorum

1916 662 2059 718 pace
2089 649 2146 702 et
2175 649 2335 701 treva
2367 645 2621 701 Domini.

1988 735 2106 807 Ego
2135 734 2492 790 Gauzfredus
2524 751 2719 791 comes
2744 736 2881 807 juro
2912 734 3017 790 tibi
3051 735 3219 790 Petro
3268 733 3573 789 Helenensi

1915 821 2186 896 episcopo
2210 827 2266 879 et
2294 823 2442 880 facio
2467 822 2938 880 tibihostaticum
2958 829 3021 879 ut
3043 841 3145 896 per
3174 825 3289 879 duo
3308 826 3575 894 tempora

1918 912 2076 978 anni,
2112 912 2332 968 scilicet
2363 913 2433 968 ad
2478 912 2902 969 dedicationem
2951 914 3013 968 B.
3073 911 3332 981 Eulaliae,
3384 912 3441 967 id
3485 915 3576 968 est

1916 1017 2019 1056 vm
2054 1000 2551 1069 IdusOctobris,et
2565 1002 2635 1056 ad
2656 1001 3220 1074 caputjejuniorum,
3244 1016 3571 1073 perunum-

1920 1105 2215 1160 quemque
2247 1107 2491 1157 annum,
2509 1090 2771 1162 quandiu
2792 1089 3020 1158 vixeris,
3056 1093 3310 1145 revertar
3331 1089 3402 1145 ad
3425 1088 3576 1144 hanc

1920 1178 2117 1234 sedem
2148 1177 2211 1232 B.
2244 1177 2515 1245 Eulaliae;
2552 1183 2610 1233 et
2640 1196 2754 1233 non
2800 1178 3085 1251 separabo
3144 1177 3280 1233 hinc
3311 1194 3404 1233 me
3451 1176 3577 1233 sine

1920 1265 2154 1322 licentia
2183 1270 2284 1321 tua
2303 1266 2393 1322 vel
2420 1266 2682 1338 ipsorum
2714 1267 3058 1323 clericorum
3091 1266 3308 1339 quibus
3338 1270 3402 1321 tu
3424 1282 3577 1322 com-

1922 1355 2178 1423 miseris,
2211 1355 2259 1409 si
2292 1372 2369 1410 aes
2399 1371 2512 1409 non
2559 1355 2852 1423 habuero;
2888 1362 2942 1410 et
2980 1355 3026 1411 si
3062 1373 3139 1410 ms
3188 1355 3469 1423 habuero,
3510 1371 3577 1409 eo

1925 1443 2170 1500 transito
2205 1443 2355 1498 infra
2384 1461 2485 1499 vm
2541 1445 2666 1498 dies
2718 1449 2991 1509 revertar,
3027 1448 3084 1498 ct
3114 1462 3228 1499 non
3291 1444 3576 1516 separabo

1921 1532 2058 1588 hinc
2089 1549 2181 1587 me
2214 1532 2340 1588 sine
2387 1532 2621 1587 licentia
2652 1537 2755 1587 tua
2802 1533 2889 1589 vel
2934 1532 3196 1605 ipsorum
3231 1532 3573 1588 clericdf‘um

1924 1621 2140 1693 quibus
2171 1625 2233 1675 tu
2264 1620 2650 1689 commiseris,
2685 1638 2789 1693 per
2823 1622 3002 1676 Deum
3034 1626 3092 1677 et
3121 1619 3243 1676 haec
3269 1623 3491 1677 sancta.

1980 1798 2234 1871 Synodus
2260 1798 2572 1854 Helenensz's
2602 1799 2699 1853 sub
2731 1799 2887 1855 Oliba
2918 1799 3162 1870 ερίδσορο
3192 1798 3517 1854 Ausonensz‘.

1996 1889 2161 1943 Anno
2193 1887 2510 1943 Dominicaa
2544 1886 2968 1942 incarnationis
2993 1904 3146 1942 xxvu
3177 1890 3309 1959 post
3334 1886 3577 1943 millesi-

1923 1992 2108 2044 mum,
2142 1994 2256 2031 xvn
2285 1974 2414 2032 Kal.
2445 1975 2626 2043 Junii,
2661 1976 2931 2031 convenit
2958 1975 3127 2031 Oliba
3174 1975 3437 2048 pontifex
3462 1978 3578 2032 Au-

1924 2065 2194 2122 sonensis
2222 2065 2293 2119 ad
2324 2064 2508 2120 vicem
2567 2065 2901 2138 Berengarii
2961 2064 3268 2121 Elenensis
3318 2065 3576 2138 episcopi

1924 2158 2065 2209 tunc
2093 2155 2373 2226 temporis
2384 2153 2441 2209 in
2456 2153 2868 2209 transmarinis
2883 2153 3148 2226 partibus
3160 2153 3449 2228 peregrini
3464 2171 3582 2210 una

1926 2260 2057 2298 cum
2093 2242 2416 2298 Udalchero
2475 2247 2690 2299 sanctae
2742 2242 3045 2298 Elenensis
3073 2242 3343 2299 Ecclesiae
3386 2242 3580 2299 archi-

1922 2332 2287 2403 presbytero,
2321 2335 2377 2386 et
2406 2330 2714 2387 Cancelino
2746 2331 3179 2398 archidiacono,
3218 2331 3581 2389 etEllemare

1924 2419 2294 2475 sacriscrinio
2326 2423 2383 2474 et
2413 2418 2677 2489 Coraule,
2710 2419 3057 2486 Gauzberto,
3092 2424 3152 2475 et
3183 2419 3407 2474 caeteris
3426 2436 3581 2491 prae-

1926 2508 2054 2563 fata:
2088 2506 2245 2563 sedis
2276 2508 2597 2573 canonicis,
2630 2511 2962 2579 ccetumque
2991 2523 3293 2568 sacrorum
3334 2507 3576 2577 ducum,

1924 2600 2215 2652 catervam
2249 2612 2481 2672 quoque
2496 2595 2781 2664 ﬁdelium,
2817 2612 2933 2650 non
2956 2594 3148 2651 solum
3177 2595 3577 2662 virorum,sed

1924 2686 2100 2740 etiam
2135 2685 2508 2741 feminarum.
2541 2686 2949 2741 Convenerunt
2978 2689 3173 2740 autem
3208 2684 3268 2741 in
3299 2684 3580 2741 comitatu

1929 2773 2387 2840 Rassilionense,
2418 2773 2479 2829 in
2494 2777 2658 2846 prato
2681 2772 2946 2845 Tulujes.
2967 2772 3089 2837 Quo
3120 2790 3253 2830 cum
3277 2772 3580 2829 convenis-

1928 2867 2078 2923 sent.
2099 2864 2291 2935 primo
2306 2867 2578 2934 rogantes
2594 2862 2822 2917 Domini
2836 2861 3299 2918 misericordiam
3323 2865 3392 2918 ut
3405 2862 3583 2918 corda

1928 2951 2190 3006 fidelium
2214 2968 2456 3007 suorum
2491 2953 2560 3007 ad
2588 2968 2650 3007 se
2680 2954 3053 3017 converteret,
3087 2954 3313 3007 mentes
3346 2967 3579 3024 quoque

1927 3044 1983 3096 et
2015 3044 2181 3096 actus
2194 3039 2487 3113 dirigeret,
2516 3041 2648 3096 dein
2665 3039 3060 3112 requisierunt
3080 3039 3127 3096 si
3145 3056 3273 3113 quae
3296 3038 3580 3095 hactenus

1927 3146 1961 3185 a
1988 3128 2238 3200 praefatis
2268 3128 2553 3201 episcopis
2586 3132 2804 3185 statuta
2835 3128 3068 3185 fuerant
3111 3129 3576 3185 observarentur.

1926 3219 2034 3272 Sed
2067 3235 2200 3272 cum
2234 3233 2380 3290 pene
2412 3217 2609 3290 omnia
2638 3217 3003 3273 invenissent
3031 3217 3147 3273 nisi
3194 3216 3385 3274 solum
3415 3217 3579 3290 pedi-

169 3308 489 3364 diffinitum
520 3311 610 3364 est
629 3312 694 3362 ut
717 3306 993 3363 omnibus
1024 3306 1231 3362 diebus
1279 3307 1405 3362 vitae
1438 3324 1556 3363 suae
1605 3309 1807 3364 exsilio
1839 3294 1882 3361 (Ζ
1921 3307 2037 3361 bus
2068 3305 2425 3371 conculcata,
2457 3306 2556 3362 sed
2589 3305 2764 3361 etiam
2796 3305 3072 3364 oblivioni
3104 3307 3320 3375 dedita,
3364 3306 3577 3362 iterum

164 3398 496 3454 damnetur.
530 3396 589 3452 Si
621 3400 817 3453 autem
841 3412 975 3451 cum
1007 3412 1142 3452 casu
1166 3395 1276 3450 hoc
1308 3396 1529 3465 fecerit,
1559 3399 1815 3470 egredia-

162 3492 258 3542 tur
285 3490 485 3542 tamen
504 3502 539 3547 a
568 3489 721 3541 terra
743 3501 931 3556 usque
957 3485 1027 3540 ad
1052 3484 1370 3540 triennium
1403 3502 1576 3557 quem
1600 3486 1816 3559 episco-

161 3592 271 3648 pus
308 3573 399 3631 vel
432 3573 694 3630 canonici
726 3573 1185 3629 existimaverint
1216 3590 1345 3628 esse
1367 3573 1809 3646 imponendum.

160 3664 214 3718 Si
248 3663 529 3737 quisvcro
544 3662 697 3720 infra
723 3663 873 3718 hanc
892 3666 1111 3717 trevam
1136 3677 1198 3717 se
1220 3662 1445 3718 miserit
1476 3663 1533 3718 in
1549 3664 1811 3737 aguit(2),

160 3751 247 3809 vel
277 3753 475 3826 ipsum
510 3756 685 3824 aguet
715 3750 1005 3807 stabiliter
1028 3768 1132 3823 pro
1162 3756 1350 3807 morte
1380 3751 1468 3807 vel
1488 3753 1815 3829 apprehen-

163 3840 327 3896 sions
357 3839 609 3912 alicujus
638 3839 915 3907 hominis,
940 3843 1043 3895 aut
1070 3856 1173 3911 pro
1191 3839 1651 3912 apprehensione
1673 3840 1815 3898 alte-

162 3928 286 3985 rius
319 3927 566 3999 castelli,
599 3934 656 3984 et
699 3934 895 3984 tamen
930 3928 978 3984 si
1010 3928 1121 3984 hoc
1173 3945 1343 4000 agere
1374 3946 1487 3984 non
1536 3931 1813 4001 potuerit,

160 4017 435 4073 similiter
464 4018 734 4074 emendet
755 4017 825 4072 ad
849 4016 1408 4089 judiciumepiscopi
1441 4022 1495 4074 et
1517 4019 1817 4075 canonico-

157 4123 293 4163 rum
323 4106 455 4178 ejus
486 4106 673 4178 ipsam
732 4109 953 4161 trevam
1010 4105 1266 4174 Domini,
1301 4107 1454 4163 sicut
1510 4108 1723 4164 faceret
1764 4107 1812 4164 si

156 4195 393 4251 fecisset
427 4195 584 4267 quod
615 4210 785 4267 agere
813 4194 1076 4250 tentavit.
1112 4195 1255 4250 Item
1283 4195 1713 4267 prohibuerunt
1742 4213 1815 4253 ne

154 4284 216 4339 in
248 4282 603 4340 torminibus
634 4282 728 4338 his
759 4282 1119 4339 continuatis
1153 4283 1350 4351 trevis,
1374 4283 1643 4341 videlicet
1669 4289 1815 4341 tem-

154 4389 296 4446 pore
325 4372 626 4428 Adventus
657 4371 910 4442 Domini,
944 4388 1048 4427 seu
1081 4372 1571 4444 Quadragesimae,
1616 4373 1814 4430 nullus

154 4465 420 4518 castrum
449 4459 537 4516 vel
570 4459 957 4515 munitionem
976 4460 1261 4516 aedificare
1287 4465 1602 4533 praesumat
1619 4462 1814 4519 nisixv

156 4551 369 4607 diebus
386 4553 521 4607 ante
532 4548 903 4604 continuatae
925 4549 1229 4622 przedictas
1248 4552 1437 4605 trevas
1450 4549 1560 4605 hoc
1582 4550 1814 4606 inchoa-

1926 3411 2205 3467 reparare
2236 3394 2590 3449 studuerunt
2618 3394 2818 3450 eodem
2850 3398 3048 3450 tenore
3078 3412 3189 3465 quo
3220 3396 3453 3451 fuerant
3474 3395 3578 3451 ha-

1924 3488 2133 3539 ctenus
2164 3483 2417 3540 condita.
2477 3482 2921 3538 Constituerunt
2969 3484 3165 3556 itaque
3196 3483 3425 3556 praefati
3458 3483 3578 3556 epi-

1925 3573 2081 3644 scopi
2102 3570 2275 3628 simul
2294 3588 2426 3626 cum
2459 3570 2788 3627 omniclero
2816 3576 2873 3626 et
2901 3571 3060 3627 ﬁdeli
3089 3572 3306 3644 populo
3327 3577 3390 3627 ut
3405 3588 3579 3627 nemo

1923 3660 1984 3716 in
2016 3664 2135 3716 toto
2167 3660 2501 3732 supradicto
2528 3658 2810 3715 comitatu
2838 3658 2926 3714 vel
2953 3659 3293 3734 episcopatu
3311 3660 3584 3716 habitans

1924 3749 2194 3806 assaliret
2224 3749 2478 3821 aliquem
2512 3766 2689 3806 suum
2718 3749 3022 3805 inimicum
3052 3749 3124 3806 ab
3170 3749 3319 3805 hora
3347 3749 3580 3806 sabbati

1925 3856 2081 3895 nona
2115 3838 2370 3909 usquein
2401 3837 2690 3894 dieLunis
2706 3837 3073 3910 horaprima,
3109 3841 3174 3894 ut
3203 3838 3584 3895 omnishomo

1924 3926 2217 4001 persolvat
2251 3926 2515 3982 debitum
2547 3926 2829 3982 honorem
2864 3925 2980 3982 diei
3030 3927 3348 3995 dominico,
3397 3943 3585 4000 neque

1923 4017 2043 4073 ullo
2068 4017 2241 4073 modo
2267 4015 2483 4088 aliquis
2496 4014 2767 4072 assaliret
2781 4015 3133 4072 monachum
3152 4033 3287 4071 cum
3309 4014 3584 4072 clericum

1924 4107 2052 4162 sine
2082 4106 2266 4162 armis
2289 4105 2888 4178 incedentem,neque
2919 4104 3174 4177 aliquem
3199 4105 3496 4162 hominem
3512 4106 3584 4162 ad

1927 4195 2236 4251 ecclesiam
2251 4212 2386 4250 cum
2402 4192 2649 4250 consilia
2666 4197 2900 4250 euntem
2927 4193 3010 4250 vel
3028 4195 3585 4265 redeuntem,neque

1924 4283 2183 4356 aliquem
2244 4282 2555 4338 hominem
2587 4298 2721 4337 cum
2770 4281 3046 4353 sportella
3102 4279 3583 4353 proﬁciscentem,

1922 4389 2114 4444 neque
2133 4371 2391 4444 aliquem
2407 4371 2705 4426 hominem
2724 4387 2858 4426 cum
2879 4369 3115 4426 feminis
3132 4375 3363 4427 euntem
3377 4385 3584 4443 ,neque

1924 4459 2143 4532 aliquis
2173 4460 2414 4515 auderet
2471 4460 2780 4515 ecclesiam
2832 4457 2919 4515 vel
2978 4460 3185 4515 domos
3234 4460 3294 4515 in
3338 4459 3584 4516 circuitu

1923 4549 2144 4622 positas
2176 4566 2210 4604 a
2239 4566 2350 4602 xxx
2383 4548 2657 4619 passibus
2685 4546 2899 4603 violare
2930 4552 3032 4603 aut
3061 4548 3325 4604 assalire.
3345 4548 3464 4604 Hoc
3487 4565 3586 4604 au-

152 4639 323 4695 verit.
358 4638 439 4694 De
468 4637 746 4710 praedicta
776 4640 971 4692 autem
1001 4641 1161 4693 treva
1192 4638 1277 4693 vel
1308 4655 1448 4710 pace
1481 4637 1719 4711 querela
1741 4639 1812 4695 ad
1842 4658 1889 4723 Ι)
1924 4643 2041 4694 tem
2074 4642 2306 4710 pactum
2342 4637 2463 4692 sive
2496 4642 2762 4708 treguam
2796 4637 2926 4691 ideo
2958 4637 3410 4703 constituerunt,
3443 4652 3583 4708 quo-

154 4727 500 4801 episcopum
527 4724 617 4783 vel
636 4726 706 4780 ad
739 4725 867 4796 ejus
884 4725 1193 4781 canonicos
1224 4742 1325 4781 seu
1359 4725 1619 4799 fatigatio
1651 4727 1810 4782 omni

150 4822 417 4891 tempore
446 4816 548 4871 fiat
573 4833 586 4885 ;
620 4820 677 4872 et
707 4815 859 4872 sicut
889 4816 1160 4887 superius
1178 4816 1460 4888 scriptum
1491 4817 1654 4873 estin
1670 4834 1811 4890 pace

152 4906 225 4963 de
256 4903 545 4973 ecclesiis,
577 4904 658 4961 ita
686 4904 803 4961 ﬁat.
828 4905 898 4960 Et
927 4903 1038 4977 ipsi
1072 4904 1130 4959 in
1148 4903 1363 4976 quibus
1393 4905 1701 4978 episcopus
1721 4906 1806 4962 vel

149 4994 422 5051 canonici
454 4993 715 5067 praedicti
745 5011 807 5050 se
838 4992 1204 5066 fatigaverint
1225 4993 1295 5048 de
1327 4993 1651 5066 direptione
1674 5013 1809 5067 prae-

148 5082 283 5140 fatae
315 5084 482 5158 pacis
511 5082 601 5140 vel
631 5088 802 5140 treva:
833 5082 1086 5149 Domini,
1138 5080 1259 5139 sive
1297 5082 1690 5151 fidejussores,
1722 5083 1808 5140 vel

146 5169 434 5229 hostatici
465 5189 570 5245 pro
600 5188 740 5245 pace
763 5170 851 5227 vel
883 5176 1043 5227 treva
1058 5169 1310 5239 Domini,
1335 5170 1616 5227 etmalam
1632 5172 1805 5228 fidem

146 5259 287 5317 inde
309 5265 613 5333 portantes
632 5261 905 5334 episcopo
925 5259 1014 5316 vel
1037 5259 1334 5316 canonicis
1346 5261 1607 5331 ejusdem
1630 5261 1805 5331 sedis,

150 5349 737 5406 excommunicentur
764 5350 836 5406 ab
869 5347 1137 5422 episcopo
1169 5347 1312 5405 vela
1341 5349 1636 5404 canonicis
1658 5351 1810 5421 ejus-

149 5437 296 5495 dem
360 5438 522 5494 sedis
552 5455 687 5494 cum
741 5438 1168 5511 protectoribus
1198 5442 1255 5494 et
1284 5438 1695 5509 adjuvantibus
1747 5455 1809 5494 se

149 5527 419 5599 quandiu
453 5543 518 5584 se
549 5526 957 5587 centenderint
985 5526 1138 5583 sicut
1165 5526 1508 5584 infractores
1536 5527 1697 5599 pacis
1718 5526 1805 5583 vel

216 5704 305 5791 (1).
319 5705 384 5765 Id
417 5709 507 5769 est
535 5704 597 5771 in
627 5672 946 5766 eathedrali
973 5703 1218 5766 ecclesia
1245 5704 1573 5766 Helenensi.

1922 4727 2080 4784 niam
2111 4725 2306 4781 divina
2335 4723 2427 4781 lex
2458 4730 2515 4780 et
2541 4741 2685 4796 pene
2701 4724 2894 4781 omnis
2915 4724 3246 4780 Christiana
3282 4723 3484 4797 religio
3507 4726 3579 4781 ad

1918 4816 2166 4872 nihilum
2196 4816 2466 4884 deducta,
2499 4820 2565 4869 ut
2586 4813 2818 4886 legitur,
2842 4813 3183 4869 abundabat
3204 4812 3506 4885 iniquitas,
3526 4819 3584 4871 et

1916 4903 2577 4978 refrigescebatcaritas.
2610 4903 2676 4957 Et
2709 4901 2838 4957 ideo
2854 4901 3226 4974 praecipimus
3253 4918 3360 4958 nos
3378 4918 3582 4976 supra-

1919 4995 2057 5049 dicti
2090 4992 2627 5065 episcopus,clerus
2647 4990 2920 5060 simul,et
2945 4990 3137 5046 omnis
3154 4991 3294 5046 ordo
3317 4990 3577 5049 serviens

1918 5082 2131 5139 divinis
2160 5081 2439 5150 cultibus,
2460 5086 2516 5137 et
2530 5097 2724 5137 coram
2739 5080 2853 5136 Deo
2868 5078 3278 5136 interdicimus
3295 5084 3361 5136 ut
3377 5079 3581 5138 nullus

1917 5171 2091 5228 homo
2122 5170 2209 5227 vel
2240 5171 2459 5226 femina
2479 5171 2549 5226 de
2564 5169 2984 5243 suprascriptis
3009 5166 3232 5241 aliquid
3252 5168 3581 5227 voluntarie

1915 5266 2199 5317 temerare
2228 5259 2316 5315 vel
2348 5259 2664 5331 infringere
2691 5262 3025 5329 praesumat,
3062 5274 3169 5315 nec
3199 5259 3438 5315 invadat
3488 5276 3580 5316 res

1916 5355 2131 5406 sanctae
2163 5347 2367 5405 matris
2398 5345 2652 5403 ecclesia:
2674 5346 2977 5407 Elenensis
3007 5346 3127 5403 sive
3147 5348 3372 5404 cazteris
3394 5346 3578 5403 eccle-

1917 5440 2022 5496 siis
2078 5437 2166 5494 vel
2223 5435 2597 5493 monasteriis
2654 5435 2902 5493 debitas.
2964 5437 3164 5509 Neque
3217 5435 3450 5508 aliquis,
3512 5451 3575 5490 se

1918 5528 2157 5596 sciente,
2190 5525 2252 5582 in
2271 5526 2497 5581 incestu
2524 5541 2711 5597 usque
2735 5525 2805 5581 ad
2833 5529 3061 5583 sextum
3082 5525 3331 5600 gradum
3356 5540 3579 5599 perma-
3677 5560 3681 5565 ο

1994 5709 2071 5789 (2)
2100 5706 2163 5767 Id
2194 5709 2283 5769 est
2312 5703 2562 5767 insidias
2595 5704 2894 5767 struxerit.
