3946 6376
398 365 512 424 743

1148 359 1338 423 ΒίΕΟ.
1384 361 1465 425 XI
1507 361 1739 432 AUCT.
1785 357 2104 424 INCERTI
2151 358 2340 420 ANNI
2388 359 2486 424 ET
2531 356 3086 424 SCRIPT.’AAE2II.

3686 359 3811 434 ’144

397 499 549 562 neat.
584 496 782 566 Neque
812 494 1024 567 aliquis
1055 511 1291 550 uxorem
1326 494 1618 567 propriam
1638 493 1914 560 dimittat,
1943 508 2043 547 nec
2075 496 2128 557 Α
2159 490 2478 546 Dominicis
2501 489 3247 561 obtemperantesjussibus
3263 505 3368 563 pro
3383 457 3809 562 temporalibus

396 583 638 639 alteram
672 583 950 639 feminam
998 582 1228 639 habeat.
1283 583 1444 647 Quod
1476 581 1525 638 si
1559 582 1690 654 quis
1735 581 1891 646 fecit,
1927 579 2044 634 sive

394 671 631 741 inantea
657 672 875 742 fecerit,
909 672 1020 727 nisi
1038 672 1146 726 resi
1158 671 1417 741 pueritet
1446 688 1547 743 pro
1580 687 1751 742 posse
1772 669 2044 726 emenda-

392 759 540 815 verit
586 764 643 816 et
691 761 762 818 ad
811 759 1047 832 plenam
1100 759 1561 820 satisfactionem
1597 761 1809 820 sancta
1841 755 2045 811 matris

396 848 660 918 Ecclesiae
684 865 878 910 coram
898 848 1251 920 supradictis
1265 845 1724 904 canonicisinfra
1754 845 2044 902 mensium

391 935 570 1007 trium
594 936 852 1008 spatium
868 935 1108 1002 venerit,
1130 954 1164 992 a
1194 935 1499 998 liminibus
1513 939 1727 991 sanctze
1750 933 2043 990 catholicae

391 1024 660 1095 Ecclesiae
689 1029 746 1080 et
771 1025 1036 1094 omnium
1061 1023 1526 1084 Christianorum
1548 1027 1696 1078 coetu
1711 1039 2042 1078 excommu-

391 1113 620 1167 nicatus
651 1117 1010 1186 permaneat.
1073 1113 1142 1167 Et
1172 1117 1237 1166 ut
1284 1112 1562 1168 noveritis
1617 1127 1819 1174 omnes
1873 1108 2044 1182 quale

391 1204 694 1272 peccatum
732 1200 982 1274 sitjungi
1003 1198 1744 1268 excommunicatis,nullus
1765 1197 2042 1266 Christia-

391 1306 503 1362 nus
533 1290 704 1358 debet
733 1291 1088 1360 manducare
1140 1306 1272 1344 cum
1316 1290 1419 1356 eis,
1451 1287 1541 1344 vel
1588 1287 1803 1355 bibere,
1854 1301 2041 1358 neque

389 1377 651 1434 osculum
685 1377 767 1432 eis
799 1378 1113 1452 porrigere,
1151 1393 1337 1449 neque
1356 1393 1490 1432 cum
1521 1376 1606 1432 eis
1637 1374 1798 1448 loqui
1829 1375 1942 1431 nisi
1969 1376 2040 1440 de

389 1464 822 1534 satisfactione;
880 1482 1065 1537 neque
1119 1465 1165 1520 si
1222 1465 1710 1520 excommunicati
1779 1463 2040 1524 defuncti

386 1553 623 1621 fuerint,
657 1553 944 1620 debentur
976 1555 1046 1608 ad
1095 1552 1370 1610 ecclesias
1404 1551 1670 1625 sepeliri;
1726 1567 1913 1624 neque
1945 1551 2042 1606 ali-

385 1641 518 1714 quis
547 1641 797 1698 clericus
827 1642 911 1698 vel
945 1641 1133 1698 ﬁdelis
1165 1643 1335 1698 debet
1354 1659 1457 1714 pro
1478 1642 1562 1696 eis
1594 1656 1777 1696 orare.
1813 1639 1874 1695 Si
1903 1655 2038 1695 vero

384 1747 487 1802 pro
525 1730 707 1786 nihilo
727 1731 1001 1785 duxerint
1018 1729 1706 1795 excommunicationem,
1729 1728 2038 1784 transactis

385 1818 578 1874 tribus
638 1819 962 1882 mensibus,
1019 1817 1412 1874 anathematis
1459 1817 1713 1882 vinculo,
1740 1817 1798 1870 id
1831 1821 1938 1881 est,
1974 1820 2039 1871 ut

387 1907 596 1980 perditi
630 1906 783 1961 sicut
812 1906 993 1972 Judas
1011 1907 1290 1979 proditor,
1308 1908 1679 1962 damnentur.
1706 1905 1771 1960 Et
1793 1907 1864 1970 si,
1884 1905 2037 1976 quod

387 1995 538 2051 Deus
569 1999 808 2063 avertat,
844 1994 900 2049 in
933 1995 1043 2065 hac
1074 1995 1321 2067 perﬁdia
1339 1995 1612 2062 obierint,
1647 2011 1888 2067 corpora
1909 1993 2034 2048 illo-

386 2101 515 2140 rum
549 2083 944 2156 cumpsalmis
970 2088 1025 2139 et
1050 2083 1382 2156 hymnisvel
1415 2083 1779 2156 spiritalibus
1796 2083 2037 2139 canticis

383 2189 499 2227 non
534 2172 825 2236 ducantur
855 2173 927 2228 ad
960 2171 1340 2244 sepulturam,
1370 2172 1638 2228 necinter
1670 2171 1870 2226 ﬁdeles
1891 2188 2038 2226 mor-

383 2265 516 2317 tuos
547 2277 749 2328 eorum
785 2261 1024 2322 nomina
1054 2261 1126 2323 ad
1178 2277 1408 2317 sacrum
1471 2260 1650 2324 altare
1700 2260 2034 2328 recitentur.

381 2350 451 2404 Et
483 2350 624 2420 quia
651 2353 953 2423 peccatum
981 2353 1461 2422 pcrpetraverunt
1495 2350 1566 2406 ad
1622 2353 1890 2416 mortem,
1921 2348 2034 2403 nisi

382 2438 780 2510 pcenituerint,
813 2439 939 2494 sine
973 2439 1084 2494 ﬁne
1108 2439 1463 2495 damnentur
1492 2439 1548 2493 in
1570 2443 1845 2494 aeternam
1869 2438 2032 2504 dam-

380 2525 695 2582 nationem.
754 2527 1044 2584 Omnibus
1084 2528 1380 2585 canonicis
1434 2527 1845 2601 suprascriptee
1877 2526 2034 2582 sedis

379 2615 783 2671 interdicimus
816 2633 1011 2671 coram
1027 2615 1143 2670 Deo
1157 2621 1214 2671 et
1228 2617 1446 2673 sanctis
1464 2617 1592 2687 ejus
1623 2620 1688 2670 ut
1719 2613 1917 2670 nullus
1939 2631 2031 2670 eo-

380 2721 510 2760 rum
543 2705 613 2760 de
645 2704 738 2760 his
771 2703 992 2777 aliquid
1041 2703 1260 2764 solvere
1310 2706 1521 2763 audeat
1570 2704 1694 2760 sine
1744 2721 2032 2762 consensu

377 2793 599 2864 praefati
648 2793 1134 2866 archipresbyteri
1182 2793 1269 2848 vel
1319 2793 1867 2848 archidiaconorum
1913 2794 2032 2849 sive

379 2881 736 2936 sacriscrinii
759 2885 812 2935 et
831 2880 1292 2952 caputscholaris
1311 2880 1399 2936 vel
1426 2886 1764 2937 caeterorum
1786 2882 2031 2937 fratrum

381 2969 820 3028 canonicorum.
854 2969 1180 3025 Ministeria
1221 2973 1418 3024 autem
1469 2970 1665 3026 divina
1697 2969 1822 3026 sine
1856 2969 2030 3026 inter-

377 3058 656 3114 missione
672 3058 813 3122 ﬁant
825 3074 927 3129 pro
942 3058 1458 3115 excommunicatis
1471 3075 1571 3130 per
1583 3059 1771 3131 spatiu
1783 3076 1837 3114 m
1852 3059 2029 3114 trium

377 3147 694 3212 mensium,
730 3150 793 3200 ut
823 3146 920 3201 det
949 3145 1064 3200 illis
1099 3146 1246 3202 Deus
1283 3147 1704 3218 paenitentiam,
1738 3152 1796 3202 et
1825 3147 2027 3219 resipi-

2157 577 2479 636 commodis
2497 577 2826 638 commissae
2859 577 2969 634 sibi
2995 577 3148 650 plebi
3180 577 3488 649 impensis,
3513 593 3545 631 a
3570 593 3811 635 summo

2153 667 2419 722 omnium
2451 671 2701 739 pastore,
2735 671 2798 720 ut
2827 672 3042 722 acterna
3072 664 3312 737 praemia
3327 669 3662 734 mereantur
3682 666 3811 722 adi-

2155 755 2302 828 pisci
2331 754 2390 809 in
2423 753 2654 811 saecula.
2689 754 2881 812 Primo
2913 771 3048 827 ergo
3070 753 3335 810 omnium
3367 752 3812 820 institutionum

2155 845 2508 912 nostrarum,
2544 860 2670 916 quae
2702 843 2762 898 in
2784 842 2892 899 hoc
2921 848 3078 898 tomo
3096 843 3407 902 scribenda
3431 846 3588 920 sunt,
3605 859 3812 900 mone-

2155 949 2288 987 mus
2318 935 2374 988 et
2428 933 2784 988 mandamus
2841 932 3168 995 secundum
3228 935 3583 1006 praeceptum
3611 931 3714 989 Dei
3749 935 3812 988 et

2155 1026 2420 1084 nostrum
2452 1025 2518 1077 ut
2547 1019 2744 1076 nullus
2777 1020 3239 1076 Christianorum
3273 1019 3454 1075 alium
3486 1021 3811 1092 quemlibet

2154 1108 2551 1167 Christianum
2575 1108 2822 1174 occidat,
2855 1108 2990 1179 quia
3014 1108 3115 1180 qui
3145 1107 3542 1177 Christianum
3565 1109 3803 1179 occidit,

2153 1197 2277 1253 sinc
2309 1197 2489 1252 dubio
2520 1197 2732 1253 Christi
2767 1197 3116 1274 sanguinem
3143 1197 3353 1252 fundit.
3390 1197 3449 1268 Si
3482 1197 3614 1276 quis
3645 1215 3808 1267 vero,

2151 1286 2306 1358 quod
2337 1303 2451 1342 non
2486 1291 2777 1358 Optamus,
2808 1286 3023 1357 injuste
3053 1285 3352 1342 hominem
3383 1285 3676 1354 occiderit,
3702 1303 3810 1362 per

2149 1373 2336 1447 legem
2371 1390 2504 1442 eum
2536 1375 2826 1432 emendet.

2220 1463 2436 1519 Iterum
2465 1464 2818 1520 mandamus
2831 1467 3006 1534 atque
3025 1463 3443 1520 conﬁrmamus
3473 1463 3662 1538 ipsam
3686 1468 3806 1532 tre-

2148 1568 2282 1624 gam
2305 1551 2402 1607 Dei
2422 1567 2549 1622 quae
2566 1569 2600 1610 a
2618 1552 2785 1609 nobis
2797 1553 3018 1612 dudum
3037 1551 3354 1608 constituta
3366 1541 3807 1627 fuerat,etnunc

2148 1658 2182 1695 a
2213 1640 2759 1711 pravishominibus
2776 1641 3044 1713 disrupta
3065 1657 3193 1700 esse
3205 1641 3524 1710 videtur,ut
3545 1642 3800 1708 ﬁrmiter

2149 1729 2421 1800 deinceps
2453 1728 2524 1796 ab
2557 1729 2832 1784 omnibus
2864 1732 3149 1786 teneatur.
3185 1728 3372 1801 Igitur
3420 1730 3800 1790 obsecramus

2147 1817 2434 1889 perDeum
2450 1822 2825 1874 etmonemus
2839 1822 2903 1872 ut
2925 1817 3562 1882 nemoChristianorum
3580 1835 3788 1900 quem-

2149 1905 2287 1961 libct
2345 1905 2742 1962 Christianum
2785 1907 3045 1978 requirat
3075 1907 3146 1961 ad
3197 1905 3685 1976 malefaciendum
3717 1909 3793 1968 ab

2149 2010 2354 2050 occasu
2387 1993 2526 2050 solis
2558 2000 2776 2066 quartae
2813 1995 2961 2051 feria:
2978 2011 3162 2067 usque
3193 1995 3460 2063 secunda;
3487 1995 3642 2056 feria:
3667 1995 3800 2060 illu-

2147 2088 2406 2138 cescente
2437 2082 2577 2139 sole.
2609 2083 2994 2156 Praecepimus
3025 2084 3200 2138 etiam
3233 2086 3297 2137 ut
3327 2100 3360 2137 a
3393 2083 3584 2154 prima
3607 2075 3801 2148 Domi-

2147 2171 2276 2226 nica
2331 2173 2616 2228 adventus
2677 2172 2905 2228 Domini
2951 2188 3138 2244 usque
3198 2176 3429 2236 octavas
3469 2176 3799 2241 transactas

2145 2260 2504 2333 Epiphaniae,
2541 2260 2658 2316 sive
2691 2278 2725 2317 a
2773 2262 2962 2335 prima
3016 2261 3317 2328 Dominica
3363 2277 3490 2332 quae
3542 2266 3633 2321 est
3664 2267 3798 2321 ante

2144 2366 2170 2404 c
2183 2353 2322 2420 aput
2344 2350 2708 2421 jejuniorum
2739 2367 2926 2422 usque
2944 2353 3268 2412 transactas
3285 2339 3522 2414 octavas
3533 2350 3793 2420 Pascha,

2145 2438 2261 2492 sive
2295 2455 2327 2492 a
2361 2437 2656 2506 Dominica
2687 2443 2820 2494 ante
2863 2438 3278 2494 Ascensionem
3328 2437 3556 2507 Domini
3607 2455 3799 2510 usque

2144 2531 2378 2592 octavas
2413 2526 2788 2584 Pentecosten
2820 2525 3099 2599 expletas,
3140 2525 3227 2580 vel
3259 2527 3330 2582 de
3377 2525 3795 2587 festivitatibus

2143 2619 2356 2671 sancta:
2392 2615 2606 2682 Mariae,
2640 2620 2698 2670 et
2727 2616 2784 2671 in
2816 2614 3033 2690 vigiliis
3081 2615 3371 2686 ejusdem,
3421 2619 3478 2670 et
3507 2614 3564 2669 in
3596 2615 3799 2687 vigilia

2144 2704 2329 2760 sancti
2361 2704 2604 2760 Joannis
2638 2705 2931 2776 Baptistae,
2965 2703 3050 2759 vel
3075 2703 3134 2758 in
3161 2702 3471 2767 festivitate
3501 2695 3791 2774 ejusdem;

2143 2797 2318 2865 atque
2350 2794 2408 2848 in
2455 2792 2670 2866 vigiliis
2720 2793 3134 2866 apostolorum,
3186 2791 3328 2848 etin
3378 2792 3795 2860 festivitatibus

2141 2883 2502 2950 eorumdem,
2536 2885 2593 2938 et
2621 2881 2679 2936 in
2712 2881 2909 2953 vigilia
2937 2879 3193 2936 Vinculae
3225 2879 3410 2950 sancti
3448 2880 3624 2950 Petri,
3652 2886 3710 2936 et
3733 2882 3793 2938 in

2140 2970 2456 3028 festivitate
2487 2971 2771 3042 ejusdem,
2805 2975 2860 3026 et
2890 2969 2948 3024 in
2978 2969 3176 3041 vigilia
3197 2975 3529 3033 sanctorum
3559 2970 3591 3025 J
3600 2969 3717 3025 usti
3740 2975 3801 3039 et

2141 3060 2479 3126 Pastoris,et
2506 3059 2871 3115 solemnitate
2883 3058 3218 3116 earumdem
3230 3059 3374 3126 ,etin
3389 3057 3587 3132 vigilia
3598 3059 3794 3115 sancti

2141 3147 2456 3215 Laurentii,
2499 3149 2884 3220 ejusdemque
2936 3145 3263 3214 festivitate,
3297 3152 3355 3202 et
3385 3146 3445 3202 in
3477 3146 3794 3214 festivitate

380 3239 548 3290 scant
573 3251 606 3290 a
634 3233 859 3305 laqueis
887 3233 1124 3303 diaboli,
1159 3253 1190 3290 a
1225 3236 1439 3307 quibus
1470 3237 1620 3308 capti
1653 3241 1925 3291 tenentur
1956 3237 2027 3291 ad
2060 3219 2102 3287 C
2140 3236 2325 3292 sancti
2359 3219 2679 3304 Michaelis,
2705 3239 2762 3291 et
2789 3219 3056 3309 invigilia
3077 3235 3343 3305 omnium
3362 3239 3793 3304 sanctorum,et

374 3323 563 3396 ipsius
593 3322 972 3379 voluntatem.
1003 3324 1162 3390 Quod
1199 3324 1298 3396 qui
1327 3323 1578 3382 noluerit
1609 3326 1902 3397 perﬁcere,
1923 3341 2024 3380 no-

373 3411 522 3472 verit
552 3429 613 3473 se
645 3411 1042 3479 multandum,
1077 3413 1188 3468 nisi
1248 3413 1576 3486 resipuerit,
1626 3413 2026 3486 suprascripta

372 3501 992 3562 excommunicatione.
1030 3501 1316 3558 Omnibus
1348 3507 1540 3559 autem
1572 3503 1908 3576 supradicta
1929 3497 2026 3558 ob-

369 3591 734 3658 servantibus
758 3608 868 3662 pax
883 3595 938 3648 et
950 3591 1353 3647 misericordia
1364 3592 1718 3648 concedatur
1730 3610 1763 3648 a
1781 3591 2024 3649 Domino

366 3679 507 3747 Jesu
537 3679 764 3735 Christo
796 3679 891 3735 hic
922 3683 978 3735 et
1009 3679 1065 3738 in
1100 3685 1470 3754 perpetuum.
1501 3683 1707 3736 Amen.

1145 3787 1239 3842 ΙΙΙ.

542 3856 848 3911 Concilium
877 3857 1224 3913 Narbonensis
1249 3859 1498 3914 habitum
1527 3875 1672 3915 anno
1707 3861 1861 3914 1054.

439 3948 604 4002 Anno
637 3943 947 4000 Dominicae
963 3945 1388 4002 Incarnationis
1407 3947 1720 4003 millesimo
1734 3947 2022 4020 quinqua-

370 4033 593 4106 gesimo
625 4037 855 4105 quarto,
913 4033 1230 4088 indictione
1275 4035 1541 4106 septima,
1595 4040 1798 4107 epacta
1844 4054 2020 4106 nona,

370 4124 754 4186 concurrente
782 4120 851 4188 V,
886 4123 1084 4176 octavo
1117 4121 1242 4176 Kal.
1276 4123 1655 4195 Septembris,
1705 4132 2022 4183 conventus

369 4214 494 4265 erat
537 4210 691 4282 apud
727 4210 937 4265 urbem
988 4210 1318 4267 Narbonam
1368 4212 1566 4268 decem
1599 4214 2020 4271 venerabilium

369 4299 798 4372 episcoporum,
834 4299 1108 4354 Bernardi
1141 4299 1360 4356 scilicet
1391 4301 1754 4370 Biterrensis,
1787 4308 1842 4358 et
1871 4305 2022 4360 Gon-

368 4386 884 4459 teriiAgathensis,
917 4388 1261 4461 etRostagni
1285 4391 1673 4460 Luctevensis,
1707 4396 1764 4448 et
1785 4393 2022 4449 Arnaldi

371 4474 825 4550 Magalonensis,
892 4476 1129 4532 Froterii
1188 4495 1419 4550 quoque
1487 4479 1816 4547 Nemausis,
1881 4483 2019 4538 Gui-

370 4553 515 4620 fredi
551 4581 682 4620 vero
713 4565 1577 4639 Carcasensis,imoBerengarii
1601 4569 2018 4639 Gerundensis,
2050 4589 2097 4654 Ι)
2131 4567 2381 4622 luntarie
2402 4565 2757 4621 velscienter
2771 4567 3065 4623 hominem
3085 4568 3358 4624 occiderit
3376 4567 3434 4622 in
3454 4567 3562 4634 hac
3580 4570 3792 4648 treuga

370 4653 632 4712 Guifredi
666 4653 1176 4724 Barchinonensis,
1213 4673 1315 4712 nec
1346 4674 1460 4712 non
1493 4662 1548 4713 et
1596 4657 1890 4715 Guillelmi
1923 4657 2018 4716 ΑΙ·
2073 4663 2076 4670 ’
2130 4660 2235 4710 aut
2266 4654 2837 4727 apprehenderit,aut
2860 4661 3116 4712 castrum
3136 4656 3452 4728 cujuslibet
3473 4655 3793 4711 tuleritaut

2718 4695 2837 4724 ,μυι
2860 4695 3003 4712 uua!”
3023 4695 3116 4712 υιιι
3136 4695 3452 4724 υιιδυῠιιυυν
3477 4695 3589 4710 ausu

370 4653 632 4712 Guifredi
666 4653 1176 4724 Barchinonensis,
1213 4673 1315 4712 nec
1346 4674 1460 4712 non
1493 4662 1548 4713 et
1596 4657 1890 4715 Guillelmi
1923 4657 2018 4716 Al-

370 4743 625 4813 biensis;
661 4745 813 4800 inter
843 4761 989 4815 quos
1039 4745 1196 4801 fuere
1244 4746 1418 4820 legati
1478 4747 1680 4802 domni
1730 4747 2022 4802 Guillelmi

371 4832 724 4906 Urgellensis
755 4832 1020 4890 videlicet
1043 4836 1392 4908 Berengarii,
1423 4840 1480 4890 et
1518 4835 1735 4908 Ugonis
1777 4836 2015 4892 Uzeten-

372 4920 474 4977 sis.
508 4921 859 4978 Praesidente
889 4923 1103 4979 domno
1158 4925 1458 4991 Guifredo,
1521 4925 1804 4994 praedicta
1853 4924 2017 4980 urbis

373 5008 802 5084 archiprmsule,
855 5013 1023 5083 cujus
1068 5012 1358 5067 industria
1411 5011 1689 5082 praedicta
1737 5013 2018 5084 synodus,

373 5095 692 5172 opitulante
713 5100 880 5156 Petro
904 5101 1194 5156 Ramundi
1214 5100 1447 5162 comite,
1479 5103 1653 5170 atque
1673 5101 2019 5172 Bercngario

372 5187 725 5253 vicecomite,
761 5206 878 5244 una
899 5206 1031 5244 cum
1051 5190 1330 5243 abbatum
1347 5191 1403 5240 et
1433 5185 1775 5243 clericorum
1797 5206 1862 5244 ac
1884 5206 2023 5262 quo-

374 5278 644 5334 rumdam
681 5278 966 5334 nobilium
997 5274 1808 5349 etignobiliumnonlminima
1833 5278 2023 5334 multi-

373 5366 596 5431 tudine,
631 5367 700 5421 ad
732 5366 1196 5422 conﬁrmandam
1247 5363 1463 5435 pariter
1493 5368 1548 5420 et
1579 5366 2020 5424 custodiendam

373 5459 596 5526 tregam
628 5459 685 5510 et
714 5472 914 5527 pacem
948 5459 1004 5509 et
1045 5451 1411 5508 dilectionem
1459 5471 1636 5526 quam
1679 5455 2024 5513 universalis

375 5543 633 5599 Ecclesia
667 5543 1024 5598 unanimiter
1041 5539 1311 5610 instituit,
1332 5546 1387 5597 et
1404 5542 1841 5600 reformandum
1867 5546 2023 5616 ejus-

379 5631 511 5695 dem
543 5635 784 5705 statum,
816 5631 954 5709 quia
974 5629 1166 5706 pravis
1185 5629 1634 5694 conculcabatur
1660 5632 2022 5711 hominibus,

2135 3325 2194 3380 in
2229 3325 2536 3380 festivitate
2555 3326 2915 3393 eorumdem,
2945 3330 3000 3380 et
3019 3324 3398 3388 infestivitate
3420 3323 3606 3392 sancti
3632 3324 3790 3394 Mar-

2134 3414 2262 3482 tini,
2297 3417 2352 3469 et
2379 3413 2438 3469 in
2461 3414 2708 3486 jejuniis
2738 3419 2991 3486 quatuor
3021 3417 3302 3486 tempora,
3340 3415 3399 3469 in
3428 3412 3788 3486 praescriptis

2125 3502 2390 3574 jejuniis,
2452 3502 2572 3560 sive
2629 3503 3062 3569 festivitatibus,
3121 3507 3293 3576 atque
3329 3502 3567 3576 vigiliis,
3602 3492 3792 3558 nemo.

2133 3591 2599 3650 Christianorum
2628 3591 2949 3665 quemlibet
2978 3591 3158 3647 alium
3181 3591 3577 3657 Christianum
3592 3591 3792 3662 laedat,

2135 3695 2322 3753 neque
2338 3681 2720 3736 dehonestare
2736 3684 2836 3735 aut
2849 3681 3181 3753 depraedare
3210 3681 3282 3735 de
3300 3680 3424 3735 suis
3451 3679 3625 3735 rebus
3643 3697 3794 3751 prae-

2135 3774 2348 3824 sumat.
2387 3771 2541 3825 Hanc
2570 3774 2791 3842 tregam
2817 3769 3046 3824 Domini
3081 3769 3328 3824 ﬁrmiter
3348 3768 3628 3832 custodiri
3653 3785 3799 3840 prte-

2134 3859 2420 3930 cipimus;
2454 3864 2510 3913 et
2539 3875 2746 3914 omnes
2794 3859 2894 3930 qui
2926 3875 3055 3913 eam
3109 3857 3424 3924 tenuerint,
3459 3862 3516 3913 et
3545 3853 3803 3913 ﬁdeliter

2137 3947 2522 4018 observarint,
2574 3947 3039 4002 benedictionem
3095 3947 3512 4019 sempiternam
3563 3946 3635 4002 ab
3665 3945 3800 4019 ipso

2129 4037 2269 4091 Jesu
2303 4035 2530 4092 Christo
2563 4036 2810 4094 Domino
2839 4037 3203 4092 etSalvatore
3226 4039 3424 4091 nostro
3445 4035 3796 4107 percipiant,

2131 4130 2186 4180 et
2217 4125 2611 4180 haereditatem
2635 4129 2863 4179 aeternae
2887 4125 3015 4179 vitae
3048 4126 3173 4180 sine
3195 4125 3307 4179 fine
3331 4122 3789 4195 possideantJlli

2132 4218 2328 4270 autem
2362 4213 2461 4286 qui
2496 4213 2741 4268 rebelles
2798 4213 3125 4269 exstiterint
3151 4212 3240 4269 vel
3291 4217 3784 4287 transgressores,

2131 4302 2249 4358 sive
2281 4303 2381 4375 qui
2413 4301 2693 4358 auxilium
2726 4302 2809 4358 eis
2840 4301 2899 4356 in
2931 4301 3127 4374 aliquo
3158 4302 3528 4374 praebuerint,
3555 4301 3786 4356 tamdiu

2131 4391 2523 4450 anathematis
2537 4390 2764 4446 vinculo
2779 4391 3284 4463 subjaceantquou
3294 4405 3436 4474 sque
3451 4390 3624 4474 digne
3636 4389 3792 4445 arbi-

2130 4480 2242 4534 trio
2276 4478 2492 4551 proprii
2516 4479 2770 4550 episcOpi
2795 4479 3179 4534 satisfaciant.
3214 4479 3270 4534 Sl
3305 4479 3438 4550 quis
3471 4483 3666 4534 autem
3686 4495 3786 4550 vo-

2131 4567 2381 4622 luntarie
2402 4565 2490 4620 vel
2506 4566 2757 4621 scienter
2771 4567 3065 4623 hominem
3085 4568 3358 4624 occiderit
3376 4567 3434 4622 in
3454 4567 3562 4634 hac
3580 4570 3792 4639 treuga

2134 4744 2501 4812 destruxerit,
2536 4749 2636 4800 aut
2667 4745 3138 4824 in,....indictam
3158 4751 3422 4818 treugam
3453 4744 3790 4816 insidiando

2134 4838 2233 4889 aut
2264 4833 2579 4905 aguitando
2611 4835 2799 4890 facere
2828 4833 3029 4891 volens
3046 4835 3462 4908 comprobatus
3492 4833 3686 4900 fuerit,
3713 4833 3788 4902 ab

2127 4921 2285 4977 omni
2319 4926 2467 4977 ccetu
2500 4923 2964 4979 Christianorum
2989 4924 3299 4979 deﬁnitum
3323 4927 3412 4978 est
3441 4925 3506 4978 ut
3536 4921 3595 4976 in
3618 4921 3782 4978 omni

2125 5012 2252 5068 vitae
2275 5030 2393 5068 sua:
2425 5017 2703 5085 perpetuo
2736 5014 3048 5068 damnetur
3077 5013 3301 5069 exsilio.
3330 5013 3387 5067 Si
3417 5011 3550 5083 quis
3585 5015 3786 5082 autem

2129 5101 2296 5157 aliter
2324 5101 2498 5156 alicui
2530 5101 2791 5174 aliquam
2824 5103 3103 5174 injuriam
3137 5102 3334 5159 fecerit
3359 5106 3457 5157 aut
3473 5101 3784 5170 damnum,

2130 5190 2189 5244 in
2211 5190 2436 5262 judicio
2469 5191 2686 5262 proprii
2710 5192 2966 5264 episcopi
2991 5196 3093 5247 aut
3113 5191 3454 5248 clericorum
3490 5190 3783 5269 ejusdem,

2130 5280 2345 5352 quibus
2373 5279 2528 5335 idem
2559 5278 2867 5352 episcopus
2899 5281 3284 5348 commiserit,
3315 5277 3639 5335 secundum
3663 5294 3790 5332 mo-

2131 5369 2271 5424 dum
2304 5366 2487 5440 culpae
2518 5368 2894 5425 directionem
2925 5370 3097 5426 faciat
3146 5386 3248 5442 per
3269 5367 3565 5442 judicium
3617 5383 3784 5438 aquae

2132 5457 2375 5529 frigidm,
2410 5462 2512 5512 aut
2541 5474 2643 5529 per
2671 5457 2964 5525 exsilium,
2999 5459 3148 5514 sicut
3175 5462 3462 5514 statutum
3502 5459 3610 5512 est.
3645 5455 3784 5520 Qui-

2133 5561 2363 5617 cunque
2388 5561 2521 5601 vero
2552 5546 3057 5619 appropinquante
3111 5545 3579 5619 Quadragesimte
3627 5547 3786 5600 tem-

2137 5651 2294 5714 pore,
2347 5634 2466 5695 sive
2515 5634 2884 5696 Ascensionis
2941 5636 3192 5710 Domini,
3251 5635 3340 5697 vel
3387 5635 3782 5711 Pentecosten,
