3946 6360
56 423 176 540 “Iis

1180 455 1492 518 MONUM.
1537 453 1638 516 DE
1682 451 2001 514 TREUGA
2041 451 2343 515 DOMINI.

3341 459 3462 518 746

55 601 289 644 necnon
320 589 378 643 et
405 586 704 644 Adventus
733 585 984 659 Domini,
1001 587 1099 661 qui
1120 591 1208 644 est
1237 605 1340 662 per
1354 593 1577 660 tregam
1602 587 1708 642 Do-
1740 584 1795 652 Α
1823 584 1940 640 lere
1971 590 2302 656 praesumat,
2336 599 2440 640 nec
2488 583 2707 656 aliquid
2739 584 2873 641 inde
2910 602 3223 659 usurpare;
3277 604 3466 662 neque

51 677 225 740 mini,
247 679 510 734 castrum
539 676 628 732 vel
659 676 1045 733 munitionem
1079 682 1414 734 construere
1442 676 1708 744 voluerit,

50 782 168 822 non
214 765 299 820 illi
349 766 534 822 facere
585 766 694 822 hoc
739 766 930 833 liceat,
955 767 1265 824 nisi-duas
1311 766 1709 822 hebdomadas

47 855 281 912 cunctis
299 855 622 911 scientibus
640 859 774 911 ante
794 857 1135 928 praedictum
1153 861 1385 928 templis
1402 854 1705 927 incipiant.

47 945 130 1002 De
149 944 520 1001 debitoribus
540 961 674 1000 vero
691 948 756 1022 et
782 945 1230 1017 ﬁdejussoribus
1253 945 1624 1018 praecipimus
1646 946 1711 998 ut

51 1033 100 1089 si
127 1034 494 1090 contendunt
522 1051 590 1090 ea
620 1051 746 1106 quae
773 1035 1410 1106 debent,projiciantur
1428 1035 1500 1089 ab
1521 1032 1711 1088 Eccle-

50 1122 158 1188 sia,
183 1125 244 1178 et
272 1123 333 1177 in
364 1121 602 1178 illorum
623 1124 929 1194 parochias
951 1140 1122 1179 nemo
1146 1124 1318 1178 faciat
1343 1139 1574 1179 sacrum
1606 1122 1710 1176 mi-

51 1213 365 1268 nisterium
381 1227 569 1284 usque
590 1213 1211 1284 praeseriptidebitores
1234 1213 1480 1268 reddant
1495 1211 1706 1267 debita.

52 1300 275 1357 Oliveta
304 1317 582 1372 namque,
604 1302 774 1372 cujus
805 1302 1150 1374 pignoribus
1180 1303 1240 1356 in
1273 1302 1399 1373 ipso
1421 1317 1708 1373 aquarum

52 1390 272 1446 diluvio
304 1406 508 1463 pacem
538 1389 791 1462 legimus
816 1391 989 1446 terris
1019 1391 1330 1459 redditam,
1354 1394 1411 1446 et
1440 1391 1510 1445 de
1542 1391 1709 1459 cujus

51 1477 278 1550 liquore
309 1482 580 1533 sanctum
608 1477 865 1534 chrisma
897 1479 1224 1545 conﬁcitur,
1249 1496 1472 1534 necnon
1495 1483 1551 1533 et
1572 1477 1708 1534 alta-

53 1567 136 1624 ria
166 1572 375 1624 sancta
421 1565 854 1634 illuminantur,
891 1568 1000 1623 sub
1055 1574 1174 1623 tam
1227 1571 1456 1624 ﬁrmam
1507 1583 1708 1639 pacem

51 1656 374 1713 statuimus
407 1661 472 1712 ut
520 1673 690 1713 nemo
722 1657 1186 1713 Christianorum
1219 1673 1347 1712 eam
1403 1656 1710 1728 praecidere

52 1745 386 1812 audeat,vel
410 1747 480 1801 ad
505 1746 935 1801 deformitatem
961 1751 1249 1812 truncare,
1279 1762 1464 1816 neque
1487 1760 1712 1800 earum-

51 1836 181 1890 dem
217 1835 444 1890 fructus
489 1835 891 1906 rapere.Quod
935 1833 1034 1906 qui
1087 1834 1308 1898 fecerit,
1324 1835 1495 1904 juxta
1553 1833 1705 1904 quod

54 1923 365 1980 deﬁnitum
397 1923 468 1979 de
516 1923 758 1990 caeteris,
791 1939 896 1994 per
933 1927 1159 1994 tregam
1191 1922 1292 1978 Dei
1323 1938 1391 1978 ea
1415 1923 1706 2022 emendet.
1738 1958 1788 2022 B

53 2013 199 2069 Oves
230 2026 369 2083 ergo
401 2015 460 2067 et
491 2027 691 2066 earum
739 2016 1004 2083 pastores
1049 2027 1148 2067 eas
1197 2011 1594 2067 custodientes
1628 2011 1711 2066 si-

54 2100 274 2158 militer
304 2101 366 2156 in
395 2105 622 2174 tregam
674 2101 769 2156 Dei
801 2106 1185 2173 permaneant
1231 2100 1457 2156 cunctis
1505 2100 1711 2155 diebus

53 2189 110 2244 in
140 2189 375 2246 cunctis
403 2189 567 2256 locis,
599 2190 678 2245 ita
722 2193 789 2245 ut
837 2189 1040 2245 nullus
1071 2189 1439 2245 Christianus
1483 2205 1581 2244 eas
1613 2190 1711 2244 de-

57 2278 314 2350 pradare
343 2283 681 2350 praesumat,
713 2295 902 2350 neque
946 2279 1078 2335 illas
1126 2295 1315 2350 neque
1345 2278 1578 2334 illarum
1610 2295 1711 2349 pa-

57 2372 241 2424 stores
269 2367 481 2425 laadere
504 2367 592 2424 vel
622 2369 912 2424 invadere.
938 2369 1098 2434 Quod
1126 2369 1224 2439 qui
1250 2369 1466 2433 fecerit,
1491 2385 1591 2438 per
1614 2368 1711 2423 Dei

56 2463 275 2530 tragum
310 2457 422 2514 hoc
448 2461 639 2515 totum
670 2459 961 2514 emendet.

753 2599 824 2637 DE
864 2599 1020 2637 PACE.

17 2758 27 2769 δ
123 2703 334 2755 Pacem
386 2702 585 2754 autem
618 2715 651 2754 a
695 2698 863 2754 nobis
914 2700 1034 2754 sive
1082 2715 1117 2754 a
1165 2697 1528 2770 principibus
1573 2697 1710 2753 olim

63 2788 442 2845 constitutam
486 2789 838 2844 mandamus
869 2787 988 2844 sive
1020 2789 1326 2843 ﬁrmamus
1373 2791 1438 2842 ut
1485 2788 1556 2842 ab
1608 2787 1714 2842 ho-

66 2877 262 2933 dierna
292 2877 386 2933 die
415 2880 479 2934 et
502 2877 775 2950 deinceps
823 2877 1129 2933 ecclesiam
1162 2876 1361 2932 nullus
1409 2877 1714 2932 hominum

67 2966 368 3039 infringat,
401 2981 590 3038 neque
621 2967 956 3023 mansiones
988 2983 1114 3037 qua:
1161 2966 1219 3021 in
1253 2966 1501 3022 circuitu
1531 2965 1715 3021 eccle-

66 3055 282 3110 siarum
317 3059 458 3112 sunt
504 3059 562 3111 et
611 3060 801 3123 erunt,
837 3073 1025 3128 neque
1056 3055 1273 3126 aliquid
1325 3072 1394 3110 ex
1441 3055 1716 3110 omnibus

67 3161 188 3215 quae
215 3145 373 3200 infra
415 3162 524 3200 xxx
569 3161 780 3218 passus
811 3151 950 3202 sunt
999 3144 1254 3201 ecclesiae
1285 3150 1340 3200 et
1371 3148 1560 3211 erunt,
1592 3143 1716 3199 vio-

63 3232 245 3288 lenter
273 3233 502 3290 auferre
533 3235 768 3303 audeat,
799 3239 900 3290 aut
931 3249 1282 3306 praesumere
1323 3234 1458 3305 (nisi
1491 3234 1715 3304 episco-

1821 690 1924 745 per
1951 674 2088 742 vim,
2123 692 2308 746 neque
2341 691 2442 746 per
2477 674 2774 741 vicariam,
2797 691 2986 748 neque
3016 692 3118 748 per
3147 677 3469 735 districtio-

1821 779 1953 817 nem
2012 763 2092 816 ibi
2144 763 2322 818 ullam
2382 763 2841 835 hospitalitatem
2899 766 3163 838 accipiat,
3198 767 3310 824 nisi
3369 786 3474 841 per

1822 851 2161 907 missionem
2194 852 2280 906 vel
2321 854 2541 908 donum
2588 854 2991 926 episcoporum
3022 856 3110 911 vel
3163 857 3470 914 canonico-

1819 957 1951 995 rum
1984 945 2039 995 et
2069 941 2372 1011 abbatum,
2395 943 2467 997 ad
2499 958 2649 1013 quos
2679 943 2909 1015 proprie
2939 945 3140 1000 eadem
3172 962 3264 1002 res
3295 947 3472 1018 perti-

1819 1029 2030 1096 nuerit,
2073 1031 2375 1102 acquirere
2424 1033 2734 1103 potuerint.
2771 1034 3014 1104 Insuper
3059 1051 3156 1097 eas
3201 1035 3368 1091 villas
3417 1040 3476 1092 et

1820 1135 2080 1186 mansos,
2105 1124 2291 1176 terras
2324 1125 2379 1177 et
2408 1121 2626 1188 vineas,
2651 1123 2770 1178 sive
2793 1122 3088 1189 ecclesias,
3114 1141 3240 1196 quae
3271 1141 3305 1179 a
3333 1125 3474 1180 ﬁde-

1819 1205 1974 1263 libus
1999 1208 2101 1263 Dei
2147 1208 2367 1263 collataa
2408 1226 2536 1265 esse
2574 1211 2848 1266 videntur
2877 1212 2935 1268 in
2969 1229 3117 1284 opus
3165 1214 3473 1272 canonico-

1821 1313 1972 1363 rum,
2003 1301 2067 1351 ut
2097 1314 2407 1353 commune
2429 1299 2564 1353 inde
2585 1299 2861 1371 viverent,
2877 1317 3002 1371 quae
3025 1303 3307 1358 veraciter
3326 1302 3477 1359 scire

1819 1390 2009 1456 potest
2039 1386 2097 1440 in
2129 1386 2238 1441 hoc
2288 1404 2436 1458 opus
2494 1389 2630 1443 data
2686 1404 2813 1445 esse
2873 1395 3216 1458 noscuntur,
3250 1391 3473 1448 nullius

1819 1490 2068 1544 persona
2097 1475 2403 1530 hominum
2450 1493 2630 1532 ausus
2683 1477 2758 1531 sit
2806 1478 3021 1534 habere
3063 1479 3152 1536 vel
3198 1479 3469 1548 retinere,

1819 1579 2008 1633 neque
2048 1580 2150 1633 per
2178 1563 2476 1632 vicariam,
2511 1581 2700 1636 neque
2750 1583 2853 1637 per
2901 1567 3115 1636 fevum,
3149 1583 3338 1640 neque
3370 1585 3474 1639 per

1819 1651 2123 1722 bajuliam,
2158 1669 2343 1723 neque
2374 1670 2476 1724 per
2505 1653 2686 1708 ullam
2707 1671 2928 1724 vocem,
2958 1656 3086 1712 sine
3116 1657 3352 1730 propria
3379 1673 3474 1713 vo-

1819 1738 2040 1794 luntate
2071 1740 2327 1812 episcopi
2373 1745 2429 1796 et
2467 1742 2904 1812 canonicorum,
2933 1744 3021 1798 vel
3052 1745 3351 1816 abbatum,
3375 1763 3475 1802 ca-

1820 1828 2188 1897 nonicorum,
2215 1834 2317 1884 aut
2349 1846 2494 1901 quos
2539 1847 2638 1888 eas
2686 1847 2778 1887 res
2810 1833 3098 1903 pertinere
3129 1839 3475 1903 noscuntur,

1821 1934 1954 1972 cum
1986 1917 2281 1973 voluntate
2315 1920 2726 1976 canonicorum
2759 1938 3023 1991 suorum,
3051 1923 3166 1978 nisi
3192 1927 3478 1995 quantum

1821 2007 2141 2078 praescripti
2164 2009 2426 2063 canonici
2447 2025 2579 2064 cum
2603 2010 2960 2082 praescriptis
2983 2011 3310 2069 senioribus
3329 2029 3481 2069 com-

1822 2095 2081 2151 muniter
2108 2095 2416 2151 voluerint.

1893 2185 2220 2240 Statuimus
2240 2189 2434 2240 autem
2455 2189 2604 2242 inter
2614 2204 2718 2244 vos
2736 2187 2806 2243 de
2818 2189 3287 2246 contentionibus
3305 2193 3484 2247 terra-

1821 2289 1974 2343 rum,
1997 2274 2144 2328 etde
2173 2274 2538 2330 debitoribus
2568 2279 2626 2330 et
2654 2276 3122 2346 ﬁdejussor-ibus,
3147 2277 3248 2335 Dei
3279 2282 3478 2336 aucto-

1821 2361 1990 2416 ritate
2020 2365 2075 2416 et
2119 2366 2338 2429 nostra,
2374 2367 2439 2417 ut
2486 2378 2658 2418 nemo
2689 2380 2757 2419 ex
2796 2365 2880 2421 eis
2909 2365 3227 2423 vindictam
3282 2373 3480 2422 sumat

1821 2451 2005 2505 donec
2036 2456 2169 2506 ante
2199 2451 2290 2506 sui
2331 2451 2551 2523 proprii
2583 2452 2839 2524 epiSCOpi
2879 2458 2936 2509 et
2972 2454 3276 2525 potestatis
3306 2456 3477 2526 cujus

1822 2538 2061 2594 ditionis
2104 2539 2279 2594 fuerit
2321 2541 2690 2610 praesentiam
2740 2541 3002 2610 veniens,
3034 2559 3274 2601 causam
3306 2560 3475 2600 suam

1822 2631 2205 2698 exponant,ut
2222 2627 2472 2698 alicujus
2487 2646 2688 2686 eorum
2701 2630 2924 2701 judicio
2941 2632 3286 2689 terminetur
3299 2636 3478 2706 atque

1823 2716 2154 2772 deﬁniatur.
2187 2717 2510 2790 Episcopus
2568 2722 2767 2775 autem
2801 2723 2858 2774 et
2896 2720 3168 2793 princeps
3221 2722 3478 2794 regionis

1824 2805 2264 2877 ipsius,quibus
2295 2808 2498 2862 eadem
2532 2825 2623 2863 res
2651 2809 2996 2880 pertinuerit
3027 2811 3100 2866 ad
3132 2809 3482 2883 distringen-

1825 2895 1987 2964 dum,
2038 2899 2242 2950 noceat
2299 2896 2618 2966 resistenti,
2681 2901 2738 2952 et
2796 2899 3030 2969 adjuvet
3088 2899 3480 2958 obedientem.

1823 2983 2028 3040 Nullus
2087 2984 2261 3040 etiam
2311 2985 2779 3042 Christianorum
2828 2987 3012 3044 ullam
3085 2990 3482 3046 substantiam

1822 3072 2022 3128 villani
2055 3091 2170 3128 non
2203 3075 2624 3146 apprehendat,
2659 3075 2772 3132 nisi
2801 3081 3028 3134 tantum
3061 3095 3276 3151 corpus
3307 3095 3483 3136 suum

1826 3180 1927 3234 per
1957 3163 2330 3218 forfacturam
2377 3181 2556 3234 quam
2609 3165 2732 3237 ipse
2787 3182 2890 3237 per
2938 3184 3001 3223 se
3052 3168 3246 3238 faciat,
3281 3173 3339 3224 et
3368 3185 3484 3225 non

1827 3251 2140 3323 distringat
2168 3269 2302 3307 eum
2335 3253 2449 3308 nisi
2479 3270 2582 3324 per
2613 3254 2920 3311 directum.
2954 3256 3344 3314 Caballarium
3376 3274 3484 3313 au-

65 3339 194 3394 pus,
215 3326 318 3378 aut
349 3322 444 3377 cui
488 3321 613 3394 ipse
643 3323 910 3394 jusserit,
945 3327 1181 3395 propter
1233 3340 1405 3378 suum
1451 3339 1713 3391 censum,

1900 3358 1947 3395 m
1998 3321 2166 3396 nemo
2211 3321 2628 3412 apprehendat,
2664 3347 2728 3397 ut
2767 3345 2938 3399 redut
2966 3345 3043 3416 (3)
3074 3347 3247 3402 faciat
3294 3363 3482 3418 neque

68 3414 168 3464 aut
212 3414 450 3483 propter
492 3410 789 3466 hominem
833 3411 1428 3478 excommunicatum,
1481 3415 1718 3482 excepta

69 3499 389 3570 munitione
421 3517 548 3572 quae
575 3502 728 3556 infra
756 3502 1065 3574 praedictos
1091 3519 1303 3574 passus
1334 3520 1443 3556 xxx
1465 3500 1719 3556 ecclesia:

71 3589 179 3643 sita
205 3589 403 3661 fuerit)
435 3590 506 3645 ad
540 3589 951 3646 concitandum
994 3590 1147 3647 bella
1193 3595 1250 3646 et
1298 3590 1719 3661 contentiones.

70 3677 386 3748 Censemus
421 3679 633 3734 iterum
683 3684 747 3734 ut
795 3697 865 3735 ne
899 3680 1032 3751 quis
1064 3679 1370 3735 hominum
1419 3683 1602 3734 terras
1633 3679 1723 3734 vel

73 3782 158 3822 res
185 3767 594 3839 cujuscunque
635 3767 889 3824 ecclesiae
920 3769 1214 3824 vindicare
1255 3772 1568 3840 praesumat
1599 3768 1724 3823 sine

73 3854 215 3910 dono
247 3858 304 3910 et
341 3855 731 3927 permissione
781 3856 939 3912 illius
989 3859 1161 3927 cujus
1219 3857 1421 3912 eadem
1481 3856 1725 3912 ecclesia

76 3941 265 3998 fuerit.
300 3943 584 4000 Redditus
629 3962 760 4001 vero
793 3946 1102 4018 synodales
1135 3963 1304 4003 nemo
1352 3946 1632 4002 laicorum
1665 3948 1723 4001 in

76 4046 214 4103 Opus
238 4049 416 4088 suum
440 4032 684 4090 retineat
710 4039 915 4107 praeter
945 4052 1299 4092 consensum
1321 4035 1724 4107 episcoporum

76 4120 154 4174 vel
186 4120 557 4190 clericorum,
591 4124 692 4179 sed
726 4124 941 4196 quibus
985 4125 1119 4195 jure
1157 4126 1443 4180 debentur
1486 4125 1725 4180 omnino

80 4209 360 4265 restituat.
394 4211 700 4269 Monemus
751 4214 961 4268 iterum
1008 4219 1071 4268 ut
1103 4213 1301 4268 nullus
1348 4213 1633 4268 laicorum
1667 4214 1724 4268 in

80 4312 214 4369 opus
241 4315 420 4355 suum
444 4301 690 4356 retineat
712 4301 1023 4374 primitias,
1051 4320 1236 4374 neque
1261 4302 1607 4369 oblationes,
1632 4319 1728 4358 ne-

81 4400 179 4456 que
223 4389 692 4446 ccsmeteriorum
723 4391 928 4462 pretia,
953 4407 1142 4462 neque
1189 4409 1312 4458 ova,
1343 4397 1445 4447 aut
1491 4410 1558 4446 ea
1597 4408 1723 4462 quae

83 4475 145 4528 ad
173 4493 273 4532 eos
303 4477 522 4534 dantur
565 4495 669 4551 per
716 4480 1114 4552 aspersionem
1163 4481 1303 4536 salis
1351 4484 1407 4536 et
1456 4498 1617 4551 aquae
1666 4481 1724 4534 in

83 4562 244 4645 Ccena
274 4566 528 4635 Domini,
562 4585 749 4641 neque
799 4569 1157 4642 trigintarios
1202 4573 1300 4641 (les
1347 4571 1726 4640 trentenaz'rcs)

88 4653 174 4721 qui
216 4658 373 4710 recte
421 4655 706 4712 debentur
739 4675 771 4712 a
802 4657 1026 4714 clericis
1087 4659 1262 4730 recipi
1313 4677 1418 4731 pro
1467 4659 1726 4714 ﬁdelium

88 4738 482 4815 defunctorum
528 4747 913 4816 orationibus,
946 4748 1046 4802 sed
1080 4747 1306 4803 clericis
1357 4749 1458 4818 qui
1509 4748 1729 4804 eisdem

87 4828 335 4887 ecclesiis
367 4837 627 4903 praesunt
648 4836 893 4891 utendos
920 4835 1242 4908 relinquat;
1273 4852 1378 4891 nec
1400 4837 1724 4908 quidquam

91 4931 149 4970 ex
175 4919 298 4976 fevo
345 4923 500 4992 quod
558 4940 659 4994 pro
707 4925 908 4980 eadem
961 4925 1204 4981 ecclesia
1253 4929 1410 4980 tenet
1463 4927 1727 4981 minuere

93 5011 658 5074 presumatﬁlericis
682 5030 934 5086 quoque,
955 5014 1278 5081 monachis,
1305 5019 1480 5086 atque
1513 5016 1727 5070 sancti-

94 5097 437 5156 monialibus
479 5101 729 5171 feminis,
756 5108 811 5159 et
840 5104 1152 5160 comitibus
1201 5121 1404 5159 eorum
1457 5103 1734 5159 militaria

93 5198 244 5242 arma
276 5205 392 5244 non
425 5193 820 5264 portantibus,
855 5198 919 5249 ut
951 5193 1171 5264 aliquid
1215 5211 1282 5248 ex
1332 5194 1499 5248 bonis
1531 5210 1731 5248 eorum

94 5288 251 5332 nemo
285 5278 705 5350 apprehendat,
749 5299 852 5338 nec
884 5283 1162 5356 rapiendo
1195 5283 1437 5338 auferat.
1465 5283 1572 5338 Eas
1602 5299 1732 5338 vero

95 5376 194 5427 res,
218 5369 273 5421 et
303 5370 510 5439 terras,
531 5387 597 5426 ac
635 5370 854 5440 vineas,
881 5376 937 5427 et
958 5376 1162 5428 caetera
1193 5389 1319 5443 quae
1368 5371 1426 5426 in
1467 5372 1570 5442 jus
1598 5388 1735 5443 pro-

97 5450 279 5520 prium
300 5473 367 5513 ac
389 5457 716 5516 dominium
739 5461 1020 5530 canonici,
1037 5465 1093 5518 et
1110 5462 1403 5530 monachi,
1423 5460 1738 5518 sanctimo-

99 5539 267 5617 niales
293 5545 524 5604 femina;
553 5549 772 5607 habent
809 5556 865 5608 et
913 5551 1127 5608 habere
1159 5556 1502 5622 noscuntur,
1538 5550 1740 5607 nullus

101 5626 408 5715 hominum
423 5637 515 5694 vel
547 5639 900 5698 feminarum
941 5641 1233 5713 invadere,
1262 5657 1464 5718 rapere
1495 5646 1597 5701 aut
1625 5639 1740 5699 tol-

162 5748 235 5829 (3)
259 5751 385 5814 Vox
414 5760 708 5831 corrupta.

409 5881 676 5952 PATROL.
725 5882 868 5951 GLI.

1831 3431 2023 3496 faciat,
2061 3446 2246 3500 neque
2279 3431 2671 3485 substantiam
2716 3432 2844 3502 ejus
2885 3431 3074 3503 tollat,
3107 3435 3220 3489 nisi
3246 3438 3480 3491 tantum

1831 3537 1932 3591 per
2001 3518 2309 3574 directum.
2344 3519 2598 3589 Rapinas
2638 3524 2694 3574 et
2732 3521 2958 3591 pradas
3008 3537 3076 3576 ex
3121 3521 3483 3593 quibuslibet

1829 3608 2294 3664 Christianorum
2319 3623 2488 3662 nemo
2509 3608 2766 3663 virorum
2800 3612 2902 3664 aut
2930 3609 3243 3666 mulierum
3275 3611 3470 3666 faciat.

1832 3696 2206 3767 Praecipimus
2235 3696 2409 3750 etiam
2436 3699 2502 3750 ut
2529 3713 2709 3767 equas
2731 3713 2902 3752 nemo
2922 3698 3129 3770 rapiat,
3153 3697 3268 3754 nisi
3293 3698 3471 3754 homo

1833 3786 2084 3855 desuper
2102 3783 2369 3838 inventus
2400 3783 2573 3838 fuerit
2602 3787 2882 3840 armatus.
2906 3785 3105 3842 Aleses
3138 3802 3270 3841 vero
3301 3801 3474 3841 nemo

1834 3874 2124 3929 incendat.
2179 3873 2312 3927 Furi
2368 3877 2685 3943 praenotata
2734 3878 2791 3929 et
2838 3875 3094 3946 publico,
3150 3875 3480 3948 latronique

1835 3968 2007 4035 atque
2041 3961 2298 4034 praedoni
2333 3961 2389 4016 in
2431 3961 2777 4018 Christianis
2807 3980 2977 4020 nemo
3026 3963 3308 4020 auxilium
3340 3981 3486 4038 prae-

1835 4053 1988 4117 beat,
2013 4067 2199 4121 neque
2232 4051 2303 4104 ad
2349 4049 2493 4105 illud
2546 4053 2837 4124 agendum
2890 4070 3024 4110 eum
3074 4055 3381 4122 conducat,
3429 4069 3492 4110 se

1835 4142 2075 4204 sciente,
2109 4157 2296 4211 usque
2329 4141 2399 4195 ad
2433 4140 2891 4198 satisfactionem
2927 4144 3182 4200 veniant.
3215 4137 3490 4215 Negetia-

1835 4235 1990 4285 tores
2020 4233 2076 4285 et
2107 4233 2362 4284 oratores
2394 4230 2493 4300 qui
2524 4230 2716 4286 ferunt
2739 4236 2993 4304 sportas,
3019 4250 3190 4290 nemo
3222 4234 3491 4290 substan-

1835 4320 1976 4374 tiam
2009 4335 2211 4374 eorum
2245 4320 2666 4390 apprehendat.

1908 4412 2066 4461 Hanc
2099 4411 2295 4462 autem
2327 4407 2755 4464 institutionem
2798 4411 3136 4482 praedictam
3184 4427 3494 4468 monemus

1837 4497 2052 4569 pariter
2082 4500 2137 4550 et
2168 4496 2544 4551 obsecramus
2573 4501 2637 4550 ut
2657 4514 2860 4553 omnes
2885 4499 3153 4555 homines
3183 4505 3239 4555 et
3265 4501 3494 4555 feminae

1837 4587 1895 4641 in
1916 4585 2211 4658 praedictis
2231 4585 2604 4640 comitatibus
2627 4585 2745 4641 sive
2767 4587 3200 4659 episcopatibus
3218 4590 3493 4659 degentes

1759 4697 1806 4762 Β
1839 4676 2084 4732 ﬁrmiter
2104 4678 2342 4730 teneant
2363 4679 2539 4744 atque
2561 4674 2781 4730 intente
2816 4677 3147 4732 custodiant
3167 4677 3492 4732 secundum

1841 4783 2015 4823 suum
2047 4782 2238 4837 posse.
2263 4765 2425 4827 Quod
2459 4764 2506 4818 si
2540 4765 2672 4834 quis
2703 4767 3042 4822 eorumdem
3075 4766 3384 4822 hominum
3405 4764 3493 4821 vel

1835 4855 2186 4911 feminarum
2211 4853 2544 4925 praedictam
2573 4869 2774 4923 pacem
2799 4872 2863 4909 ac
2893 4855 3322 4911 institutionem
3352 4870 3499 4927 prae-

1838 4948 2182 5016 sumptuose
2211 4941 2530 5014 infregerit,
2558 4946 2614 4996 et
2648 4941 2799 4998 infra
2827 4961 2882 4998 x1
2914 4943 3038 5000 dies
3071 4961 3188 5000 non
3221 4944 3501 5000 emenda-

1838 5034 2003 5101 verit,
2029 5033 2251 5088 noverit
2283 5049 2343 5087 se
2375 5032 2578 5088 tandiu
2611 5037 2947 5089 extraneum
2972 5051 3006 5090 a
3027 5033 3500 5090 Christianorum

1842 5121 2131 5178 consortio
2165 5126 2220 5175 et
2249 5139 2282 5176 a
2311 5121 2616 5176 liminibus
2650 5126 2862 5178 sanctae
2886 5122 2986 5178 Dei
3011 5119 3280 5179 Ecclesiae
3315 5138 3502 5195 segre-

1843 5216 2043 5283 gatum
2074 5211 2253 5264 donec
2276 5210 2326 5264 ei
2351 5210 2442 5264 cui
2478 5211 2761 5266 damnum
2794 5211 3099 5283 pertulerit
3129 5211 3377 5284 duplum
3410 5229 3504 5268 re-

1846 5299 2069 5366 stituat,
2095 5303 2151 5354 ct
2182 5298 2451 5368 potestati
2502 5297 2660 5352 illius
2689 5304 2854 5355 terrae
2887 5302 2945 5356 in
2979 5319 3095 5373 qua
3127 5301 3271 5358 illud
3311 5305 3504 5358 actum

1846 5389 2023 5444 fuerit
2073 5406 2143 5442 XL
2191 5387 2408 5443 solidos
2450 5390 2751 5457 emendet;
2811 5396 2867 5445 et
2912 5392 3186 5464 episcopo
3241 5392 3505 5462 ejusdem

1847 5482 2012 5534 terrae
2043 5478 2332 5544 emendet,
2358 5493 2534 5532 manu
2571 5479 2807 5550 propria
2830 5479 3085 5551 jurando
3117 5498 3292 5554 super
3323 5479 3505 5535 altare

1851 5567 2027 5638 sedis,
2052 5571 2152 5623 aut
2184 5583 2359 5638 super
2390 5582 2504 5638 quo
2535 5566 2943 5642 liberavit,quo
2967 5570 3275 5644 episcopus
3303 5569 3505 5639 jusse-

1851 5656 1944 5727 rit,
1966 5657 2107 5733 quia
2138 5655 2394 5730 amplius
2424 5659 2735 5717 emendare
2764 5676 2880 5717 non
2911 5660 3119 5719 debeat
3164 5676 3269 5733 pro
3310 5660 3504 5716 trans-

3107 5876 3188 5940 Ἡ
