3946 6406
611 7 636 16 -ι
665 8 1006 20 ---—-—-——.____._
1023 18 1030 20 _
1055 20 1097 22 ,—

440 493 556 554 747

1177 495 1366 558 SJEG.
1411 495 1490 555 XI
1533 492 1765 558 AUCT.
1809 489 2124 557 INCERTI
2169 491 2364 556 ANNI
2409 488 2512 555 ET
2558 488 2858 556 SCRIPT.
2904 499 3128 550 ’AAEXII.

3733 487 3854 552 748

439 627 738 700 gressione
768 627 1413 697 excommunicationis;
1462 633 1561 684 aut
1607 628 1876 684 emendet
1924 627 1976 683 ei
2021 645 2094 683 XL
2120 631 2177 698 Α
2207 627 2435 683 nocenti
2462 631 2562 683 aut
2591 625 2885 683 innocenti
2916 626 3140 684 malum
3168 624 3412 699 ingerat,
3432 620 3548 681 nisi
3570 641 3705 681 eum
3727 624 3856 698 ipso

441 716 659 772 solidos
705 717 831 772 sine
878 721 1262 773 sacramento.
1294 717 1560 774 Dicimus
1607 718 1820 774 iterum
1865 720 1930 773 ut
1978 717 2101 772 haec

441 805 732 862 institutio
763 806 833 862 ab
865 806 1141 862 omnibus
1173 806 1422 863 ﬁrmiter
1453 810 1724 863 teneatur
1750 806 1904 863 sicut
1935 821 2105 877 supe-

441 893 565 950 rius
597 893 882 967 scriptum
912 899 1018 964 est,
1043 899 1252 967 preter
1297 911 1396 952 eos
1429 896 1530 968 qui
1561 897 1630 951 de
1661 912 1767 951 suo
1818 894 1983 950 alode
2013 897 2102 951 vel

440 983 565 1038 fevo
597 983 715 1038 sive
757 983 978 1056 baquia
1020 984 1391 1062 institutores
1423 984 1769 1062 exstiterint.
1795 986 1981 1051 Quam
2010 983 2101 1037 in-

440 1073 806 1129 stitutionem
838 1073 1174 1146 quicunque
1205 1078 1616 1145 transgressus
1649 1074 1841 1138 fuerit,
1867 1073 2102 1128 obedire

441 1160 645 1218 nolens
666 1162 1020 1234 supradictis
1041 1162 1540 1230 institutionibus,
1564 1163 1868 1235 presbyter
1895 1161 1947 1215 ei
1967 1160 2103 1215 mis.

441 1267 570 1306 sam
619 1268 735 1307 non
787 1255 1003 1318 cantet,
1057 1268 1245 1324 neque
1293 1252 1480 1308 ullum
1531 1269 1766 1309 sacrum
1815 1250 2096 1320 ofﬁcium,

441 1355 631 1411 neque
661 1341 1051 1396 communicet
1080 1357 1236 1409 eum,
1270 1340 1358 1396 vel
1391 1340 1652 1413 sepeliat,
1679 1357 1740 1396 se
1771 1340 2007 1396 sciente.
2041 1332 2102 1393 Si

440 1432 638 1482 autem
669 1427 946 1499 quislibet
993 1428 1307 1484 hominum
1339 1428 1427 1484 vel
1478 1429 1831 1484 feminarum
1876 1428 1947 1482 ab
1991 1427 2100 1482 hac

440 1514 532 1570 die
563 1523 620 1571 et
662 1517 938 1590 deinceps
972 1534 1122 1572 ausu
1165 1517 1477 1573 temerario
1528 1517 1708 1589 hujus
1753 1520 1965 1572 nostrae
2012 1517 2101 1571 in-

439 1604 766 1661 stitutionis
813 1605 1056 1662 violator
1103 1606 1407 1676 exstiterit,
1444 1605 1841 1662 anathematis
1871 1605 2102 1662 vinculo

439 1694 696 1764 feriatur,
733 1699 788 1750 et
821 1712 854 1750 a
884 1700 1089 1752 sancta
1121 1695 1224 1751 Dei
1274 1696 1534 1752 Ecclesia
1581 1694 1785 1768 procul
1833 1694 2102 1780 pellatur,

441 1788 496 1839 et
556 1784 628 1839 ab
689 1784 954 1840 omnium
1015 1789 1166 1840 coetu
1225 1784 1691 1841 Christianorum
1747 1785 1950 1840 tandiu
2010 1801 2102 1840 se-

443 1877 680 1944 paretur
722 1874 902 1929 donec
943 1875 1016 1930 ad
1059 1873 1518 1932 satisfactionem
1559 1873 1964 1931 indubitanter
2004 1888 2104 1929 ve-

445 1961 590 2016 niat.

1226 2052 1320 2108 IV.

539 2142 804 2212 Excerpta
825 2140 1048 2197 concilii
1075 2141 1221 2212 apud
1246 2145 1495 2196 sanctum
1522 2140 1817 2209 ngidium
1846 2138 2020 2194 habiti

1107 2228 1250 2268 anno
1283 2213 1442 2269 1056.

519 2300 601 2354 Ex
657 2299 898 2356 concilio
957 2301 1111 2373 apud
1165 2304 1432 2356 sanctum
1492 2299 1787 2372 {Egidium
1848 2302 2100 2372 peracto,

447 2389 548 2444 ubi
580 2389 731 2444 facta
758 2393 847 2444 est
894 2388 1191 2460 synodalis
1233 2388 1463 2445 collatio
1510 2388 1770 2456 Patrum,
1802 2387 2101 2460 episcopo-

445 2494 577 2532 rum
621 2477 890 2533 videlicet
930 2477 1363 2534 Gallicanorum
1404 2494 1556 2545 xxu;
1603 2493 1852 2548 quorum
1893 2476 2102 2532 unani-

443 2565 619 2621 miter
657 2582 975 2622 consensus
1016 2569 1072 2621 et
1109 2583 1214 2638 par
1259 2570 1458 2621 votum
1496 2565 1603 2620 hoc
1645 2563 1909 2618 definivit
1947 2563 2101 2636 quod

444 2652 540 2708 hic
569 2653 868 2710 titulatum
903 2655 1355 2710 memorandum
1397 2653 1774 2720 mandamus,
1809 2667 1942 2707 cum
1973 2668 2102 2724 per-

445 2743 607 2798 sonis
656 2743 997 2815 suppositis.
1031 2744 1098 2798 Hi
1145 2747 1330 2799 sunt:
1369 2741 1754 2798 Raimbaldus
1803 2741 2101 2797 Arelaten-

448 2832 553 2900 sis,
607 2831 1000 2906 Laudegarius
1039 2831 1415 2901 Viennensis,
1464 2847 1598 2886 cum
1639 2830 1844 2902 legatis
1885 2830 2102 2886 Narbo-

444 2920 644 2978 nensis
674 2922 872 2994 primae
904 2921 1172 2994 praesulis
1215 2920 1338 2976 vice
1371 2918 1774 2992 fungentibus,
1806 2919 2103 2976 Froterius

441 3009 879 3079 Nemausensie,
940 3011 1062 3082 Ugo
1101 3007 1478 3076 Uceticensis,
1513 3006 1825 3064 Wilelmus
1866 3008 2104 3064 Albien-

439 3097 544 3164 sis,
600 3101 939 3156 Bernardus
991 3095 1349 3164 Lutevensis,
1393 3095 1675 3152 Geraldus
1723 3096 2101 3183 Vivariensis,

447 3187 650 3244 Petrus
680 3187 980 3254 Vasensis,
1013 3185 1322 3241 Udalricus
1351 3185 1856 3254 Trieastrinensis,
1884 3187 2103 3243 Franco

445 3278 864 3345 Vendacensis,
887 3276 1152 3331 Clemens
1183 3274 1622 3345 Cavillonensis,
1647 3276 1850 3332 Petrus
1877 3278 2104 3348 Aquen-

454 3367 556 3435 sis,
616 3367 858 3423 Pontius
919 3364 1329 3433 Massiliensis,
1389 3365 1683 3421 Deodatus
1741 3365 2100 3436 Telonensis,
2135 3371 2177 3437 C

449 3454 802 3512 Gaucelinus
855 3452 1293 3524 Forojuliensis,
1350 3453 1612 3510 Andreas
1659 3453 1942 3523 Nieensis,
1992 3455 2107 3511 Du-

445 3546 668 3600 randus
696 3541 1026 3609 Vincensis,
1058 3543 1416 3599 Bertrandus
1448 3543 1753 3615 Regensis,
1786 3544 1907 3616 Ugo
1935 3548 2110 3601 Sena-

443 3632 678 3698 ciensis,
701 3630 941 3686 Pontius
987 3630 1361 3702 Glandensis,
1389 3637 1513 3705 Ugo
1540 3632 1874 3706 Dignensis.
1899 3633 1967 3688 Hi
1990 3650 2109 3689 om-

442 3738 546 3777 nes
577 3717 797 3776 collecti
831 3719 890 3775 in
915 3737 1098 3777 unum
1128 3721 1243 3778 tale
1276 3739 1381 3778 san
1395 3723 1577 3778 citum
1601 3722 1890 3778 dederunt
1919 3722 2110 3779 decre-

446 3814 595 3864 tum.

520 3898 571 3951 1.
605 3896 956 3954 Canonicam
996 3899 1438 3970 promulgantes
1480 3899 1856 3968 sententiam,
1890 3903 1956 3956 ut
1985 3900 2111 3956 loca

447 3986 880 4054 canonicorum,
921 4004 988 4043 ac
1032 3987 1455 4042 monachorum
1503 3988 1779 4054 coenobia,
1811 3988 1900 4044 vel
1940 3989 2108 4045 villas

449 4075 631 4131 sacris
689 4076 994 4131 ordinibus
1053 4075 1434 4130 ecclesiarum
1496 4076 1830 4146 designatas
1889 4077 2108 4133 nullius

449 4163 800 4222 conditionis
827 4181 1078 4236 persona
1107 4164 1380 4219 invadere
1407 4167 1588 4220 tentet
1614 4165 1686 4221 ab
1719 4165 1890 4222 hodie
1923 4183 2110 4238 usque

450 4252 510 4307 in
555 4257 901 4325 perpetuum
950 4269 1055 4309 nec
1102 4252 1521 4324 hospitalitatis
1571 4271 1769 4320 causa,
1804 4272 1907 4310 nec
1945 4255 2108 4326 inge-

454 4341 550 4396 nio
581 4341 748 4398 malae
771 4342 958 4398 insitae
994 4341 1459 4409 consuetudinis,
1485 4343 1598 4397 nisi
1633 4360 1766 4398 cum
1790 4343 2109 4399 necessitas

452 4431 724 4503 coegerit,
760 4435 1047 4502 quantum
1098 4431 1168 4485 ad
1229 4448 1404 4486 usum
1461 4435 1680 4487 naturae
1741 4432 2107 4504 pertinuerit,

456 4520 583 4576 sine
614 4520 1009 4577 destructione
1042 4519 1178 4575 loci.

524 4612 577 4664 2.
607 4609 897 4665 Ecclesias
929 4612 1120 4664 autem
1155 4627 1282 4681 quae
1313 4610 1470 4665 intra
1502 4609 1808 4665 castellum
1842 4613 1944 4665 aut
1973 4609 2109 4664 civi-

452 4701 630 4753 tatem
662 4697 911 4752 fundatm
934 4697 1167 4769 fuerint,
1184 4701 1285 4754 aut
1316 4698 1374 4753 in
1405 4697 1559 4754 villis
1579 4697 1666 4752 vel
1700 4697 1758 4751 in
1793 4698 1974 4770 agris,
1996 4697 2106 4752 illa:

452 4786 717 4842 videlicet
752 4787 809 4839 in
845 4786 1057 4857 quibus
1089 4787 1400 4843 aedilicium
1441 4788 1512 4841 ad
1546 4785 1959 4841 debellandum
1991 4804 2106 4842 non

454 4875 722 4938 habetur,
742 4874 831 4929 vel
862 4891 992 4930 cum
1025 4876 1239 4947 quibus
1270 4876 1480 4931 seditio
1512 4891 1626 4928 non
1659 4879 1977 4944 exercetur,
2003 4891 2107 4930 nec

453 4961 890 5017 malefactorum
923 4981 1200 5020 excursus
1227 4965 1301 5019 ad
1334 4963 1658 5032 reparanda
1678 4962 1894 5018 damna
1916 4964 2108 5019 civilia

450 5048 535 5104 vel
557 5051 890 5106 communia
908 5052 1029 5107 ﬁeri
1049 5052 1486 5124 comprobatur,
1503 5050 1652 5104 hanc
1673 5051 1795 5122 pari
1815 5067 2104 5108 consensu

452 5136 655 5194 volunt
683 5144 737 5195 et
765 5141 1052 5198 deﬁniunt
1080 5141 1294 5195 habere
1342 5141 1687 5209 potestatem
1720 5145 1786 5194 ut
1816 5158 1984 5196 nemo
2016 5142 2103 5196 in-

455 5230 543 5283 fra
573 5231 890 5285 terminum
929 5247 1040 5284 xxx
1069 5229 1408 5282 dextrorum
1440 5227 1593 5282 circa
1630 5227 1900 5284 ecclesias
1946 5233 2102 5302 posi-

455 5322 577 5372 tum
612 5318 933 5390 quidquam
967 5331 1170 5386 rapere
1201 5318 1537 5384 praesumat,
1571 5333 1676 5371 nec
1708 5317 1810 5371 ulli
1843 5335 2101 5390 personae

550 5424 599 5494 4)
631 5425 734 5494 Ap.
770 5422 1055 5494 Gratiani,
1089 5419 1178 5494 3_5,
1213 5436 1269 5489 q.
1301 5423 1378 5494 0.,
1412 5437 1536 5492 cap.
1571 5422 1633 5476 Si
1660 5422 1783 5494 duo.

550 5425 580 5478 4
631 5425 734 5494 Ap.
770 5424 1055 5486 Gratiam,
1089 5424 1178 5487 35,
1213 5436 1269 5489 q.
1301 5424 1378 5484 6.,
1412 5437 1536 5492 cap.
1571 5424 1633 5476 Si
1660 5424 1783 5477 duo.

527 5424 601 5571 E5;
625 5493 809 5571 Caroli
842 5489 1236 5571 Magni‘stirpe
1259 5492 1331 5546 ad
1353 5509 1625 5571 occasum
1657 5493 1993 5571 inclinante,
2013 5513 2102 5552 co-

454 5563 645 5632 mites,
671 5563 762 5638 sui
804 5563 1512 5638 provinciarumrectorcs
1543 5581 1640 5620 eas
1672 5564 1783 5638 sibi
1814 5569 2097 5638 tanquam

447 5630 702 5712 privatas
735 5630 1040 5712 facultates
1069 5630 1137 5712 in.
1155 5633 1573 5712 patrimonium
1598 5637 1890 5712 asciscere
1919 5630 2101 5711 empe-

446 5701 604 5778 runt.
630 5701 958 5778 Translatio
981 5701 1233 5778 regniad
1262 5705 1561 5778 Hugonem
1594 5706 1830 5763 illorum
1854 5701 2096 5766 conatus

447 5775 768 5859 plurimum
801 5773 1022 5848 adjuvit
1043 5773 1068 5831 Ξ
1081 5773 1384 5850 provinciae
1411 5795 1525 5838 non
1552 5779 1806 5853 amplius
1837 5796 1906 5842 ex
1936 5787 2095 5845 ante-

2210 717 2458 772 termino
2493 716 2830 772 malefactor
2859 717 3140 772 damnum
3172 715 3453 771 intulerit.
3487 715 3607 771 Hoc
3635 731 3861 772 excom-

2213 806 2518 861 municant
2547 807 2657 862 sub
2685 806 3052 862 anathemate
3081 806 3140 861 in
3171 809 3544 878 perpetuum.

2281 896 2332 948 3.
2368 894 2655 952 Militibus
2687 899 2884 951 autem
2916 895 3240 967 majoribus
3269 893 3357 950 vel
3388 893 3716 950 minoribus
3751 893 3862 949 hoc

2211 982 2575 1055 praecipiunt,
2602 987 2667 1038 ut
2697 984 2768 1038 ab
2799 983 2969 1039 hodie
2989 1000 3177 1057 usque
3198 983 3256 1038 in
3282 983 3646 1039 nativitatem
3669 982 3861 1039 sancti

2209 1071 2453 1126 Joannis
2484 1071 2684 1128 nullus
2705 1088 2870 1128 arma
2895 1072 3044 1128 ferre
3071 1077 3389 1145 praesumat
3415 1088 3770 1144 quacunque
3791 1072 3863 1128 de

2211 1177 2408 1228 causa,
2443 1161 2557 1217 nisi
2589 1161 2680 1217 sui
2713 1160 3001 1218 solutione
3029 1161 3308 1234 episcopi.

2283 1254 2423 1304 Data
2456 1248 2642 1322 pridie
2671 1250 2818 1306 Non.
2853 1248 3231 1322 Septembris.

2285 1409 2587 1465 Concilium
2619 1410 2910 1482 Trojanum
3225 1410 3292 1466 ab
3328 1411 3538 1468 Urbano
3565 1412 3614 1466 ΙΙ
3643 1425 3796 1467 αηηο

2281 1572 2446 1625 Anno
2477 1571 2793 1626 Dominicaa
2821 1571 3246 1627 Incarnationis
3278 1572 3437 1640 1093,
3469 1571 3792 1628 indictione
3823 1588 3865 1642 ι,

2214 1657 2581 1714 hebdomada
2623 1659 3089 1732 Quadragesimaa
3140 1661 3349 1732 prima,
3383 1678 3438 1718 γι
3471 1661 3611 1718 Idus
3643 1661 3865 1729 Martii,

2213 1748 2480 1802 convenit
2507 1749 2689 1819 Troja
2729 1749 2790 1804 in
2837 1748 3048 1820 Apulia
3093 1749 3403 1806 concilium
3451 1750 3866 1823 episcoporum

2212 1835 2330 1890 fere
2360 1853 2519 1903 Lxxv,
2553 1837 2834 1892 abbatum
2864 1855 2964 1893 xu.
2990 1839 3256 1895 Secundo
3285 1838 3482 1911 itaque
3505 1839 3616 1907 die,
3637 1856 3776 1896 cum
3795 1840 3868 1895 de

2214 1924 2569 1996 quibusdam
2599 1925 2754 1981 infra
2800 1927 3329 2000 consanguinitatis
3359 1927 3575 1984 lineam
3623 1928 3868 2000 copula-

2126 2004 2173 2068 B
2205 2013 2281 2068 tis
2313 2018 2506 2069 actum
2536 2014 2763 2084 fuisset,
2786 2017 3026 2073 tandem
3052 2017 3555 2074 consentientibus
3585 2018 3868 2074 omnibus

2210 2102 2319 2157 hoc
2349 2119 2526 2173 super
2555 2104 2640 2160 eis
2669 2103 2992 2176 capitulum
3024 2106 3460 2179 promulgatum
3490 2111 3600 2163 est.

2285 2193 2332 2245 1.
2367 2192 2633 2265 Episcopi
2683 2209 2934 2265 quorum
2964 2194 3276 2252 dicecesani
3331 2199 3470 2252 sunt
3523 2213 3624 2252 eos
3676 2209 3871 2267 usque

2210 2280 2269 2334 in
2302 2281 2676 2337 Pentecosten
2707 2282 2861 2339 trina
2902 2284 3277 2340 advocatione
3305 2285 3674 2341 conveniant.
3701 2285 3870 2339 Tunc

2211 2367 2260 2423 si
2284 2369 2398 2422 duo
2428 2368 2535 2422 viri
2554 2370 2650 2440 (4),
2673 2369 2762 2424 vel
2780 2374 2919 2436 tres,
2947 2372 3870 2445 consanguinitatemjurejuran-

2210 2458 2283 2512 do
2316 2457 2688 2524 ﬁrmaverint,
2720 2459 2810 2514 vel
2859 2459 3099 2532 ipsimet
3130 2461 3274 2517 forte
3321 2462 3572 2518 confessi
3622 2461 3870 2530 fuerint,

2212 2545 2482 2618 conjugia
2511 2546 2928 2605 dissolvantur.
2963 2550 3022 2605 Si
3053 2566 3186 2606 vero
3223 2553 3498 2606 neutrum
3531 2549 3869 2623 contigerit,

2211 2635 2468 2708 episcopi
2527 2651 2624 2691 eos
2682 2653 2785 2708 per
2837 2637 3196 2710 baptismum
3246 2639 3482 2707 Christi,
3527 2655 3632 2711 per
3689 2638 3872 2695 ﬁdem

2213 2723 2446 2793 Christi,
2479 2741 2580 2796 per
2626 2725 2844 2782 Christi
2889 2727 3204 2798 judicium,
3238 2728 3298 2783 in
3345 2744 3479 2784 vera
3528 2727 3874 2784 obedientia

2213 2814 2575 2869 obtestentur
2604 2817 2894 2885 quatenus
2919 2815 3114 2888 palam
3137 2816 3354 2873 faciant
3375 2820 3573 2872 utrum
3603 2833 3688 2885 se,
3717 2817 3875 2873 sicut

2213 2903 2370 2958 fama
2399 2907 2506 2971 est,
2538 2904 3006 2977 consanguineos
3045 2909 3485 2978 recognoscant.
3519 2905 3582 2960 Si
3621 2921 3874 2979 negave-

2213 2991 2351 3057 rint,
2386 2991 2497 3046 sibi
2544 2991 2689 3063 ipsis
2748 2992 3118 3066 relinquendi
3166 2999 3326 3066 sunt,
3357 2995 3440 3050 ita
3491 2997 3692 3050 tamen
3726 2999 3794 3050 ut
3823 2994 3876 3050 si

2215 3078 2374 3135 aliud
2405 3080 2462 3134 in
2495 3081 2849 3137 conscientia
2878 3081 3154 3151 habeant,
3185 3101 3246 3140 se
3277 3101 3312 3139 a
3339 3082 3648 3139 liminibus
3679 3082 3877 3140 Eccle-

2213 3169 2332 3239 siae,
2352 3186 2386 3224 a
2415 3185 2652 3241 corpore
2681 3173 2738 3226 et
2767 3171 3052 3244 sanguine
3084 3173 3335 3242 Domini,
3353 3190 3388 3229 a
3415 3172 3679 3229 ﬁdelium
3710 3189 3876 3229 com-

2214 3257 2491 3313 munione
2529 3259 2793 3315 noverint
2839 3264 3192 3332 segregatos,
3227 3265 3402 3332 atque
3450 3261 3705 3318 infames
3737 3263 3870 3318 effe-

2217 3349 2360 3414 ctos,
2385 3347 2567 3402 donec
2606 3348 2676 3403 ab
2717 3347 2920 3404 incesti
2961 3349 3216 3406 facinore
3245 3350 3535 3406 desinant.
3570 3351 3630 3406 Si
3676 3368 3741 3407 se
3774 3353 3875 3423 ju-

2217 3434 2368 3490 dicio
2397 3435 2803 3507 episcoporum
2850 3438 3300 3510 segregaverint,
3335 3440 3384 3494 si
3433 3439 3677 3511 juvenes
3708 3445 3873 3508 sunt,

2217 3522 2330 3579 alia
2359 3524 2734 3581 matrimonia
2761 3527 3105 3583 contrahere
3134 3545 3249 3583 non
3280 3527 3723 3600 prohibeantur.

2287 3615 2339 3667 2.
2373 3613 2430 3666 Si
2489 3613 2621 3684 quis
2675 3615 2919 3670 treviam
2976 3615 3078 3671 Dei
3138 3616 3392 3690 fregerit,
3453 3633 3643 3689 usque
3698 3617 3875 3674 tertio

2217 3701 2289 3756 ad
2343 3701 2798 3758 satisfactionem
2857 3704 2930 3759 ab
2987 3704 3257 3776 episcopo
3313 3709 3670 3782 moneatur.
3704 3707 3875 3770 Quod

2217 3790 2267 3845 si
2314 3806 2419 3844 nec
2476 3791 2644 3846 tertio
2702 3792 3038 3848 satisfacere
3095 3794 3475 3860 consenserit,
3532 3793 3875 3868 episcopus,

2215 3877 2305 3934 vel
2365 3895 2500 3933 cum
2560 3879 2990 3950 metropolitani
3048 3881 3309 3950 consilio,
3370 3886 3472 3938 aut
3526 3900 3664 3939 cum
3725 3884 3877 3940 duo-

2217 3967 2330 4022 bus
2359 3971 2462 4022 aut
2502 3985 2617 4023 uno
2646 3968 2970 4024 vicinorum
3019 3970 3447 4044 episcoporum,
3481 3971 3540 4026 in
3591 3971 3881 4028 rebellem

2217 4055 2607 4112 anathematis
2655 4058 3006 4113 sententiam
3055 4059 3234 4128 dicat,
3264 4065 3320 4116 et
3365 4077 3467 4132 per
3515 4060 3882 4137 scripturam

2217 4143 2504 4216 episcopis
2536 4145 2995 4219 circumquaque
3038 4148 3359 4204 denuntiet.
3398 4148 3490 4204 Sic
3531 4164 3881 4204 excommu-

2218 4232 2476 4288 nicatum
2533 4235 2939 4307 episcoporum
3007 4235 3207 4292 nullus
3265 4237 3323 4292 in
3390 4237 3882 4294 communionem

2217 4322 2530 4394 suscipiat;
2593 4324 2731 4392 imo,
2789 4326 3078 4396 scriptura
3148 4330 3438 4398 suscepta,
3512 4327 3883 4382 sententiam

2218 4411 2468 4484 quisque
2524 4414 2848 4470 conﬁrmet.
2883 4415 2941 4470 Si
2987 4415 3121 4486 quis
3177 4414 3344 4471 aliter
3403 4416 3885 4488 praesumpserit,

2217 4500 2439 4556 ordinis
2471 4501 2562 4556 sui
2593 4501 2848 4572 periculo
2899 4503 3244 4574 subiacebit.
3271 4505 3638 4576 Responsum
3674 4509 3770 4561 est
3804 4505 3882 4561 ab

2217 4587 2491 4644 omnibus
2526 4606 2538 4643 :
2572 4591 2716 4648 Fiat.

2990 4683 3085 4739 VI.

2933 4789 3087 4842 pace,
3139 4787 3264 4844 qua?
3305 4774 3465 4843 vulgo
3497 4773 3721 4829 TREVIA
3771 4773 3887 4830 DEI

2287 4837 2491 4916 dicitur
2520 4840 2623 4912 (5),
2663 4837 3025 4916 constituti-im
3066 4837 3101 4899 ἐι
3148 4837 3422 4900 ’Ψίίιεινηὸ
3458 4847 3694 4910 seniore,
3744 4863 3888 4916 rege

2285 4910 2584 4987 Anglorum
2615 4929 2680 4967 ac
2706 4914 2848 4987 duce
2874 4914 3394 4987 Iliorthmannorum,
3434 4917 3698 4987 episcopis
3727 4910 3890 4973 No}-

2286 4933 2584 4978 Anywrum
2615 4933 2680 4967 ac
2706 4933 2836 4968 (Luce
2874 4933 3394 4982 normmannorum,
3434 4933 3462 4970 e
3501 4933 3528 4970 ι

2286 4981 2606 5052 thmanniae,
2640 4984 2784 5055 apud
2815 4985 3108 5040 Cadomum
3137 5004 3228 5042 an.
3265 4988 3402 5042 1042
3432 4933 3528 5058 (ἔ).

2251 5069 2458 5138 (Mnus:
2493 5071 2695 5127 Concil.
2728 5076 2768 5126 t.
2803 5073 2943 5142 XIX,
2977 5074 3083 5130 col.
3106 5075 3213 5130 597
3242 5093 3309 5130 ex
3342 5074 3590 5143 Bessum,
3619 5075 3837 5133 Concil.

2807 5162 2960 5216 prov.
2996 5147 3262 5218 Rothom.)

2217 4767 2488 4837 Synodale
2516 4767 2788 4824 decretum
2829 4771 2893 4826 de

2284 5231 2514 5287 Fratres
2545 5232 2603 5286 in
2637 5232 2880 5289 Domino
2911 5235 3265 5304 charissimi,
3290 5235 3349 5290 in
3375 5251 3514 5307 pace
3537 5252 3666 5307 quae
3687 5235 3887 5310 vulgo

2212 5319 2427 5374 dicitur
2458 5321 2639 5376 trevia
2686 5323 2807 5389 Dei,
2839 5327 2896 5379 ct
2927 5341 3052 5396 quae
3099 5325 3191 5380 die
3224 5324 3493 5381 Mercurii
3545 5324 3666 5380 sole
3718 5327 3893 5383 occi-

2213 5426 2429 5503 riorum
2461 5427 2654 5500 legum
2685 5431 3026 5503 auctoritate
3056 5431 3318 5499 directae;
3355 5431 3455 5487 sed
3485 5431 3739 5503 quisque
3772 5450 3887 5492 res

2210 5499 2399 5570 magis
2412 5517 2479 5555 ex
2494 5499 2798 5556 commodo
2813 5518 2988 5573 quam
3003 5520 3072 5558 ex
3085 5520 3250 5575 aequo
3264 5499 3532 5561 ordinare
3548 5499 3880 5630 ges‘gebat.

3706 5592 3880 5630 icino

3706 5592 3881 5634 101110

2277 5713 2353 5780 (6)
2385 5711 2478 5767 Sic
2509 5711 2835 5789 restituitur
2883 5714 3090 5789 titulus
3140 5733 3210 5789 ex
3255 5733 3366 5773 ms.
3419 5716 3478 5773 S.
3530 5716 3882 5789 Michaelis,

2205 5798 2460 5858 quocum
2491 5788 2695 5844 caetera
2723 5789 2863 5846 sunt
2900 5786 3134 5860 collata,
3166 5787 3346 5849 simul
3393 5793 3452 5848 et
3501 5805 3638 5850 cum
3667 5786 3884 5867 Bigot;
