3946 6364
118 441 277 503 -749

1276 442 1591 509 MONUM.
1636 446 1739 507 DE
1781 444 2102 509 TREUGA
2144 445 2450 510 DOMINI.

3447 450 3570 514 ’150

149 574 325 631 dente
354 571 583 646 incipit,
616 575 674 629 et
698 573 792 630 die
838 574 1009 632 Luna
1041 575 1163 633 sole
1194 581 1469 634 nascente
1502 577 1654 646 finit,
1688 577 1809 634 haec
1840 580 1894 646 Α
1923 580 2262 652 episcopatu
2295 578 2442 635 nihil
2466 578 2600 652 plus
2622 594 2799 653 quam
2818 580 2930 637 sibi
2947 596 3015 639 ac
3042 580 3168 652 suis
3183 580 3350 654 equis
3374 599 3572 649 neces-

149 678 283 735 que
297 661 489 719 dicam
499 661 665 718 vobis
676 665 1118 736 promptissima
1129 669 1324 721 mente
1336 665 1547 722 dehinc
1559 666 1618 722 in
1632 671 1804 723 antea

149 751 377 808 debetis
408 751 733 811 observare.
777 752 984 810 Nullus
1006 754 1201 823 homo,
1236 772 1342 812 nec
1373 756 1591 813 femina
1618 756 1805 813 homi-

149 856 288 897 nem
316 844 422 897 aut
452 841 732 897 feminam
770 858 1034 915 unquam
1067 842 1327 912 assaliat,
1361 860 1467 900 nec
1512 844 1801 913 vulneret,

150 945 260 988 nec
289 929 540 998 occidat,
564 946 668 987 nec
690 930 1139 998 castellum,nec
1167 932 1443 1004 burgum,
1466 949 1573 989 nec
1603 932 1802 989 villam

147 1018 210 1074 in
242 1018 357 1076 hoc
384 1018 577 1093 spatio
616 1023 826 1092 quater
854 1020 1082 1076 dierum
1130 1024 1187 1076 et
1234 1021 1494 1094 quinque
1541 1021 1804 1077 noctium

148 1106 412 1177 assaliat,
428 1124 533 1164 nec
554 1109 937 1181 deprmdetur,
966 1126 1068 1165 nec
1090 1110 1302 1182 capiat,
1336 1126 1441 1166 nec
1467 1111 1666 1167 ardeat
1685 1109 1805 1166 ullo

149 1197 408 1271 ingenio,
440 1201 543 1254 aut
568 1196 863 1265 violentia,
914 1201 1016 1255 aut
1047 1198 1246 1270 aliqua
1282 1199 1504 1254 fraude.
1560 1200 1723 1264 Quod
1756 1199 1805 1255 si

150 1284 387 1358 aliquis,
429 1286 585 1358 quob
618 1286 789 1353 absit,
823 1286 987 1343 illam
1018 1304 1132 1343 non
1165 1273 1427 1344 tenendo
1447 1306 1572 1360 quae
1603 1287 1802 1360 praeci-

150 1374 351 1446 pimus
373 1374 709 1447 infregerit:
743 1375 793 1431 si
824 1393 937 1432 non
964 1394 1077 1432 xxx
1096 1393 1385 1432 annorum
1404 1376 1803 1449 paenitentiam

150 1463 209 1518 in
242 1462 445 1520 exsilio
468 1464 687 1533 iecerit,
720 1467 777 1519 et
808 1467 1123 1537 antequam
1141 1466 1214 1521 ab
1245 1467 1583 1538 episcopatu
1605 1470 1804 1521 nostro

149 1556 336 1621 exeat,
369 1553 659 1626 quidquid
682 1553 817 1609 fecit
845 1559 1050 1610 contra
1079 1570 1306 1626 pacem,
1325 1555 1737 1620 emendaverit,
1772 1571 1806 1610 a

148 1641 399 1698 Domino
431 1642 548 1699 Deo
568 1642 647 1698 sit
667 1643 1229 1709 excommunicatus,
1258 1648 1315 1699 et
1331 1660 1364 1699 a
1394 1647 1515 1698 tota
1529 1643 1805 1700 Christia-

145 1731 331 1787 nitate
352 1731 429 1787 sit
449 1734 773 1802 separatus.
801 1730 1167 1803 Quicumque
1181 1748 1314 1787 vero
1337 1731 1420 1786 illi
1443 1731 1643 1802 aliqua
1666 1732 1724 1786 in
1744 1747 1805 1787 rc

144 1819 686 1887 communicaverit,
712 1823 815 1875 aut
844 1818 1159 1875 consilium
1189 1821 1309 1876 sive
1322 1820 1680 1891 adjutorium
1703 1821 1801 1875 de-

145 1908 318 1976 derit,
345 1912 447 1965 ant
468 1908 658 1965 ullum
680 1908 1065 1982 colloquium,
1088 1909 1203 1966 nisi
1220 1912 1286 1964 ut
1307 1910 1380 1965 ad
1401 1908 1800 1981 paenitentiam

139 1999 365 2068 veniat,
394 2001 453 2054 et
474 2002 541 2053 ut
568 1998 791 2053 dictum
842 2000 950 2065 est,
984 1998 1058 2053 ab
1104 1997 1215 2054 hoc
1264 1996 1605 2070 episcopatu
1636 2002 1803 2054 exeat

143 2087 440 2155 habuerit,
473 2085 744 2143 similiter
790 2086 868 2142 sit
896 2086 1461 2155 excommunicatus,
1500 2087 1684 2142 donec
1728 2089 1802 2143 ad

143 2175 615 2233 emendationem
652 2175 895 2231 venerit.
946 2175 1107 2239 Quod
1141 2175 1191 2229 si
1232 2175 1332 2231 ille
1384 2179 1603 2232 sanctae
1640 2175 1802 2247 pacis

143 2263 391 2322 violator
415 2263 803 2333 miserrimus,
837 2263 1186 2336 priusquam
1209 2267 1445 2335 accepta
1460 2264 1802 2335 poenitentia

142 2372 256 2411 xxx
287 2370 576 2412 annorum
590 2352 1073 2421 exsulmoriatur,
1109 2351 1309 2408 nullus
1325 2352 1793 2408 Christianorum

142 2448 463 2517 presumat
496 2442 666 2499 illum
698 2442 956 2513 visitare,
988 2445 1091 2497 aut
1118 2458 1330 2515 corpus
1375 2458 1411 2497 a
1438 2441 1563 2497 loco
1596 2442 1656 2497 in
1682 2460 1797 2514 quo

135 2533 394 2605 jacuerit
423 2532 645 2601 tollere,
680 2548 787 2588 nec
826 2531 1150 2604 quidquam
1194 2548 1263 2587 ex
1306 2531 1645 2587 substantiae
1676 2549 1794 2587 sum

139 2622 315 2680 bonis
347 2623 629 2695 accipere.

208 2716 520 2779 Praeterea,
575 2712 803 2778 tratres,
836 2710 988 2767 hanc
1036 2724 1240 2782 pacem
1288 2713 1344 2765 et
1377 2709 1617 2765 treviam
1667 2710 1789 2779 Dei,

139 2801 211 2858 de
240 2801 410 2858 terris
437 2817 503 2857 ac
534 2801 605 2857 de
653 2798 878 2868 bestiis,
909 2798 1153 2872 insuper
1199 2800 1269 2854 de
1301 2799 1474 2855 rebus
1515 2799 1790 2856 omnibus

140 2907 272 2964 quae
299 2890 504 2946 haberi
549 2892 818 2963 possunt,
868 2887 1145 2944 tenebitis
1192 2887 1343 2943 inter
1369 2904 1490 2942 vos.
1545 2888 1706 2952 Quod
1738 2888 1788 2944 si

139 2980 275 3053 quis
302 2983 406 3035 aut
435 2978 698 3051 aliquam
747 2977 1018 3044 bestiam,
1049 2982 1150 3033 aut
1177 2976 1354 3033 etiam
1396 2975 1632 3032 obolum
1668 2977 1788 3034 sive

134 3069 554 3126 vestimentum
582 3068 644 3123 in
674 3068 787 3124 ista
816 3084 957 3141 pace
985 3065 1185 3122 tulerit
1213 3065 1407 3134 alieni,
1442 3063 1518 3121 sit
1549 3083 1783 3122 excom-

138 3159 475 3215 municatus
507 3157 693 3214 donec
722 3158 794 3213 ad
825 3155 1295 3212 emendationem
1315 3154 1527 3210 veniat.
1549 3156 1710 3221 Quod
1733 3156 1784 3211 si

136 3249 207 3304 ad
240 3247 718 3305 emendationem
743 3245 992 3302 voluerit
1026 3245 1243 3311 venire,
1278 3244 1533 3317 primum
1577 3245 1783 3301 reddat

1834 1948 1881 2013 B

1912 667 2068 724 saria
2110 669 2183 724 ad
2232 668 2449 723 victum
2502 668 2810 742 accipiant.
2863 671 3211 727 Mercatores
3261 674 3481 740 autem,
3521 680 3581 733 et

1912 775 2122 814 omnes
2139 757 2408 815 homines
2430 757 2532 830 qui
2554 759 2625 814 ab
2651 758 2783 815 aliis
2800 759 3140 833 regionibus
3156 776 3260 834 per
3272 777 3375 818 vos
3394 764 3584 818 trans-

1918 846 2121 912 ierint,
2142 862 2343 918 pacem
2375 845 2630 902 habeant
2660 862 2694 901 ο,
2722 845 2910 903 vobis.
3004 916 3007 919 _

1987 934 2153 991 Hanc
2183 934 2359 990 etiam
2384 934 2487 991 Dei
2509 932 2755 991 treviam
2780 935 2852 990 ab
2883 934 3049 992 initio
3071 936 3364 994 Adventus
3387 934 3582 994 Domi-

1919 1023 2035 1079 nici
2064 1022 2339 1096 usquead
2358 1027 2589 1080 octavas
2611 1024 2969 1097 Epiphaniae,
2995 1028 3053 1080 et
3081 1043 3117 1082 a
3134 1025 3337 1099 Capite
3355 1024 3577 1098 Jejunii

1913 1129 2103 1185 usque
2127 1113 2199 1167 ad
2231 1117 2465 1169 octavas
2496 1112 2752 1181 Pascha,
2787 1116 2845 1168 et
2873 1130 2907 1169 a
2945 1113 3155 1170 diebus
3185 1114 3576 1187 Rogationum

1912 1201 2328 1257 inchoantibus
2377 1218 2569 1273 usque
2633 1203 2706 1257 ad
2755 1206 2988 1259 octavas
3042 1202 3415 1261 Pentecostes
3473 1219 3578 1277 per

1913 1306 2117 1345 omnes
2151 1288 2277 1344 dies
2306 1290 2599 1346 tenebitis.
2623 1290 2985 1362 Presbyteris
3015 1296 3212 1348 autem
3241 1292 3576 1366 praecipitur

1915 1383 1978 1433 ut
2006 1378 2066 1433 in
2094 1376 2506 1434 festivitatibus
2537 1395 2604 1433 ac
2634 1379 2844 1435 diebus
2869 1380 3192 1436 Dominicis
3213 1395 3418 1437 omnes
3438 1380 3573 1437 illos

1913 1467 2012 1540 qui
2036 1466 2186 1521 hanc
2200 1483 2401 1539 pacem
2422 1467 2875 1536 obscrvaverint,
2899 1484 3003 1540 pro
3021 1467 3140 1524 illis
3163 1484 3365 1541 preces
3393 1484 3570 1542 agen-

1911 1556 2006 1620 do,
2037 1555 2384 1611 benedicant
2412 1574 2424 1624 ;
2458 1555 2591 1611 illos
2621 1570 2755 1612 vero
2781 1555 2884 1627 qui
2914 1555 3277 1629 infregerint,
3307 1561 3410 1613 aut
3432 1558 3570 1630 quis

1911 1645 1967 1698 in
1976 1645 2323 1701 fractoribus
2337 1644 3210 1714 censenserint,maledicant.Si
3224 1644 3358 1718 quis
3370 1651 3568 1705 autem

1912 1750 1972 1789 sc
1998 1750 2200 1805 pacem
2235 1733 2562 1790 nescienter
2587 1733 2797 1790 dixerit
2822 1734 3133 1807 infregisse
3164 1734 3329 1807 prius
3366 1752 3567 1793 sacra-

1913 1826 2178 1878 mentum
2193 1822 2384 1891 faciat,
2409 1821 2784 1894 calidumque
2806 1822 2883 1895 (7)
2893 1822 3104 1894 judicii
3120 1823 3341 1879 ferrum
3355 1827 3564 1897 portet-

2673 1929 2797 1985 VII.

1914 2020 2298 2075 Germanicum
2352 2021 2550 2093 incerti
2591 2020 2696 2074 loci
2743 2019 3041 2093 concilium
3084 2035 3190 2093 quo
3242 2021 3427 2077 Τνευω
3465 2020 3567 2093 Dei

1978 2093 2076 2161 pia
2104 2095 2157 2145 et
2184 2098 2373 2145 sancta
2417 2091 2690 2145 institutio
2732 2091 2985 2147 stabilita
3032 2091 3128 2161 est,
3160 2107 3306 2148 anno
3344 2092 3565 2147 circiter

1986 2164 2117 2218 1041
2150 2164 2498 2220 celebratum.

1982 2269 2207 2341 (MANSI,
2244 2270 2449 2325 Concil.
2482 2272 2522 2324 t.
2545 2268 2688 2340 XIX,
2721 2268 2830 2326 cal.
2862 2269 2991 2338 593,
3023 2284 3091 2325 ex
3121 2286 3233 2326 ms.
3262 2269 3565 2344 Talverae.)

1980 2358 2043 2413 In
2077 2358 2310 2414 nomine
2342 2358 2442 2413 Dei
2492 2357 2679 2413 Patris
2732 2358 3173 2430 omnipotentis,
3223 2362 3281 2415 et
3322 2357 3475 2428 Filii,
3507 2361 3566 2415 et

1906 2446 2155 2518 Spiritus
2185 2447 2392 2502 sancti.
2437 2446 2843 2518 Raginbaldus
2871 2446 3230 2503 Arelatensis
3277 2446 3562 2519 archiepi-

1907 2554 2141 2609 scopus,
2191 2553 2325 2591 cum
2380 2535 2688 2592 Benedicto
2744 2535 3154 2606 Avenionensi,
3211 2540 3268 2591 et
3322 2536 3564 2592 Nitardo

1902 2625 2133 2682 Nicensi
2189 2624 2503 2698 episcopis,
2572 2641 2796 2680 necnon
2861 2628 2918 2680 et
2972 2623 3295 2680 venerabili
3352 2623 3563 2681 abbate

1903 2716 2123 2771 domno
2153 2715 2231 2786 (8)
2262 2713 2505 2770 Odilone
2537 2731 2657 2770 una
2685 2729 2819 2769 cum
2845 2713 3125 2769 omnibus
3154 2711 3465 2785 episcopis,
3502 2715 3562 2769 et

1904 2805 2237 2871 abbatibus,
2270 2806 2327 2859 et
2356 2806 2567 2859 cuncto
2598 2802 2751 2859 clero
2788 2820 2892 2876 per
2920 2802 3257 2859 universam
3305 2801 3555 2859 Galliam

1899 2891 2322 2962 habitantibus,
2386 2890 2662 2947 omnibus
2710 2890 3185 2963 archiepiscopis,
3234 2888 3549 2965 episcopis,

1896 2980 2273 3053 presbyteris,
2306 2983 2363 3036 et
2394 2983 2604 3036 cuncto
2625 2979 2778 3037 clero
2801 2997 2903 3053 per
2930 2983 3116 3036 totam
3143 2978 3373 3035 Italiam
3395 2994 3551 3035 com-

1895 3071 2284 3137 morantibus,
2318 3070 2506 3142 gratia
2531 3069 2697 3125 vobis
2726 3073 2782 3125 et
2805 3086 2916 3142 pax
2945 3087 2980 3125 a
3016 3069 3133 3127 Deo
3154 3069 3323 3125 Patre
3350 3067 3538 3125 omni-

1893 3164 2144 3234 potente,
2174 3160 2274 3232 qui
2299 3162 2407 3230 est,
2440 3162 2496 3214 et
2524 3158 2625 3230 qui
2654 3162 2799 3226 erat,
2827 3162 2885 3214 et
2914 3158 3016 3231 qui
3044 3162 3327 3215 venturus
3357 3161 3465 3214 est.

1963 3252 2259 3323 Rogamus
2287 3266 2409 3317 vos,
2434 3252 2491 3303 et
2518 3248 2897 3303 obsecramus
2927 3264 3154 3315 omnes,
3186 3247 3287 3322 qui
3316 3246 3538 3303 timetis

135 3338 291 3410 quod
325 3337 540 3410 rapuit,
572 3339 674 3391 aut
725 3338 955 3391 tantum
985 3333 1190 3407 quanti
1239 3316 1365 3389 erat
1406 3333 1576 3405 pretii
1623 3335 1779 3405 quod
1810 3316 1852 3384 C
1894 3316 2478 3407 Deum,etcreditiSin
2496 3336 2926 3409 cum,etipsius
2943 3316 3233 3409 sanguine
3254 3335 3542 3407 redempti

136 3426 402 3483 abstulit.
433 3425 653 3482 Dehinc
697 3442 777 3482 v11
808 3424 977 3481 annis
1007 3423 1283 3496 pcnniteat
1308 3422 1458 3478 infra
1486 3422 1782 3495 episcopa-

133 3521 285 3572 tum.
319 3515 380 3573 Si
413 3519 609 3571 autem
659 3514 948 3571 moriatur
991 3512 1336 3585 priusquam
1375 3511 1699 3567 satisfaciat
1728 3515 1784 3567 et

135 3604 542 3677 ptenitentiam
564 3607 779 3672 sumat,
810 3619 924 3659 non
954 3600 1287 3674 sepeliatur,
1313 3617 1417 3655 nec
1448 3617 1482 3655 a
1510 3599 1635 3655 loco
1667 3616 1782 3671 quo

128 3694 273 3749 obiit
302 3697 624 3762 moveatur,
660 3692 770 3748 nisi
802 3708 907 3765 pro
952 3690 1053 3746 illo
1084 3694 1355 3762 parentes
1386 3689 1513 3761 ejus
1553 3689 1780 3745 satisfe-

126 3783 315 3839 cerint
345 3781 417 3852 ei,
449 3782 542 3839 cui
572 3780 851 3853 injuriam
883 3779 1037 3836 iecit.
1092 3779 1372 3834 Caeterum
1406 3778 1465 3832 in
1500 3778 1609 3833 hac
1641 3795 1795 3851 pace,

126 3871 331 3929 nullus
361 3872 477 3928 nisi
523 3887 623 3927 rex
664 3874 765 3927 aut
793 3885 987 3926 comes
1032 3868 1211 3939 hujus
1240 3867 1441 3939 patria:
1472 3866 1782 3929 caballica-

125 3962 349 4017 tionem
405 3964 506 4016 aut
548 3958 929 4015 hostilitatem
981 3957 1195 4013 faciat:
1245 3959 1302 4010 et
1347 3955 1682 4027 quicunque
1719 3955 1780 4009 in

127 4047 571 4107 caballicatione
618 4052 721 4105 aut
764 4046 1084 4103 hostilitate
1134 4044 1285 4119 regis
1334 4045 1528 4112 tuerit,
1563 4044 1623 4100 in
1670 4044 1780 4101 hoc

128 4175 332 4231 Vicine
363 4174 623 4230 vicinum
656 4173 932 4241 invidere,
966 4172 1120 4228 rixas
1152 4186 1400 4240 movere,
1437 4187 1665 4242 pugnas
1692 4169 1778 4224 in-

128 4247 315 4302 vicem
364 4245 728 4301 committere
761 4245 817 4299 in
866 4260 1089 4299 morem
1139 4242 1387 4297 devenit.
1440 4242 1778 4313 Magnatum

133 4317 398 4390 exemplo
417 4318 775 4390 privatorum
792 4332 999 4388 pugnae
1017 4319 1071 4369 et
1085 4314 1237 4390 bella
1248 4313 1414 4386 quasi
1429 4312 1776 4390 domestica;

134 4389 288 4445 faida
303 4385 482 4460 quam
495 4385 827 4460 vocitabant
837 4385 971 4460 ante
984 4386 1153 4458 quasi
1178 4385 1529 4460 intermotua
1551 4385 1777 4460 revixit,

131 4465 187 4517 et
217 4454 341 4531 quo
365 4459 543 4531 semel
564 4459 712 4531 quis
738 4454 1074 4531 quempiam
1106 4457 1433 4531 occidisset,
1468 4454 1781 4531 prOpinqui

132 4478 187 4517 et
258 4478 335 4516 uo
365 4478 543 4517 semel
575 4478 709 4531 quis
738 4478 1074 4531 quemplam
1106 4478 1433 4522 occmlssct,
1468 4478 1779 4527 proplnqm

132 4478 351 4588 caedem
373 4530 597 4597 ulcisci,
628 4529 761 4586 etin
791 4530 1107 4585 vindictam
1127 4529 1323 4600 ipsum
1346 4528 1779 4600 interfectorem

131 4603 220 4660 vel
247 4602 524 4675 quemvis
538 4619 607 4658 ex
628 4602 770 4675 ejus
794 4617 1004 4675 genere
1036 4599 1275 4675 impune
1305 4599 1561 4675 occidere
1594 4614 1780 4669 coepe-

1894 3428 2054 3495 estis,
2092 3432 2156 3482 ut
2184 3425 2433 3481 caveatis
2464 3428 2521 3481 et
2540 3424 2894 3497 provideatis
2924 3441 3025 3481 vos
3050 3426 3123 3481 ad
3144 3424 3395 3482 salutem
3420 3423 3542 3493 ani-

1893 3530 2124 3569 marum
2173 3516 2229 3569 et
2273 3529 2604 3584 corporum,
2646 3515 2704 3567 et
2752 3512 3081 3584 sequamini
3136 3513 3385 3585 vestigia
3417 3512 3538 3579 Dei,

1893 3620 2093 3676 pacem
2121 3603 2403 3657 habentes
2433 3602 2504 3656 ad
2524 3600 2789 3669 invicem,
2818 3603 2884 3656 ut
2900 3616 3036 3656 cum
3056 3600 3184 3673 ipso
3198 3599 3541 3657 mereamini

1892 3709 2117 3765 pacem,
2141 3696 2196 3746 et
2224 3689 2704 3763 tranquillitatem
2726 3694 3067 3761 perpetuam
3088 3689 3408 3763 possidere.
3432 3690 3541 3747 Re-

1892 3781 2063 3853 cipite
2095 3796 2251 3853 ergo,
2284 3784 2341 3833 et
2388 3782 2578 3835 tenete
2624 3794 2848 3850 pacem,
2881 3782 2938 3834 et
2965 3777 3131 3834 illam
3161 3782 3383 3834 trevam
3411 3776 3536 3847 Dei,

1891 3888 2068 3942 quam
2102 3875 2156 3925 et
2178 3886 2303 3940 nos,
2331 3868 2527 3923 divina
2554 3867 2877 3939 inspirante
2892 3866 3376 3923 misericordiade
3396 3866 3539 3923 coelo

1889 3959 2056 4015 nobis
2086 3958 2498 4014 transmissum
2509 3957 2634 4028 jam
2668 3956 3002 4029 accepimus
3025 3960 3085 4012 et
3111 3954 3357 4013 firmiter
3378 3960 3539 4012 tene-

1890 4064 2043 4115 mus,
2078 4047 2160 4103 ita
2180 4045 2578 4114 constitutam,
2611 4047 2668 4099 et
2697 4043 3067 4117 dispositam,
3094 4043 3363 4101 videlicet
3381 4047 3447 4100 ut
3465 4043 3538 4101 ab

1888 4178 1991 4228 aut
2004 4171 2187 4228 exsilii
2206 4170 2465 4243 poenave]
2481 4169 3083 4243 excommunicatione
3100 4168 3534 4243 plectebantur:

1890 4246 2007 4324 imo
2026 4244 2189 4324 apud
2206 4239 2529 4324 scriptores.
2548 4241 2706 4324 illius
2736 4241 2838 4296 aevi
2859 4240 3075 4324 legitur
3097 4239 3383 4324 plurimos
3401 4240 3536 4323 ipso

1890 4317 2006 4372 Deo
2036 4311 2261 4370 vindice
2279 4311 2625 4395 prostratos.
2651 4313 2777 4368 Non
2799 4311 3003 4369 eodem
3024 4311 3287 4437 tempiore
3317 4311 3535 4395 ubique

1890 4392 2163 4437 suscenta
2208 4387 2339 4437 fuit.
2401 4388 2567 4437 Anno
2615 4384 2719 4437 997
2778 4386 3104 4437 Dagbertus
3202 4388 3535 4437 1tur1cenms

1890 4392 2163 4458 suscepta
2208 4385 2339 4440 fuit.
2401 4388 2567 4439 Anno
2615 4385 2719 4439 997
2778 4386 3104 4457 Dagbertus
3161 4385 3538 4439 Bituricensis

1890 4459 2174 4537 archiep._
2208 4457 2474 4537 chartam
2532 4456 2603 4536 de
2657 4460 2863 4537 treuga
2899 4460 2970 4537 _et
3019 4471 3160 4528 pace
3204 4455 3540 4537 g‘W‘idone

1887 4524 2450 4607 {iniciensialiisque
2480 4527 2771 4607 episcoRis
2794 4524 3179 4607 factam—cum
3204 4524 3538 4607 Thepbaldo

1886 4599 2200 4656 Viennensi
2258 4597 2533 4669 archicp.’
2582 4597 2964 4653 confirmavit.
3020 4599 3186 4669 Anno
3244 4597 3383 4669 1033
3437 4611 3540 4667 per

131 4667 290 4753 runt'.
312 4674 398 4753 Ad
428 4667 751 4753 tollendum
770 4667 1077 4753 tamgrave
1101 4667 1343 4753 malum,
1363 4670 1639 4753 quoniam
1658 4667 1777 4753 non
1810 4689 1854 4753 ι)
1887 4672 2278 4753 Arelatensem
2307 4667 2854 4753 et‘luugdunensem
2880 4667 3244 4753 ‘p-rovinncias,
3261 4667 3539 4753 ‘adeoque

132 4749 360 4820 poterat
397 4743 598 4820 statim
646 4741 1004 4820 curari_,_liac
1052 4746 1174 4820 arte
1204 4742 1351 4820 itum
1381 4746 1488 4820 est.
1526 4741 1778 4820 Quidam

132 4813 264 4890 dies
290 4817 575 4890 assignati
597 4820 737 4873 sunt
753 4816 968 4890 quibus
986 4815 1154 4890 quies
1175 4813 1419 4890 essetab
1440 4813 1779 4890 hujusmodi

133 4889 326 4960 bellis,
350 4884 455 4945 nec
471 4887 649 4960 alium
671 4884 861 4960 quivis
874 4884 1142 4960 persequi
1165 4885 1422 4960 auderet,
1439 4885 1538 4960 sed
1562 4884 1780 4960 singuli

135 4954 373 5034 publiCa
412 4959 603 5034 quiete
645 4954 834 5034 securi
875 4954 1248 5034 Truerentur:
1285 4959 1342 5034 c_t_
1380 4954 1486 5009 has
1514 4954 1783 5034 inducias

135 5026 400 5113 treugam
430 5026 543 5113 Dei
558 5047 658 5087 seu
684 5027 1179 5113 treviam'Domini
1199 5026 1551 5113 vocitarant,
1577 5026 1646 5108 de
1666 5044 1784 5113 qua

178 5097 360 5160 assim
392 5102 547 5174 apud
580 5105 844 5174 auctores
890 5099 1050 5155 illius
1096 5097 1398 5170 temporis.
1440 5097 1638 5174 Trevia
1684 5097 1785 5174 illa

178 5121 360 5160 assnm
392 5121 547 5174 apuu
580 5121 844 5157 aucwres
890 5121 1050 5155 llllUS
1097 5121 1398 5170 temporis.
1451 5121 1638 5153 1rev1a
1686 5121 1785 5153 mu.

133 5121 385 5231 gecretis
415 5172 817 5239 conciliorum,
849 5177 905 5227 et
926 5187 1293 5227 summorum
1325 5170 1665 5240 pontiﬁcum
1696 5168 1785 5224 lit-

136 5247 277 5302 teris
308 5244 597 5302 celebrata
625 5249 714 5300 est
741 5248 798 5299 et
828 5243 1190 5316 approbata;
1222 5240 1322 5316 qui
1352 5257 1484 5296 vero
1509 5240 1665 5316 hanc
1688 5241 1783 5316 jn-

135 5316 441 5374 duciarum
463 5316 651 5389 legem
681 5311 1143 5371 temere—violare
1173 5311 1300 5367 au'si
1330 5315 1543 5378 essent,
1576 5311 1785 5383 capitis

207 5414 286 5486 (7)
314 5414 523 5487 ludicii
548 5417 761 5487 ferrum
780 5416 981 5487 portet.
1018 5413 1079 5487 In
1109 5409 1461 5487 Pontificali
1482 5414 1614 5465 ante
1646 5409 1787 5465 4000

139 5481 232 5570 an}
252 5481 494 5570 scripto,
517 5481 749 5570 quodin
767 5481 1216 5570 Gemmeticensi
1239 5481 1787 5570 bibliotlieca‘as‘ser-

138 5561 328 5626 vatur,
361 5552 511 5613 ritus
527 5552 739 5631 judicii
763 5574 866 5631 per
888 5557 1104 5631 ferrum
1124 5554 1381 5631 candens
1403 5553 1485 5608 ita
1505 5570 1565 5608 se
1587 5552 1782 5631 habet.

138 5575 328 5626 vatur,
361 5575 511 5613 mus
562 5575 739 5614 uaxcn
763 5575 866 5631 per
888 5575 1104 5612 terrurn
1126 5575 1381 5612 candens
1403 5575 1485 5608 ιω,
1505 5575 1565 5608 se
1587 5575 1782 5609 manet.

136 5630 365 5687 Ferrum
416 5575 752 5701 proferatur,
803 5628 941 5701 quod
984 5644 1020 5683 a
1046 5628 1263 5698 culpata
1314 5642 1498 5701 coram
1536 5625 1788 5701 omnibus

136 5698 461 5773 accipiatur,
494 5698 545 5773 et
568 5717 669 5772 per
695 5698 1017 5773 mensuram
1053 5716 1243 5754 novem
1268 5698 1465 5769 pedum
1503 5699 1787 5773 portetur;

135 5772 336 5831 manus
385 5772 679 5846 sigilletur,
728 5772 1069 5846 subisigiua
1097 5774 1362 5846 servetur,
1395 5776 1445 5826 et
1513 5773 1635 5846 post
1683 5772 1790 5824 tres

135 5846 316 5909 nocte:
344 5841 672 5920 apériatur.‘
716 5852 769 5903 et
796 5845 850 5906 si
897 5841 1136 5903 mundus
1165 5847 1260 5914 est,
1310 5842 1416 5901 Deo
1444 5841 1790 5917 gratuletur;

1889 4762 1992 4817 per
2020 4743 2349 4817 universam
2374 4737 2802 4817 Burgundiam,
2829 4737 3053 4793 editum
3084 4738 3195 4817 fuit
3222 4737 3296 4793 ab
3318 4737 3540 4817 episco-

1891 4807 1981 4889 pis
2015 4816 2319 4889 decretum
2365 4810 2435 4866 de
2479 4807 2847 4889 reformando.
2875 4825 3014 4881 pace
3045 4826 3148 4865 seu
3177 4807 3384 4889 treuga
3411 4807 3536 4889 Dei,

1891 4825 1981 4889 pis
2015 4825 2310 4870 decretum
2365 4825 2435 4866 de
2479 4825 2847 4866 retormanaa
2875 4825 3014 4881 pace
3045 4826 3148 4865 seu
3177 4825 3388 4935 treuE:
3411 4825 3536 4875 U8],

1891 4888 2045 4960 quod
2070 4885 2323 4960 universi
2345 4882 2631 4960 promptis
2661 4880 2878 4960 animis
2908 4884 3274 4960 acceperunt.
3405 4877 3539 4960 Gla-

1894 4951 1993 5014 bro
2026 4951 2439 5023 Raduli’olfiv,
2463 4951 2597 5021 c._5,
2623 4971 2716 5008 an.
2741 4953 2904 5025 1041,
2925 4951 3133 5025 ῐτθιίεθ,
3151 4951 3277 5018 Dei,
3302 4955 3540 5007 auctore

1892 5032 1953 5087 in
1984 5028 2421 5102 primis‘Odone
2447 5024 2816 5102 Cluniacensi
2839 5024 3290 5102 abbate,’d_enuo
3321 5026 3543 5102 statuta

1893 5095 2003 5167 est;
2020 5097 2424 5169 teste’Hugone
2447 5096 2864 5153 Flaviniacensi
2877 5096 3105 5169 abbate.
3126 5095 3288 5151 Hanc
3303 5097 3544 5169 Austra-

1893 5174 1964 5228 sii
1989 5164 2329 5243 probavere,
2365 5187 2430 5225 ac
2458 5169 2697 5243 tandem
2720 5167 3046 5243 Neustrasii
3076 5167 3138 5224 in
3168 5164 3435 5224 conciliis
3455 5181 3545 5230 ca-

1893 5240 2051 5299 dorni
2085 5240 2299 5297 habitis
2329 5258 2422 5297 an.
2458 5241 2599 5295 1043
2630 5244 2687 5295 et
2717 5240 2875 5296 1061.

1893 5414 1944 5468 si
1972 5414 2152 5467 autem
2164 5410 2345 5483 sanies
2363 5407 2678 5483 crudescens
2701 5410 2761 5463 in
2796 5409 3019 5483 vestigio
3045 5408 3191 5483 ferri
3208 5408 3545 5477 inveniatur,

1894 5483 2185 5555 culpabiiis
2216 5484 2264 5536 et
2296 5478 2610 5555 immundus
2640 5482 2937 5555 reputetur.

1967 5549 2041 5626 (8)
2085 5549 2766 5626 iiugo,‘Flaviniacensis
2817 5552 3266 5626 abbas_t_revam
3311 5551 3548 5626 auctgre

1895 5617 2233 5681 Sdeilonvc
2267 5617 2345 5677 Vin
2396 5621 2603 5694 primis
2649 5623 2946 5679 ﬁrmatam
2996 5622 3179 5678 fuisse
3212 5635 3364 5677 anno
3406 5617 3538 5675 1044

1897 5698 2134 5773 disertis
2185 5693 2651 5773 verbis’asserit
2685 5694 2743 5773 in
2785 5693 3088 5773 Chronico,
3131 5706 3378 5773 eamque
3430 5706 3548 5746 non

1898 5769 2089 5826 solum
2120 5769 2383 5824 humana
2411 5765 2774 5831 auctoritate,
2803 5766 2905 5822 sed
2936 5764 3109 5822 etiam
3130 5763 3343 5829 divinis
3363 5765 3549 5824 terro-

1898 5842 2064 5901 ribus
2095 5840 2521 5899 conﬁrmatam.
2553 5836 2851 5896 MARTENB.
