3946 6388
420 405 533 465 751
1182 405 1376 470 ΒιλΕΟ.
1418 402 1502 471 XI
1542 405 1773 468 AUCT.
1815 405 2132 468 INCERTI
2172 403 2360 466 ANNI
2401 403 2507 466 ET
2549 402 2848 467 SCRIPT.
2880 409 3106 460 'AAEEII.
3709 401 3831 464 752

419 536 1030 610 horavespertinadiei
1043 538 1312 596 Mercurii
1324 539 1476 595 inter
1491 553 1696 602 omnes
1709 537 2070 595 Christianos
2097 539 2154 608 Α
2184 537 2584 611 epitulatione,
2617 535 2757 610 quia
2775 538 2928 610 apud
2945 553 3072 606 nos,
3095 538 3162 593 ut
3193 533 3510 601 credimus,
3525 533 3672 591 nihil
3691 533 3833 594 boni

420 626 642 684 amicos
673 632 731 686 et
757 627 1049 698 inimicos,
1097 629 1320 686 vicinos
1351 633 1408 684 et
1439 631 1759 697 extraneos,
1793 629 1870 687 sit
1898 629 2069 684 firma
2177 627 2480 700 agebatur,
2510 627 2746 700 quando
2776 644 2809 682 a
2839 628 2952 683 Deo
2983 625 3196 700 populo
3219 643 3326 682 suo
3354 623 3704 682 transmissa
3725 628 3830 683 est.

417 732 534 789 pax
560 720 617 773 et
645 717 872 775 stabilis
902 722 1103 774 treuva
1128 734 1316 790 usque
1339 718 1399 774 in
1423 719 1738 775 secundam
1762 719 1988 786 feriam,
2008 717 2066 773 id
2176 717 2482 773 Dominica
2506 720 2664 772 certa
2692 715 2816 772 dies
2871 733 2988 772 non
3019 715 3444 784 celebrabatur,
3493 715 3596 772 sed
3627 718 3838 772 cuncta

421 807 514 861 est
545 804 636 862 die
665 807 837 862 Lunae
865 807 938 862 ad
969 810 1162 863 ortum
1181 807 1347 874 solis,
1369 806 1575 864 utistis
1588 811 1842 879 quatuor
1861 807 2067 862 diebus
2175 805 2408 862 servilia
2439 823 2613 879 opera
2643 805 2702 862 in
2733 823 2800 863 ea
2820 805 3054 862 fiebant.
3087 805 3482 863 Promisimus
3497 803 3704 878 itaque
3721 809 3837 861 Deo

419 909 488 950 ac
517 893 789 952 noctibus
819 895 978 952 omni
1013 895 1160 953 hora
1189 895 1381 952 securi
1404 895 1543 961 sint,
1577 899 1634 952 et
1655 896 1874 952 faciant
1903 895 2068 966 quid-
2175 913 2240 951 ac
2273 895 2611 951 devovimus
2661 895 3072 968 quatriduum,
3097 899 3162 950 ut
3215 911 3396 967 supra
3441 893 3720 964 diximus,
3773 896 3841 949 ut

418 982 562 1056 quid
594 983 706 1040 erit
736 987 1132 1058 opportunum
1163 985 1234 1042 ab
1265 983 1425 1041 omni
1455 984 1664 1040 timore
1693 983 2065 1040 inimicorum
2177 985 2319 1042 feria
2351 1002 2384 1037 v
2409 988 2648 1056 propter
2667 984 3093 1051 ascensionem,
3120 982 3262 1039 feria
3278 1001 3334 1039 v1
3351 985 3596 1056 propter
3621 981 3842 1048 Christi

417 1071 696 1141 absoluti,
728 1077 784 1129 et
813 1073 872 1130 in
910 1073 1314 1148 tranquilitate
1345 1071 1523 1145 pacis,
1569 1077 1624 1128 et
1656 1072 1830 1128 istius
1853 1075 2065 1128 treuvae
2173 1074 2532 1146 passionem,
2567 1073 2880 1129 sabbatum
2897 1089 3002 1146 pro
3019 1071 3396 1129 veneratione
3416 1069 3758 1145 sepulturae,
3782 1075 3841 1127 et

419 1161 771 1218 conﬁrmati.
803 1161 1146 1237 Quicunque
1172 1163 1320 1218 hanc
1341 1178 1566 1234 pacem,
1597 1165 1652 1216 et
1681 1162 1944 1217 treuvam
1966 1159 2066 1216 Dei
2173 1166 2240 1218 ut
2268 1161 2574 1218 Dominiea
2605 1161 2949 1218 resurrectio
2967 1159 3380 1217 inviolabiliter
3414 1159 3836 1228 celebraretur,

419 1249 873 1318 observaverint,
907 1268 972 1307 ac
1001 1251 1248 1306 ﬁrmiter
1279 1250 1596 1316 tenuerint,
1618 1249 1738 1305 sint
1761 1249 2011 1305 absoluti
2033 1267 2067 1306 a
2175 1251 2246 1306 ab
2293 1250 2569 1306 omnibus
2615 1250 2808 1306 rurale
2837 1267 2986 1322 opus
3016 1250 3075 1306 in
3101 1267 3170 1306 ea
3199 1249 3440 1306 omnino
3491 1265 3608 1304 non
3644 1248 3838 1320 ﬁeret,

417 1338 536 1395 Deo
567 1340 733 1396 Patre
763 1340 1178 1413 omnipotente,
1211 1344 1268 1396 et
1297 1339 1438 1394 Filio
1487 1339 1614 1410 ejus
1641 1340 1781 1395 Jesu
1813 1339 2064 1408 Christo,
2175 1338 2776 1396 inimicusinimicum
2792 1339 3280 1405 nonformidaret,
3300 1339 3839 1395 secundumaucto-

419 1430 476 1483 et
501 1427 721 1501 Spiritu
754 1433 978 1498 sancto,
1011 1430 1082 1484 de
1111 1431 1314 1485 sancta
1344 1429 1527 1484 Maria
1556 1446 1691 1484 cum
1724 1427 1918 1484 choris
1953 1428 2066 1483 vir-
2175 1429 2405 1484 ritatem
2438 1447 2472 1482 a
2502 1429 2614 1484 Deo
2665 1427 2964 1497 collatam,
3013 1433 3073 1484 et
3112 1423 3496 1500 ab.apostolis
3527 1427 3834 1494 traditam.

418 1516 646 1591 ginum,
677 1521 733 1574 et
763 1519 832 1574 de
863 1519 920 1574 S.
943 1517 1224 1575 Michaele
1247 1535 1381 1575 cum
1411 1517 1605 1574 choris
1626 1517 1992 1590 angelorum,
2011 1521 2068 1572 et
2177 1519 2414 1583 Omnes,
2445 1517 2549 1590 qui
2580 1516 2732 1572 hanc
2759 1533 2984 1589 pacem,
3009 1520 3066 1572 et
3082 1516 3180 1572 Dei
3202 1520 3464 1572 treuvam
3487 1515 3838 1582 amaverint,

419 1607 490 1662 de
527 1609 586 1664 S.
634 1608 800 1664 Petro
844 1607 1105 1680 principe
1154 1607 1553 1681 apostolorum
1605 1623 1742 1662 cum
1793 1605 2069 1662 omnibus
2177 1607 2600 1675 benedicimus,
2635 1611 2692 1661 et
2714 1606 3097 1678 absolvimus,
3127 1605 3283 1662 sicut
3314 1604 3586 1678 superius
3610 1603 3839 1661 dictum

415 1696 657 1766 sanctis,
685 1700 742 1752 et
787 1697 1058 1753 fidelibus
1089 1696 1317 1752 cunctis
1344 1713 1500 1752 nunc
1519 1699 1576 1751 et
1599 1711 1850 1766 semper,
1884 1699 1940 1750 et
1969 1712 2070 1766 per
2175 1695 2425 1751 est.lllos
2439 1695 3206 1767 autem,quicontradicunt,
3228 1693 3834 1764 excommunicamus,

405 1786 618 1851 ,omnia
664 1785 876 1842 secula
923 1785 1292 1842 saeculorum.
1325 1785 1434 1850 Qui
1461 1801 1598 1842 vero
1646 1788 1910 1840 treuvam
1935 1801 2069 1857 pro-
2176 1785 2608 1855 maledicimus,
2651 1790 2707 1842 et
2759 1785 3325 1842 anathematizamus
3355 1789 3412 1840 et
3457 1802 3492 1842 a
3519 1783 3833 1840 liminibus

418 1873 1154 1941 missamhabueriut,etse
1174 1873 1395 1930 sciente
1416 1873 1734 1946 infringere
1757 1873 2065 1942 voluerint,
2097 1911 2144 1977 Β
2175 1879 2387 1931 sanctae
2421 1876 2627 1932 matris
2675 1875 2951 1934 Ecclesiae
3003 1874 3400 1935 eliminamus.
3451 1875 3596 1930 Cum
3634 1877 3836 1930 autem

415 1961 537 2018 sint
583 1961 1073 2019 excommunicati
1119 1979 1153 2016 a
1175 1959 1296 2017 'Deo
1347 1962 1516 2017 Patre
1559 1961 1975 2034 omnipotente,
2009 1968 2065 2018 et
2098 1959 2144 1977 "
2174 1962 2428 2022 evenerit
2453 1963 2731 2036 cuiquam
2755 1963 3052 2020 vindicare
3073 1963 3132 2020 in
3155 1980 3254 2033 eos
3276 1963 3542 2036 quihanc
3561 1961 3834 2019 chartam

417 2051 562 2108 Filio
591 2051 720 2122 ejus
746 2051 886 2107 Jesu
916 2048 1165 2118 Christo,
1190 2055 1248 2106 et
1278 2049 1497 2122 Spiritu
1521 2054 1742 2113 sancto.
1767 2054 1823 2106 et
1853 2051 1923 2106 de
1940 2068 2064 2106 om-
2169 2058 2230 2110 et
2262 2053 2362 2110 Dei
2413 2057 2677 2109 treuvam
2726 2053 3050 2125 irrumpere
3093 2052 3595 2126 praesumpserint,
3639 2051 3836 2108 vindi-

417 2139 594 2195 nibus
625 2139 844 2196 sanctis
866 2137 2066 2208 Dei,sintexcommunieati,maledicti,et
2175 2147 2372 2200 cantes
2415 2140 2560 2198 nulli
2615 2142 2797 2216 eulpae
2846 2142 3175 2199 habeantur
3222 2141 3479 2208 obnoxii,
3531 2141 3633 2198 sed
3677 2141 3835 2198 sicut

417 2227 688 2286 detestati
720 2227 815 2302 hic
839 2231 898 2283 et
923 2227 983 2282 in
1014 2231 1382 2302 perpetuum,
1415 2231 1473 2282 et
1491 2227 1608 2283 sint
1628 2228 1889 2284 damnati
1912 2228 2066 2284 sicut
2171 2230 2427 2288 cultores
2459 2249 2645 2287 causae
2677 2231 2775 2286 Dei
2809 2232 2880 2287 ab
2927 2231 3209 2300 ‘omnibus
3250 2230 3557 2287 chistianis
3589 2235 3824 2301 exeant,

417 2317 668 2383 Dathan,
699 2320 756 2372 et
785 2315 1019 2384 Abiron,
1043 2317 1113 2386 :et
1143 2317 1296 2372 sicut
1322 2316 1524 2384 Judas,
1561 2317 1660 2389 qui
1689 2317 1930 2373 tradidit
1960 2319 2065 2373 Do-
2173 2323 2230 2374 et
2257 2321 2498 2375 redeant
2527 2319 2814 2376 benedicti
2827 2361 2848 2378 ..
2871 2320 2929 2376 Si
2945 2337 3077 2376 vero
3101 2319 3351 2377 residuis
3373 2319 3579 2376 diebus
3599 2317 3829 2392 aliquid

403 2407 666 2477 minum,
699 2409 756 2462 et
778 2405 1154 2462 sintdimersi
1183 2406 1242 2461 in
1274 2407 1632 2478 profundum
1651 2407 1884 2476 inferni,
1909 2407 2064 2462 sicut
2171 2407 2464 2466 sublatam
2515 2408 2708 2476 fuerit,
2759 2412 2816 2464 et
2855 2408 2915 2464 in
2969 2409 3174 2466 diebus
3225 2413 3438 2472 treuvaa
3489 2406 3831 2478 obviaverit,

416 2497 640 2555 Pharao
671 2496 731 2551 in
761 2495 954 2552 medio
999 2495 1200 2563 maris,
1234 2495 1284 2552 si
1326 2496 1399 2552 ad
1431 2497 1900 2552 emendationem
1946 2513 2060 2553 non
2172 2498 2411 2554 omnino
2443 2515 2559 2554 non
2608 2501 2900 2568 teneatur,
2934 2514 3004 2555 ne
3035 2494 3530 2562 occasioinimico
3573 2497 3716 2557 data
3744 2497 3828 2554 vi-

412 2588 697 2656 venerint,
729 2587 878 2642 sicut
897 2585 1282 2642 constitutum
1314 2589 1422 2641 est.
1454 2585 1737 2642 Videlicet
1766 2585 1816 2642 si
1846 2585 1980 2658 quis
2001 2586 2060 2642 in
2171 2588 2396 2644 deatur.
2432 2587 2711 2644 Praeterea
2755 2603 3052 2659 rogamus,
3103 2603 3205 2644 vos
3236 2588 3468 2654 fratres,
3493 2591 3557 2644 ut
3588 2587 3649 2642 in
3683 2605 3830 2660 qua-

409 2677 558 2751 ipsis
586 2677 794 2734 diebus
823 2681 1040 2734 treusz
1068 2675 1191 2743 Dei,
1226 2674 1612 2731 homicidium
1645 2675 1864 2743 fecerit,
1895 2674 2060 2732 exsul
2170 2693 2401 2750 cunque
2431 2675 2524 2732 die
2555 2677 2710 2748 apud
2734 2693 2836 2734 vos
2866 2676 3144 2749 praedicta
3165 2693 3278 2749 pax
3299 2677 3356 2731 et
3385 2679 3586 2732 treuva
3609 2677 3827 2735 consti-

411 2767 624 2836 factus,
676 2769 852 2838 atque
891 2782 926 2824 a
969 2763 1206 2836 propria
1251 2763 1438 2836 patria
1485 2765 1702 2834 ejectus
1731 2764 2058 2820 Jerusalem
2169 2768 2306 2821 tuta
2326 2765 2520 2833 fuerit,
2555 2765 2751 2837 ipsum
2773 2765 2929 2821 diem
2959 2766 3161 2822 devote
3189 2763 3461 2826 recolatis
3493 2765 3554 2832 in
3587 2766 3832 2822 nomine

409 2856 678 2925 tendens,
701 2851 1230 2927 longinquumillic
1251 2851 1508 2923 patiatur
1529 2852 1820 2913 exsilium.
1845 2853 1904 2908 Si
1925 2869 2058 2910 vero
2169 2856 2384 2912 sanctae
2418 2853 2760 2910 Trinitatis.-
2781 2855 3060 2911 Latrones
3095 2870 3478 2928 quoscunque
3523 2856 3595 2910 de
3625 2859 3830 2912 vestra

409 2945 473 3000 in
498 2943 632 3002 aliis
655 2937 1028 3016 quibulisbet'
1045 2941 1221 2996 rebus
1243 2941 1642 3012 supradictam
1665 2945 1926 2998 treuvam
1957 2943 2057 3000 Dei
2168 2942 2401 3017 regione
2441 2942 2707 3014 ejiciatis,
2748 2946 2804 2999 et
2849 2943 3292 3014 abominemini,
3337 2943 3732 3016 maledicatis,
3777 2949 3836 3002 et

409 3038 468 3092 et
496 3047 700 3106 pacem
730 3030 985 3104 fregerit,
1031 3030 1400 3086 examinatus
1451 3047 1553 3102 per
1593 3031 1822 3088 decreta
1859 3031 2056 3105 legum
2167 3031 2708 3088 excommunicetus
2738 3049 2808 3087 ex
2837 3036 2999 3106 parte
3030 3033 3292 3090 omnium
3349 3038 3692 3090 sanctorum
3725 3034 3831 3107 qui

410 3121 802 3188 saecularium,
828 3121 1002 3191 juxta
1049 3118 1292 3174 modum
1317 3118 1625 3192 culparum
1657 3125 1898 3193 cogatur
1926 3139 2054 3194 per-
2165 3137 2344 3194 supra
2375 3120 2576 3194 scripti
2598 3125 2756 3178 sunt.
2783 3121 3044 3180 Decimas
3057 3139 3189 3180 vero
3211 3126 3434 3182 vestras
3455 3125 3512 3180 et
3526 3123 3828 3196 primitias

408 3211 650 3279 solvere,
683 3213 742 3266 et
766 3225 870 3282 per
899 3212 1236 3265 sanctorum
1270 3225 1559 3264 canonum
1599 3209 1830 3283 regulas
1861 3211 2053 3283 dupli—
2165 3211 2237 3266 de
2269 3209 2570 3266 laboribus
2598 3211 2807 3267 vestris
2854 3211 2970 3268 Deo
2995 3211 3274 3268 offeratis.
3308 3217 3388 3268 De
3419 3213 3585 3270 bonis
3616 3215 3832 3272 vestris

409 3303 539 3358 cata
567 3297 907 3372 pce-nitentia
925 3297 1306 3369 judicabitur.
1333 3299 1495 3363 Quod
1526 3299 1656 3354 ideo
1682 3298 1928 3372 dignum
1951 3300 2053 3356 du-
2081 3285 2124 3351 C
2163 3301 2236 3354 ad
2267 3297 2546 3355 ecclesias
2586 3299 2901 3373 deportetis
2930 3317 3034 3372 pro
3058 3301 3246 3358 salute
3262 3301 3522 3360 vivorum
3545 3306 3602 3358 et
3623 3303 3832 3360 defun-

408 3389 620 3457 cimus,
654 3389 796 3446 utsi
844 3387 1292 3460 promissionem
1323 3387 1444 3442 illic
1491 3388 1702 3444 factam
1750 3388 1810 3444 in
1852 3389 2046 3462 aliquo
2164 3393 2410 3454 ctorum,
2439 3393 2504 3444 ut
2550 3389 2702 3445 Deus
2749 3407 2850 3446 vos
2881 3388 3088 3446 liberet
3117 3391 3190 3449 ab
3237 3383 3514 3448 omnibus
3545 3392 3724 3448 malis
3756 3393 3822 3448 in

408 3493 778 3552 corrumpere
793 3475 1366 3548 praesumpserimus,
1387 3477 1708 3542 mundano,
1731 3477 2054 3549 etspiritali
2165 3478 2272 3534 hac
2302 3479 2438 3547 vita,
2471 3483 2527 3534 et
2555 3482 2688 3552 post
2715 3479 2866 3536 hanc
2895 3479 3078 3535 vitam
3097 3481 3380 3553 perducat
3409 3497 3508 3538 vos
3540 3482 3614 3538 ad
3637 3499 3827 3555 regna

396 3566 623 3641 judicio
651 3565 960 3640 dupliciter
975 3565 1454 3638 condemnemur.
1475 3565 1779 3622 Credimus
1799 3582 2057 3638 namque
2166 3566 2466 3634 oculorum,
2489 3568 2742 3640 quicum
2773 3573 2886 3625 Deo
2905 3569 3092 3638 Patre,
3121 3573 3178 3626 et
3190 3569 3443 3642 Spiritus
3459 3574 3661 3628 sancto
3686 3570 3829 3628 vivit

402 3657 584 3716 istam
596 3673 836 3716 causam
863 3673 898 3714 a
924 3655 1038 3712 Deo
1061 3655 1230 3712 nobis
1251 3654 1838 3728 ccelitusinspiratam
1861 3655 2058 3712 divina
2144 3661 2223 3720 ,et
2251 3661 2457 3730 regnat
2486 3657 2640 3714 Deus
2671 3657 2728 3712 in
2761 3657 2972 3716 saecula
3000 3657 3366 3716 saeculorum.
3397 3659 3602 3716 Amen.

1159 3905 2064 4038 BHYTHMUS
2171 3906 3061 4042 SATYRICUS

1196 4141 1342 4226 DE
1387 4139 2106 4231 TEMPOBIBUS
2151 4141 2644 4231 ROBERTI
2684 4145 3016 4233 REGIS

1499 4318 1780 4390 (MABILL.,
1817 4320 2056 4378 An'alcct.
2090 4337 2222 4377 nov.
2264 4321 2428 4392 edit.,
2459 4338 2516 4394 p.
2551 4323 2704 4392 366.)

401 3785 3817 3812 Μ

461 4577 577 4652 Hos
607 4575 913 4652 rhythmos
939 4591 1008 4632 ex
1031 4593 1142 4652 ms.
1177 4577 1374 4652 codice
1405 4578 1737 4638 Belvacensi
1766 4580 1918 4637 eruit
1936 4580 2286 4638 venerabilis
2315 4581 2404 4634 vir
2433 4579 2802 4652 Godefridus,
2837 4581 3238 4652 Hurmannus,
3261 4581 3580 4640 canonicus
3610 4582 3814 4642 Belva-

387 4649 598 4724 censis.
635 4649 999 4724 LandricusL
1013 4650 1113 4724 qui
1143 4651 1472 4724 praecipuus
1492 4669 1676 4709 scenae
1710 4655 1936 4720 artifex,
1973 4657 2062 4708 est
2093 4653 2250 4724 ﬁlius
2283 4651 2560 4724 Bodonis,
2593 4652 2824 4709 comitis
2855 4649 3250 4722 Nivernensis,
3274 4654 3547 4712 dominus
3569 4655 3809 4714 Dunen-

385 4721 490 4801 sis,
512 4721 1352 4801 contraquemFulco'Nerra
1373 4741 1576 4796 graves
1607 4725 1792 4801 gessit
1822 4724 2163 4801 discordias.
2202 4721 2525 4801 Landricus
2554 4726 2640 4779 vir
2666 4726 2911 4801 iniquus,
2943 4726 3062 4801 doto
3093 4735 3145 4782 et
3189 4721 3338 4801 omni
3365 4727 3591 4801 malitia
3627 4729 3809 4801 reple-

385 4796 468 4870 t_u_s
486 4793 711 4870 dicitur
729 4793 800 4870 in
832 4794 1020 4870 capite
1048 4796 1082 4848 7
1103 4799 1180 4850 De
1210 4793 1729 4870 gestis'consul'um
1763 4795 2296 4870 Andegavensium.
2325 4794 2430 4870 Qui
2454 4811 2644 4870 mores
2675 4793 2827 4870 recte
2856 4793 2994 4854 huic
3023 4797 3146 4854 loco
3175 4799 3487 4870 quadrant.
3516 4793 3812 4857 Idem—hic

383 4864 575 4943 dictus
603 4864 938 4943 Achitqpltci,
980 4864 1692 4943 crassus;Architriclinus,
1725 4871 1778 4922 et
1806 4864 1995 4943 Egtqiz.
2048 4867 2580 4943 Adversariusejus
2607 4867 2746 4943 Odo.
2782 4870 3107 4943 Campaniae
3141 4864 3356 4939 comes,
3391 4872 3555 4943 Lapis
3579 4871 3642 4926 in
3671 4871 3812 4928 Sion

382 4937 1148 5024 appellatuerabumrdan,
1209 4939 1521 5010 ipsiusmet
1579 4938 1791 5024 fautor,
1840 4937 2082 5024 videtur.
2124 4942 2290 5010 Hugo
2340 4937 2734 5024 _l§elvacensis,
2789 4941 2889 5024 qui
2923 4937 3087 5024 inter
3141 4937 3530 5024 ipsumfegém
3577 4943 3803 5024 Bober-

379 5009 505 5062 tum
535 5009 757 5086 ejusque
783 5009 1066 5079 conjugem
1093 5008 1329 5086 negtium
1357 5026 1538 5065 smnen
1572 5008 1688 5086 odii
1717 5011 1946 5086 sparsit,
1991 5011 2184 5086 suique
2225 5008 2410 5086 gratia
2451 5008 2954 5086 praemiireginam
2980 5016 3034 5069 ei
3061 5008 3264 5086 fecerat
3291 5008 3552 5086 odiosam,
3585 5018 3809 5071 tantam

379 5095 414 5158 ᾳ
441 5094 567 5158 rege
595 5081 836 5158 gratiam
863 5089 1212 5158 consecutus,
1251 5085 1312 5136 ut
1353 5097 1526 5158 mines
1561 5081 1774 5158 palatii
1811 5080 2135 5158 haberetur,
2177 5080 2245 5136 ex
2293 5080 2502 5158 iisdem
2547 5083 2728 5158 gestis
2767 5080 2838 5140 ’in
2891 5080 3130 5142 tomo'X
3159 5085 3470 5158 Spicilegii.
3504 5080 3637 5158 pag.
3673 5088 3802 5142 466.

375 5149 702 5242 ΡῖἀαΙὺθῐὈἎ
717 5151 1024 5242 episcppus
1048 5152 1484 5242 ‘Laudurne‘nlsis,
1521 5149 1631 5230 alio
1668 5151 1899 5233 nomine
1931 5154 2226 5242 Arce/inite,
2263 5157 2493 5242 rendus.
2530 5149 2840 5242 tradite)ch
2884 5157 3061 5240 falsus
3091 5149 3674 5242 eliiscopuvaaz‘ui-ii'r‘zi
3704 5159 3802 5241 di-

375 5223 526 5298 ctus,
552 5222 708 5294 quod
731 5221 1001 5298 Carolum
1031 5225 1239 5298 ducem
1259 5221 1746 5298 hotliarieusium,
1779 5225 2350 5298 cuj_us_cons':liarius
2380 5231 2525 5292 erat,
2569 5227 2627 5298 in
2655 5227 2832 5284 verba
2871 5221 3192 5298 juraverat,
3225 5221 3318 5286 die
3361 5233 3546 5294 (laenae
3594 5229 3804 5286 Domi-

371 5292 534 5375 niese,
562 5292 715 5348 anno
745 5295 874 5375 9:39,
905 5295 1170 5375 liugoni,‘
1190 5294 1307 5374 regi
1343 5295 1722 5375 Eranqorum,
1745 5295 1926 5364 portis
1961 5296 2226 5352 Lauduni
2251 5302 2426 5375 nocte
2437 5297 2769 5375 patefactis,
2801 5292 3136 5375 tradidith
3167 5292 3340 5375 antea
3358 5292 3613 5375 Letharii
3636 5302 3799 5375 regis

371 5363 564 5446 favore
594 5383 752 5446 anno
769 5366 874 5446 97_7
907 5363 1488 5446 llorigoni‘i‘nﬁsedem
1514 5363 1960 5446 Laudun’ensem
1987 5363 2559 5446 successerathyixit
2588 5371 2660 5426 ad
2691 5363 2914 5427 annum
2943 5371 3172 5428 circiter
3202 5372 3364 5446 1030.
3383 5373 3505 5437 Quo
3527 5363 3796 5446 tempore

368 5435 682 5517 Widonem
707 5437 1016 5517 clericum,
1035 5435 1724 5517 BeroidiSuessionen‘sis
1746 5436 1998 5517 episcopi
2018 5445 2316 5517 nepotem,
2339 5440 2450 5517 sibi
2475 5459 2874 5500 successorem
2905 5447 3107 5517 contra
3135 5435 3473 5517 praescripta
3493 5435 3792 5502 canonum

367 5506 567 5588 allegit
591 5525 615 5588 ε.
639 5525 757 5580 qua
785 5509 868 5588 de.
885 5525 946 5562 re
977 5507 1206 5588 Geraldi
1241 5507 1680 5588 Cameracensis
1702 5506 1984 5588 antistitis
2003 5506 2206 5588 graves
2227 5506 2486 5588 epistolae
2509 5517 2756 5588 exstant,
2784 5518 2846 5570 tu
2875 5516 2948 5571 ad
2971 5506 3634 5588 ipsumAdalb'eronem,
3653 5522 3786 5574 tum

367 5579 439 5634 ad
478 5577 726 5661 Ebalu‘m
759 5577 1292 5662 metropolitanum,
1329 5581 1452 5662 tum
1480 5580 1554 5662 ad
1588 5578 1898 5662 Beroldum
1921 5577 2422 5662 Suéssionensem.
2446 5585 2664 5662 Forsan
2686 5577 3062 5662 is'est_V_Vido
3083 5587 3177 5644 cui
3202 5587 3451 5662 gratiam
3483 5577 3786 5662 sivep'apud

367 5604 439 5634 au
478 5604 726 5661 muniunt
759 5604 1292 5659 uicu'upuruuuuui,
1331 5604 1452 5633 tum
1484 5604 1554 5661 au
1588 5604 1788 5636 uerum
1803 5604 1898 5662 qui
1923 5604 2422 5642 ouessmncnsem.
2446 5604 2664 5641 r'orsan
2686 5604 2736 5640 lS
2767 5604 2857 5642 eSI.
2898 5604 3060 5644 γνιαο
3083 5604 3177 5644 cui
3245 5604 3451 5644 ranam
3483 5604 3604 5644 sive
3627 5604 3781 5662 apud

366 5664 586 5739 regem,
619 5667 738 5739 sive
749 5650 913 5739 apud
937 5665 1204 5739 reginam
1220 5652 1954 5739 Constantiambandricus
1977 5656 2457 5739 prteripuisse'hie
2479 5655 2838 5739 perhibetur.
2869 5659 3028 5739 Idem
3049 5659 3173 5739 ipse
3189 5604 3438 5739 (Sericus
3455 5664 3543 5716 est
3563 5659 3781 5739 digtus,

365 5719 666 5802 ob'idq'ne,
697 5719 906 5791 nempe
935 5719 1091 5802 quod
1122 5720 1278 5802 regia
1306 5723 1494 5802 gratia
1518 5719 2068 5802 οεοὶάὶεεβιλτνὶξῖίδ.
2101 5719 2262 5802 Hinc,
2281 5728 2447 5802 missi
2467 5719 2655 5802 legati
2685 5729 2904 5802 Galam,
2939 5735 2997 5788 et
3045 5719 3185 5788 Cale.
3201 5731 3510 5789 Worcbias
3531 5736 3591 5789 et
3619 5719 3786 5790 PariL

365 5791 505 5858 nios,
540 5791 641 5849 ubi
671 5807 770 5848 rex
799 5791 1156 5868 versabatur,
1189 5791 1254 5852 ut
1284 5791 1532 5869 gratiam
1561 5791 1886 5857 resarciret.
1919 5800 2080 5859 ldem
2109 5799 2429 5859 Landricus
2457 5791 2836 5864 Ηθῆνίοοιοιιίι
2861 5791 3148 5881 feminam,
3173 5803 3232 5864 id
3254 5807 3342 5866 est
3371 5803 3781 5869 Constantiam
