3946 6374
148 394 273 461 753
927 392 933 397 ’
1048 448 1051 453 .
1387 392 1827 457 RHYTHMUS
1871 390 2334 457 SATYRIGUS.
3438 394 3560 458 754

145 526 568 611 reginamejus
598 530 868 611 matrem,
902 542 1029 611 quas
1059 526 1306 611 Henrico
1332 526 1782 611 adversabatur._
1795 526 2149 611 Constantia
2174 527 2320 599 petit
2334 525 2696 611 yasco‘nia‘m
2732 541 2744 582 :
2780 541 2934 611 cum.
2947 525 3189 611 interim
3212 524 3558 611 Achitophel

148 596 256 659 seu
268 596 594 658 Landricus
611 596 864 670 Bertam,
880 596 953 658 ob
986 599 1516 671 consanguinitatis
1546 604 1604 655 et
1624 598 1941 671 affinitatis,
1957 596 2259 671 vinculum
2281 616 2314 655 a
2334 599 2587 671 Roberto
2607 597 2934 671 GregoriiV
2956 596 3179 670 judicio
3213 596 3558 671 anteas—epa-

148 619 256 659 seu
269 616 594 658 Lanaricus
611 616 953 670 bertam,on
986 616 1516 726 consanguinitatis
1546 616 1604 655 et
1624 616 1928 654 amnitaus
1957 616 2259 654 vmcuium
2281 616 2314 655 a
2334 616 2582 654 nonerto
2607 616 2865 671 uregorn
2897 616 2926 651 v
2956 616 3179 670 juuiclo
3213 616 3382 655 antea
3397 616 3556 671 sepa-

147 678 361 741 ratam,
394 671 457 727 in
487 672 717 745 regium
736 676 931 729 torum
963 673 1138 745 (quod
1171 672 1407 745 aiunde
1438 671 1823 745 incognitum)
1841 670 2095 745 reduxit,
2127 675 2333 745 atque
2360 670 2593 745 Boberti
2629 669 2778 745 filios
2831 670 3135 745 Hugonem
3177 670 3556 745 monachum,

146 745 468 815 Henricum
498 741 761 814 auditum,
784 741 1100 800 Robertum
1133 744 1471 815 episcopum
1503 741 1628 815 ﬁeri
1661 742 2132 811 machinabatur,
2168 741 2411 815 Pruvini
2436 743 2560 815 ipse
2583 741 2972 815 promissione
3006 742 3078 797 ob
3110 741 3296 815 malas
3319 746 3497 815 _artes
3527 741 3560 815 a

151 818 327 872 Berta
351 814 613 872 delusus.
629 816 684 872 Is
710 812 857 871 mihi
885 816 1115 872 videtur
1136 812 1315 886 hujus
1331 812 1949 886 aenigmaticmgsatyrm
1981 831 2194 870 sensus
2218 831 2229 867 :
2252 814 2351 886 qui
2370 814 2415 869 si
2435 812 2790 886 quibusdam
2812 814 3012 868 minus
3031 813 3266 886 arridet,
3283 812 3464 868 alium
3483 814 3561 869 af-

150 889 363 959 ferant,
395 903 500 959 per
527 904 621 942 me
650 888 803 959 licet,
828 886 1146 943 meliorem.
1165 884 1329 942 Certe
1351 884 1507 959 quod
1524 884 2184 959 LandricusRobertum
2204 884 2399 959 regem
2424 884 2610 940 facere
2630 885 2973 959 episcopum
3006 884 3419 951 meditabatur,
3440 902 3558 959 non

152 960 223 1015 de
255 958 369 1030 alio
395 956 578 1030 quam
609 959 679 1021 de
710 958 956 1014 Roberto
987 958 1219 1015 Roherti
1245 956 1399 1030 regis
1430 956 1548 1030 filio
1577 957 1949 1028 interpretari
1974 958 2067 1030 vix
2096 956 2566 1030 czeteraisinunt:
2602 973 2735 1030 cum
2766 956 2825 1030 id
2844 956 2917 1030 in
2951 957 3146 1030 ipsum
3169 960 3395 1030 patrem
3428 956 3558 1029 agi-

150 1034 276 1086 tare
304 1028 478 1102 longe
507 1034 662 1086 esset
690 1047 724 1102 a
754 1031 1022 1086 Landrici
1055 1031 1271 1102 animo,
1304 1028 1403 1101 qui
1442 1029 1671 1102 Hertam
1698 1029 1750 1083 ei
1780 1029 2268 1102 reconciliaverat.
2305 1029 2470 1101 Hugo
2499 1028 2878 1102 Absglonjdici
2922 1028 3153 1102 videtur
3182 1028 3254 1102 ob
3284 1028 3554 1102 decoram

153 1100 488 1172 formam—et
516 1101 832 1168 cesariem,
865 1102 967 1172 qui
1001 1101 1267 1158 Landrici
1301 1100 1546 1156 consilia
1562 1100 1860 1172 spreverit.
1885 1103 2046 1172 Lapis
2086 1102 2181 1155 ille
2211 1102 2271 1172 in
2297 1100 2451 1167 Sion,
2472 1100 2953 1172 qui_Landricum
2965 1100 3336 1172 spiritualg'ter
3354 1101 3557 1172 contri-

153 1176 251 1246 vit,
285 1190 403 1229 non
431 1171 605 1246 alius,
638 1176 703 1228 ut
721 1174 847 1246 jam
874 1169 1029 1246 dixi,
1048 1189 1225 1246 quam
1255 1172 1375 1228 Odo
1388 1169 1731 1246 Campaniae
1762 1169 1985 1246 comes,
2010 1171 2275 1246 Landrici
2308 1169 2673 1246 adversarius
2705 1175 2777 1246 et
2793 1169 3133 1246 debellator,
3153 1187 3221 1225 ex
3239 1169 3343 1246 lib.
3363 1170 3446 1246 I_)e_
3462 1186 3557 1242 ge-

154 1244 265 1318 stis
294 1242 605 1318 consulum
634 1242 1370 1318 Andegavensium,cap.8.
1387 1243 1502 1318 Nec
1518 1242 1929 1318 mirum,quod
1957 1243 2376 1318 Constantiam
2392 1243 2677 1318 reginam,
2699 1243 2917 1318 Odonis
2941 1242 3560 1318 sorpregn,Lan_dricus

153 1316 374 1373 Odonis
390 1315 667 1388 Aemulus,
700 1333 769 1372 ex
794 1313 928 1373 aula
957 1313 1271 1373 deturbare
1304 1315 1536 1388 sategit,
1561 1315 1739 1388 idque
1756 1313 1994 1388 tandem
2014 1331 2074 1369 re
2091 1331 2230 1388 vera
2246 1314 2503 1386 perfecit.
2524 1316 2807 1369 Czeterum
2834 1315 3003 1388 Berta
3022 1313 3097 1388 in
3130 1313 3381 1388 Robertid
3398 1330 3558 1388 amo-

153 1405 248 1444 res
278 1386 469 1443 redire
496 1387 907 1455 meditabatur,
934 1391 1080 1444 teste
1111 1386 1609 1454 Odoranno,‘cum

1693 1386 1929 1458 obertus
1962 1387 2070 1442 iter
2090 1384 2417 1441 Romanum
2442 1401 2716 1458 agressus
2747 1390 2857 1441 est.
2903 1386 2977 1439 At
3005 1384 3302 1458 diversum
3329 1385 3561 1440 videtur

154 1459 527 1534 fuisse‘istud
558 1459 800 1534 factum,
831 1461 987 1533 quod
1018 1458 1276 1534 rhythmi
1300 1458 1480 1531 hujus
1513 1461 1715 1515 auctor
1744 1457 1853 1514 hoc
1881 1457 2007 1515 loco
2038 1455 2647 1524 commemoratfcum
2676 1460 2910 1530 tempus
2942 1460 3000 1512 et
3028 1455 3154 1512 aliae
3176 1455 3562 1512 circumstan-

155 1531 250 1587 tiae
280 1548 400 1589 non
419 1530 789 1588 conveniant.

157 1817 330 1875 Orbis
356 1817 557 1890 magni
588 1816 990 1873 monarchiam
1022 1814 1192 1872 dolus
1222 1814 1493 1872 Landrici
1523 1814 1735 1871 nititur
1832 1817 1889 1883 Α
1916 1816 2083 1872 Prius
2108 1816 2341 1873 Widoni
2364 1817 2634 1889 gratiam,
2655 1816 2869 1871 timens
2901 1831 3129 1888 sponsae
3162 1813 3555 1887 prudentiam.

158 1907 266 1964 Per
293 1904 541 1978 energiae
573 1906 834 1961 studium
867 1904 1208 1962 solemniter
1237 1908 1511 1961 evertere.

162 1997 262 2054 Est
292 1994 475 2068 lapsis
497 2012 651 2052 unus
682 1995 740 2049 in
773 1994 934 2064 Sion,
958 2011 1135 2067 quem
1166 1994 1367 2050 dicunt
1398 1997 1622 2067 petram
1647 2010 1812 2050 scan-

1578 2106 1581 2107 '
1643 2083 1804 2155 [dali,

159 2176 295 2242 Quae
326 2172 539 2229 cecidit
568 2187 746 2244 super
766 2176 941 2244 caput
965 2172 1312 2246 Achitophel
1332 2174 1460 2245 jam
1488 2173 1701 2246 septies

160 2263 268 2318 Sed
302 2279 440 2318 cum
466 2261 621 2318 cadit
648 2261 797 2334 lapis
829 2262 1030 2331 semel,
1056 2263 1211 2318 cadit
1240 2262 1293 2317 vi
1326 2262 1653 2334 septenaria
1685 2280 1698 2319 :

161 2352 493 2409 Contritum
524 2349 863 2424 spiritaliter
892 2351 1371 2425 Burgundionem
1400 2351 1676 2408 vidimus.

161 2439 509 2513 Achitophel
538 2439 877 2513 Burgundia
904 2440 1058 2495 aetati
1088 2444 1302 2497 nostris
1334 2440 1606 2506 reddidit,

162 2530 414 2587 Multum
447 2529 694 2585 crinitus
724 2529 976 2585 Absalon
999 2530 1169 2601 cujus
1200 2530 1417 2602 sprevit
1433 2529 1769 2586 consilium.

160 2620 346 2676 Intrat
375 2634 529 2691 saepe
556 2618 774 2691 palatia
802 2617 1128 2691 versipellis
1159 2618 1397 2691 regalia,

161 2706 423 2764 Occultat
436 2723 647 2764 nasum
660 2706 1140 2781 pellibus,pectus
1155 2709 1460 2765 subdendo
1474 2708 1804 2765 fraudibus.

159 2798 288 2854 Jam
312 2796 563 2853 Catilina
590 2797 837 2869 nequior
866 2797 1070 2853 amicis
1100 2797 1316 2870 praebet
1345 2798 1645 2865 osculum;

159 2886 264 2944 Sed
297 2886 606 2958 praetendit
633 2886 931 2960 decipulas
962 2890 1166 2960 sapore
1195 2886 1347 2943 fellis
1379 2886 1589 2943 ebrias.

161 2975 318 3032 Alter
345 2972 642 3048 Jugurtha
660 2974 941 3049 loquitur,
966 2993 1083 3031 non
1106 2992 1175 3031 ex
1204 2976 1337 3045 ﬁde,
1364 2976 1465 3031 sed
1495 2977 1567 3032 de
1600 2976 1732 3043 ﬁde,

159 3066 268 3122 Pro
300 3064 457 3121 veris
491 3063 765 3120 amicitiis
795 3065 1044 3121 reddens
1076 3064 1433 3120 inimicitias.

158 3156 243 3211 Ad
265 3170 477 3228 regum
492 3170 741 3256 pergens
768 3153 1203 3259 solium,‘Ceges
1225 3154 1461 3223 salutat,
1484 3171 1599 3209 non
1616 3157 1802 3210 amatr:
1837 3194 1885 3259 B

161 3244 279 3301 Sed
310 3246 402 3300 est
431 3242 601 3315 quasi
629 3243 932 3316 tugurium
966 3242 1078 3299 alio
1109 3243 1530 3300 cucumerario.

162 3333 287 3391 Non
319 3337 411 3389 est
436 3331 673 3389 auditus
710 3332 770 3388 in
803 3331 1055 3389 Thevan.
1082 3350 1187 3389 nec
1207 3333 1476 3389 inventus
1507 3333 1565 3389 in
1598 3334 1810 3390 Corba-

1646 3424 1807 3494 [nan,

165 3512 332 3568 Prior
351 3510 509 3568 risus
540 3511 599 3567 in
629 3510 909 3581 vultibus,
945 3511 1150 3569 amicis
1174 3511 1604 3586 ignorantibus.

159 3602 270 3659 Sed
310 3600 521 3656 didicit
556 3601 885 3674 episcopus,
933 3602 1088 3673 quod
1128 3601 1316 3658 tristis
1374 3602 1483 3657 fuit
1515 3602 1759 3659 clericus
1792 3620 1806 3658 :

160 3694 284 3746 ltur
312 3707 348 3746 a
378 3688 557 3746 Chela
584 3690 913 3757 Worchias,
948 3709 982 3746 a
1011 3691 1301 3747 Worchiis
1330 3691 1610 3747 Parisius.

157 3779 355 3837 Crassi
386 3780 547 3836 risus
579 3780 891 3836 commotio
915 3784 1002 3837 est
1032 3781 1195 3853 regni
1227 3781 1588 3853 perturbatio
1616 3799 1629 3849 ;

155 3872 208 3925 It
228 3871 402 3941 juxta
423 3885 637 3942 saepem
670 3871 931 3943 mingere
960 3871 1060 3942 qui
1092 3887 1257 3945 reges
1289 3870 1400 3926 scit
1428 3871 1721 3926 seducere.

158 3957 392 4015 Statum
423 3957 709 4014 subvertit
732 3949 1288 4031 principum,hostis
1311 3959 1665 4015 Francorum
1684 3975 1810 4031 pro-

1561 4050 1804 4120 [cerum,

159 4135 403 4194 Diﬁ'usis
433 4151 675 4191 currens
703 4136 949 4207 ratibus,
974 4136 1128 4193 sicut
1151 4137 1398 4194 Crassus
1428 4137 1803 4209 vulpennius.

44 4254 49 4271 ›
158 4226 283 4283 Non
306 4224 556 4299 percipit
575 4225 879 4295 Adalbero,
910 4226 1256 4307 Achitophel
1289 4244 1394 4283 cur
1423 4228 1610 4282 rideat
1642 4244 1655 4283 :

160 4315 378 4389 Vulpes
409 4319 603 4388 portat
631 4314 689 4370 in
721 4322 970 4388 pectore,
1004 4317 1104 4388 qui
1138 4316 1261 4374 suis
1292 4317 1478 4374 nescit
1515 4332 1769 4388 parcere.

160 4405 319 4465 Dolis
340 4409 605 4463 armatus
624 4405 965 4478 justifer[f.,
990 4406 1245 4479 furcifer]
1278 4407 1522 4464 Henrico
1552 4405 1706 4462 tollit
1738 4405 1812 4460 fe-

1539 4496 1806 4567 [minam,

1918 1906 2071 1961 Uxor
2101 1904 2243 1978 petit
2269 1905 2643 1970 Vasconiam,
2676 1903 3018 1976 Achitophel
3045 1903 3354 1970 malitiam,

1916 1995 2069 2050 Dum
2090 2012 2192 2067 per
2202 1994 2440 2063 jurandi
2463 1995 2754 2050 sarcinam
2768 1997 2951 2049 totam
2965 1994 3277 2049 conturbat
3287 1992 3558 2066 patriam.

1918 2083 2166 2140 Honoris
2196 2083 2390 2139 fundit
2413 2083 2754 2149 terminum,
2788 2082 3018 2138 intrans
3051 2083 3224 2155 Regis
3254 2081 3559 2154 palatium,

1916 2173 2200 2229 Henricus
2231 2173 2307 2227 sit
2337 2172 2606 2241 aedituus,
2642 2171 2784 2228 dicit
2813 2172 3068 2227 Bodonis
3095 2171 3273 2227 filius.

1917 2262 2040 2319 Fiat
2069 2280 2169 2317 rex
2197 2262 2361 2334 Hugo
2394 2260 2739 2331 monachus,
2773 2277 2874 2316 rex
2895 2261 3184 2316 Robertus
3213 2259 3558 2333 episcopus;

1918 2352 2148 2408 Habens
2178 2350 2271 2406 hic
2303 2350 2480 2406 vitam
2513 2349 2864 2422 simplicem,
2897 2350 3042 2406 alter
3086 2348 3244 2405 vocis
3301 2348 3561 2407 dulcedi-

3380 2438 3560 2507 [nem'.

1916 2530 2175 2586 Obscura
2204 2529 2489 2584 fraudum
2508 2528 2658 2601 legio
2688 2530 2895 2601 regnat
2915 2525 3188 2582 Landrici
3232 2525 3559 2595 stomacho,

1915 2621 2093 2692 Cujus
2124 2617 2315 2674 munit
2343 2616 2662 2673 sententias
2690 2614 3073 2672 Nabhzardan
3102 2615 3449 2689 auctoritas,

1914 2708 2228 2765 Cachinnis
2253 2707 2508 2764 ostendit
2525 2706 2746 2774 dolum,
2765 2710 3065 2779 respectus
3094 2705 3514 2779 et’periculum
3542 2720 3556 2760 :

1914 2801 2095 2855 Acuta
2121 2802 2259 2854 sunt
2288 2797 2570 2854 novacula
2598 2795 2852 2869 perfidiae
2884 2794 3120 2852 duritia.

1914 2887 2327 2944 Promissionis
2360 2886 2566 2943 scissio
2605 2884 2988 2959 prmsentatus
3016 2884 3078 2941 in
3110 2885 3377 2965 subdolo,

1912 2978 2236 3034 Verborum
2267 2977 2377 3033 sub
2408 2975 2805 3033 membraculo
2832 2975 2892 3030 in
2922 2963 3202 3032 mendoso
3231 2963 3557 3030 volut'abro.

1916 3067 2106 3123 Saliva
2139 3067 2314 3122 mista
2345 3066 2653 3121 fraudibus
2683 3067 2811 3137 ejus
2835 3068 3103 3121 versatur
3132 3062 3438 3143 fraudibus
3472 3080 3486 3118 :

1916 3157 2225 3213 Sermones
2258 3173 2392 3212 cum
2424 3154 2699 3228 periculis
2731 3155 2858 3226 ejus
2886 3157 3196 3210 versantur
3225 3151 3485 3225 syllabis.

1916 3245 2259 3302 Herodiadis
2289 3245 2526 3318 nuptias
2558 3243 2854 3299 renovavit
2883 3242 3117 3299 illicitas
3152 3260 3167 3299 :

1917 3336 2145 3391 Incesta
2173 3338 2406 3406 prepter
2435 3332 2599 3389 basia
2620 3336 2858 3405 spereat
2888 3331 3123 3388 Pruvini
3152 3330 3387 3388 moenia.

1915 3423 2361 3480 Architriclinus
2393 3423 2609 3494 impius
2637 3422 2873 3494 gavisus
2903 3426 2991 3478 est
3019 3438 3122 3494 pro
3180 3420 3473 3477 moenibus
3508 3434 3521 3475 :

1917 3512 2303 3569 Potentiorem
2334 3511 2459 3567 ﬁeri
2492 3527 2553 3565 se
2584 3510 2831 3566 credidit
2860 3526 2965 3582 pro
2982 3510 3226 3582 nuptiis.

1916 3601 2201 3659 Dormivit
2225 3618 2324 3656 rex
2350 3599 2411 3656 in
2442 3599 2672 3667 lectulo,
2707 3598 2977 3654 Landrici
3008 3598 3304 3670 pontiﬁcio
3339 3616 3352 3654 :

1916 3691 2142 3748 Dormit
2170 3692 2350 3746 Bertze
2380 3688 2712 3760 promissio,
2743 3687 3015 3743 irascitur
3044 3687 3403 3759 Burgundio.

1915 3780 2096 3854 Eglon
2129 3783 2326 3836 noster
2343 3778 2720 3845 novissimus,
2736 3778 2907 3849 cujus
2930 3782 2996 3832 ut
3013 3794 3129 3832 non
3153 3776 3555 3849 turpissimus;

1919 3869 2117 3925 Multis
2130 3873 2218 3925 est
2235 3869 2421 3924 fastus
2438 3865 2709 3940 dapibus,
2728 3884 2845 3923 non
2866 3866 3056 3940 placet
3075 3866 3555 3924 Pruvinensibus.

1917 3959 2255 4014 Secundum
2295 3957 2497 4013 lunam
2527 3957 2768 4029 patitur,
2802 3974 2907 4031 spe
2936 3956 3098 4013 varia
3128 3956 3518 4031 confringitur
3545 3973 3559 4015 :

1917 4048 2233 4104 Pruvinum
2257 4063 2562 4119 nunquam
2583 4045 2855 4119 perdidit,
2890 4048 3045 4119 quod
3078 4046 3293 4103 habere
3322 4064 3439 4103 non
3469 4065 3566 4121 po-

3405 4139 3560 4209 [tuit.

1916 4226 2148 4282 Plumbi
2180 4227 2469 4283 scribatur
2499 4226 2740 4296 lamina,
2770 4242 2841 4282 ne
2871 4229 3134 4284 transeat
3166 4226 3450 4284 memoria
3477 4245 3490 4282 :

1922 4317 1993 4373 Ut
2022 4317 2235 4389 posteri
2263 4317 2379 4373 sint
2409 4317 2654 4389 providi,
2689 4316 2737 4372 si
2769 4319 2902 4390 post
2932 4321 3180 4373 mortem
3226 4315 3565 4374 surrexerit.

1921 4406 2265 4478 Achitophel
2292 4407 2649 4479 prosperitas
2681 4410 2768 4463 est
2800 4408 3038 4479 Europae
3067 4407 3395 4480 captivitas,

1922 4496 2028 4562 Qui
2061 4495 2223 4567 pejor
2254 4497 2320 4550 fit
2350 4496 2628 4566 quotidie,
2662 4496 2955 4568 periturus
2996 4496 3352 4559 tardissime.
