3946 6370
371 333 490 396 755

1110 332 1300 397 SEC.
1344 332 1430 395 XI
1471 333 1703 395 AUCT.
1748 330 2061 395 INGERTI
2101 329 2292 394 ANNI
2332 330 2434 394 ET
2477 329 2776 397 SGRIPT.
2803 338 3026 389 ’AAEZII.

3667 298 3792 392 πθ

1205 565 1214 570 ’
1280 647 2045 778 BHYTHMI
2153 646 2890 780 VETERES

2041 969 2082 1061 Ι

1035 1127 1666 1216 RHYTHMUS
1719 1056 2227 1218 MILITlJM
2284 1056 3128 1217 MUTINENSIUM.
3209 1165 3214 1169 -

379 1412 1003 1579 BHYTHMUS
1067 1464 1218 1574 DE
1287 1463 1862 1578 LUDO’VIGO
1939 1467 2028 1576 Il

2033 1307 2336 1576 II1MP.
2409 1462 2636 1575 PER
2704 1461 3364 1580 ADELGISUM
3431 1422 3802 1579 CAPTO

1965 1624 2274 1671 PRECEDIT

1342 1757 1482 1857 ι.
1569 1759 1721 1857 Δ.
1823 1757 2837 1860 MUBATOBII

1176 1953 1694 2018 DlSSERTATIO
1736 1957 1839 2018 DE
1882 1956 2342 2020 RHYTHMIGA
2385 1957 2768 2020 VETREUM
2808 1954 3035 2019 POESI

1750 2089 1954 2162 (Antiq.
1987 2089 2116 2146 Ital.
2147 2089 2246 2158 III,
2277 2090 2427 2162 664).

453 2321 581 2380 Non
638 2319 840 2377 minus
892 2334 1072 2392 quam
1103 2318 1296 2375 Italica
1325 2319 1515 2391 lingua
1538 2321 1823 2394 originem
1855 2339 2027 2379 suam
2055 2323 2112 2392 Α
2141 2331 2318 2396 μέτρον
2374 2321 2530 2378 idem
2587 2321 2670 2377 sic
2726 2337 2793 2378 ac
2821 2335 3097 2377 mensura.
3133 2320 3196 2376 In
3241 2319 3507 2377 versibus
3545 2335 3682 2377 vero
3720 2321 3800 2378 ad

381 2407 704 2468 barbaricis
754 2407 1118 2480 temporibus
1165 2408 1336 2464 debet
1381 2409 1574 2465 Italica
1624 2413 1825 2482 poesis,
1859 2413 2035 2483 cujus

377 2503 577 2557 tamen
607 2498 990 2554 fundamenta
1023 2496 1201 2553 altius
1231 2501 1374 2554 sunt
1401 2498 1571 2556 nobis
1601 2499 2030 2574 investiganda.

375 2587 715 2660 Aristoteles
743 2586 804 2642 in
835 2585 1124 2660 principio
1154 2586 1722 2660 poeticesinquirens
1751 2589 1908 2646 unde
1938 2607 2033 2646 or-

377 2655 514 2736 tnui
531 2676 723 2752 poesis
750 2676 1044 2745 habuerit,
1065 2677 1272 2732 statuit
1291 2693 1420 2732 eam
1453 2693 1522 2733 ex
1551 2694 1748 2734 amore
1763 2681 2032 2736 imitatio-

378 2769 467 2824 nis
522 2765 834 2840 prodiisse,
869 2765 974 2838 qui
1030 2763 1373 2822 hominibus
1432 2766 1650 2822 insitus
1707 2771 1814 2836 est,
1855 2772 2034 2840 atque

383 2873 453 2913 ex
531 2871 730 2910 amore
803 2854 1114 2911 harmonia
1157 2857 1215 2910 et
1271 2854 1500 2927 rhytmi.
1557 2857 1850 2928 Praecipue
1898 2873 2032 2913 vero

384 2944 470 3002 ait
500 2960 514 3000 ἶ
549 2952 686 3002 Kurd
737 2951 881 3017 φύσιν
937 2951 1118 3008 δ’ὄντος
1173 2947 1291 3016 ῄμϊν
1347 2949 1434 3001 τοῦ
1491 2953 1759 3016 pensio-But,
1806 2957 1890 3003 καὶ
1945 2971 2033 3016 της

382 3039 636 3106 ᾃρμονίας,
718 3038 802 3087 καί
881 3040 968 3088 τοῦ
1048 3040 1135 3102 (τά
1241 3041 1336 3104 γάρ
1443 3041 1600 3106 μέτρα
1706 3042 1780 3090 ὁτι
1887 3043 2034 3108 μόρια

382 3127 483 3179 τῶν
541 3125 760 3196 ῥυθμῶν,
793 3127 895 3177 έστὶ
923 3130 1153 3194 φανερὸν)
1210 3131 1256 3185 ές
1282 3129 1435 3194 ἀρχῆς
1492 3131 1538 3180 οἱ
1591 3133 1857 3197 πεφυκὸτες
1913 3133 2032 3198 πρὸς

382 3215 510 3268 οὖτά
587 3217 802 3282 μάλιστά
853 3217 981 3266 κατά
1030 3217 1201 3283 μικρὸν
1247 3221 1558 3284 προάγοντεβ,
1618 3221 1884 3284 ἐγέννησαν
1939 3227 2032 3288 τῂν

383 3306 579 3368 minem
609 3305 666 3355 ἐκ
709 3305 806 3354 τῶν
852 3307 1342 3371 αὑτοσκεδιασμάτων
1381 3317 1510 3373 quas
1557 3302 1757 3358 Latine
1805 3303 1886 3360 ita
1933 3321 2030 3360 so-

385 3391 567 3445 nant:
613 3387 748 3443 Cum
790 3403 915 3460 ergo
971 3389 1266 3445 secundum
1322 3393 1583 3446 naturam
1627 3393 1700 3446 sit
1759 3393 1820 3447 in
1875 3393 2032 3449 nobis

387 3478 572 3551 ipsum
597 3475 833 3546 imitari,
862 3480 914 3534 et
937 3478 1230 3535 harmonia
1259 3482 1312 3534 et
1335 3479 1627 3550 rhythmus
1675 3482 1830 3553 (nam
1856 3486 2034 3538 metra

379 3566 686 3640 particulas
715 3581 828 3624 esse
856 3567 1240 3639 rhythmorum
1279 3569 1637 3642 manifestum
1685 3573 1784 3639 est)
1813 3587 1848 3626 a
1871 3573 2030 3641 prin-

381 3655 524 3728 cipio
553 3655 650 3728 qui
678 3657 882 3712 natura
907 3657 1154 3712 maxime
1177 3655 1246 3711 ad
1265 3657 1384 3714 haec
1410 3659 1528 3728 apti
1555 3661 1735 3724 erant,
1754 3659 2032 3730 pautatim

373 3748 774 3818 promoventes,
804 3749 1116 3816 genuerunt
1139 3747 1372 3817 poesim,
1405 3753 1818 3818 extemporanee
1859 3750 2028 3804 versi-

377 3832 621 3905 ﬁcantes.
682 3832 894 3889 Mirum
943 3837 1233 3906 quantum
1264 3834 1337 3890 ad
1381 3833 1502 3890 haec
1530 3835 1706 3890 verba
1732 3835 2026 3906 haeserint,

379 3920 679 3986 certarint,
695 3920 1122 3994 ingeniumque
1148 3939 1322 3978 suum
1351 3923 1628 3980 torserint
1653 3923 2028 3982 Aristotelicaa

377 4009 636 4084 poeticas
664 4007 1036 4082 interpretes,
1071 4010 1398 4083 praesertim
1439 4011 1584 4080 Itali,
1618 4013 1770 4084 quod
1821 4031 2029 4088 nempe

375 4099 493 4157 vim
514 4099 672 4156 vocis
689 4099 900 4171 rhytmi
927 4101 1161 4172 assequi
1192 4101 1336 4157 satis
1367 4118 1485 4158 non
1516 4107 1777 4174 possent,
1809 4108 1865 4160 et
1893 4107 2026 4161 har-

377 4190 583 4247 moniae
609 4203 810 4246 vocem
857 4187 952 4244 hic
982 4187 1169 4258 aliter,
1211 4189 1380 4246 aliter
1421 4191 1520 4248 ille
1551 4191 1926 4265 explicarent.
1957 4197 2030 4251 At

373 4295 692 4354 germanus
713 4276 1052 4351 Philosophi
1078 4295 1290 4337 sensus
1310 4289 1529 4348 est,nos
1567 4298 1634 4338 ex
1661 4282 2028 4340 institutione

373 4370 594 4424 natura:
617 4365 893 4424 delectari
907 4385 1022 4424 non
1035 4367 1224 4424 solum
1249 4371 1573 4439 imitatione,
1590 4373 1691 4428 sed
1715 4372 1892 4429 etiam
1903 4375 2030 4429 har-

370 4457 584 4528 monia,
620 4456 736 4513 hoc
760 4460 850 4514 est
879 4457 1277 4516 modulatione
1324 4465 1380 4517 et
1410 4461 1636 4518 musica
1664 4462 2024 4533 harmonica,

370 4546 495 4605 sive
534 4563 602 4604 ea
659 4563 730 4604 ex
759 4551 935 4604 cantu
966 4557 1066 4605 aut
1110 4566 1248 4606 voce
1279 4550 1668 4608 animantium
1727 4558 2024 4621 nascatur,

367 4635 496 4694 sive
533 4653 602 4693 ex
628 4635 826 4693 sonitu
861 4637 1392 4696 instrumentorum
1424 4641 1820 4710 musicorum;
1855 4647 2031 4715 atque

366 4737 621 4799 insuper
651 4727 895 4800 rhytmo,
918 4726 976 4782 id
1007 4731 1098 4784 est
1126 4728 1330 4786 ordine
1368 4733 1424 4785 et
1463 4729 1841 4786 collocatione
1897 4749 2029 4786 ver-

363 4813 574 4872 borum
604 4815 686 4872 ita
705 4817 1194 4890 conjunctorum,
1215 4823 1317 4874 aut
1347 4818 1764 4886 desinentium,
1779 4823 1844 4874 ut
1862 4837 2028 4876 voces

363 4901 542 4959 etiam
596 4904 724 4960 sine
773 4909 989 4974 cantu,
1045 4923 1112 4962 ac
1156 4908 1568 4964 tantummodo
1617 4907 2026 4979 pronuntiatis,

363 4991 834 5062 consonantiam,
860 5011 927 5050 ac
953 4997 1295 5068 quamdam,
1312 5001 1378 5052 ut
1393 4997 1473 5052 ita
1484 4995 1696 5063 dicam,
1713 4995 2026 5054 melodiam

2144 2410 2302 2484 leges
2357 2411 2614 2484 poeticas
2672 2408 3027 2466 constructis
3056 2413 3114 2465 et
3140 2407 3348 2466 vinctis
3379 2407 3458 2464 ita
3503 2423 3794 2467 mensura

2142 2501 2426 2573 temporis
2483 2503 2764 2568 servatur,
2799 2503 2864 2555 ut
2891 2499 3095 2556 eadem
3125 2513 3358 2571 semper
3412 2501 3675 2555 recurrat
3729 2498 3798 2556 in

2144 2591 2410 2662 ejusdem
2443 2589 2670 2662 generis
2690 2589 2979 2656 versibus,
3011 2587 3132 2644 sive
3163 2587 3355 2662 longis
3388 2586 3634 2660 pedibus
3679 2585 3796 2657 illi,

2143 2677 2262 2736 sive
2293 2679 2586 2748 brevibus,
2619 2675 2738 2734 sive
2767 2677 2962 2734 mistis
3007 2680 3298 2734 constent.
3332 2675 3548 2733 Scribit
3583 2673 3794 2734 autem

2143 2767 2570 2837 Quinctilianus
2583 2765 2944 2823 Institution.
2977 2765 3304 2822 Oratorian.
3335 2764 3438 2821 lib.
3472 2782 3550 2836 1x,
3584 2767 3788 2839 cap.4,

2143 2857 2360 2925 longam
2413 2856 2686 2928 syllabam
2730 2871 2842 2912 esse
2897 2854 3132 2911 duorum
3193 2858 3515 2926 temporum,
3569 2853 3792 2912 brevem

2139 2948 2328 3014 unius,
2358 2947 2526 3002 etiam
2549 2946 2711 3017 pueri
2737 2947 2938 3000 sciunt.
2973 2943 3220 3000 Proinde
3250 2943 3310 2999 in
3341 2941 3598 3016 periodis
3647 2941 3786 3000 rhe-

2141 3038 2336 3090 torum
2367 3032 2602 3090 occulta
2629 3037 2753 3090 arte
2803 3032 3121 3090 elaboratis
3173 3036 3487 3089 concentus
3543 3029 3796 3104 quidam

2141 3123 2395 3191 auditur,
2429 3139 2614 3195 eaque
2646 3123 2718 3178 de
2755 3139 2935 3178 causa
2980 3125 3108 3177 tum
3157 3119 3410 3191 Tullius,
3441 3125 3571 3176 tum
3630 3120 3796 3178 idem

2141 3211 2572 3279 Quinctilianus
2600 3211 2922 3284 rhythmum
2945 3209 3006 3266 in
3035 3209 3296 3267 oratione
3350 3209 3796 3282 procurandum

2133 3302 2367 3374 jubent,
2387 3318 2503 3357 non
2534 3305 2730 3358 autem
2759 3308 3011 3356 metrum.
3033 3299 3335 3357 Praecessit
3353 3301 3549 3355 autem
3569 3298 3798 3356 Aristo-

2141 3391 2304 3458 teles,
2361 3391 2625 3447 scribens
2683 3389 2977 3446 Rhetoric.
3037 3387 3138 3444 lib.
3188 3405 3270 3456 III,
3304 3405 3432 3461 cap.
3464 3389 3498 3443 8
3532 3403 3545 3444 :
3577 3395 3796 3460 σΡυθμδν

2141 3489 2216 3538 δεῖ
2240 3490 2366 3538 ἔχειν
2393 3487 2478 3538 τὸν
2507 3487 2672 3552 λὸγον,
2708 3488 2884 3552 μέτρον
2913 3486 2965 3536 δέ
2995 3487 3064 3551 μῄ
3115 3493 3128 3532 :
3181 3476 3240 3534 id
3306 3481 3414 3548 est,
3459 3475 3790 3550 rhythmum

2141 3574 2348 3644 Oportet
2402 3570 2601 3626 habere
2647 3571 2970 3636 orationem,
2993 3585 3106 3625 non
3153 3583 3278 3624 vero
3325 3575 3578 3624 metrum.
3631 3565 3792 3624 Alio-

2062 3697 2108 3762 Β
2143 3659 2306 3760 quin,
2340 3664 2407 3716 ut
2466 3659 2566 3760 ille
2619 3659 3028 3762 additppoema
3085 3657 3326 3762 erit..Ad
3593 3655 3793 3756 locum

2137 3749 2330 3806 Cicero
2359 3749 2698 3822 respiciens,
2733 3748 2832 3804 ubi
2864 3747 2935 3804 de
2965 3746 3095 3819 ipso
3143 3744 3454 3802 Aristotele
3499 3744 3791 3819 loquitur,

2137 3839 2220 3895 ait
2253 3856 2266 3894 :
2299 3841 2349 3896 Ι.ς
2377 3840 2551 3910 igitur
2577 3853 2794 3894 versum
2830 3839 2892 3893 in
2947 3838 3194 3892 oratione
3249 3839 3389 3892 vetat
3434 3849 3565 3903 esse,
3599 3851 3795 3891 nume-

2136 3945 2260 3985 rum
2309 3929 2483 4001 jubet.
2529 3927 2717 3984 Vertit
2773 3925 2872 3982 ille
2929 3934 3106 4000 μέτρον
3134 3941 3354 3982 versum
3412 3930 3611 3998 ρὐθμδν
3652 3939 3792 3980 vero

2134 4033 2444 4083 numerum,
2479 4015 2635 4072 unde
2665 4031 2958 4072 numerosa
2985 4014 3159 4072 oratio
3217 4013 3375 4070 dicta
3417 4011 3595 4068 etiam
3655 4011 3789 4068 fuit.

2136 4107 2276 4162 Inde
2307 4121 2445 4178 ergo
2477 4108 2675 4161 exorta
2704 4107 2789 4160 est
2817 4103 3036 4177 poesis,
3065 4101 3151 4159 uti
3181 4099 3576 4175 Philosophus
3625 4104 3790 4158 recte

2137 4194 2384 4263 monuit,
2418 4193 2574 4266 quod
2603 4193 2794 4266 primo
2825 4192 3065 4264 quidam
3095 4189 3294 4265 pOpuli
3337 4189 3479 4262 (sive
3537 4188 3788 4256 Hebraei,

2137 4283 2259 4340 sive
2281 4281 2614 4351 Graeci,sive
2643 4281 2916 4354 quisquis
2946 4279 3116 4350 alius,
3151 4279 3260 4336 hoc
3291 4279 3449 4336 enim
3481 4277 3630 4334 nihil
3659 4295 3788 4336 mo-

2137 4377 2252 4442 ror)
2283 4389 2418 4430 cum
2477 4372 2537 4427 in
2594 4370 2921 4438 sacrificiis,
2955 4375 3056 4426 aut
3101 4370 3162 4426 in
3201 4368 3443 4442 nuptiis,
3478 4367 3789 4438 conviviis,

2134 4461 2390 4518 victoriis
2420 4460 2620 4517 aliisve
2651 4459 2893 4533 tripudii
2919 4463 2976 4516 et
3005 4458 3218 4515 laetitiae
3251 4456 3498 4531 publica:
3529 4454 3621 4512 vel
3661 4455 3788 4530 pri-

2137 4555 2279 4608 vatae
2312 4549 2692 4622 temporibus,
2726 4547 3044 4606 harmoniae
3075 4563 3312 4621 operam
3361 4546 3587 4615 darent,
3620 4545 3790 4603 tibiis

2137 4645 2240 4697 aut
2267 4639 2484 4696 fidibus
2513 4642 2764 4706 utentes,
2811 4637 3034 4694 sensim
3062 4653 3260 4694 vocem
3290 4641 3348 4692 et
3377 4637 3618 4693 cantum
3642 4634 3786 4706 jun-

2137 4745 2270 4803 gere
2308 4744 2450 4784 sono
2501 4726 2656 4783 tibias
2707 4731 2810 4783 aut
2865 4726 3100 4783 cithara:
3144 4728 3462 4799 coeperunt.
3496 4723 3690 4789 Quam
3720 4722 3785 4780 in

2138 4832 2259 4874 rem
2289 4815 2772 4888 compositionem
2804 4817 3124 4888 quamdam
3145 4814 3469 4871 dictionum
3491 4812 3788 4885 etpedum

2137 4905 2514 4975 adhibebant,
2532 4905 2590 4960 in
2613 4923 2862 4978 quorum
2876 4908 3173 4962 structura
3191 4905 3498 4978 rhythmus,
3514 4901 3634 4960 sive
3651 4917 3789 4960 con-

2137 4999 2343 5052 centus
2369 4994 2736 5063 audiebatur,
2761 5012 2895 5051 cum
2925 4995 2984 5051 in
3017 5012 3132 5052 uno
3165 4997 3452 5051 commate
3481 5007 3696 5048 vocum
3718 5008 3787 5049 ac

362 5079 630 5149 reddant,
644 5083 700 5136 et
735 5081 1073 5140 delectabili
1099 5085 1486 5157 jucundaque
1509 5083 1838 5140 sensatione
1870 5086 2028 5142 audi-
2059 5071 2100 5138 C
2144 5085 2358 5158 pedum
2381 5083 2658 5140 connexio
2677 5083 2841 5139 alteri
2863 5079 3528 5156 subscquenticommati
3549 5095 3788 5152 respon-

364 5183 559 5236 torum
593 5185 766 5228 aures
799 5171 1034 5228 feriant.
1069 5177 1238 5231 Metri
1267 5177 1463 5230 autem
1517 5173 1754 5228 nomine
1801 5173 2025 5247 signiﬁ-
2139 5175 2318 5229 deret.
2352 5175 2465 5229 Sed
2523 5177 2660 5228 tunc
2707 5172 2886 5242 nulla,
2923 5178 3025 5230 aut
3055 5177 3208 5230 certe
3236 5171 3446 5245 exigua
3475 5185 3618 5226 cura
3671 5169 3788 5226 fuit

363 5259 529 5313 catur
555 5257 763 5327 oratio,
785 5261 1175 5333 quarumdam
1205 5263 1403 5336 legum
1431 5260 1767 5316 inventione
1797 5266 1853 5317 et
1883 5279 2022 5319 con-
2133 5262 2436 5319 brevitatis
2463 5265 2563 5318 aut
2584 5261 2970 5335 longitudinis
2991 5261 3523 5336 syliabarum,cum
3536 5256 3682 5316 satis
3699 5257 3787 5314 fo-

362 5345 666 5404 stitutione
696 5348 779 5405 ita
829 5348 1012 5424 ligata
1069 5356 1128 5408 et
1159 5351 1458 5422 fabricata,
1495 5354 1560 5406 ut
1607 5354 1762 5406 certo
1802 5352 2018 5423 pedum
2133 5356 2219 5408 ret
2245 5353 2326 5408 ita
2354 5354 2691 5408 construere
2719 5351 2952 5408 brevem
2975 5349 3138 5408 illam
3178 5349 3520 5416 orationem,
3555 5349 3613 5403 et
3659 5349 3782 5404 sta-

361 5443 608 5493 mmero
666 5442 914 5508 constet,
950 5444 1009 5496 et
1033 5441 1093 5496 in
1134 5439 1284 5513 ipsis
1342 5439 1594 5512 pedibus
1643 5443 1840 5496 exacte
1871 5441 2015 5498 ratio
2128 5439 2620 5514 tuerealiqualem
2642 5441 2856 5514 pedum
2880 5457 3194 5497 numerum
3212 5445 3390 5514 atque
3411 5452 3780 5506 mensuram,

360 5523 648 5582 habeatur
675 5527 1040 5600 syllabarum
1072 5529 1381 5603 longarum
1425 5532 1483 5584 et
1529 5528 1812 5584 brevium.
1847 5530 2015 5587 Mctra
2127 5536 2190 5588 ut
2207 5531 2278 5587 ad
2300 5530 2532 5587 aurium
2547 5529 2844 5600 judicium
2869 5529 3004 5586 inde
3026 5532 3364 5604 exsurgeret
3393 5524 3619 5599 aliquid
3649 5541 3779 5581 mo-

363 5617 557 5673 autem
587 5632 790 5675 versus
821 5622 1125 5690 poetarum
1185 5617 1313 5674 idco
1343 5616 1618 5691 appellati
1661 5621 1818 5688 sunt,
1857 5621 2010 5692 quod
2123 5619 2438 5678 dulationis
2473 5622 2650 5691 atque
2681 5623 3020 5678 concentus.
3059 5622 3249 5679 Versus
3278 5613 3558 5693 appellari
3586 5617 3783 5688 ccepta
