3946 6356
141 273 277 342 ’15⁸7

1493 275 1861 343 RHYTHMI
1901 272 2282 342 VETERES.

3465 275 3584 344 758
3602 344 3607 351 .

144 416 247 472 est
276 410 577 487 ejusmodi
599 410 796 472 brevis
825 412 1103 473 orationis
1132 415 1449 483 structura,
1485 430 1666 488 quam
1705 430 1822 471 non
1850 415 1909 482 Α
1936 428 2279 486 quanquam
2320 411 2565 471 metrica
2596 412 2789 487 poesis
2842 412 3065 487 primas
3114 412 3450 488 arripuerit,
3486 430 3586 470 om

146 502 489 574 meditatio,
516 504 617 561 sed
640 506 1085 579 extemporanea
1104 505 1193 562 vis
1219 504 1434 579 ingenii
1457 504 1818 573 effundebat,

147 596 225 651 ut
254 593 478 651 nostris
508 610 741 667 quoque
755 595 1119 667 temporibus
1138 595 1209 651 ab
1227 594 1300 650 iis
1327 594 1566 651 rusticis
1588 599 1830 666 praesta-

147 686 279 750 tur,
314 682 419 755 qui
451 698 521 739 ex
552 685 815 756 tempore
859 700 1065 740 versus
1110 682 1356 739 faciunt.
1405 687 1539 739 Haec
1588 699 1830 755 poeseos

150 771 327 829 fuere
356 771 700 844 primordia.
728 771 873 841 Cum
898 788 1033 827 vero
1065 771 1380 828 delectatio
1403 771 1539 827 inde
1567 769 1626 826 in
1661 770 1828 827 audi-

149 865 361 918 torum
391 876 563 916 aures
596 859 982 933 animumque
1009 877 1126 918 non
1155 859 1385 917 modica
1428 861 1652 930 ﬂueret,
1704 875 1828 915 rem

154 949 570 1022 imperfectam
600 949 821 1005 sensim
874 948 1029 1005 docti
1087 952 1145 1005 et
1172 948 1392 1022 egregii
1423 948 1531 1004 viri
1570 948 1828 1021 perfece-

157 1042 327 1105 runt,
368 1038 610 1095 invectis
666 1054 877 1111 nempe
933 1037 1237 1095 nonnullis
1297 1036 1548 1111 legibus,
1610 1037 1829 1110 quibus

159 1126 447 1199 deinceps
468 1142 672 1182 versus
702 1129 1204 1195 construerentur,
1237 1129 1296 1182 et
1325 1125 1594 1182 adhibita
1620 1125 1680 1180 in
1712 1124 1829 1181 illis‘

156 1214 537 1289 oastigatiore
565 1231 848 1272 mensura
902 1216 1142 1289 pedum,
1176 1214 1260 1271 ita
1297 1219 1362 1270 ut
1416 1214 1603 1288 rigide
1650 1215 1827 1272 etiam

161 1305 455 1377 temporis
483 1304 632 1361 ratio
672 1309 731 1361 et
781 1303 1156 1361 uniformitas
1214 1308 1543 1361 servaretur
1598 1304 1658 1359 in
1714 1321 1827 1360 usu

163 1391 531 1466 syllabarum
563 1393 825 1450 brevium
840 1395 1017 1466 atque
1036 1392 1366 1468 longarum.
1383 1392 1611 1450 Priores
1623 1410 1751 1449 vers
1760 1409 1828 1449 us

162 1482 475 1554 rhythmici
503 1480 782 1555 appellati
815 1486 974 1552 sunt,
1007 1484 1225 1538 metrici
1245 1498 1380 1538 vero
1429 1483 1692 1539 secundi.
1722 1482 1828 1538 At-

164 1587 286 1645 que
314 1571 454 1628 hinc
476 1570 867 1646 intelligimus
895 1587 1001 1627 cur
1029 1574 1270 1628 sanctus
1298 1572 1690 1646 Augustinus,
1718 1570 1823 1626 lib.

164 1675 258 1730 ιιι,
290 1676 417 1732 cap.
449 1662 505 1729 2,
538 1661 611 1716 de
671 1660 903 1717 musica
959 1660 1299 1733 scripserit:
1358 1663 1624 1730 Quocirca
1670 1676 1828 1717 omne

162 1752 408 1806 metrum
435 1749 756 1821 rhythmus;
787 1764 900 1804 non
928 1750 1105 1804 omnis
1152 1747 1447 1820 rhythmus
1504 1749 1672 1809 etiam
1711 1763 1833 1821 me:

168 1846 324 1894 trum
352 1840 449 1893 est.
472 1836 732 1909 Exempli
762 1836 921 1892 enim
951 1836 1140 1909 gratia
1168 1836 1229 1891 in
1267 1835 1511 1909 Virgilii
1556 1839 1657 1891 aut
1712 1835 1825 1891 Ho-'

168 1926 323 1983 meri
350 1924 620 1982 versibus
649 1924 1002 1981 hexametris
1032 1941 1148 1981 non
1178 1923 1371 1981 solum
1402 1924 1828 1996 rhythmus,seu

170 2014 532 2073 melodicum
564 2013 890 2086 quidquam
921 2013 1181 2081 auditur,
1214 2013 1316 2069 sed
1347 2013 1525 2070 etiam
1574 2018 1832 2093 metrum,

169 2103 285 2161 hoc
304 2106 396 2161 est
411 2105 680 2159 accurata
705 2101 1030 2159 observatio
1043 2100 1342 2174 temporis,
1361 2101 1834 2174 deprehenditur,

1939 501 2223 575 niumque
2234 500 2543 558 meliorum
2557 501 2834 577 suth'agio
2851 506 2909 559 et
2922 520 3031 560 usu
3042 502 3584 575 probata,laudibus

1940 590 2159 663 ubique
2208 596 2532 660 ornaretur,
2590 596 2847 649 attamen
2886 591 3217 665 rhythmica
3254 592 3445 665 poesis
3471 610 3586 650 non

1940 682 2247 751 propterea
2276 680 2485 737 defecit
2514 681 2668 753 apud
2698 684 2927 738 Graecos
2951 685 3127 753 atque
3153 681 3408 738 Latinos.
3442 682 3588 738 Cum

1938 768 2096 822 enim
2125 767 2338 842 vulgus
2368 769 2670 825 indoctum
2714 775 2773 827 et
2797 770 3017 827 rustica
3044 785 3188 844 gens
3237 773 3469 842 poetam
3500 771 3588 826 in-

1939 856 2173 912 terdum
2204 873 2375 931 agere
2402 858 2595 928 vellet,
2629 876 2817 933 neque
2837 860 3066 933 legibus
3092 858 3262 915 metri
3284 857 3588 915 addi'scené

1940 943 2036 999 dis
2066 961 2173 1016 par
2220 950 2394 1014 esset,
2455 948 2657 1020 quales
2714 952 2961 1021 poterat,
3020 965 3225 1005 versus
3282 949 3589 1006 eﬂ‘ormare

1937 1031 2207 1103 perrexit,
2233 1033 2343 1089 hoc
2362 1038 2451 1090 est
2476 1035 2748 1107 rhythmo
2768 1039 2825 1091 et
2854 1039 3143 1103 contenta,
3166 1038 3419 1098 metrum
3451 1051 3588 1091 con-

1935 1121 2197 1193 tempsit.
2228 1123 2478 1191 Metrum,
2497 1124 2765 1196 inquam,
2794 1124 2904 1180 hoc
2933 1127 3024 1180 est
3052 1123 3271 1196 rigidas
3302 1122 3587 1195 prosodiae

1937 1207 2271 1282 leges,quas
2291 1212 2548 1283 perfecta
2588 1212 2783 1285 poesis
2833 1212 3120 1285 sequitur.
3154 1210 3474 1283 Caeteroqui
3503 1211 3587 1266 la-

1936 1297 2082 1353 tiore
2113 1299 2543 1371 significatione
2565 1303 2731 1359 metri
2781 1319 3016 1374 quoque
3073 1301 3311 1357 nomine
3341 1301 3589 1359 donatos

1936 1385 2234 1444 interdum
2260 1389 2424 1446 video
2455 1390 2816 1461 rhythmicos
2855 1406 3059 1447 versus
3106 1391 3263 1462 quod
3313 1393 3370 1446 et
3397 1390 3458 1445 in
3515 1388 3588 1445 iis

1936 1473 2135 1547 aliqua
2172 1493 2435 1534 mensura
2470 1480 2688 1552 pedum
2735 1482 2793 1536 et
2830 1479 3114 1552 temporis
3162 1478 3588 1535 observaretur:

1936 1563 2117 1620 Primi
2149 1569 2345 1624 autem
2376 1568 2738 1640 rhythmicos
2756 1585 2980 1638 versus,
3001 1571 3175 1641 atque
3199 1568 3342 1624 adeo
3363 1566 3589 1639 possim

1936 1651 2198 1711 invexere
2227 1658 2383 1728 apud
2415 1657 2650 1714 Latinos
2694 1656 2920 1726 rustici,
2954 1656 3171 1729 quibus
3198 1660 3396 1712 tamen
3444 1672 3590 1728 prse-

1941 1739 2171 1811 iveroant
2199 1744 2402 1801 Graeci.
2436 1745 2564 1801 Mos
2594 1746 2751 1801 enim
2778 1761 2981 1801 eorum
3037 1744 3148 1800 fuit
3176 1749 3308 1817 post
3337 1756 3592 1800 messem

1944 1843 2073 1885 sese
2102 1830 2444 1901 exhilarare,
2476 1833 2750 1890 conviciis
2779 1832 3017 1890 alternis
3048 1849 3177 1889 sese
3214 1832 3505 1902 ferientes,
3537 1839 3598 1897 et

1939 1918 2207 1975 versibus
2236 1921 2583 1993 rhythmicis
2606 1925 2914 1991 certantes,
2947 1920 3049 1993 qui
3077 1924 3401 1977 chcennini
3418 1922 3595 1999 etiam

1943 2007 2220 2081 appellati
2245 2015 2403 2066 sunt.
2440 2011 2584 2066 Rem
2613 2011 2894 2067 describit
2919 2010 3197 2067 Horatius
3229 2010 3328 2068 lib.
3370 2010 3592 2083 primo,

1944 2096 2191 2168 epistola
2217 2098 2427 2170 prima,
2460 2104 2517 2156 et
2546 2100 2827 2171 Agricolis
2850 2101 3049 2172 priscis
3077 2116 3281 2157 eorum
3311 2099 3597 2172 originem

172 2208 312 2249 cum
363 2191 486 2249 sive
532 2190 830 2258 brevibus,
874 2190 1007 2247 sive
1060 2189 1252 2264 longis
1292 2189 1538 2263 pedibus
1600 2205 1837 2246 versum
1944 2185 2171 2255 tribuit,
2204 2203 2271 2243 ac
2301 2188 2539 2245 tandem
2570 2189 2697 2245 ait:

173 2285 353 2356 poeta
376 2281 662 2349 eﬂ'ormet,
695 2283 873 2352 atque
909 2279 970 2335 in
1001 2279 1256 2353 singulis
1300 2278 1655 2335 hexametris
1685 2294 1838 2335 sem-

176 2387 284 2445 per
311 2369 521 2443 viginti
545 2368 664 2425 duo
699 2373 968 2441 tempora
988 2367 1145 2424 vocis
1163 2371 1490 2424 occurrant.
1512 2367 1727 2424 Eadem
1752 2370 1844 2424 est

178 2458 487 2533 proportio
517 2458 578 2514 in
609 2456 760 2530 reliq
778 2457 873 2513 uis
903 2473 1177 2513 versuum
1206 2456 1516 2530 generibus
1535 2457 1689 2529 apud
1723 2473 1841 2512 me-

1947 2276 2283 2332 Fescennina
2305 2293 2408 2349 per
2454 2278 2601 2333 hunc
2648 2280 2873 2335 inventa
2910 2281 3006 2352 [an
3064 2279 3264 2353 potius
3319 2280 3531 2336 invecta
3549 2278 3597 2349 .9]

3022 2369 3271 2440 [licentia
3297 2385 3524 2437 morem,

1956 2455 2215 2511 Versibus
2242 2456 2476 2512 alternis
2505 2457 2797 2528 approbria
2820 2459 3029 2513 rustica
3055 2458 3223 2529 fudit,

181 2547 362 2605 liores
387 2551 613 2620 poetas.
648 2548 725 2602 At
752 2543 812 2602 in
843 2544 1110 2601 versibus
1128 2543 1475 2618 rhythmicis
1493 2545 1576 2600 ita
1604 2544 1843 2617 quidem
1952 2543 2064 2599 Par
2088 2546 2176 2599 est
2207 2543 2422 2600 Tibulli
2453 2545 2744 2601 sententia
2771 2544 2871 2601 lib.
2905 2562 2966 2614 ιι,
2999 2545 3184 2619 elegia
3213 2546 3492 2604 secunda.

185 2655 259 2694 ex
288 2634 661 2710 copulatione
690 2635 1005 2691 verborum
1031 2651 1097 2691 ac
1128 2634 1343 2707 pedum
1376 2632 1552 2688 etiam
1601 2649 1845 2690 numero
1952 2632 2207 2702 Agricola
2234 2632 2452 2690 assiduo
2477 2635 2727 2706 primum
2757 2635 2992 2691 lassatus
3018 2640 3206 2691 aratro
3550 2638 3555 2641 ’

186 2725 408 2800 saepius
468 2724 705 2781 obserta
760 2727 1077 2780 concentus
1134 2721 1348 2795 aliquis
1405 2721 1721 2791 enascitur,
1782 2725 1849 2778 ut

2066 2719 2317 2777 Cantavit
2338 2726 2482 2779 certo
2506 2725 2711 2779 rustica
2732 2724 2894 2780 verba
2912 2723 3066 2796 pede.

184 2814 453 2873 audienti
483 2813 752 2886 voluptas
785 2815 1055 2881 creetur;
1083 2812 1185 2868 sed
1239 2810 1320 2866 ibi
1350 2815 1453 2867 aut
1490 2828 1699 2884 parum
1747 2814 1850 2867 aut
1959 2808 2157 2864 Livius
2189 2825 2421 2881 quoque
2445 2810 2611 2866 initio
2640 2811 2742 2867 lib.
2771 2829 2850 2867 v11
2893 2812 3103 2868 Annal.
3136 2813 3208 2869 de
3263 2812 3606 2869 ludionibus

185 2902 337 2961 nihil
367 2900 659 2961 sollicitus
688 2903 777 2958 est
806 2901 1014 2956 artifex
1042 2899 1395 2956 brevibusne
1425 2917 1499 2955 an
1529 2900 1720 2972 longis
1749 2917 1848 2973 pe-

1958 2898 2220 2955 Etruscis
2250 2898 2518 2970 loquens,
2552 2899 2634 2956 ait
2667 2918 2680 2957 :
2711 2902 2935 2957 Imitari
2980 2902 3173 2958 deinde
3219 2919 3306 2959 eos
3348 2902 3607 2975 juventus

187 2993 366 3050 dibus
397 2994 637 3059 utatur;
668 2988 975 3063 legemque
1006 2986 1228 3061 respuit
1255 2992 1312 3044 et
1339 2988 1650 3060 compedes
1704 3005 1851 3061 quos
1958 2988 2129 3042 simul
2158 2989 2468 3057 inconditis,
2501 2991 2645 3046 inter
2671 3007 2729 3047 se
2747 2991 3025 3062 jorularia
3078 2992 3388 3063 fundentes,
3436 2993 3606 3048 versi-

189 3080 302 3139 sibi
337 3082 680 3154 praestantes
736 3081 917 3151 poetae
961 3078 1089 3149 jam
1147 3076 1247 3132 diu
1303 3081 1647 3148 posuerunt.
1690 3076 1846 3133 Dicis
1964 3076 2060 3131 bus
2091 3093 2312 3149 erepere.
2336 3082 2555 3135 Versus
2582 3080 2883 3136 inconditos
2903 3080 3099 3137 Livius
3128 3080 3386 3153 appellat
3403 3096 3606 3136 eorum

190 3186 392 3238 causa,
426 3167 789 3242 penultimus
818 3165 1141 3223 hexametri
1171 3181 1274 3237 pes
1321 3164 1615 3238 dactylum
1645 3166 1840 3239 exigit,
1872 3154 1917 3222 C
1953 3180 2177 3234 versus,
2210 3168 2365 3238 quod
2396 3171 2453 3223 et
2480 3168 2622 3223 facit
2662 3168 2942 3242 Virgilius
2970 3169 3032 3225 in
3076 3168 3277 3243 ecloga
3323 3169 3601 3239 secunda,

193 3259 308 3316 hoc
337 3262 428 3316 est
460 3261 578 3314 tres
609 3254 887 3329 syllabas,
907 3270 1160 3327 quarum
1186 3253 1379 3326 prima
1394 3252 1568 3327 longa
1592 3254 1688 3321 sit,
1711 3253 1842 3310 reli-
1956 3257 2130 3326 atque
2161 3254 2220 3310 in
2252 3254 2354 3311 lib.
2389 3274 2428 3311 ιι
2458 3257 2812 3329 Georgicor.,
2846 3257 2946 3313 ubi
2992 3259 3290 3331 incomptos
3336 3257 3483 3315 dicit
3506 3275 3607 3315 ru-

194 3364 324 3421 quaa
384 3347 516 3402 duae
572 3346 800 3411 breves,
856 3344 942 3400 uti
998 3344 1248 3399 carmina
1297 3342 1566 3412 turgidus.
1626 3346 1844 3399 Verum
1951 3346 2212 3400 sticorum
2240 3361 2445 3413 versus,
2484 3346 2640 3418 quod
2671 3362 2882 3419 nempe
2953 3348 3130 3404 rudes
3177 3347 3385 3419 forent,
3418 3360 3608 3420 neque

193 3434 587 3503 Quinctiliano
607 3437 882 3490 monente
901 3432 1004 3489 lib.
1030 3450 1107 3501 1x,
1140 3448 1266 3504 cap.
1300 3438 1351 3486 4.
1382 3431 1636 3504 rhythmo
1670 3432 1845 3504 indif-
1956 3435 2114 3489 certa
2143 3434 2426 3505 prosodiae
2454 3434 3046 3492 rationeincederent.
3080 3436 3384 3507 Ejusmodi
3402 3451 3607 3493 versus

189 3527 376 3598 ferens
405 3527 483 3581 est
510 3523 829 3596 dactylusne
877 3523 972 3579 ille
1017 3523 1234 3593 priores
1280 3520 1475 3577 habeat
1521 3521 1722 3588 breves,
1774 3538 1849 3577 an
1956 3521 2111 3577 infra
2140 3522 2212 3578 ab
2244 3523 2710 3579 eodemHoratio
2759 3523 3087 3595 appellatur
3115 3524 3391 3594 horridus,
3424 3524 3483 3579 id
3515 3528 3606 3581 est

195 3621 516 3687 sequentes;
548 3629 615 3670 ac
645 3616 952 3685 propterea
981 3610 1135 3667 idem
1167 3614 1258 3665 est
1287 3609 1629 3682 rhythmum
1671 3610 1848 3666 conﬁ-
1957 3610 2112 3667 rudis
2140 3614 2198 3667 et
2222 3612 2544 3684 incomptus.
2577 3613 2779 3684 Neque
2802 3612 3004 3685 dispar
3053 3613 3300 3669 fortasse
3338 3612 3450 3669 fuit
3504 3614 3605 3669 Sa-

195 3702 369 3761 cienti
391 3701 670 3761 adhibere
686 3699 1106 3768 tribrachum,e
1126 3698 1316 3754 tribus
1338 3698 1609 3754 brevibus
1622 3714 1853 3772 compo—
1960 3707 2173 3765 turnus,
2206 3716 2344 3756 nam
2372 3700 2611 3757 Saturni
2642 3706 2901 3774 tempore
2928 3701 3075 3758 illud
3103 3717 3381 3759 versuum
3418 3713 3607 3775 genus

195 3792 399 3859 situm,
426 3795 493 3847 ut
510 3790 748 3859 macula,
769 3791 1050 3852 canimus;
1063 3805 1138 3844 an
1150 3790 1511 3860 anapaestum
1535 3802 1603 3843 ex
1622 3788 1852 3846 duabus
1961 3789 2021 3844 in
2053 3806 2165 3846 usu
2196 3788 2380 3846 fuisse
2408 3790 2770 3847 credebatur.

195 3880 471 3939 brevibus
500 3883 558 3936 et
606 3879 785 3953 longa
843 3878 1186 3946 conﬂatum,
1216 3881 1281 3932 ut
1331 3877 1589 3945 rutilans,
1647 3877 1753 3932 Era

1707 3886 1852 3941 "ato;
2109 3868 3265 3946 ...........Sichorridusille

200 3972 303 4033 aut
331 3968 613 4026 creticum
645 3984 713 4025 ex
740 3967 934 4041 longa,
978 3966 1138 4022 brevi
1168 3969 1227 4022 et
1276 3965 1452 4038 longa
1497 3967 1758 4021 contextu

1772 3983 1851 4033 In,
2106 3978 2348 4048 [Ie/luxit
2373 3994 2632 4033 numerus
2659 3978 2955 4035 Saturnius
2995 4022 3009 4036 .
3057 4020 3070 4034 .
3117 4020 3131 4033 .
3161 3984 3188 4033 '.
3244 4020 3257 4033 .
3313 4019 3326 4034 .

200 4063 266 4116 ιιι
292 4059 522 4115 ΑοῘιαίθδ
548 4056 803 4129 Γαιθίάίδ·
835 4060 1053 4111 sonum
1085 4055 1209 4111 ίειδθ
1248 4070 1482 4127 quoque
1527 4071 1695 4110 V0003
1725 4055 1854 4111 Ped-
1966 4067 2234 4122 Numerus
2256 4066 2459 4122 Latina
2487 4082 2597 4123 vox
2635 4066 2957 4139 rhythmum
2996 4068 3262 4126 Gracum
3318 4058 3612 4141 exprimit.

202 4148 350 4204 dunt
379 4145 636 4204 similem
666 4150 770 4203 aut
800 4143 1134 4218 proximum
1165 4142 1394 4216 dactylo
1421 4161 1434 4213 ;
1469 4147 1526 4198 et
1556 4143 1655 4216 qui
1687 4160 1857 4200 aures
1968 4154 2164 4227 Pergit
2192 4154 2446 4211 scribere
2477 4155 2750 4212 Horatius
2780 4174 2793 4212 ε

203 4240 436 4293 tantum
458 4235 691 4307 judices
722 4234 920 4301 habet,
952 4232 1097 4289 nihil
1130 4236 1230 4289 aut
1259 4249 1470 4305 parum
1501 4232 1860 4290 discriminis
2045 4285 2058 4298 ,
2138 4286 2150 4299 ,
2231 4287 2245 4300 ,
2327 4286 2339 4299 ,
2422 4286 2435 4299 ,
2515 4286 2529 4299 ,
2613 4288 2626 4302 ,
2707 4289 2720 4301 ,
2802 4287 2817 4301 ,
2892 4284 2909 4301 ,
2944 4247 3011 4303 Et
3035 4262 3197 4318 graue
3221 4246 3376 4302 vim

207 4323 597 4398 deprehendit
616 4325 770 4381 inter
795 4340 1006 4380 sonum
1023 4320 1272 4378 istorum
1295 4319 1640 4394 pedum,qui
1665 4326 1859 4378 tamen
2040 4332 2326 4390 munditia
2351 4334 2626 4405 ροριιιισνε,
2662 4334 2763 4390 sed
2792 4338 2855 4389 in
2893 4337 3119 4405 longum
3154 4340 3341 4392 tamen
3367 4351 3563 4393 mum.

211 4414 365 4488 apud
390 4412 666 4470 metricos
697 4416 901 4486 poetas
930 4412 1197 4468 diversus
1219 4410 1392 4484 plane
1421 4415 1713 4467 censetur.
1738 4413 1769 4476 Ε

2043 4421 2374 4489 Manserunt,
2409 4422 2670 4493 hodieque
2716 4427 2900 4480 manet
2944 4427 3176 4495 vestigia
3229 4427 3403 4481 ruris.
3481 4434 3486 4437 ’

200 4503 343 4559 olim
380 4505 527 4591 arte,
556 4519 740 4576 quave
771 4500 1100 4591 pulsatione
1117 4500 1274 4556 vocis
1323 4499 1555 4591 antiqui
1570 4587 1580 4591 _
1599 4499 1779 4591 Grieci
1809 4504 1866 4557 et
1893 4526 1940 4591 Ι)
1972 4509 2088 4566 Hoc
2117 4513 2227 4576 est,
2258 4511 2526 4582 quamvis
2557 4527 2591 4566 a
2621 4511 2836 4568 Graecis
2866 4512 3246 4571 didicerimus
3265 4516 3430 4571 metri
3458 4522 3623 4588 regu-

201 4590 394 4649 Latini
422 4591 861 4664 distinguerent
884 4590 1193 4647 verborum
1215 4587 1503 4662 praecipue
1524 4587 1863 4661 dissyllabo-
1893 4587 1929 4591 —
1972 4599 2080 4667 ias,
2111 4603 2170 4655 et
2199 4613 2303 4670 pro
2335 4599 2581 4655 rudibus
2610 4601 2964 4657 rusticorum
2994 4603 3264 4674 rhythmis
3303 4587 3620 4674 castigatos

212 4698 342 4738 rum
401 4679 743 4737 brevitatem
798 4697 863 4736 ac
930 4678 1381 4752 longitudinem,
1430 4677 1863 4751 incompertum
1975 4704 2131 4744 nunc
2153 4686 2479 4761 politosque
2502 4705 2706 4744 versus
2723 4689 3123 4757 conficiamus,
3146 4694 3401 4747 attamen
3424 4690 3623 4763 rhyth-

205 4770 351 4828 mihi
373 4771 576 4826 fateor.
599 4771 839 4827 Frustra
867 4769 1025 4826 enim
1051 4769 1277 4824 intenta
1297 4784 1437 4823 aure
1458 4785 1615 4824 nunc
1638 4785 1853 4840 quaero,
1971 4776 2125 4833 mica,
2147 4776 2342 4850 poesis
2364 4776 2699 4849 perduravit
2729 4792 2978 4851 semper,
3010 4782 3067 4835 et
3095 4779 3287 4836 adhuc.
3309 4780 3464 4852 apud
3494 4780 3621 4836 vul-

204 4875 307 4916 cur
332 4875 445 4916 vox
471 4859 642 4928 mala,
692 4859 813 4915 sive
855 4875 948 4915 res
1005 4855 1173 4912 male:
1231 4855 1522 4912 diversam
1574 4857 1859 4930 temporis
1965 4883 2076 4940 gus
2104 4866 2281 4940 viget.
2309 4865 2530 4922 Horatii
2560 4864 2906 4939 interpretes
2937 4867 2998 4923 in
3028 4867 3185 4924 hunc
3224 4868 3418 4925 locum
3446 4869 3627 4926 verba

204 4946 491 5004 rationem
520 4946 734 5004 habeat
772 4965 806 5004 ει
854 4947 1026 5015 mala,
1056 4945 1110 5001 id
1164 4948 1253 5001 θεῖ
1294 4960 1478 5017 Poma:
1542 4948 1641 5001 ειυί
1695 4961 1855 5016 θθηα,
1966 4955 2150 5012 Servii
2184 4955 2514 5029 proferunt,
2539 4955 2641 5029 qui
2665 4956 2738 5012 ad
2760 4954 2861 5013 lib.
2895 4974 2935 5012 ιι
2966 4956 3296 5031 Georgicor.
3324 4974 3509 5016 versus
3537 4961 3626 5015 in-

205 5053 339 5094 cum
372 5035 682 5109 utriusque
710 5035 867 5093 VOCiS
893 5051 1073 5092 SODUS
1103 5034 1260 5123 idem
1282 5032 1426 5088 mihi
1449 5032 1547 5102 Sit,
1579 5032 1731 5090 illius
1752 5052 1855 5123 τως
1962 5048 2205 5117 comptos
2227 5062 2261 5099 a
2285 5043 2529 5117 Virgilio
2551 5048 2906 5102 memoratos
2926 5045 3243 5119 explicans,
3266 5049 3625 5114 carminibus,

209 5130 322 5183 tem
354 5126 685 5183 secundum
715 5125 1000 5199 prosodiae
1030 5123 1188 5196 leges
1219 5122 1519 5212 habeatur-
1966 5135 2074 5201 ait,
2111 5134 2382 5189 Saturnio
2431 5142 2603 5191 metro
2653 5136 2979 5208 compositis,
3013 5153 3130 5208 qua
3189 5137 3260 5193 ad
3314 5138 3635 5212 rhythmum

273 5215 478 5288 Itaque
509 5214 724 5288 duplex
752 5230 993 5288 poeseos
1048 5228 1236 5286 genus
1296 5211 1439 5267 olim
1495 5215 1820 5270 exsurrexit

2069 5240 2141 5278 tm
2160 5224 2410 5295 vulgares
2439 5239 2761 5295 componere
2787 5232 3206 5283 cansueverunt.
3252 5211 3442 5295 Quare
3488 5245 3627 5285 con-

205 5304 454 5362 alterum
481 5303 803 5378 antiquius,
838 5304 940 5361 sed
971 5301 1225 5377 ignobile
1254 5318 1320 5358 ac
1351 5300 1642 5391 Plebeium
1669 5320 1682 5369 ;
1718 5302 1855 5359 ἃῙῐϐ-
1951 5311 2133 5386 jicere
2164 5312 2304 5369 hinc
2333 5328 2654 5385 possumus
2689 5315 2925 5372 eosdem
2956 5316 3315 5391 fuisseZolim
3338 5318 3627 5375 Saturnios

206 5410 338 5451 rum
367 5393 583 5463 nobile.
616 5397 674 5451 et
701 5411 736 5451 ει
764 5393 951 5450 doctis
987 5390 1396 5449 tantummodo
1443 5389 1583 5448 viris
1622 5392 1854 5449 exscul-
1960 5406 2018 5460 et
2047 5403 2404 5459 Fescenninas
2432 5417 2657 5459 versus.
2698 5402 2903 5462 Obstat
2934 5389 3483 5475 tamen'Asconius,
3527 5404 3630 5477 qui

205 5487 352 5542 tum.
384 5482 535 5540 Illud
566 5483 958 5557 rhythmicum,
992 5480 1137 5538 illud
1166 5482 1457 5538 metricum
1498 5478 1854 5554 appellatum
1963 5495 2457 5547 commemoratur
2522 5494 2787 5549 senarius
2857 5494 3342 5567 hypercatalectus,
3412 5496 3510 5567 qui
3577 5505 3630 5555 et

208 5577 313 5634 θεῖ·
347 5573 460 5633 sed
492 5575 648 5648 qudd
687 5572 1063 5649 POtiSSimum
1113 5574 1204 5630 θδίὶ
1249 5569 1853 5646 animadvertendum,
1963 5580 2246 5640 Saternius
2275 5581 2480 5641 dicitur
2510 5600 2524 5639 :
2556 5582 2679 5640 hth
2736 5583 2894 5642 enim
2952 5585 3210 5643 indicare
3233 5586 3481 5658 possunt
3499 5600 3629 5641 ver-
