3946 6358
375 272 496 338 ’159

1127 275 1319 339 SIEC.
1361 275 1442 337 ΧῙ
1485 274 1714 352 AUCT.
1759 273 2076 339 INCERTI
2116 275 2309 340 ANNI
2349 277 2452 341 ET
2494 279 2792 344 SCRIPT.
2831 289 3062 340 manu.

3629 279 3796 346 nso

371 422 510 466 sum
539 404 711 465 illum
740 423 860 466 non
890 407 1310 483 rhythmicum,
1344 411 1446 467 sed
1477 409 1784 467 metricum
1815 409 2016 468 fuisse.
2047 411 2104 480 Α
2129 411 2352 470 Scholas
2381 414 2678 486 praeteriit,
2725 415 2926 473 ostium
2974 414 3206 489 aperuit,
3263 415 3320 474 et
3345 413 3593 474 intrauit;
3647 417 3800 475 Brut

370 499 643 557 Attamen
665 498 862 556 Livius
882 499 1096 556 iterum
1119 501 1409 564 audiatur,
1431 501 1528 572 qui
1551 500 1710 572 poesi
1738 501 2022 572 paulatim

369 588 623 646 nitorem
664 588 954 646 accessise
991 589 1255 646 scribens
1314 589 1462 644 libro
1521 590 1722 645 eodem
1773 590 2022 662 septimo

372 677 456 735 ait
487 693 502 733 :
534 678 653 734 Non
681 679 824 734 sicut
861 682 989 734 ante
1029 681 1360 734 Fescennina
1407 695 1564 734 uersu
1615 680 1880 748 similem,
1933 681 2021 735 in-

371 768 724 839 compositum
752 774 968 836 temere,
1002 785 1068 823 ac
1084 768 1297 836 rudem,
1321 769 1550 824 alternis
1563 769 1859 839 jaciebant.
1885 769 2020 832 Qui-

374 855 487 911 bus
515 854 613 910 ille
641 855 831 912 verbis
862 856 1142 912 describit
1169 857 1392 928 primos
1418 855 1756 913 Latinorum
1775 873 1980 913 versus
2005 875 2019 926 ;

371 945 774 1016 incompositos,
805 943 1074 1001 videlicet
1101 962 1170 1001 ex
1197 949 1458 1017 tempore
1490 950 1548 1000 et
1588 945 1906 1018 improviso
1939 946 2020 1002 ef-

372 1033 558 1101 fusos,
589 1037 763 1105 atque
792 1050 1072 1106 procusos
1102 1034 1228 1089 sine
1276 1038 1477 1090 exacta
1513 1034 1736 1090 ordinis
1782 1051 1846 1089 ac
1874 1038 2023 1090 tem-

373 1123 536 1195 poris
564 1122 985 1191 observatione,
1018 1139 1196 1195 quam
1234 1123 1294 1178 in
1353 1123 1555 1179 metris
1614 1124 1686 1180 ad
1736 1124 2022 1196 prosodiae

371 1210 534 1284 leges
572 1212 910 1285 compositis
965 1213 1274 1280 sentimus,
1327 1213 1573 1285 ideoque
1628 1213 1926 1286 impolitos
1955 1230 2020 1270 ac

371 1301 572 1356 rudes.
604 1301 749 1356 Cum
777 1317 912 1357 vero
934 1301 992 1356 in
1016 1301 1259 1360 nimiam
1288 1301 1655 1358 dicacitatem
1677 1319 1743 1358 ac
1763 1307 2020 1375 satyram

371 1387 663 1460 ejusmodi
695 1389 1036 1446 Fescennini
1070 1407 1174 1447 seu
1199 1390 1496 1462 joculares
1520 1407 1725 1447 versus
1763 1394 2020 1460 ruerent,

367 1475 600 1550 legibus
628 1477 906 1534 Romanis
935 1495 1139 1535 eorum
1164 1478 1400 1536 licentia
1428 1495 1767 1552 compressa
1795 1484 1905 1548 est,
1939 1479 2022 1534 ita

369 1570 436 1622 ut
463 1566 552 1622 fas
580 1566 991 1625 tantummodo
1016 1569 1193 1625 fuerit
1221 1586 1324 1642 per
1351 1585 1449 1624 eos
1497 1570 1766 1624 mordere
1813 1569 1873 1624 in
1905 1585 2020 1623 nu-

369 1654 508 1728 ptiis
539 1659 718 1728 atque
767 1657 1108 1731 triumphis.
1157 1657 1306 1714 Vide
1334 1657 1665 1713 Ferrarium
1716 1657 1818 1713 lib.
1851 1675 1908 1714 Vl
1940 1661 2018 1712 De

367 1747 546 1801 veter.
573 1745 1063 1815 acclamationib.,
1095 1747 1285 1820 capite
1314 1747 1560 1814 decimo,
1594 1747 1694 1818 qui
1724 1763 1847 1803 rem
1883 1745 2018 1801 illu-

370 1837 522 1890 strat
549 1829 724 1906 atque
753 1835 1017 1908 exempla
1047 1836 1286 1908 profert.
1322 1835 1647 1893 Inclinante
1679 1840 1874 1892 autem
1906 1836 2018 1892 Ro-

371 1939 683 1978 manorum
714 1923 978 1996 imperio,
1012 1923 1368 1981 oblectatum
1400 1925 1582 1980 fuisse
1611 1924 1893 1997 populum
1909 1925 2018 1981 hu-

363 2009 630 2084 jusmodi
651 2027 884 2085 quoque
911 2012 1228 2086 rhythmis,
1259 2013 1402 2070 satis
1429 2013 1622 2086 prodit
1646 2013 1930 2087 Vopiscus
1960 2014 2020 2070 in

367 2099 698 2167 Aureliano,
731 2102 902 2172 cujus
917 2101 1093 2159 verba
1111 2101 1316 2159 multis
1341 2101 1654 2160 illustravit
1675 2103 2017 2160 Salmasius.

370 2189 523 2244 Tum
542 2205 676 2245 vero
695 2190 807 2246 sub
827 2191 1108 2262 Augustis
1130 2190 1496 2260 Christianis,
1521 2193 1622 2247 sed
1644 2191 2019 2264 potissimum

369 2277 482 2334 sub
508 2277 746 2351 regibus
766 2279 1267 2348 barbaris,multis
1290 2280 1700 2353 rhythmorum
1722 2298 1867 2337 usus
1884 2281 2016 2350 fuit,

369 2383 488 2422 non
520 2368 592 2423 ad
625 2367 1095 2424 maledicentiam
1129 2372 1232 2425 aut
1257 2369 1766 2441 vituperationem,
1802 2371 1904 2425 sed
1944 2371 2016 2426 ad

369 2454 862 2529 honesta’quaavis
893 2462 1258 2531 argumenta,
1293 2475 1360 2514 ac
1392 2459 1682 2531 praecipue
1713 2460 1782 2514 ad
1815 2458 2018 2517 laudes

367 2543 471 2601 Dei
491 2543 667 2618 atque
687 2550 1045 2616 sanctorum,
1081 2547 1201 2604 sive
1225 2547 1402 2604 etiam
1431 2547 1766 2606 viventium.
1801 2551 2016 2614 Quam-

365 2632 454 2689 vis
479 2633 635 2690 enim
656 2634 818 2692 nullo
841 2653 1102 2709 unquam
1123 2640 1386 2708 tempore
1407 2637 1626 2692 Metrica
1651 2637 1844 2709 poesis
1861 2638 2016 2694 defe-

369 2723 532 2791 serit,
591 2741 849 2796 suosque
901 2729 1120 2798 poetas,
1194 2725 1387 2782 vincta
1449 2726 1709 2782 oratione
1765 2730 2014 2798 utentes,

364 2829 559 2885 neque
583 2829 787 2870 omnes
809 2815 1288 2882 contemnendos,
1323 2813 1556 2886 singula
1579 2815 1790 2872 saecula
1818 2821 2016 2872 osten-

369 2901 528 2969 dere,
550 2903 872 2973 potuerint,
889 2907 1147 2959 attamen
1161 2920 1296 2958 cum
1307 2902 1478 2959 bonis
1501 2903 1712 2960 litteris
1734 2921 2016 2978 magnum

361 2991 590 3048 vulnus
618 2991 908 3047 inﬂictum
951 2992 1180 3058 fuisset,
1230 2997 1287 3046 et
1332 2993 1660 3064 ignorantia
1709 2991 2017 3067 plerosque

370 3085 514 3138 tunc
543 3081 852 3137 hominum
879 3085 1122 3150 teneret,
1145 3073 1426 3154 prosodiae
1457 3081 1684 3155 legibus
1705 3083 1871 3155 pauci
1893 3087 2016 3140 stu-

2131 503 2319 574 utique
2339 504 2434 575 jus
2463 505 2707 574 illorum,
2739 507 2881 562 sicut
2913 505 3074 563 hodie
3107 505 3326 579 quidem
3379 514 3476 574 est,
3520 508 3794 578 quoniam

2130 592 2340 662 exleges
2374 595 2592 664 quidem
2618 603 2767 663 sunt,
2799 603 2862 651 ut
2911 595 3141 668 hospites
3191 597 3464 653 intrantes
3517 598 3750 669 capiant
3769 616 3790 656 :

2130 685 2334 752 captos,
2364 683 2660 754 usquedum
2687 700 2746 739 se
2779 685 3070 752 redimat,
3120 689 3357 742 teneant.
3392 685 3550 742 Vide
3603 687 3791 760 quam

2129 774 2395 827 vetustus
2426 770 2503 826 sit
2532 773 2752 828 abusus
2779 773 2880 844 qui
2909 773 2970 828 in
2999 773 3294 831 Ticinensi
3314 775 3620 848 gymnasio
3651 793 3789 849 per-

2131 859 2344 914 durare
2391 859 2583 916 adhuc
2640 861 2872 917 dicitur.
2926 862 3241 934 Spupillare
3293 863 3612 937 appellant.
3645 865 3794 924 Post

2131 947 2318 1004 multa
2347 948 2620 1022 discipuli
2649 949 2756 1022 illi,
2775 951 2946 1008 medii
2971 953 3294 1025 rhythmice,
3324 954 3508 1010 caeteri
3519 969 3648 1012 vero
3665 971 3790 1012 me-

2128 1038 2265 1125 trice
2293 1039 2537 1110 eﬂ‘untur
2563 1055 2584 1095 .·

2202 1143 2343 1213 Quid
2370 1146 2475 1201 tibi
2499 1147 2730 1216 fecimus
2761 1147 2888 1214 tale,
2920 1156 2982 1204 ut
3028 1148 3184 1204 nobis
3230 1150 3408 1221 facias
3449 1149 3592 1206 male
3613 1153 3640 1204 .9

2199 1233 2546 1305 Appellamus
2573 1250 2776 1305 regem,
2809 1237 2906 1307 qui
2934 1239 3189 1293 nostram
3215 1239 3444 1310 fecimus
3476 1239 3668 1310 legem.

2129 1323 2202 1376 At
2229 1321 2374 1378 alter
2395 1323 2752 1380 versificator
2781 1323 2976 1398 inquit
3006 1342 3019 1381 :

2200 1429 2318 1484 Non
2344 1429 2504 1486 nobis
2525 1431 2626 1502 pia
2653 1447 2771 1504 spes
2818 1434 3022 1503 fuerat,
3071 1449 3195 1489 cum
3237 1435 3314 1492 sis
3341 1421 3520 1512 nouus
3566 1436 3785 1510 hospes,

2205 1519 2266 1574 Ut
2286 1525 2434 1574 vetus
2465 1520 2522 1573 in
2543 1521 2701 1592 pejus
2728 1525 3092 1580 transvertere
3108 1526 3222 1580 tute
3261 1523 3397 1579 velis
3437 1523 3560 1595 jus.

2127 1605 2220 1662 Sic
2249 1611 2622 1666 Hermannus
2651 1610 2997 1670 Contractus
3029 1611 3184 1684 apud
3217 1610 3450 1670 Pezium
3480 1612 3540 1670 in
3569 1614 3785 1686 praefa-

2129 1694 2286 1752 tione
2315 1697 2387 1752 ad
2420 1689 2715 1756 Thesaur.
2744 1699 3087 1757 Anecdotor.
3148 1700 3564 1775 Rhythmicum
3619 1703 3788 1761 hunc

2046 1785 2096 1852 Β
2123 1801 2355 1842 versum
2381 1787 2558 1844 habet
2589 1805 2602 1844 :

2201 1892 2396 1950 Camen
2428 1910 2527 1951 ora
2549 1911 2728 1967 pange
2753 1901 2945 1964 metro,
2975 1913 3072 1954 seu
3097 1912 3296 1954 canore
3335 1897 3670 1972 rhythmico.

2129 2000 2438 2058 Ordericus
2461 2018 2693 2074 quoque
2716 2001 2926 2060 Vitalis
2955 2003 3166 2061 seculo
3185 2019 3268 2062 xu
3295 2004 3630 2078 rhythmicos
3658 2022 3784 2064 ver-

2128 2107 2220 2147 sus
2245 2089 2447 2148 laudat
2469 2110 2482 2160 ;
2507 2096 2564 2148 et
2593 2091 2823 2149 circiter
2848 2109 3070 2149 annum
3101 2095 3264 2161 1145,
3285 2093 3562 2152 Silvester
3590 2095 3785 2154 Giral-

2129 2180 2241 2236 dus
2273 2181 2588 2238 Britannus
2615 2180 2677 2237 in
2708 2182 2955 2254 Speculo
2981 2183 3248 2240 Ecclesia
3278 2183 3382 2241 lib.
3409 2200 3492 2254 ιν,
3524 2201 3652 2258 cap.
3686 2188 3778 2256 16,

2129 2269 2201 2325 de
2232 2271 2487 2342 quodam
2519 2269 2683 2327 Golia
2711 2270 2831 2328 haec
2859 2271 3038 2328 tradit
3062 2287 3075 2328 :
3102 2273 3400 2330 Litteratus
3425 2276 3662 2347 affatim,
3685 2276 3785 2334 sed

2128 2375 2226 2414 nec
2255 2360 2386 2415 bene
2413 2361 2799 2430 morigeratus,
2831 2377 2930 2418 nec
2955 2361 3268 2434 disciplinis
3319 2363 3674 2437 infamatus,
3715 2368 3784 2422 in

2123 2466 2327 2522 papam
2355 2453 2407 2504 et
2434 2451 2650 2506 curiam
2683 2452 2984 2507 Romanam
3022 2452 3275 2508 carmina
3315 2455 3527 2524 famosa
3564 2455 3783 2526 pluries

2127 2543 2180 2593 et
2205 2539 2471 2610 plurima,
2505 2543 2619 2596 tam
2646 2541 2877 2596 metrica
2896 2557 3062 2613 quam
3083 2541 3417 2614 rhythmioa,
3449 2558 3564 2600 non
3589 2546 3784 2602 minus

2128 2628 2472 2700 impudenter
2497 2645 2663 2700 quam
2691 2629 3066 2702 imprudenter
3103 2633 3358 2687 evomuit.
3387 2633 3522 2699 Quae
3579 2635 3786 2690 omnia

2127 2717 2269 2773 satis
2299 2716 2559 2774 indicant
2588 2722 2806 2790 quanto
2837 2718 2976 2775 olim
3006 2719 3067 2774 in
3097 2736 3212 2776 usu
3243 2720 3420 2777 fuerit
3447 2721 3784 2795 rhythmica

2126 2806 2340 2878 poesis,
2375 2822 2563 2879 neque
2592 2807 2664 2864 ab
2695 2823 2764 2864 ea
2809 2807 3106 2865 interdum
3154 2808 3530 2868 abhorruisse
3574 2812 3782 2870 doctos

2127 2895 2302 2951 etiam
2331 2895 2508 2952 viros.
2551 2896 2676 2961 Qua
2733 2897 2956 2954 ratione
3009 2914 3142 2955 vero
3169 2917 3205 2956 a
3259 2899 3461 2956 metris
3517 2899 3783 2974 rhythmi

2127 2983 2444 3054 differrent,
2477 2986 2632 3042 Beda
2657 2986 2868 3042 saculo
2897 3005 3016 3055 vm,
3044 2987 3104 3043 in
3160 2987 3264 3044 lib.
3297 2989 3378 3045 De
3435 2989 3641 3046 metris
3697 2991 3783 3048 ita

2125 3073 2406 3146 explicuit
2434 3091 2448 3130 :
2486 3074 2704 3132 Videtur
2731 3079 2914 3132 autem
2940 3077 3230 3150 rhythmus
3275 3080 3464 3134 metris
3508 3094 3626 3136 esse
3648 3097 3780 3138 con-

369 3171 607 3239 debant,
637 3173 877 3242 eratque
904 3169 1180 3226 iislevius
1239 3169 1536 3243 negotium
1590 3188 1717 3228 sese
1761 3189 2022 3230 exercere
2052 3155 2096 3224 C
2131 3164 2356 3220 similis.
2381 3165 2472 3220 Est
2492 3172 2671 3221 autem
2696 3167 2986 3222 verborum
3011 3167 3292 3223 modulata
3327 3169 3783 3240 compositio,non

367 3259 430 3316 in
450 3259 763 3334 rhythmis,
787 3260 941 3332 quod
963 3277 1172 3332 nempe
1201 3260 1261 3315 in
1289 3277 1474 3333 genus
1497 3259 2016 3318 lucubratiunculm

368 3349 569 3406 minus
599 3365 750 3406 cura:
781 3353 955 3422 atque
984 3349 1201 3406 laboris
1233 3350 1507 3423 exigeret.
1543 3350 1788 3407 Proinde
1818 3352 2016 3408 videas

367 3438 545 3496 medii
575 3439 678 3494 aevi
707 3438 1017 3512 scriptores
1047 3443 1174 3494 tum
1225 3439 1558 3511 rhythmica,
1613 3455 1747 3494 cum
1791 3443 2018 3496 metrica

365 3528 650 3602 opuscula
678 3544 1136 3586 commemorare
1156 3534 1331 3601 atque
1353 3529 1733 3600 distinguere.
1767 3529 2016 3586 Sanctus

365 3614 698 3675 Bonifacius
733 3617 1112 3692 Moguntinus
1151 3618 1460 3690 episcopus
1519 3617 1748 3674 circiter
1793 3635 2015 3674 annum

362 3707 577 3766 Christi
613 3709 742 3778 740,
804 3708 1036 3780 epistol.
1079 3709 1114 3762 4
1170 3707 1418 3764 scribit:
1479 3709 1708 3763 Obsecro
1762 3717 1820 3762 ut
1877 3709 2018 3764 mihi

362 3795 646 3854 Aldhelmi
695 3798 934 3870 episcopi
997 3798 1186 3868 aliqua
1233 3798 1520 3868 opuscula,
1576 3813 1673 3852 seu
1723 3813 2017 3868 prosarum

362 3903 460 3944 seu
485 3895 812 3953 metrorum,
844 3886 940 3942 aut
977 3886 1412 3958 rhythmicorum
1465 3887 1703 3956 dirigere
1752 3887 2014 3956 digneris.

366 3974 688 4033 Litterariae
746 3975 1010 4030 Historia:
1043 3975 1358 4048 scriptores
1413 3980 1876 4032 commemorant
1919 3977 2015 4032 Al-

368 4063 589 4121 dhelmi
655 4062 828 4119 istius
898 4063 1116 4120 librum
1177 4065 1246 4120 De
1325 4065 1617 4120 Men-orum
1707 4067 2014 4136 generibus,

366 4153 487 4212 sive
519 4159 596 4210 De
623 4161 742 4209 arte
769 4155 1018 4209 metrica.
1052 4154 1137 4209 Ita
1165 4153 1410 4208 Alvarus
1442 4153 1737 4227 Hispanus
1767 4157 2016 4228 scriptor

367 4243 604 4300 circiter“
649 4241 872 4298 annum
930 4244 1054 4310 847,
1087 4242 1147 4296 in
1205 4243 1338 4298 Vita
1367 4243 1554 4300 sancti
1611 4245 1858 4318 Eulogii,
1889 4246 2013 4303 haec

363 4333 543 4389 habet
570 4332 786 4387 verba:
827 4333 1173 4404 Epistolatim
1200 4333 1435 4388 invicem
1464 4335 1693 4404 egimus,
1736 4339 1786 4390 ct
1815 4335 2008 4407 rhyth-

362 4423 523 4478 micis
549 4422 794 4478 versibus
823 4437 933 4477 non
963 4419 1218 4477 laudibus
1275 4423 1664 4478 mulcebamus.
1712 4424 2008 4481 Ekkehar-

364 4513 475 4569 dus
507 4512 568 4567 in
589 4511 724 4567 Vita
743 4510 899 4568 beati
919 4511 1152 4567 Notkeri
1179 4509 1426 4579 Balbuli,
1451 4513 1607 4584 apud
1640 4512 2006 4584 Coldastum,
2039 4533 2086 4599 Β

358 4607 518 4658 torno
547 4601 758 4675 primo,
805 4614 940 4674 pag.
971 4603 1098 4667 237,
1151 4601 1281 4657 Rer.
1343 4601 1674 4668 Alamann.,
1736 4621 1862 4674 cap,
1914 4605 2002 4672 l6,

357 4692 480 4748 haec
523 4691 762 4749 scribit:
814 4692 1155 4763 Seq-uentias,
1203 4707 1334 4764 quas
1381 4691 1524 4746 idem
1579 4693 1743 4747 Pater
1787 4695 2004 4747 sanctus

353 4785 576 4854 fecerat,
607 4782 897 4838 destinavit
925 4797 1022 4852 per
1052 4781 1112 4835 ba
1111 4782 1298 4853 julu-m
1330 4781 1480 4836 urbis
1506 4785 1692 4836 Romae
1721 4798 1877 4851 papa:
1907 4783 2002 4835 Ni-

356 4873 507 4927 colao
544 4875 594 4928 et
635 4871 952 4927 Liulwardo
1009 4872 1329 4928 l’crcellensi
1378 4873 1640 4942 episcopo,
1693 4874 1823 4924 tunc
1869 4877 2002 4924 lem-

354 4973 487 5031 pore
515 4960 702 5013 Karoli
730 4961 911 5030 Magni
941 4961 1282 5030 imperatoris
1315 4959 1394 5031 (id
1443 4961 1534 5013 est
1576 4957 1761 5012 Caroli
1811 4957 2000 5013 Crassi

358 5046 590 5105 circiter
619 5063 838 5102 annum
868 5048 1018 5118 883.)
1043 5049 1146 5115 Qui
1175 5047 1509 5102 venerandus
1531 5048 1840 5118 apostolicis)
1859 5048 2000 5104 sedis

353 5136 606 5210 pontifex
633 5137 816 5189 omnia
849 5151 964 5204 qua,
1019 5138 1201 5189 beatus
1245 5137 1332 5189 vir
1375 5136 1636 5190 Not/{crus
1681 5136 1994 5204 dictaverat,

355 5226 703 5282 canoniz-avit
730 5225 972 5279 videlicet
1003 5225 1246 5292 hymnos,
1280 5227 1604 5297 scquontias,
1639 5233 1834 5295 tropos,
1868 5227 1997 5281 lita-

353 5318 497 5385 nias,
547 5329 836 5384 omnesq-ue
880 5315 1179 5368 cantilenas
1235 5315 1558 5386 rhylhmicc,
1613 5316 1854 5381 metrico,
1913 5317 1996 5371 vel

346 5405 612 5480 prosaice,
643 5419 779 5477 quas
808 5405 1028 5474 fecerat,
1064 5407 1171 5458 etc.
1208 5404 1380 5460 Porro
1403 5403 1557 5458 idem
1588 5403 1990 5473 Ekkehardus,

349 5513 451 5553 seu
479 5495 642 5563 alter,
677 5510 801 5566 cap.
833 5493 856 5548 4
896 5493 976 5548 De
1006 5493 1185 5548 casib.
1219 5493 1276 5548 S.
1315 5492 1482 5560 Galli,
1517 5509 1695 5564 agens
1727 5493 1796 5548 de
1829 5493 1988 5550 Salo-

349 5602 520 5642 mone
541 5584 751 5644 abbate
777 5587 833 5640 et
854 5581 1122 5656 episcopo
1141 5582 1590 5652 Constanticnsi,
1615 5582 1733 5639 haec
1756 5583 1984 5643 scribit:

2126 3255 2355 3309 metrica
2383 3256 2615 3324 ratione,
2647 3255 2738 3310 sed
2765 3272 2992 3312 numero
3025 3257 3368 3330 syllabarum
3407 3257 3478 3314 ad
3497 3259 3781 3331 judicium

2126 3344 2350 3398 auriam
2377 3345 2714 3414 examinata,
2747 3349 2806 3401 ut
2833 3353 2962 3402 sunt
2980 3348 3231 3402 carmina
3251 3347 3569 3418 vulgarium
3593 3358 3779 3421 poetas

2125 3449 2271 3488 rum.
2297 3435 2389 3488 Est
2419 3433 2638 3505 quidem
2683 3435 2974 3506 rhythmus
3027 3437 3147 3492 sine
3177 3439 3348 3492 metro
3399 3451 3514 3492 esse
3559 3443 3736 3509 potest
3754 3457 3777 3504 ;

2123 3530 2361 3578 metrum
2388 3538 2511 3578 vero
2539 3525 2658 3579 sine
2685 3523 2942 3596 rhythmo
2970 3541 3082 3581 esse
3137 3541 3248 3581 non
3274 3529 3470 3597 potest.
3503 3527 3660 3596 Quod
3707 3527 3782 3584 lis

2125 3611 2348 3684 quidius
2376 3614 2455 3668 ita
2483 3612 2784 3684 deﬁnitur;
2811 3613 3042 3670 Metrum
3070 3619 3148 3670 est
3177 3615 3320 3671 ratio
3357 3631 3478 3671 cum
3525 3617 3778 3674 modula-i

2126 3702 2312 3770 tione;
2356 3701 2646 3774 rhythmus
2703 3703 3003 3760 modulatio
3057 3705 3176 3760 sine
3231 3705 3462 3760 ratione.
3517 3705 3779 3764 Isidorus

2127 3807 2358 3863 quoque
2389 3791 2487 3847 lib.
2523 3791 2739 3864 primo,
2761 3809 2886 3865 cap.
2905 3792 2995 3864 38,
3020 3793 3239 3866 Origin.
3266 3794 3569 3867 rhythmos
3601 3813 3637 3854 a
3657 3812 3778 3854 me-

2125 3880 2232 3937 tris
2261 3881 2590 3954 distinguit.
3653 3909 3656 3914 ι

2194 3973 2312 4044 Age
2339 3987 2472 4027 vero
2503 3969 2636 4043 quis
2668 3970 3078 4044 rhythmorum
3109 3988 3320 4030 cursus
3351 3972 3547 4041 fuerit,
3579 3973 3778 4034 videa-

2125 4077 2280 4118 mus.
2315 4060 2521 4116 Paucis
2552 4060 2853 4134 gressibus
2870 4059 3132 4134 plerique
3161 4063 3274 4118 iter
3295 4079 3470 4118 suum
3501 4064 3775 4122 conﬁcie-

2123 4152 2284 4219 bant,
2319 4151 2728 4216 distichorum,
2788 4149 3302 4224 epigrammatum,
3365 4152 3635 4222 odarum,
3675 4157 3777 4210 aut

2119 4241 2498 4313 hymnorum,
2557 4257 2797 4296 cursum
2857 4239 3091 4308 imitati,
3149 4241 3259 4298 hoc
3289 4245 3380 4297 est
3423 4241 3634 4315 exigua
3671 4245 3776 4301 aut

2121 4335 2273 4387 certe
2303 4330 2580 4386 mediocri
2611 4346 2888 4387 versuum
2918 4329 3068 4386 serie
3107 4329 3384 4386 contenti.
3419 4331 3531 4388 Sed
3581 4349 3774 4406 neque

2119 4421 2354 4476 defuere
2387 4420 2486 4492 qui
2544 4419 2701 4475 ultra
2743 4419 2919 4476 hasce
2976 4423 3166 4476 metas
3223 4420 3768 4494 progrediebantur,

2118 4514 2292 4582 prout
2321 4507 2612 4574 materies,
2657 4513 2760 4564 aut
2816 4508 3058 4565 artificis
3115 4508 3426 4566 consilium
3479 4511 3766 4584 exigebat.

2118 4596 2598 4671 Rhythmopcelos
2624 4601 2820 4654 autem
2853 4598 2901 4654 si
2933 4598 3130 4655 dixero
3163 4598 3324 4656 omni
3351 4616 3630 4656 versuum
3661 4617 3768 4674 ge-

2116 4704 2252 4743 nere
2284 4702 2423 4742 usos
2453 4685 2593 4742 olim
2625 4686 2827 4757 fuisse,
2857 4688 3073 4759 quibus
3099 4687 3325 4760 poetica
3345 4689 3659 4762 disciplina
3679 4693 3768 4748 est

2117 4777 2427 4846 oblectata,
2461 4775 2706 4832 fortasse
2736 4793 2851 4832 non
2882 4776 3176 4834 immerito
3230 4777 3443 4834 dicam.
3477 4778 3600 4834 lmo
3643 4781 3763 4836 veri

2114 4867 2342 4923 videtur
2371 4865 2559 4921 simile
2615 4865 2856 4938 lyricam
2888 4866 3116 4938 possim
3134 4884 3166 4924 e
3185 4867 3596 4941 rhythmorum
3618 4869 3762 4926 arti-

2113 4957 2320 5012 ﬁcibus
2337 4959 2558 5012 tantam
2583 4957 2922 5012 varietatem
2949 4957 3281 5014 carminum
3305 4957 3496 5032 primo
3517 4957 3759 5016 didicis-

2109 5063 2454 5117 se,eamque
2477 5045 2759 5118 paulatim
2789 5050 2972 5101 metro
2995 5047 3269 5118 adjuncto
3301 5047 3636 5120 perfecisse.
3661 5049 3770 5105 Di-'

2106 5137 2166 5192 th
2175 5136 2468 5209 yrambica
2482 5135 2633 5189 enim
2651 5134 2843 5206 poesis
2861 5135 3068 5207 primis
3080 5136 3448 5210 temporibus
3460 5137 3762 5206 instituta,‘

2105 5244 2173 5282 ex
2203 5224 2493 5299 rhythmis
2521 5223 2663 5280 varii
2693 5225 2941 5297 generis.
2973 5224 3178 5282 Proclo
3199 5224 3376 5283 etiam
3401 5229 3568 5295 teste,
3593 5243 3749 5284 com-

2105 5315 2294 5390 posita
2314 5318 2438 5383 est;
2472 5318 2645 5387 atque
2676 5318 2740 5370 ut
2767 5313 2928 5370 illinc
2950 5315 3235 5389 tragoedia
3263 5318 3320 5372 et
3347 5317 3628 5374 comaedia
3656 5334 3748 5374 or-

2102 5411 2228 5464 tum
2258 5405 2505 5462 traxisse
2534 5404 2809 5474 creditur,
2835 5404 2916 5460 ita
2938 5407 2996 5461 et
3019 5404 3199 5479 lyrica
3229 5406 3519 5463 credenda
3542 5410 3649 5464 est.
3683 5411 3745 5463 In

2099 5497 2206 5553 hoc
2237 5497 2411 5553 etiam
2460 5493 2787 5553 consentire
2842 5493 3071 5551 videtur
3136 5495 3478 5554 scholiastes
3523 5497 3746 5556 Aristo-

2098 5586 2330 5661 phanis.
2366 5586 2478 5644 Sed
2509 5585 2630 5642 haec
2685 5581 2869 5641 missa
2925 5584 3093 5643 facio.
3157 5585 3306 5645 Illud
3337 5588 3744 5647 tantummodo
