3946 6436
156 366 299 449 isi

191 508 782 581 animadvertendum,
812 507 1259 576 Anacreontem,
1289 501 1401 563 etsi
1427 501 1585 563 inter
1610 503 1825 579 lyricos
1851 503 1910 571 Α

164 611 405 667 ﬁrmos
434 600 719 662 suavitate
750 603 810 657 et
838 599 1027 674 gratia
1040 595 1302 665 excellat,
1325 597 1585 652 attamen
1616 609 1833 668 magna

1487 364 1855 433 RHYTHMI
1890 363 2275 431 VETERES.

3459 340 3580 420 762

2295 479 2299 483 ’
2364 496 2473 569 Qui
2499 511 2621 570 eras
2646 498 2777 554 ante
2801 491 3001 553 saecula
3232 470 3239 475 ’
3465 468 3471 479 ’

2366 588 2586 661 Semper
2612 604 2737 644 cum
2760 590 2932 644 Patre
2959 585 3152 643 Filius.

193 694 416 757 licentia
462 692 603 750 ferri
633 692 696 748 in
741 687 1011 748 verﬁibus
1069 686 1217 756 suis:
1249 700 1439 760 usque
1470 685 1614 741 adeo
1652 688 1731 775 fut
1759 683 1832 738 ad
1940 707 2005 761 Et
2035 706 2140 762 alii
2168 703 2515 760 Ambrosiani
2541 719 2653 760 non
2678 705 2866 775 pauci.
2910 705 3043 761 Item
3088 703 3160 759 ad
3186 705 3425 775 formam
3470 720 3581 761 me-

194 783 573 860 rbythmicam
601 780 932 838 libertatem
963 777 1219 836 accedat.
1250 775 1485 831 Accedit
1514 774 1671 847 quod
1705 789 1834 865 quas

2002 794 2298 850 itrochaici
2325 800 2532 849 canunt
2570 774 2838 865 hymnum
2884 790 2950 848 de
2985 791 3074 848 die
3117 774 3333 864 judicii
3374 807 3472 864 per
3499 794 3585 849 al-

193 875 359 949 verba
383 871 607 931 Horatii
654 886 835 943 supra
863 867 1010 925 mihi
1067 868 1527 923 commemorata
1570 865 1728 932 sunt,
1763 861 1836 949 de

197 948 575 1037 dithyrambis
603 956 764 1014 illius
786 959 951 1012 atate
981 952 1301 1012 efl‘ormatis
1332 952 1490 1008 dicta
1516 951 1679 1007 fuere
1728 948 1831 1004 lib.

197 1070 272 1124 Iv,
298 1051 403 1110 ode
428 1052 486 1106 2.
514 1047 717 1120 Inquit
739 1045 927 1102 enim:

399 1158 506 1215 Seu
510 1172 615 1231 per
634 1153 863 1211 audaces
890 1167 1033 1209 nova
1060 1148 1433 1223 dithyrambos

401 1246 573 1305 Verba
598 1243 848 1311 devolvit,
878 1242 1229 1312 numerisque
1249 1240 1427 1312 fertur

438 1340 441 1341 ⁷
832 1333 967 1402 Lege
992 1329 1202 1386 solutis.

202 1462 541 1539 Spartianus
565 1458 855 1533 quosdam
882 1470 1090 1512 versus
1111 1453 1279 1511 aﬂ'ert
1296 1449 1536 1509 Adriani
1564 1448 1838 1523 Augusti,

201 1550 457 1613 videlicet
476 1567 493 1610 :

582 1637 692 1709 Ego
721 1634 849 1692 nolo
875 1633 1070 1690 Florus
1093 1645 1224 1698 esse,

581 1725 878 1781 Ambutare
902 1739 1004 1795 per
1032 1721 1306 1792 tabernas,

585 1815 831 1873 Latitare
853 1827 956 1885 per
978 1811 1234 1884 popinas.

586 1903 799 1959 Calices
826 1903 947 1975 pati
974 1898 1257 1957 rotundos.

205 2016 311 2073 Vix
337 2011 543 2072 dubito
571 2008 714 2083 quin
744 2010 897 2065 inter
926 2005 1288 2081 rhythmicos
1319 2003 1361 2060 ii
1389 2003 1510 2060 sint
1537 2000 1845 2070 referendi,

206 2108 353 2164 utet
379 2102 483 2161 alii
512 2114 663 2174 quos
692 2099 849 2155 idem
868 2099 1168 2169 Augustus
1187 2093 1445 2150 moriens
1473 2091 1749 2150 effudisse
1769 2090 1851 2147 di-

208 2195 373 2253 citur.
408 2193 475 2248 In
502 2190 583 2247 iis
598 2190 762 2246 certe
790 2188 1051 2244 exactam
1097 2183 1269 2240 metri
1298 2182 1580 2239 rationem
1606 2181 1851 2237 minime

209 2279 631 2357 deprehendas.
656 2278 951 2349 Attamen,
1000 2277 1068 2331 ut
1092 2288 1296 2329 verum
1348 2272 1548 2342 fatear,
1589 2270 1851 2343 rhythmi

211 2371 323 2446 ipsi
348 2370 434 2426 ita
462 2368 945 2434 eﬁormabantur,
978 2366 1045 2420 ut
1061 2379 1212 2435 saepe
1242 2361 1501 2435 aliquam
1531 2366 1851 2417 metrorum

212 2458 466 2535 speciem
495 2454 855 2514 exhiberent.
886 2453 1035 2510 Nam
1065 2452 1115 2510 si
1142 2468 1345 2508 verum
1376 2454 1465 2508 est
1492 2451 1646 2522 quod
1673 2450 1852 2517 Quin-

204 2548 487 2607 ctilianus
514 2543 809 2602 traditlib.
840 2557 917 2611 ιχ,
931 2558 1057 2615 cap.
1073 2542 1128 2609 ἆ,
1143 2540 1501 2597 Institution.
1525 2539 1851 2595 oratoriam

213 2638 416 2697 lolrici
471 2633 695 2710 quidem
724 2631 885 2706 pedes
942 2631 1074 2688 adeo
1098 2632 1453 2703 reperiuntur
1498 2631 1561 2685 in
1587 2630 1852 2696 oratione,

213 2731 274 2786 ut
300 2729 362 2784 in
404 2740 473 2782 ea
498 2727 811 2797 frequenter
835 2738 948 2780 non
994 2721 1350 2778 sentientibus
1405 2721 1561 2775 nobis
1612 2721 1860 2775 omnium

212 2831 469 2891 generum
511 2811 771 2871 excidant
820 2826 1029 2867 versus.
1061 2804 1127 2865 Et
1153 2811 1344 2867 contra
1386 2808 1534 2865 nihil
1582 2812 1659 2864 est
1695 2824 1861 2880 prosa

213 2906 493 2979 scriptam,
525 2902 665 2975 quod
689 2899 998 2969 nonredigi
1034 2900 1203 2972 possit
1246 2900 1308 2953 in
1335 2898 1585 2971 qundam
1618 2899 1859 2955 versicu-

216 2997 642 3066 lommgenera.
675 2993 901 3060 Quanto
935 3004 1071 3063 ergo
1103 2987 1334 3046 facilius
1370 2989 1528 3045 idem
1559 2988 1618 3044 in
1657 2986 1862 3061 rhyth-

216 3084 333 3144 mis
360 3081 658 3141 occurrat?
683 3081 900 3136 Auctor
927 3094 1064 3136 vero
1093 3081 1183 3134 et
1211 3078 1323 3133 Leo
1354 3076 1598 3133 Allatius
1637 3076 1697 3132 in
1728 3076 1865 3132 Dia-

217 3174 374 3231 triba
399 3172 475 3229 de
505 3170 767 3228 Simeon.
799 3185 977 3226 usum
1008 3167 1419 3240 rhythmorum
1451 3167 1606 3239 apud
1639 3167 1864 3223 Graecos

219 3277 456 3338 quoque
482 3258 837 3317 recentiores
879 3258 1253 3330 perdurasse,
1308 3257 1565 3313 Politicos
1609 3271 1795 3312 versus
1825 3255 1868 3310 ii
1898 3250 1941 3319 C

218 3351 620 3426 appellabant,
652 3348 775 3422 qui,
801 3350 871 3403 ut
899 3347 1026 3420 ipse
1057 3344 1280 3415 scribit,
1364 3346 1618 3402 Iambicis
1646 3352 1698 3402 et
1726 3345 1871 3401 Ana-

217 3440 564 3500 creontieicis
591 3441 653 3495 ut
677 3437 990 3510 plurimum
1010 3439 1288 3493 constant:
1308 3436 1387 3492 ita
1418 3443 1599 3492 tamen
1628 3439 1689 3491 ut
1715 3437 1877 3491 nulla

218 3530 556 3607 quantitatis
595 3527 940 3601 syllabarum
994 3525 1158 3599 (quod
1204 3526 1647 3582 accurratissime
1674 3528 1876 3582 veteres

216 3617 604 3691 observabant)
631 3619 775 3674 ratio
803 3617 1106 3681 habeatur;
1138 3620 1353 3672 tantum
1381 3620 1575 3673 earum
1589 3631 1873 3683 numerus,

213 3710 722 3780 declinationan
767 3709 1086 3763 accentuum
1142 3704 1514 3761 attendantur.
1568 3706 1696 3773 Quae
1734 3707 1875 3760 ratio

211 3799 607 3874 ﬁngendorum
634 3798 948 3854 carminum
974 3812 1083 3852 non
1115 3811 1264 3851 nunc
1288 3796 1537 3866 primum
1580 3796 1643 3849 in
1671 3809 1733 3849 ea
1774 3811 1874 3849 na-

208 3893 387 3959 tione,
416 3888 512 3946 ,ςοά
536 3887 731 3944 multis
755 3887 821 3943 ab
850 3887 980 3942 hinc
1013 3886 1235 3943 saculis
1280 3885 1341 3940 in
1369 3900 1473 3939 usu
1515 3884 1682 3955 fuisse
1726 3900 1876 3940 com-

208 3982 451 4054 paritur,
481 3981 548 4034 ut
574 3976 820 4035 videmus
848 3977 911 4033 in
938 3974 1485 4048 Photiipatriarchw,
1504 3973 1880 4046 Christophori

204 4070 393 4142 primi
421 4084 457 4123 a
482 4068 722 4135 secretis,
753 4064 945 4133 Pselli,
978 4068 1113 4134 etc.,
1144 4064 1410 4119 versibus.
1444 4063 1683 4119 Vossius
1728 4079 1877 4135 quo-

211 4173 332 4232 que
363 4156 470 4213 lib.
502 4155 715 4228 primo,
749 4170 877 4227 cap.
908 4155 961 4209 8.
994 4153 1253 4209 Institut.
1274 4150 1479 4225 poetic.
1515 4151 1878 4208 animadver-

210 4246 288 4304 tit
319 4244 694 4320 rhythmum,
724 4259 841 4300 non
874 4245 1148 4310 metrum,
1181 4241 1375 4297 inesse
1406 4239 1465 4296 in
1495 4240 1761 4297 versibus
1784 4258 1878 4315 po-

209 4334 402 4392 liticis
430 4332 799 4390 Constantini
837 4331 1148 4398 Manassis,
1197 4331 1430 4402 Ttetzsa,
1464 4333 1520 4385 et
1567 4329 1875 4386 similium.

209 4425 374 4482 Tum
404 4422 612 4481 subdit
636 4437 650 4479 :
680 4422 789 4479 Nec
815 4422 1046 4477 dubium
1074 4421 1210 4498 quin
1236 4420 1577 4492 antiquiores
1613 4421 1727 4475 sint
1754 4436 1879 4478 ver-

207 4529 332 4586 sus,
368 4513 435 4569 in
475 4511 672 4587 quibus
720 4512 899 4568 solum
952 4510 1242 4582 rhythmus
1289 4517 1385 4566 est.
1440 4507 1617 4564 Addit
1662 4508 1875 4567 etiam:

208 4603 521 4659 Poetarum
565 4601 745 4681 aliqui
799 4601 910 4658 solo
967 4604 1124 4657 erant
1175 4599 1430 4672 rhythmo
1479 4599 1754 4662 contenti;
1782 4615 1882 4655 nec

209 4692 334 4749 alio
364 4707 407 4747 α
426 4690 652 4762 vulgari
679 4705 931 4747 sermone
990 4689 1388 4762 discrepabunt.
1422 4688 1535 4745 Alit
1562 4688 1883 4763 rhythmum

208 4779 553 4838 anirnabant
602 4795 848 4837 sermone
871 4781 1100 4854 poetico.
1132 4780 1246 4836 Alii
1291 4778 1525 4851 denique
1570 4780 1739 4835 etiam
1766 4794 1878 4834 me-

211 4874 378 4927 trum
423 4869 877 4943 superaddebant.
935 4869 1100 4936 Quod
1131 4868 1259 4941 ipse
1317 4866 1524 4924 didicit
1554 4884 1588 4924 a
1616 4867 1772 4924 Beda
1817 4866 1878 4923 in

206 4955 373 5014 libro
404 4956 489 5013 De
514 4959 639 5013 arte
667 4956 928 5014 metrica.
953 4957 1105 5013 Sunt
1121 4957 1248 5029 ejus
1262 4954 1441 5011 verba
1465 4970 1725 5011 connexa
1744 4972 1879 5011 cum

208 5044 293 5103 iis
323 5058 463 5119 qua
489 5049 679 5118 nuper
691 5044 863 5103 attuli
884 5062 898 5101 :
917 5046 1249 5118 Plerumque
1279 5048 1464 5099 tamen
1492 5059 1623 5100 casu
1650 5041 1883 5116 quodam

206 5134 474 5193 invenies
494 5135 671 5192 etiam
699 5137 973 5194 rationem
999 5137 1062 5192 in
1089 5135 1363 5207 rhythmo,
1383 5149 1497 5191 non
1524 5134 1752 5205 artiﬁcii
1770 5151 1883 5190 m0-

207 5223 512 5282 deratione
539 5227 829 5297 servatam,
858 5226 952 5283 sed
979 5241 1110 5283 sono
1141 5232 1190 5281 et
1226 5226 1347 5296 ipsa
1372 5223 1741 5279 modulatione
1778 5223 1893 5279 du--

207 5321 399 5384 conte,
432 5330 596 5387 quem
620 5315 876 5386 vulgares
923 5319 1096 5389 poetae
1135 5330 1346 5371 necesse
1372 5322 1451 5370 est
1500 5314 1702 5369 rustice
1740 5313 1882 5369 docti

207 5405 442 5476 faciant
469 5404 639 5463 docte.
667 5432 673 5438 ~
702 5405 816 5475 Quo
843 5406 999 5464 modo
1051 5412 1105 5464 et
1132 5405 1204 5462 ad
1230 5406 1411 5461 instar
1455 5403 1683 5460 iambici
1718 5405 1882 5460 metri

200 5493 599 5568 pulcherrime
625 5495 807 5567 factus
834 5498 913 5552 est
939 5494 1177 5569 hymnus
1206 5494 1304 5550 ille
1320 5492 1651 5566 praeclarus.

622 5603 741 5660 Rex
767 5604 987 5665 aeterne
1003 5603 1231 5660 Domine

625 5691 828 5750 Rerum
855 5696 1068 5752 creator
1097 5692 1362 5760 omnium,

1939 884 2235 958 phabetum
2252 901 2270 938 :

2368 971 2662 1043 Apparebit
2690 971 2980 1042 repentina
3006 970 3120 1026 dies

2370 1060 2565 1131 Magna
2593 1059 2832 1127 Domini,
2863 1061 2959 1131 fur
2982 1058 3211 1115 obscura
3324 1090 3333 1095 ο
3370 1094 3371 1099 η

2378 1148 2525 1204 Velut
2552 1156 2707 1204 nocte
2736 1148 3056 1220 improvisos
3084 1163 3367 1220 occupans.

1945 1265 2076 1322 Haec
2086 1264 2254 1321 Beda.
2276 1262 2399 1320 Nisi
2424 1263 2772 1320 excidissent
2799 1263 3095 1321 innumeri
3108 1280 3178 1320 ex
3203 1262 3366 1321 hisce
3390 1263 3591 1338 rhyth-

1946 1353 2059 1411 mis
2090 1354 2303 1426 (neque
2330 1353 2489 1409 enim
2519 1370 2625 1425 par
2654 1367 2859 1409 eorum
2884 1369 3025 1409 cura
3052 1353 3254 1410 habita
3282 1357 3373 1410 est
3418 1356 3597 1426 atque

1947 1442 2290 1514 metrorum)
2312 1441 2681 1516 ingentemin
2711 1441 3058 1500 iisversibus
3082 1443 3421 1500 varietatem
3442 1458 3596 1499 nunc

1949 1531 2541 1605 deprehenderemus.
2572 1531 2859 1604 Equidem
2889 1546 2920 1587 e
2949 1547 3063 1587 ms.
3100 1531 3296 1588 codice
3342 1532 3596 1589 Ambro-

1950 1621 2127 1678 sianae
2153 1619 2517 1678 bibliothecae
2547 1621 2910 1694 descriptum
2941 1618 3075 1676 dedi
3103 1619 3595 1693 Antiphonarium

1948 1710 2374 1767 Benchorensis
2391 1709 2752 1779 monasterii,
2769 1713 2947 1781 atque
2959 1708 3116 1765 edidi
3133 1712 3292 1766 torno
3322 1710 3399 1767 1V
3421 1712 3601 1768 Aneo-

1951 1800 2138 1855 dotor.
2171 1800 2677 1872 Latinorum.Ejus
2697 1802 2835 1856 aetas
2871 1800 2944 1856 ad
2956 1798 3238 1856 saeculum
3257 1798 3600 1858 Christianas

1871 1876 1922 1943 B
1951 1905 2075 1945 serae
2093 1892 2361 1946 octavum
2375 1888 3282 1962 referendavidetur.Complures
3300 1888 3384 1945 ibi
3394 1905 3603 1947 occur-

1959 1983 2099 2035 runt
2125 1978 2352 2053 hymni,
2412 1995 2560 2051 quos
2607 1994 2812 2035 omnes
2840 1977 2903 2034 in
2946 1977 3415 2052 rhythmicorum
3471 1982 3604 2035 cen-

1959 2084 2093 2124 sum
2124 2068 2519 2141 conjiciendos
2550 2084 2759 2141 parum
2791 2066 3082 2125 custodita
3108 2066 3281 2124 metri
3310 2067 3459 2125 ratio
3485 2082 3610 2141 per-

1960 2156 2186 2213 suadet.
2682 2164 2687 2167 ‘

2032 2246 2322 2319 Praecipue
2349 2263 2483 2303 vero
2512 2246 2572 2302 in
2629 2246 2921 2318 rhythmis
2976 2245 3253 2318 frequens
3300 2262 3446 2303 usus
3499 2245 3612 2303 fuit

1960 2351 2167 2391 versus
2199 2336 2463 2391 trochaica
2508 2337 2833 2404 catalectici,
2876 2335 2962 2390 uti
3010 2334 3178 2391 illum
3225 2335 3612 2392 Terentianus

1965 2424 2203 2481 Maurus
2236 2425 2492 2497 appellat
2518 2425 2579 2480 in
2611 2424 2712 2480 lib.
2739 2426 2817 2480 De
2845 2423 3020 2480 litter.
3054 2427 3113 2481 et
3139 2426 3310 2480 metr.
3337 2425 3458 2480 Imo
3478 2422 3612 2480 reli-

1965 2514 2094 2588 quit
2121 2520 2179 2572 et
2206 2514 2304 2571 ille
2335 2514 2487 2570 exiis
2519 2530 2635 2571 non
2649 2530 2865 2587 paucos
2887 2530 2922 2570 a
2950 2528 3013 2570 se
3041 2513 3615 2570 lucubratos.Exem-

1966 2605 2130 2678 plum
2160 2623 2230 2661 ex
2258 2622 2324 2661 eo
2353 2604 2740 2677 proferamus.

2040 2722 2312 2795 Syllabas,
2348 2735 2473 2792 quae
2502 2720 2630 2777 ritca
2655 2723 2827 2776 metro
2856 2720 3166 2788 congruunt
3195 2717 3426 2787 heroico,

2042 2813 2240 2883 Captus
2269 2817 2330 2866 ut
2354 2826 2505 2867 meus
2532 2809 2758 2880 ferebat,
2789 2808 3092 2880 disputatas
3120 2808 3303 2875 attuli,
3337 2810 3445 2862 etc.

2041 2904 2143 2958 Est
2170 2901 2313 2957 celer
2337 2899 2595 2974 phaselus
2624 2900 2931 2971 ille,qu
2957 2895 3153 2953 videtis
3180 2897 3429 2970 hospites.

1973 3018 2276 3091 Ejusmodi
2304 3033 2474 3073 versu
2508 3015 2749 3073 dicteria
2774 3013 3098 3086 praesertim
3127 3012 3535 3089 eﬁ'erebautur,
3558 3014 3625 3069 ut

1975 3112 2064 3166 est
2093 3109 2469 3165 decantatum
2499 3105 2644 3162 illud
2676 3102 2933 3161 militum
2962 3102 3022 3158 in
3052 3102 3278 3163 Julium
3316 3103 3623 3171 Caesarem,

1979 3198 2123 3256 dum
2153 3193 2836 3271 triumphumVCallicum
2868 3194 3143 3249 duceret:
3273 3225 3281 3243 ι
3350 3224 3353 3227 ›
3606 3218 3609 3221 -

2058 3305 2262 3361 Gallias
2296 3303 2484 3361 Caesar
2507 3302 2758 3370 subegit:
2792 3299 3105 3357 Nicomedes
3136 3298 3444 3357 Caesarem:

2054 3399 2188 3453 Ecce
2216 3395 2401 3451 (ἔχεαν
2428 3408 2579 3448 nunc
2607 3389 2931 3462 triumphat,
2960 3391 3057 3462 qui
3084 3389 3297 3459 subegit
3310 3386 3558 3449 -Gallias:

1996 3542 2001 3545 _
2053 3482 2364 3541 Nicomedes
2391 3497 2504 3537 non
2531 3478 2857 3550 triumphat,
2890 3479 2986 3549 qui
3013 3477 3225 3549 subegit
3245 3477 3531 3535 Casarem.

1983 3590 2245 3647 Alterum
2288 3585 2622 3659 exemplum
2673 3582 2986 3640 Suetonius
3038 3582 3396 3665 suppeditat,
3426 3596 3633 3663 versus

1984 3694 2192 3752 nempe
2224 3677 2283 3732 in
2313 3676 2586 3732 eumdem
2617 3674 2901 3730 Cmsarem
2929 3676 3070 3728 tunc
3094 3672 3503 3744 ‘depromptos:

1988 3786 2192 3844 Urbani
2218 3786 2429 3840 servate
2455 3776 2681 3838 uxores.
2704 3780 2969 3838 Maechum
2991 3780 3208 3835 calvum
3235 3776 3581 3835 adducimus.

1984 3878 2193 3933 Aurum
2214 3876 2276 3929 in
2309 3873 2487 3930 Gallia
2514 3872 2807 3943 effutuisti;
2838 3870 2926 3925 hic
2952 3869 3201 3925 sumsisti
3226 3874 3496 3924 mutuum.

1985 3982 2304 4054 Utrobique
2334 3979 2488 4036 idem
2506 3979 2688 4035 habes
2712 3981 2989 4045 metrum,
3019 3975 3387 4048 otdactylum
3416 3975 3476 4032 in
3490 3975 3634 4042 'ﬁne,

1985 4080 2043 4132 et
2073 4070 2407 4147 quindecim
2439 4067 2694 4143 syllabas
2716 4065 2967 4140 singulis
2986 4065 3046 4122 in
3075 4064 3362 4134 versibus;
3394 4063 3497 4122 sed
3519 4081 3635 4121 non

1986 4165 2251 4222 eamdem
2280 4159 2546 4217 brevium
2568 4161 2625 4215 et
2640 4157 2948 4230 longarum
2967 4153 3641 4219 observationem.0uin-—

1988 4254 2198 4322 decim,
2232 4252 2499 4323 inquam,
2531 4246 2789 4322 syllabas
2817 4263 2829 4301 :
2860 4245 3171 4320 puritatem
3201 4243 3360 4307 enim
3391 4241 3638 4317 syllaba-

1988 4359 2121 4401 rum
2155 4337 2572 4414 rhythmopoeii
2620 4340 2841 4393 veteres
2882 4336 3000 4392 fere
3050 4350 3282 4408 semper
3330 4333 3637 4399 curabant,

1989 4449 2123 4489 cum
2154 4434 2215 4487 et
2246 4426 2755 4501 ejusmodlversus
2768 4428 3115 4482 canerentur
3143 4423 3216 4481 ad
3249 4422 3641 4480 musicosmo-

1989 4524 2114 4579 dos.
2148 4524 2273 4575 Imo
2302 4521 2360 4574 et
2391 4515 2621 4574 saltatio
2653 4514 2996 4581 addebatur,
3024 4517 3081 4570 et
3110 4513 3379 4586 quaedam
3428 4511 3638 4585 digito-

1991 4628 2124 4668 rum
2156 4607 2477 4682 percussio,
2512 4609 2577 4661 ut
2605 4603 2824 4670 Cicero,
2858 4601 3283 4667 Quinctilianus
3331 4605 3389 4657 et
3418 4599 3516 4658 alii
3547 4599 3637 4655 in-

1991 4702 2204 4757 nuunt.
2236 4697 2297 4754 Id
2333 4710 2566 4768 quoque
2592 4711 2626 4750 a
2654 4692 2874 4748 Judaeis
2907 4695 3081 4748 antea
3128 4690 3345 4746 factum
3385 4688 3636 4745 videtur.

1988 4791 2189 4862 Neque
2218 4785 2374 4843 enim
2403 4782 2811 4840 tantummodo
2843 4780 2997 4852 apud
3050 4779 3346 4835 Romanos
3398 4776 3642 4834 dicteria

1990 4897 2092 4955 per
2121 4876 2428 4952 rhythmos
2449 4874 2674 4946 jactata
2700 4869 2760 4925 in
2792 4885 2906 4925 usu
2929 4868 3108 4936 fuere,
3141 4868 3244 4924 sed
3264 4865 3451 4924 etiam
3481 4866 3639 4941 apud

1987 4970 2243 5034 Judzeos,
2277 4968 2334 5023 et
2360 4965 2533 5037 longe
2563 4963 2754 5029 antea,
2808 4975 2987 5033 quam
3019 4975 3054 5014 a
3083 4957 3364 5014 Romanis
3389 4973 3640 5031 usurpa-

1990 5061 2213 5116 rentur.
2246 5054 2395 5111 Vide
2425 5051 2526 5108 lib.
2572 5049 2853 5124 primum,
2886 5064 3012 5120 cap.
3064 5064 3230 5115 .xvm,
3260 5063 3411 5103 vers.
3443 5047 3502 5114 6,
3531 5047 3641 5103 Re-

1991 5163 2153 5224 gum.
2189 5147 2335 5203 Cum
2367 5141 2765 5207 reverteretur,
2795 5154 3075 5210 percusso
3126 5134 3482 5206 Philisthaso,
3530 5135 3642 5193 Da-

1989 5239 2085 5294 vid
2141 5233 2420 5291 mulieres
2478 5232 2800 5294 cantantes,
2855 5226 3185 5300 chorosque
3242 5226 3524 5283 ducentes
3580 5225 3641 5281 in

1991 5340 2322 5386 occursum.
2356 5318 2496 5378 Saul
2529 5317 2702 5391 regis,
2737 5315 3133 5389 praecinebant
3182 5315 3478 5373 dicentes:
3509 5317 3642 5397 Per-

1988 5417 2158 5474 cussit
2186 5411 2320 5470 Saul
2349 5408 2527 5473 mille,
2556 5409 2609 5462 et
2637 5405 2812 5462 David
2834 5404 3018 5462 decem
3044 5405 3247 5461 millia.
3262 5403 3414 5461 Male
3435 5401 3644 5459 habuit

1990 5522 2186 5579 regem
2216 5499 2517 5559 aculeatus
2547 5494 2880 5569 rhythmus,
2901 5495 3074 5569 cujus
3102 5510 3271 5553 voces
3300 5490 3640 5579 antiquissi-

1992 5612 2125 5653 mus
2154 5594 2440 5663 interpres
2470 5584 2759 5653 itavertit,
2774 5590 2842 5643 ut
2861 5602 3096 5644 versum
3129 5578 3644 5642 trochaicumindc

1997 5682 2327 5751 confecerit,
2406 5676 2612 5753 quales
2691 5680 2857 5736 erant
2913 5676 3243 5750 complures
3299 5689 3334 5731 e
3379 5673 3655 5747 veterum,
