  <div class='ocr_page' id='page_1' title='image "/cluster/home/n/w/nwhite01/storage/ocr_20150623/151/umn.31951002477444s/459.png"; bbox 0 0 3946 6388; ppageno 0'>
   <div class='ocr_carea' id='block_1_1' title="bbox 336 322 459 384">
    <p class='ocr_par' dir='ltr' id='par_1_1' title="bbox 336 322 459 384">
     <span class='ocr_line' id='line_1_1' title="bbox 336 322 459 384; baseline 0.016 -2"><span class='ocrx_word' id='word_1_1' title='bbox 336 322 459 384; x_wconf 78' lang='lat'>763</span> 
     </span>
    </p>
   </div>
   <div class='ocr_carea' id='block_1_2' title="bbox 1113 316 3060 385">
    <p class='ocr_par' dir='ltr' id='par_1_2' title="bbox 1113 316 3060 385">
     <span class='ocr_line' id='line_1_2' title="bbox 1113 316 3060 385; baseline -0.005 -1"><span class='ocrx_word' id='word_1_2' title='bbox 1113 318 1306 385; x_wconf 67' lang='lat' dir='ltr'>SJEG.</span> <span class='ocrx_word' id='word_1_3' title='bbox 1349 318 1432 382; x_wconf 87' lang='lat' dir='ltr'>XI</span> <span class='ocrx_word' id='word_1_4' title='bbox 1477 317 1710 384; x_wconf 82' lang='lat' dir='ltr'>AUCT.</span> <span class='ocrx_word' id='word_1_5' title='bbox 1756 317 2072 382; x_wconf 83' lang='lat' dir='ltr'>lNGER’l‘I</span> <span class='ocrx_word' id='word_1_6' title='bbox 2112 319 2302 382; x_wconf 87' lang='lat' dir='ltr'>ANNI</span> <span class='ocrx_word' id='word_1_7' title='bbox 2345 319 2445 383; x_wconf 87' lang='lat' dir='ltr'>ET</span> <span class='ocrx_word' id='word_1_8' title='bbox 2489 316 2792 384; x_wconf 82' lang='lat' dir='ltr'>SCRIPT.</span> <span class='ocrx_word' id='word_1_9' title='bbox 2836 322 3060 376; x_wconf 72' lang='lat' dir='ltr'>’Amn.</span> 
     </span>
    </p>
   </div>
   <div class='ocr_carea' id='block_1_3' title="bbox 3622 313 3749 376">
    <p class='ocr_par' dir='ltr' id='par_1_3' title="bbox 3622 313 3749 376">
     <span class='ocr_line' id='line_1_3' title="bbox 3622 313 3749 376; baseline 0.016 -2"><span class='ocrx_word' id='word_1_10' title='bbox 3622 313 3749 376; x_wconf 71' lang='lat'>764</span> 
     </span>
    </p>
   </div>
   <div class='ocr_carea' id='block_1_4' title="bbox 335 446 3764 531">
    <p class='ocr_par' dir='ltr' id='par_1_4' title="bbox 335 446 3764 531">
     <span class='ocr_line' id='line_1_4' title="bbox 335 446 3764 531; baseline -0.003 -17"><span class='ocrx_word' id='word_1_11' title='bbox 335 453 647 531; x_wconf 80' lang='lat' dir='ltr'>rhythmis.</span> <span class='ocrx_word' id='word_1_12' title='bbox 676 453 856 530; x_wconf 86' lang='lat' dir='ltr'>quue</span> <span class='ocrx_word' id='word_1_13' title='bbox 886 469 955 514; x_wconf 88' lang='lat' dir='ltr'>ea</span> <span class='ocrx_word' id='word_1_14' title='bbox 970 454 1196 514; x_wconf 79' lang='lat' dir='ltr'>ratione</span> <span class='ocrx_word' id='word_1_15' title='bbox 1217 455 1460 524; x_wconf 90' lang='lat' dir='ltr'>factum,</span> <span class='ocrx_word' id='word_1_16' title='bbox 1480 453 1636 526; x_wconf 91' lang='lat' dir='ltr'>quod</span> <span class='ocrx_word' id='word_1_17' title='bbox 1662 452 1724 510; x_wconf 90' lang='lat' dir='ltr'>in</span> <span class='ocrx_word' id='word_1_18' title='bbox 1753 452 1985 510; x_wconf 88' lang='lat' dir='ltr'>Hebrai-</span> <span class='ocrx_word' id='word_1_19' title='bbox 2015 459 2070 524; x_wconf 82' lang='grc' dir='ltr'><strong>Α</strong></span> <span class='ocrx_word' id='word_1_20' title='bbox 2100 455 2210 512; x_wconf 91' lang='lat' dir='ltr'>Sed</span> <span class='ocrx_word' id='word_1_21' title='bbox 2239 455 2396 528; x_wconf 91' lang='lat' dir='ltr'>quod</span> <span class='ocrx_word' id='word_1_22' title='bbox 2424 454 2652 522; x_wconf 82' lang='lat' dir='ltr'>mirere,</span> <span class='ocrx_word' id='word_1_23' title='bbox 2685 452 2781 509; x_wconf 80' lang='lat' dir='ltr'>vix</span> <span class='ocrx_word' id='word_1_24' title='bbox 2811 451 2970 509; x_wconf 82' lang='lat' dir='ltr'>aliud</span> <span class='ocrx_word' id='word_1_25' title='bbox 3002 450 3100 508; x_wconf 92' lang='lat' dir='ltr'>ille</span> <span class='ocrx_word' id='word_1_26' title='bbox 3152 449 3213 506; x_wconf 90' lang='lat' dir='ltr'>in</span> <span class='ocrx_word' id='word_1_27' title='bbox 3266 446 3512 510; x_wconf 89' lang='lat' dir='ltr'>concilio</span> <span class='ocrx_word' id='word_1_28' title='bbox 3542 452 3764 505; x_wconf 88' lang='lat' dir='ltr'>nostro.</span> 
     </span>
    </p>
   </div>
   <div class='ocr_carea' id='block_1_5' title="bbox 336 542 1987 617">
    <p class='ocr_par' dir='ltr' id='par_1_5' title="bbox 336 542 1987 617">
     <span class='ocr_line' id='line_1_5' title="bbox 336 542 1987 617; baseline -0.004 -13"><span class='ocrx_word' id='word_1_29' title='bbox 336 564 403 604; x_wconf 91' lang='lat' dir='ltr'>co</span> <span class='ocrx_word' id='word_1_30' title='bbox 431 563 696 604; x_wconf 88' lang='lat' dir='ltr'>scomma</span> <span class='ocrx_word' id='word_1_31' title='bbox 721 544 868 602; x_wconf 93' lang='lat' dir='ltr'>illud</span> <span class='ocrx_word' id='word_1_32' title='bbox 899 546 1131 603; x_wconf 91' lang='lat' dir='ltr'>duobus</span> <span class='ocrx_word' id='word_1_33' title='bbox 1160 544 1466 602; x_wconf 81' lang='lat' dir='ltr'>versiculis</span> <span class='ocrx_word' id='word_1_34' title='bbox 1497 542 1876 617; x_wconf 87' lang='lat' dir='ltr'>octosyllabis</span> <span class='ocrx_word' id='word_1_35' title='bbox 1903 543 1987 599; x_wconf 90' lang='lat' dir='ltr'>ef-</span> 
     </span>
    </p>
   </div>
   <div class='ocr_carea' id='block_1_6' title="bbox 336 636 904 694">
    <p class='ocr_par' dir='ltr' id='par_1_6' title="bbox 336 636 904 694">
     <span class='ocr_line' id='line_1_6' title="bbox 336 636 904 694; baseline -0.004 -1"><span class='ocrx_word' id='word_1_36' title='bbox 336 637 523 694; x_wconf 82' lang='lat' dir='ltr'>fertur</span> <span class='ocrx_word' id='word_1_37' title='bbox 551 636 663 694; x_wconf 89' lang='lat' dir='ltr'>hoc</span> <span class='ocrx_word' id='word_1_38' title='bbox 693 637 864 693; x_wconf 89' lang='lat' dir='ltr'>modo</span> <span class='ocrx_word' id='word_1_39' title='bbox 892 654 904 691; x_wconf 89' lang='lat'><strong>:</strong></span> 
     </span>
    </p>
   </div>
   <div class='ocr_carea' id='block_1_7' title="bbox 900 732 1434 862">
    <p class='ocr_par' dir='ltr' id='par_1_7' title="bbox 900 732 1434 862">
     <span class='ocr_line' id='line_1_7' title="bbox 900 732 1434 862; baseline -0.004 -79"><span class='ocrx_word' id='word_1_40' title='bbox 900 732 1021 784; x_wconf 77' lang='lat' dir='ltr'>ucu</span> <span class='ocrx_word' id='word_1_41' title='bbox 1052 733 1201 811; x_wconf 62' lang='lat' dir='ltr'>9mm</span> <span class='ocrx_word' id='word_1_42' title='bbox 1233 732 1434 862; x_wconf 57' lang='lat' dir='ltr'>usqu:</span> 
     </span>
     <span class='ocr_line' id='line_1_8' title="bbox 900 806 1434 862; baseline 0 0"><span class='ocrx_word' id='word_1_43' title='bbox 900 808 1000 862; x_wconf 75' lang='lat' dir='ltr'>cha</span> <span class='ocrx_word' id='word_1_44' title='bbox 1026 807 1162 862; x_wconf 80' lang='lat' dir='ltr'>Saul</span> <span class='ocrx_word' id='word_1_45' title='bbox 1191 806 1324 862; x_wconf 88' lang='lat' dir='ltr'>bala</span> <span class='ocrx_word' id='word_1_46' title='bbox 1351 824 1384 862; x_wconf 91' lang='lat' dir='ltr'>a</span> <span class='ocrx_word' id='word_1_47' title='bbox 1402 808 1434 862; x_wconf 64' lang='lat' dir='ltr'>,i&#39;</span> 
     </span>
    </p>
   </div>
   <div class='ocr_carea' id='block_1_8' title="bbox 831 806 1490 877">
    <p class='ocr_par' dir='ltr' id='par_1_8' title="bbox 831 806 1490 877">
     <span class='ocr_line' id='line_1_9' title="bbox 831 806 1490 877; baseline -0.003 -13"><span class='ocrx_word' id='word_1_48' title='bbox 831 808 1000 864; x_wconf 75' lang='lat' dir='ltr'>Iccha</span> <span class='ocrx_word' id='word_1_49' title='bbox 1026 806 1162 864; x_wconf 79' lang='lat' dir='ltr'>Saul</span> <span class='ocrx_word' id='word_1_50' title='bbox 1191 806 1384 862; x_wconf 85' lang='lat' dir='ltr'>balafa</span> <span class='ocrx_word' id='word_1_51' title='bbox 1399 808 1490 877; x_wconf 92' lang='lat' dir='ltr'>ju,</span> 
     </span>
    </p>
   </div>
   <div class='ocr_carea' id='block_1_9' title="bbox 966 904 1360 957">
    <p class='ocr_par' dir='ltr' id='par_1_9' title="bbox 966 904 1360 957">
     <span class='ocr_line' id='line_1_10' title="bbox 966 904 1360 957; baseline -0.005 -1"><span class='ocrx_word' id='word_1_52' title='bbox 966 906 1085 957; x_wconf 54' lang='grc' dir='ltr'>λιιι</span> <span class='ocrx_word' id='word_1_53' title='bbox 1120 904 1360 956; x_wconf 67' lang='grc' dir='ltr'>ιιυεῖιε</span> 
     </span>
    </p>
   </div>
   <div class='ocr_carea' id='block_1_10' title="bbox 821 978 1506 1053">
    <p class='ocr_par' dir='ltr' id='par_1_10' title="bbox 821 978 1506 1053">
     <span class='ocr_line' id='line_1_11' title="bbox 821 978 1506 1053; baseline -0.006 -17"><span class='ocrx_word' id='word_1_54' title='bbox 821 979 1077 1037; x_wconf 89' lang='lat' dir='ltr'>Vedavid</span> <span class='ocrx_word' id='word_1_55' title='bbox 1111 978 1506 1053; x_wconf 87' lang='lat' dir='ltr'>berivvodaju.</span> 
     </span>
    </p>
   </div>
   <div class='ocr_carea' id='block_1_11' title="bbox 333 1074 1988 1152">
    <p class='ocr_par' dir='ltr' id='par_1_11' title="bbox 333 1074 1988 1152">
     <span class='ocr_line' id='line_1_12' title="bbox 333 1074 1988 1152; baseline -0.004 -16"><span class='ocrx_word' id='word_1_56' title='bbox 333 1079 523 1152; x_wconf 90' lang='lat' dir='ltr'>Atque</span> <span class='ocrx_word' id='word_1_57' title='bbox 551 1078 649 1135; x_wconf 92' lang='lat' dir='ltr'>hic</span> <span class='ocrx_word' id='word_1_58' title='bbox 678 1081 907 1136; x_wconf 89' lang='lat' dir='ltr'>mature</span> <span class='ocrx_word' id='word_1_59' title='bbox 929 1075 1572 1144; x_wconf 85' lang='lat' dir='ltr'>animadvertasvelim,</span> <span class='ocrx_word' id='word_1_60' title='bbox 1605 1074 1666 1130; x_wconf 92' lang='lat' dir='ltr'>in</span> <span class='ocrx_word' id='word_1_61' title='bbox 1697 1075 1988 1146; x_wconf 86' lang='lat' dir='ltr'>ejusmodi</span> 
     </span>
    </p>
   </div>
   <div class='ocr_carea' id='block_1_12' title="bbox 333 1165 1990 1237">
    <p class='ocr_par' dir='ltr' id='par_1_12' title="bbox 333 1165 1990 1237">
     <span class='ocr_line' id='line_1_13' title="bbox 333 1165 1990 1237; baseline -0.002 -13"><span class='ocrx_word' id='word_1_62' title='bbox 333 1166 753 1226; x_wconf 82' lang='lat' dir='ltr'>versiculorum</span> <span class='ocrx_word' id='word_1_63' title='bbox 782 1168 897 1223; x_wconf 81' lang='lat' dir='ltr'>fine</span> <span class='ocrx_word' id='word_1_64' title='bbox 927 1165 1184 1236; x_wconf 82' lang='lat' dir='ltr'>syllabas</span> <span class='ocrx_word' id='word_1_65' title='bbox 1200 1182 1506 1236; x_wconf 77' lang='lat' dir='ltr'>consonus,</span> <span class='ocrx_word' id='word_1_66' title='bbox 1531 1181 1678 1237; x_wconf 89' lang='lat' dir='ltr'>quas</span> <span class='ocrx_word' id='word_1_67' title='bbox 1709 1165 1850 1219; x_wconf 87' lang='lat' dir='ltr'>rime</span> <span class='ocrx_word' id='word_1_68' title='bbox 1879 1165 1990 1220; x_wconf 77' lang='lat' dir='ltr'>Ita~</span> 
     </span>
    </p>
   </div>
   <div class='ocr_carea' id='block_1_13' title="bbox 332 1251 1990 1331">
    <p class='ocr_par' dir='ltr' id='par_1_13' title="bbox 332 1251 1990 1331">
     <span class='ocr_line' id='line_1_14' title="bbox 332 1251 1990 1331; baseline -0.007 -17"><span class='ocrx_word' id='word_1_69' title='bbox 332 1257 444 1316; x_wconf 86' lang='lat' dir='ltr'>lice</span> <span class='ocrx_word' id='word_1_70' title='bbox 475 1256 862 1331; x_wconf 84' lang='lat' dir='ltr'>appellamus.</span> <span class='ocrx_word' id='word_1_71' title='bbox 897 1256 1144 1324; x_wconf 89' lang='lat' dir='ltr'>Casune,</span> <span class='ocrx_word' id='word_1_72' title='bbox 1177 1271 1251 1309; x_wconf 89' lang='lat' dir='ltr'>an</span> <span class='ocrx_word' id='word_1_73' title='bbox 1285 1258 1407 1309; x_wconf 87' lang='lat' dir='ltr'>arte</span> <span class='ocrx_word' id='word_1_74' title='bbox 1455 1253 1696 1319; x_wconf 85' lang='lat' dir='ltr'>factum,</span> <span class='ocrx_word' id='word_1_75' title='bbox 1723 1251 1990 1324; x_wconf 85' lang='lat' dir='ltr'>judicent</span> 
     </span>
    </p>
   </div>
   <div class='ocr_carea' id='block_1_14' title="bbox 335 1341 1987 1414">
    <p class='ocr_par' dir='ltr' id='par_1_14' title="bbox 335 1341 1987 1414">
     <span class='ocr_line' id='line_1_15' title="bbox 335 1341 1987 1414; baseline -0.004 -12"><span class='ocrx_word' id='word_1_76' title='bbox 335 1346 454 1402; x_wconf 84' lang='lat' dir='ltr'>alii.</span> <span class='ocrx_word' id='word_1_77' title='bbox 489 1346 570 1402; x_wconf 91' lang='lat' dir='ltr'>De</span> <span class='ocrx_word' id='word_1_78' title='bbox 598 1345 692 1401; x_wconf 88' lang='lat' dir='ltr'>his</span> <span class='ocrx_word' id='word_1_79' title='bbox 721 1345 1077 1401; x_wconf 86' lang='lat' dir='ltr'>infrasermo</span> <span class='ocrx_word' id='word_1_80' title='bbox 1103 1342 1231 1399; x_wconf 91' lang='lat' dir='ltr'>erit.</span> <span class='ocrx_word' id='word_1_81' title='bbox 1266 1343 1469 1414; x_wconf 83' lang='lat' dir='ltr'>Itaque</span> <span class='ocrx_word' id='word_1_82' title='bbox 1483 1341 1651 1398; x_wconf 84' lang='lat' dir='ltr'>sicuti</span> <span class='ocrx_word' id='word_1_83' title='bbox 1685 1341 1987 1397; x_wconf 75' lang='lat' dir='ltr'>cantilenae</span> 
     </span>
    </p>
   </div>
   <div class='ocr_carea' id='block_1_15' title="bbox 334 1429 1984 1506">
    <p class='ocr_par' dir='ltr' id='par_1_15' title="bbox 334 1429 1984 1506">
     <span class='ocr_line' id='line_1_16' title="bbox 334 1429 1984 1506; baseline -0.002 -15"><span class='ocrx_word' id='word_1_84' title='bbox 334 1437 546 1491; x_wconf 61' lang='lat' dir='ltr'>nostra</span> <span class='ocrx_word' id='word_1_85' title='bbox 578 1432 754 1490; x_wconf 83' lang='lat' dir='ltr'>certis</span> <span class='ocrx_word' id='word_1_86' title='bbox 784 1433 1033 1506; x_wconf 86' lang='lat' dir='ltr'>pedibus</span> <span class='ocrx_word' id='word_1_87' title='bbox 1065 1430 1412 1488; x_wconf 87' lang='lat' dir='ltr'>constantin</span> <span class='ocrx_word' id='word_1_88' title='bbox 1432 1429 1682 1503; x_wconf 82' lang='lat' dir='ltr'>singulis</span> <span class='ocrx_word' id='word_1_89' title='bbox 1704 1429 1984 1503; x_wconf 84' lang='lat' dir='ltr'>strophis,</span> 
     </span>
    </p>
   </div>
   <div class='ocr_carea' id='block_1_16' title="bbox 333 1519 1986 1590">
    <p class='ocr_par' dir='ltr' id='par_1_16' title="bbox 333 1519 1986 1590">
     <span class='ocr_line' id='line_1_17' title="bbox 333 1519 1986 1590; baseline -0.002 -11"><span class='ocrx_word' id='word_1_90' title='bbox 333 1526 400 1579; x_wconf 90' lang='lat' dir='ltr'>ut</span> <span class='ocrx_word' id='word_1_91' title='bbox 429 1523 586 1579; x_wconf 91' lang='lat' dir='ltr'>idem</span> <span class='ocrx_word' id='word_1_92' title='bbox 618 1522 698 1578; x_wconf 89' lang='lat' dir='ltr'>sit</span> <span class='ocrx_word' id='word_1_93' title='bbox 729 1522 788 1578; x_wconf 93' lang='lat' dir='ltr'>in</span> <span class='ocrx_word' id='word_1_94' title='bbox 819 1521 1094 1578; x_wconf 91' lang='lat' dir='ltr'>omnibus</span> <span class='ocrx_word' id='word_1_95' title='bbox 1127 1519 1391 1576; x_wconf 91' lang='lat' dir='ltr'>musicus</span> <span class='ocrx_word' id='word_1_96' title='bbox 1441 1522 1782 1590; x_wconf 84' lang='lat' dir='ltr'>concentus,</span> <span class='ocrx_word' id='word_1_97' title='bbox 1816 1519 1899 1574; x_wconf 88' lang='lat' dir='ltr'>ita</span> <span class='ocrx_word' id='word_1_98' title='bbox 1928 1523 1986 1575; x_wconf 89' lang='lat' dir='ltr'>et</span> 
     </span>
    </p>
   </div>
   <div class='ocr_carea' id='block_1_17' title="bbox 331 1609 1986 1685">
    <p class='ocr_par' dir='ltr' id='par_1_17' title="bbox 331 1609 1986 1685">
     <span class='ocr_line' id='line_1_18' title="bbox 331 1609 1986 1685; baseline -0.004 -15"><span class='ocrx_word' id='word_1_99' title='bbox 331 1616 591 1670; x_wconf 75' lang='lat' dir='ltr'>veterum</span> <span class='ocrx_word' id='word_1_100' title='bbox 622 1610 878 1685; x_wconf 79' lang='lat' dir='ltr'>rhythmi</span> <span class='ocrx_word' id='word_1_101' title='bbox 901 1625 1254 1683; x_wconf 87' lang='lat' dir='ltr'>processere.</span> <span class='ocrx_word' id='word_1_102' title='bbox 1287 1609 1573 1664; x_wconf 87' lang='lat' dir='ltr'>Eumdem</span> <span class='ocrx_word' id='word_1_103' title='bbox 1603 1625 1736 1664; x_wconf 88' lang='lat' dir='ltr'>vero</span> <span class='ocrx_word' id='word_1_104' title='bbox 1764 1624 1986 1663; x_wconf 90' lang='lat' dir='ltr'>morem</span> 
     </span>
    </p>
   </div>
   <div class='ocr_carea' id='block_1_18' title="bbox 330 1693 1984 1770">
    <p class='ocr_par' dir='ltr' id='par_1_18' title="bbox 330 1693 1984 1770">
     <span class='ocr_line' id='line_1_19' title="bbox 330 1693 1984 1770; baseline -0.004 -12"><span class='ocrx_word' id='word_1_105' title='bbox 330 1701 624 1759; x_wconf 85' lang='lat' dir='ltr'>retinuere</span> <span class='ocrx_word' id='word_1_106' title='bbox 680 1699 993 1764; x_wconf 85' lang='lat' dir='ltr'>Christiani</span> <span class='ocrx_word' id='word_1_107' title='bbox 1039 1698 1362 1754; x_wconf 85' lang='lat' dir='ltr'>barbaricis</span> <span class='ocrx_word' id='word_1_108' title='bbox 1417 1693 1804 1770; x_wconf 89' lang='lat' dir='ltr'>temporibus,</span> <span class='ocrx_word' id='word_1_109' title='bbox 1851 1714 1984 1752; x_wconf 91' lang='lat' dir='ltr'>cum</span> 
     </span>
    </p>
   </div>
   <div class='ocr_carea' id='block_1_19' title="bbox 329 1785 1983 1864">
    <p class='ocr_par' dir='ltr' id='par_1_19' title="bbox 329 1785 1983 1864">
     <span class='ocr_line' id='line_1_20' title="bbox 329 1785 1983 1864; baseline -0.004 -18"><span class='ocrx_word' id='word_1_110' title='bbox 329 1790 584 1864; x_wconf 84' lang='lat' dir='ltr'>hymnos</span> <span class='ocrx_word' id='word_1_111' title='bbox 633 1788 1102 1861; x_wconf 87' lang='lat' dir='ltr'>componebant;</span> <span class='ocrx_word' id='word_1_112' title='bbox 1138 1787 1292 1860; x_wconf 92' lang='lat' dir='ltr'>quod</span> <span class='ocrx_word' id='word_1_113' title='bbox 1341 1787 1516 1842; x_wconf 88' lang='lat' dir='ltr'>etiam</span> <span class='ocrx_word' id='word_1_114' title='bbox 1548 1804 1578 1841; x_wconf 92' lang='lat' dir='ltr'>e</span> <span class='ocrx_word' id='word_1_115' title='bbox 1609 1785 1983 1842; x_wconf 87' lang='lat' dir='ltr'>Bechorensi-</span> 
     </span>
    </p>
   </div>
   <div class='ocr_carea' id='block_1_20' title="bbox 327 1873 1978 1951">
    <p class='ocr_par' dir='ltr' id='par_1_20' title="bbox 327 1873 1978 1951">
     <span class='ocr_line' id='line_1_21' title="bbox 327 1873 1978 1951; baseline -0.004 -16"><span class='ocrx_word' id='word_1_116' title='bbox 327 1880 442 1935; x_wconf 85' lang='lat' dir='ltr'>bus</span> <span class='ocrx_word' id='word_1_117' title='bbox 475 1895 664 1951; x_wconf 89' lang='lat' dir='ltr'>nuper</span> <span class='ocrx_word' id='word_1_118' title='bbox 690 1877 1028 1933; x_wconf 87' lang='lat' dir='ltr'>memoratis</span> <span class='ocrx_word' id='word_1_119' title='bbox 1059 1875 1324 1948; x_wconf 87' lang='lat' dir='ltr'>liquebit.</span> <span class='ocrx_word' id='word_1_120' title='bbox 1357 1874 1618 1946; x_wconf 87' lang='lat' dir='ltr'>Exempli</span> <span class='ocrx_word' id='word_1_121' title='bbox 1661 1873 1848 1947; x_wconf 88' lang='lat' dir='ltr'>gratia</span> <span class='ocrx_word' id='word_1_122' title='bbox 1871 1874 1978 1929; x_wconf 91' lang='lat' dir='ltr'>hos</span> 
     </span>
    </p>
   </div>
   <div class='ocr_carea' id='block_1_21' title="bbox 329 1962 1978 2033">
    <p class='ocr_par' dir='ltr' id='par_1_21' title="bbox 329 1962 1978 2033">
     <span class='ocr_line' id='line_1_22' title="bbox 329 1962 1978 2033; baseline -0.004 -10"><span class='ocrx_word' id='word_1_123' title='bbox 329 1969 562 2024; x_wconf 88' lang='lat' dir='ltr'>tantum</span> <span class='ocrx_word' id='word_1_124' title='bbox 583 1981 997 2033; x_wconf 89' lang='lat' dir='ltr'>commemoro,</span> <span class='ocrx_word' id='word_1_125' title='bbox 1030 1981 1214 2019; x_wconf 89' lang='lat' dir='ltr'>unum</span> <span class='ocrx_word' id='word_1_126' title='bbox 1244 1980 1478 2020; x_wconf 90' lang='lat' dir='ltr'>versum</span> <span class='ocrx_word' id='word_1_127' title='bbox 1519 1963 1578 2018; x_wconf 89' lang='lat' dir='ltr'>in</span> <span class='ocrx_word' id='word_1_128' title='bbox 1611 1963 1759 2019; x_wconf 92' lang='lat' dir='ltr'>duos</span> <span class='ocrx_word' id='word_1_129' title='bbox 1799 1962 1978 2019; x_wconf 91' lang='lat' dir='ltr'>versi-</span> 
     </span>
    </p>
   </div>
   <div class='ocr_carea' id='block_1_22' title="bbox 330 2053 830 2112">
    <p class='ocr_par' dir='ltr' id='par_1_22' title="bbox 330 2053 830 2112">
     <span class='ocr_line' id='line_1_23' title="bbox 330 2053 830 2112; baseline -0.008 0"><span class='ocrx_word' id='word_1_130' title='bbox 330 2055 493 2112; x_wconf 89' lang='lat' dir='ltr'>culos</span> <span class='ocrx_word' id='word_1_131' title='bbox 523 2053 788 2112; x_wconf 89' lang='lat' dir='ltr'>dividens</span> <span class='ocrx_word' id='word_1_132' title='bbox 818 2071 830 2108; x_wconf 90' lang='lat'>:</span> 
     </span>
    </p>
   </div>
   <div class='ocr_carea' id='block_1_23' title="bbox 686 2142 1341 2215">
    <p class='ocr_par' dir='ltr' id='par_1_23' title="bbox 686 2142 1341 2215">
     <span class='ocr_line' id='line_1_24' title="bbox 686 2142 1341 2215; baseline -0.003 -16"><span class='ocrx_word' id='word_1_133' title='bbox 686 2145 750 2200; x_wconf 85' lang='lat' dir='ltr'>In</span> <span class='ocrx_word' id='word_1_134' title='bbox 771 2142 1048 2215; x_wconf 81' lang='lat' dir='ltr'>prophetis</span> <span class='ocrx_word' id='word_1_135' title='bbox 1074 2142 1341 2198; x_wconf 85' lang='lat' dir='ltr'>inveniris</span> 
     </span>
    </p>
   </div>
   <div class='ocr_carea' id='block_1_24' title="bbox 682 2230 1426 2290">
    <p class='ocr_par' dir='ltr' id='par_1_24' title="bbox 682 2230 1426 2290">
     <span class='ocr_line' id='line_1_25' title="bbox 682 2230 1426 2290; baseline -0.008 0"><span class='ocrx_word' id='word_1_136' title='bbox 682 2233 874 2290; x_wconf 83' lang='lat' dir='ltr'>Nostro</span> <span class='ocrx_word' id='word_1_137' title='bbox 902 2234 1066 2287; x_wconf 84' lang='lat' dir='ltr'>natus</span> <span class='ocrx_word' id='word_1_138' title='bbox 1094 2231 1315 2289; x_wconf 74' lang='lat' dir='ltr'>saeculo.</span> <span class='ocrx_word' id='word_1_139' title='bbox 1423 2230 1426 2234; x_wconf 86' lang='grc'><em>’</em></span> 
     </span>
    </p>
   </div>
   <div class='ocr_carea' id='block_1_25' title="bbox 687 2321 1292 2391">
    <p class='ocr_par' dir='ltr' id='par_1_25' title="bbox 687 2321 1292 2391">
     <span class='ocr_line' id='line_1_26' title="bbox 687 2321 1292 2391; baseline -0.005 -14"><span class='ocrx_word' id='word_1_140' title='bbox 687 2321 824 2378; x_wconf 82' lang='lat' dir='ltr'>Ante</span> <span class='ocrx_word' id='word_1_141' title='bbox 851 2321 1012 2376; x_wconf 69' lang='lat' dir='ltr'>saecla</span> <span class='ocrx_word' id='word_1_142' title='bbox 1041 2328 1101 2376; x_wconf 87' lang='lat' dir='ltr'>tu</span> <span class='ocrx_word' id='word_1_143' title='bbox 1129 2321 1292 2391; x_wconf 84' lang='lat' dir='ltr'>fuisti</span> 
     </span>
    </p>
   </div>
   <div class='ocr_carea' id='block_1_26' title="bbox 687 2409 1436 2482">
    <p class='ocr_par' dir='ltr' id='par_1_26' title="bbox 687 2409 1436 2482">
     <span class='ocr_line' id='line_1_27' title="bbox 687 2409 1436 2482; baseline -0.004 -17"><span class='ocrx_word' id='word_1_144' title='bbox 687 2411 878 2466; x_wconf 85' lang='lat' dir='ltr'>Factor</span> <span class='ocrx_word' id='word_1_145' title='bbox 901 2410 1078 2482; x_wconf 88' lang='lat' dir='ltr'>primi</span> <span class='ocrx_word' id='word_1_146' title='bbox 1104 2409 1312 2476; x_wconf 57' lang='lat' dir='ltr'>seculi,</span> <span class='ocrx_word' id='word_1_147' title='bbox 1347 2409 1436 2463; x_wconf 91' lang='lat' dir='ltr'>etc</span> 
     </span>
    </p>
   </div>
   <div class='ocr_carea' id='block_1_27' title="bbox 674 2498 1431 2572">
    <p class='ocr_par' dir='ltr' id='par_1_27' title="bbox 674 2498 1431 2572">
     <span class='ocr_line' id='line_1_28' title="bbox 674 2498 1431 2572; baseline -0.007 -17"><span class='ocrx_word' id='word_1_148' title='bbox 674 2499 809 2555; x_wconf 81' lang='lat' dir='ltr'>Cum</span> <span class='ocrx_word' id='word_1_149' title='bbox 828 2500 984 2572; x_wconf 81' lang='lat' dir='ltr'>jubet</span> <span class='ocrx_word' id='word_1_150' title='bbox 998 2513 1196 2571; x_wconf 85' lang='lat' dir='ltr'>parvos</span> <span class='ocrx_word' id='word_1_151' title='bbox 1223 2498 1431 2565; x_wconf 87' lang='lat' dir='ltr'>necari,</span> 
     </span>
    </p>
   </div>
   <div class='ocr_carea' id='block_1_28' title="bbox 685 2589 1372 2660">
    <p class='ocr_par' dir='ltr' id='par_1_28' title="bbox 685 2589 1372 2660">
     <span class='ocr_line' id='line_1_29' title="bbox 685 2589 1372 2660; baseline -0.007 -16"><span class='ocrx_word' id='word_1_152' title='bbox 685 2590 862 2644; x_wconf 84' lang='lat' dir='ltr'>Turba</span> <span class='ocrx_word' id='word_1_153' title='bbox 887 2589 1018 2660; x_wconf 81' lang='lat' dir='ltr'>fecit</span> <span class='ocrx_word' id='word_1_154' title='bbox 1044 2594 1372 2658; x_wconf 79' lang='lat' dir='ltr'>martyrum.</span> 
     </span>
    </p>
   </div>
   <div class='ocr_carea' id='block_1_29' title="bbox 686 2673 1470 2748">
    <p class='ocr_par' dir='ltr' id='par_1_29' title="bbox 686 2673 1470 2748">
     <span class='ocr_line' id='line_1_30' title="bbox 686 2673 1470 2748; baseline -0.005 -15"><span class='ocrx_word' id='word_1_155' title='bbox 686 2679 879 2733; x_wconf 84' lang='lat' dir='ltr'>Fertur</span> <span class='ocrx_word' id='word_1_156' title='bbox 907 2676 1098 2748; x_wconf 78' lang='lat' dir='ltr'>infans</span> <span class='ocrx_word' id='word_1_157' title='bbox 1127 2673 1470 2740; x_wconf 85' lang='lat' dir='ltr'>occulcndus,</span> 
     </span>
    </p>
   </div>
   <div class='ocr_carea' id='block_1_30' title="bbox 567 2764 1340 2837">
    <p class='ocr_par' dir='ltr' id='par_1_30' title="bbox 567 2764 1340 2837">
     <span class='ocr_line' id='line_1_31' title="bbox 567 2764 1340 2837; baseline -0.003 -18"><span class='ocrx_word' id='word_1_158' title='bbox 567 2810 570 2818; x_wconf 94' lang='lat'>.</span> <span class='ocrx_word' id='word_1_159' title='bbox 683 2766 799 2821; x_wconf 87' lang='lat' dir='ltr'>Nili</span> <span class='ocrx_word' id='word_1_160' title='bbox 826 2768 1035 2837; x_wconf 77' lang='lat' dir='ltr'>ﬂumen</span> <span class='ocrx_word' id='word_1_161' title='bbox 1063 2779 1165 2834; x_wconf 90' lang='lat' dir='ltr'>quo</span> <span class='ocrx_word' id='word_1_162' title='bbox 1195 2764 1340 2833; x_wconf 87' lang='lat' dir='ltr'>ﬂuit.</span> 
     </span>
    </p>
   </div>
   <div class='ocr_carea' id='block_1_31' title="bbox 325 2851 1977 2927">
    <p class='ocr_par' dir='ltr' id='par_1_31' title="bbox 325 2851 1977 2927">
     <span class='ocr_line' id='line_1_32' title="bbox 325 2851 1977 2927; baseline -0.002 -17"><span class='ocrx_word' id='word_1_163' title='bbox 325 2853 573 2911; x_wconf 89' lang='lat' dir='ltr'>Allatius</span> <span class='ocrx_word' id='word_1_164' title='bbox 606 2869 842 2927; x_wconf 89' lang='lat' dir='ltr'>quoque</span> <span class='ocrx_word' id='word_1_165' title='bbox 881 2851 1276 2925; x_wconf 68' lang='lat' dir='ltr'>praelaudatus</span> <span class='ocrx_word' id='word_1_166' title='bbox 1322 2851 1734 2907; x_wconf 86' lang='lat' dir='ltr'>animadvertit</span> <span class='ocrx_word' id='word_1_167' title='bbox 1763 2852 1824 2907; x_wconf 91' lang='lat' dir='ltr'>in</span> <span class='ocrx_word' id='word_1_168' title='bbox 1854 2869 1977 2907; x_wconf 86' lang='lat' dir='ltr'>ver-</span> 
     </span>
    </p>
   </div>
   <div class='ocr_carea' id='block_1_32' title="bbox 327 2940 1975 3014">
    <p class='ocr_par' dir='ltr' id='par_1_32' title="bbox 327 2940 1975 3014">
     <span class='ocr_line' id='line_1_33' title="bbox 327 2940 1975 3014; baseline -0.002 -13"><span class='ocrx_word' id='word_1_169' title='bbox 327 2944 495 3001; x_wconf 86' lang='lat' dir='ltr'>sibus</span> <span class='ocrx_word' id='word_1_170' title='bbox 527 2943 860 3000; x_wconf 73' lang='lat' dir='ltr'>Grzecorum</span> <span class='ocrx_word' id='word_1_171' title='bbox 885 2941 1149 3013; x_wconf 87' lang='lat' dir='ltr'>policitis,</span> <span class='ocrx_word' id='word_1_172' title='bbox 1181 2942 1243 2996; x_wconf 86' lang='lat' dir='ltr'>in</span> <span class='ocrx_word' id='word_1_173' title='bbox 1271 2940 1488 3012; x_wconf 88' lang='lat' dir='ltr'>quibus,</span> <span class='ocrx_word' id='word_1_174' title='bbox 1521 2944 1586 2996; x_wconf 91' lang='lat' dir='ltr'>ut</span> <span class='ocrx_word' id='word_1_175' title='bbox 1615 2941 1740 3014; x_wconf 88' lang='lat' dir='ltr'>ipse</span> <span class='ocrx_word' id='word_1_176' title='bbox 1753 2941 1975 3011; x_wconf 87' lang='lat' dir='ltr'>scribit,</span> 
     </span>
    </p>
   </div>
   <div class='ocr_carea' id='block_1_33' title="bbox 325 3029 1983 3106">
    <p class='ocr_par' dir='ltr' id='par_1_33' title="bbox 325 3029 1983 3106">
     <span class='ocr_line' id='line_1_34' title="bbox 325 3029 1983 3106; baseline -0.001 -17"><span class='ocrx_word' id='word_1_177' title='bbox 325 3033 578 3106; x_wconf 79' lang='lat' dir='ltr'>syllabas</span> <span class='ocrx_word' id='word_1_178' title='bbox 636 3029 948 3102; x_wconf 81' lang='lat' dir='ltr'>quindecim</span> <span class='ocrx_word' id='word_1_179' title='bbox 999 3046 1285 3101; x_wconf 85' lang='lat' dir='ltr'>nunquam</span> <span class='ocrx_word' id='word_1_180' title='bbox 1342 3029 1646 3098; x_wconf 71' lang='lat' dir='ltr'>excedunt;</span> <span class='ocrx_word' id='word_1_181' title='bbox 1681 3033 1730 3086; x_wconf 86' lang='lat' dir='ltr'>et</span> <span class='ocrx_word' id='word_1_182' title='bbox 1779 3032 1983 3101; x_wconf 76' lang='lat' dir='ltr'>siquae</span> 
     </span>
    </p>
   </div>
   <div class='ocr_carea' id='block_1_34' title="bbox 327 3120 1981 3192">
    <p class='ocr_par' dir='ltr' id='par_1_34' title="bbox 327 3120 1981 3192">
     <span class='ocr_line' id='line_1_35' title="bbox 327 3120 1981 3192; baseline -0.002 -15"><span class='ocrx_word' id='word_1_183' title='bbox 327 3124 481 3178; x_wconf 87' lang='lat' dir='ltr'>ultra</span> <span class='ocrx_word' id='word_1_184' title='bbox 509 3120 781 3188; x_wconf 79' lang='lat' dir='ltr'>videntur,</span> <span class='ocrx_word' id='word_1_185' title='bbox 811 3134 900 3174; x_wconf 86' lang='lat' dir='ltr'>eas</span> <span class='ocrx_word' id='word_1_186' title='bbox 950 3135 1053 3192; x_wconf 87' lang='lat' dir='ltr'>per</span> <span class='ocrx_word' id='word_1_187' title='bbox 1098 3120 1418 3192; x_wconf 62' lang='lat' dir='ltr'>aphaeresin,</span> <span class='ocrx_word' id='word_1_188' title='bbox 1477 3121 1591 3176; x_wconf 87' lang='lat' dir='ltr'>sive</span> <span class='ocrx_word' id='word_1_189' title='bbox 1619 3121 1981 3192; x_wconf 59' lang='lat' dir='ltr'>synalwphen</span> 
     </span>
    </p>
   </div>
   <div class='ocr_carea' id='block_1_35' title="bbox 328 3192 2053 3281">
    <p class='ocr_par' dir='ltr' id='par_1_35' title="bbox 328 3192 2053 3281">
     <span class='ocr_line' id='line_1_36' title="bbox 328 3192 2053 3281; baseline -0.002 -16"><span class='ocrx_word' id='word_1_190' title='bbox 328 3210 615 3266; x_wconf 84' lang='lat' dir='ltr'>decurtant</span> <span class='ocrx_word' id='word_1_191' title='bbox 642 3212 692 3263; x_wconf 83' lang='lat' dir='ltr'>et</span> <span class='ocrx_word' id='word_1_192' title='bbox 721 3208 1031 3264; x_wconf 86' lang='lat' dir='ltr'>absumunt.</span> <span class='ocrx_word' id='word_1_193' title='bbox 1077 3208 1351 3281; x_wconf 87' lang='lat' dir='ltr'>Ejusdem</span> <span class='ocrx_word' id='word_1_194' title='bbox 1399 3215 1593 3265; x_wconf 82' lang='lat' dir='ltr'>autem</span> <span class='ocrx_word' id='word_1_195' title='bbox 1638 3209 1808 3264; x_wconf 92' lang='lat' dir='ltr'>metri</span> <span class='ocrx_word' id='word_1_196' title='bbox 1840 3212 1980 3264; x_wconf 88' lang='lat' dir='ltr'>sunt</span> <span class='ocrx_word' id='word_1_197' title='bbox 2011 3192 2053 3260; x_wconf 87' lang='lat' dir='ltr'>C</span> 
     </span>
    </p>
   </div>
   <div class='ocr_carea' id='block_1_36' title="bbox 327 3297 1980 3371">
    <p class='ocr_par' dir='ltr' id='par_1_36' title="bbox 327 3297 1980 3371">
     <span class='ocr_line' id='line_1_37' title="bbox 327 3297 1980 3371; baseline -0.001 -16"><span class='ocrx_word' id='word_1_198' title='bbox 327 3299 594 3355; x_wconf 74' lang='lat' dir='ltr'>Planctus</span> <span class='ocrx_word' id='word_1_199' title='bbox 623 3297 963 3370; x_wconf 79' lang='lat' dir='ltr'>rhythmicus</span> <span class='ocrx_word' id='word_1_200' title='bbox 1017 3313 1194 3371; x_wconf 88' lang='lat' dir='ltr'>super</span> <span class='ocrx_word' id='word_1_201' title='bbox 1222 3301 1408 3354; x_wconf 88' lang='lat' dir='ltr'>morte</span> <span class='ocrx_word' id='word_1_202' title='bbox 1455 3297 1816 3354; x_wconf 88' lang='lat' dir='ltr'>Constantini</span> <span class='ocrx_word' id='word_1_203' title='bbox 1850 3315 1980 3354; x_wconf 89' lang='lat' dir='ltr'>mo-</span> 
     </span>
    </p>
   </div>
   <div class='ocr_carea' id='block_1_37' title="bbox 331 3386 1978 3460">
    <p class='ocr_par' dir='ltr' id='par_1_37' title="bbox 331 3386 1978 3460">
     <span class='ocr_line' id='line_1_38' title="bbox 331 3386 1978 3460; baseline 0 -17"><span class='ocrx_word' id='word_1_204' title='bbox 331 3386 504 3443; x_wconf 81' lang='lat' dir='ltr'>nachi</span> <span class='ocrx_word' id='word_1_205' title='bbox 541 3386 914 3443; x_wconf 87' lang='lat' dir='ltr'>Luxoviensis</span> <span class='ocrx_word' id='word_1_206' title='bbox 959 3403 994 3443; x_wconf 90' lang='lat' dir='ltr'>a</span> <span class='ocrx_word' id='word_1_207' title='bbox 1033 3387 1249 3443; x_wconf 87' lang='lat' dir='ltr'>Gudino</span> <span class='ocrx_word' id='word_1_208' title='bbox 1285 3388 1547 3443; x_wconf 80' lang='lat' dir='ltr'>monacho</span> <span class='ocrx_word' id='word_1_209' title='bbox 1595 3388 1978 3460; x_wconf 90' lang='lat' dir='ltr'>compositus,</span> 
     </span>
    </p>
   </div>
   <div class='ocr_carea' id='block_1_38' title="bbox 328 3473 1978 3548">
    <p class='ocr_par' dir='ltr' id='par_1_38' title="bbox 328 3473 1978 3548">
     <span class='ocr_line' id='line_1_39' title="bbox 328 3473 1978 3548; baseline -0.001 -17"><span class='ocrx_word' id='word_1_210' title='bbox 328 3477 387 3531; x_wconf 90' lang='lat' dir='ltr'>et</span> <span class='ocrx_word' id='word_1_211' title='bbox 414 3473 702 3530; x_wconf 82' lang='lat' dir='ltr'>Adelmani</span> <span class='ocrx_word' id='word_1_212' title='bbox 753 3474 1072 3531; x_wconf 84' lang='lat' dir='ltr'>Scholastici</span> <span class='ocrx_word' id='word_1_213' title='bbox 1115 3474 1382 3548; x_wconf 82' lang='lat' dir='ltr'>Rhythmi</span> <span class='ocrx_word' id='word_1_214' title='bbox 1437 3476 1768 3547; x_wconf 82' lang='lat' dir='ltr'>alpha-betici</span> <span class='ocrx_word' id='word_1_215' title='bbox 1797 3476 1867 3531; x_wconf 93' lang='lat' dir='ltr'>de</span> <span class='ocrx_word' id='word_1_216' title='bbox 1896 3475 1978 3530; x_wconf 88' lang='lat' dir='ltr'>vi-</span> 
     </span>
    </p>
   </div>
   <div class='ocr_carea' id='block_1_39' title="bbox 326 3562 1981 3637">
    <p class='ocr_par' dir='ltr' id='par_1_39' title="bbox 326 3562 1981 3637">
     <span class='ocr_line' id='line_1_40' title="bbox 326 3562 1981 3637; baseline 0 -17"><span class='ocrx_word' id='word_1_217' title='bbox 326 3563 409 3620; x_wconf 90' lang='lat' dir='ltr'>ris</span> <span class='ocrx_word' id='word_1_218' title='bbox 439 3562 768 3620; x_wconf 87' lang='lat' dir='ltr'>illustribus</span> <span class='ocrx_word' id='word_1_219' title='bbox 801 3563 893 3618; x_wconf 88' lang='lat' dir='ltr'>sui</span> <span class='ocrx_word' id='word_1_220' title='bbox 923 3563 1224 3637; x_wconf 89' lang='lat' dir='ltr'>temporis,</span> <span class='ocrx_word' id='word_1_221' title='bbox 1247 3581 1396 3636; x_wconf 92' lang='lat' dir='ltr'>quos</span> <span class='ocrx_word' id='word_1_222' title='bbox 1429 3563 1640 3620; x_wconf 64' lang='lat' dir='ltr'>saeculo</span> <span class='ocrx_word' id='word_1_223' title='bbox 1669 3582 1728 3620; x_wconf 80' lang='lat' dir='ltr'><strong>x1</strong></span> <span class='ocrx_word' id='word_1_224' title='bbox 1748 3581 1981 3635; x_wconf 90' lang='lat' dir='ltr'>compo-</span> 
     </span>
    </p>
   </div>
   <div class='ocr_carea' id='block_1_40' title="bbox 323 3650 1982 3709">
    <p class='ocr_par' dir='ltr' id='par_1_40' title="bbox 323 3650 1982 3709">
     <span class='ocr_line' id='line_1_41' title="bbox 323 3650 1982 3709; baseline 0 -1"><span class='ocrx_word' id='word_1_225' title='bbox 323 3651 470 3709; x_wconf 90' lang='lat' dir='ltr'>sitos</span> <span class='ocrx_word' id='word_1_226' title='bbox 496 3650 869 3709; x_wconf 87' lang='lat' dir='ltr'>Mabillonius</span> <span class='ocrx_word' id='word_1_227' title='bbox 914 3652 980 3708; x_wconf 90' lang='lat' dir='ltr'>V.</span> <span class='ocrx_word' id='word_1_228' title='bbox 1015 3651 1088 3708; x_wconf 92' lang='lat' dir='ltr'>cl.</span> <span class='ocrx_word' id='word_1_229' title='bbox 1135 3653 1288 3709; x_wconf 92' lang='lat' dir='ltr'>inter</span> <span class='ocrx_word' id='word_1_230' title='bbox 1314 3655 1508 3709; x_wconf 89' lang='lat' dir='ltr'>vetera</span> <span class='ocrx_word' id='word_1_231' title='bbox 1553 3653 1828 3709; x_wconf 88' lang='lat' dir='ltr'>Analecta</span> <span class='ocrx_word' id='word_1_232' title='bbox 1855 3653 1982 3709; x_wconf 89' lang='lat' dir='ltr'>edi-</span> 
     </span>
    </p>
   </div>
   <div class='ocr_carea' id='block_1_41' title="bbox 319 3740 1984 3814">
    <p class='ocr_par' dir='ltr' id='par_1_41' title="bbox 319 3740 1984 3814">
     <span class='ocr_line' id='line_1_42' title="bbox 319 3740 1984 3814; baseline -0.001 -16"><span class='ocrx_word' id='word_1_233' title='bbox 319 3741 425 3798; x_wconf 90' lang='lat' dir='ltr'>dit.</span> <span class='ocrx_word' id='word_1_234' title='bbox 456 3741 600 3798; x_wconf 87' lang='lat' dir='ltr'>Vide</span> <span class='ocrx_word' id='word_1_235' title='bbox 619 3741 845 3814; x_wconf 90' lang='lat' dir='ltr'>-pariter</span> <span class='ocrx_word' id='word_1_236' title='bbox 871 3741 1024 3798; x_wconf 89' lang='lat' dir='ltr'>inter</span> <span class='ocrx_word' id='word_1_237' title='bbox 1054 3741 1250 3813; x_wconf 88' lang='lat' dir='ltr'>Opera</span> <span class='ocrx_word' id='word_1_238' title='bbox 1277 3741 1466 3797; x_wconf 88' lang='lat' dir='ltr'>sancti</span> <span class='ocrx_word' id='word_1_239' title='bbox 1496 3740 1751 3797; x_wconf 89' lang='lat' dir='ltr'>Fulberti</span> <span class='ocrx_word' id='word_1_240' title='bbox 1784 3741 1984 3814; x_wconf 88' lang='lat' dir='ltr'>rhyth-</span> 
     </span>
    </p>
   </div>
   <div class='ocr_carea' id='block_1_42' title="bbox 319 3830 1982 3900">
    <p class='ocr_par' dir='ltr' id='par_1_42' title="bbox 319 3830 1982 3900">
     <span class='ocr_line' id='line_1_43' title="bbox 319 3830 1982 3900; baseline -0.001 -13"><span class='ocrx_word' id='word_1_241' title='bbox 319 3847 471 3900; x_wconf 89' lang='lat' dir='ltr'>mos,</span> <span class='ocrx_word' id='word_1_242' title='bbox 495 3830 766 3887; x_wconf 85' lang='lat' dir='ltr'>versibus</span> <span class='ocrx_word' id='word_1_243' title='bbox 794 3830 938 3885; x_wconf 90' lang='lat' dir='ltr'>mini</span> <span class='ocrx_word' id='word_1_244' title='bbox 955 3847 1049 3886; x_wconf 89' lang='lat' dir='ltr'>me</span> <span class='ocrx_word' id='word_1_245' title='bbox 1079 3830 1374 3886; x_wconf 84' lang='lat' dir='ltr'>distinctis</span> <span class='ocrx_word' id='word_1_246' title='bbox 1396 3831 1607 3886; x_wconf 89' lang='lat' dir='ltr'>editos.</span> <span class='ocrx_word' id='word_1_247' title='bbox 1632 3830 1854 3887; x_wconf 91' lang='lat' dir='ltr'>Floruit</span> <span class='ocrx_word' id='word_1_248' title='bbox 1886 3831 1982 3887; x_wconf 91' lang='lat' dir='ltr'>ille</span> 
     </span>
    </p>
   </div>
   <div class='ocr_carea' id='block_1_43' title="bbox 324 3917 1977 3992">
    <p class='ocr_par' dir='ltr' id='par_1_43' title="bbox 324 3917 1977 3992">
     <span class='ocr_line' id='line_1_44' title="bbox 324 3917 1977 3992; baseline 0.001 -18"><span class='ocrx_word' id='word_1_249' title='bbox 324 3935 559 3992; x_wconf 88' lang='lat' dir='ltr'>quoque</span> <span class='ocrx_word' id='word_1_250' title='bbox 588 3917 799 3974; x_wconf 68' lang='lat' dir='ltr'>saeculo</span> <span class='ocrx_word' id='word_1_251' title='bbox 829 3935 907 3972; x_wconf 85' lang='lat' dir='ltr'>x1.</span> <span class='ocrx_word' id='word_1_252' title='bbox 967 3917 1231 3974; x_wconf 87' lang='lat' dir='ltr'>Similem</span> <span class='ocrx_word' id='word_1_253' title='bbox 1265 3919 1440 3974; x_wconf 89' lang='lat' dir='ltr'>etiam</span> <span class='ocrx_word' id='word_1_254' title='bbox 1465 3919 1805 3992; x_wconf 85' lang='lat' dir='ltr'>rhythmum</span> <span class='ocrx_word' id='word_1_255' title='bbox 1833 3921 1977 3975; x_wconf 88' lang='lat' dir='ltr'>Lan-</span> 
     </span>
    </p>
   </div>
   <div class='ocr_carea' id='block_1_44' title="bbox 324 3992 1981 4080">
    <p class='ocr_par' dir='ltr' id='par_1_44' title="bbox 324 3992 1981 4080">
     <span class='ocr_line' id='line_1_45' title="bbox 324 3992 1981 4080; baseline -0.002 -14"><span class='ocrx_word' id='word_1_256' title='bbox 324 4006 586 4080; x_wconf 89' lang='lat' dir='ltr'>dulphus</span> <span class='ocrx_word' id='word_1_257' title='bbox 615 4006 808 4062; x_wconf 89' lang='lat' dir='ltr'>senior</span> <span class='ocrx_word' id='word_1_258' title='bbox 828 3992 1144 4062; x_wconf 74' lang='lat' dir='ltr'>historicus</span> <span class='ocrx_word' id='word_1_259' title='bbox 1160 4007 1610 4063; x_wconf 90' lang='lat' dir='ltr'>Mediolanensis</span> <span class='ocrx_word' id='word_1_260' title='bbox 1643 4007 1926 4077; x_wconf 77' lang='lat' dir='ltr'>exhibuit,</span> <span class='ocrx_word' id='word_1_261' title='bbox 1947 4026 1981 4064; x_wconf 91' lang='lat' dir='ltr'>a</span> 
     </span>
    </p>
   </div>
   <div class='ocr_carea' id='block_1_45' title="bbox 327 4094 1978 4170">
    <p class='ocr_par' dir='ltr' id='par_1_45' title="bbox 327 4094 1978 4170">
     <span class='ocr_line' id='line_1_46' title="bbox 327 4094 1978 4170; baseline 0 -16"><span class='ocrx_word' id='word_1_262' title='bbox 327 4113 420 4154; x_wconf 89' lang='lat' dir='ltr'>me</span> <span class='ocrx_word' id='word_1_263' title='bbox 450 4095 787 4168; x_wconf 87' lang='lat' dir='ltr'>evulgatum</span> <span class='ocrx_word' id='word_1_264' title='bbox 819 4097 978 4150; x_wconf 89' lang='lat' dir='ltr'>tomo</span> <span class='ocrx_word' id='word_1_265' title='bbox 1011 4094 1084 4150; x_wconf 93' lang='lat' dir='ltr'>IV</span> <span class='ocrx_word' id='word_1_266' title='bbox 1115 4095 1245 4151; x_wconf 87' lang='lat' dir='ltr'>Rer.</span> <span class='ocrx_word' id='word_1_267' title='bbox 1276 4095 1526 4153; x_wconf 86' lang='lat' dir='ltr'>Italicar.</span> <span class='ocrx_word' id='word_1_268' title='bbox 1563 4095 1706 4152; x_wconf 88' lang='lat' dir='ltr'>Mihi</span> <span class='ocrx_word' id='word_1_269' title='bbox 1749 4097 1819 4152; x_wconf 91' lang='lat' dir='ltr'>de</span> <span class='ocrx_word' id='word_1_270' title='bbox 1852 4097 1978 4170; x_wconf 92' lang='lat' dir='ltr'>ipso</span> 
     </span>
    </p>
   </div>
   <div class='ocr_carea' id='block_1_46' title="bbox 321 4183 1977 4257">
    <p class='ocr_par' dir='ltr' id='par_1_46' title="bbox 321 4183 1977 4257">
     <span class='ocr_line' id='line_1_47' title="bbox 321 4183 1977 4257; baseline 0.001 -16"><span class='ocrx_word' id='word_1_271' title='bbox 321 4184 476 4242; x_wconf 88' lang='lat' dir='ltr'>infra</span> <span class='ocrx_word' id='word_1_272' title='bbox 505 4200 697 4241; x_wconf 89' lang='lat' dir='ltr'>sermo</span> <span class='ocrx_word' id='word_1_273' title='bbox 729 4187 1008 4239; x_wconf 85' lang='lat' dir='ltr'>recurret.</span> <span class='ocrx_word' id='word_1_274' title='bbox 1063 4183 1330 4240; x_wconf 85' lang='lat' dir='ltr'>Alterum</span> <span class='ocrx_word' id='word_1_275' title='bbox 1380 4200 1614 4257; x_wconf 91' lang='lat' dir='ltr'>quoque</span> <span class='ocrx_word' id='word_1_276' title='bbox 1663 4184 1792 4240; x_wconf 90' lang='lat' dir='ltr'>vide</span> <span class='ocrx_word' id='word_1_277' title='bbox 1822 4202 1856 4241; x_wconf 87' lang='lat' dir='ltr'>a</span> <span class='ocrx_word' id='word_1_278' title='bbox 1885 4203 1977 4244; x_wconf 90' lang='lat' dir='ltr'>me</span> 
     </span>
    </p>
   </div>
   <div class='ocr_carea' id='block_1_47' title="bbox 321 4272 1975 4348">
    <p class='ocr_par' dir='ltr' id='par_1_47' title="bbox 321 4272 1975 4348">
     <span class='ocr_line' id='line_1_48' title="bbox 321 4272 1975 4348; baseline 0.001 -18"><span class='ocrx_word' id='word_1_279' title='bbox 321 4272 539 4346; x_wconf 91' lang='lat' dir='ltr'>publici</span> <span class='ocrx_word' id='word_1_280' title='bbox 562 4273 720 4345; x_wconf 88' lang='lat' dir='ltr'>juris</span> <span class='ocrx_word' id='word_1_281' title='bbox 753 4272 973 4327; x_wconf 88' lang='lat' dir='ltr'>factum</span> <span class='ocrx_word' id='word_1_282' title='bbox 1006 4272 1065 4327; x_wconf 92' lang='lat' dir='ltr'>in</span> <span class='ocrx_word' id='word_1_283' title='bbox 1098 4273 1213 4330; x_wconf 82' lang='lat' dir='ltr'>line</span> <span class='ocrx_word' id='word_1_284' title='bbox 1235 4273 1658 4346; x_wconf 85' lang='lat' dir='ltr'>Paralipomen.</span> <span class='ocrx_word' id='word_1_285' title='bbox 1690 4275 1975 4348; x_wconf 87' lang='lat' dir='ltr'>Anonymi</span> 
     </span>
    </p>
   </div>
   <div class='ocr_carea' id='block_1_48' title="bbox 284 4361 1972 4434">
    <p class='ocr_par' dir='ltr' id='par_1_48' title="bbox 284 4361 1972 4434">
     <span class='ocr_line' id='line_1_49' title="bbox 284 4361 1972 4434; baseline 0.001 -16"><span class='ocrx_word' id='word_1_286' title='bbox 284 4413 287 4418; x_wconf 89' lang='lat'>.</span> <span class='ocrx_word' id='word_1_287' title='bbox 321 4361 698 4430; x_wconf 88' lang='lat' dir='ltr'>Salernitani,</span> <span class='ocrx_word' id='word_1_288' title='bbox 758 4364 907 4434; x_wconf 89' lang='lat' dir='ltr'>part.</span> <span class='ocrx_word' id='word_1_289' title='bbox 937 4376 978 4417; x_wconf 80' lang='grc' dir='ltr'>ιι</span> <span class='ocrx_word' id='word_1_290' title='bbox 1009 4361 1153 4417; x_wconf 87' lang='lat' dir='ltr'>torni</span> <span class='ocrx_word' id='word_1_291' title='bbox 1186 4363 1232 4418; x_wconf 91' lang='lat' dir='ltr'>II</span> <span class='ocrx_word' id='word_1_292' title='bbox 1291 4362 1421 4418; x_wconf 86' lang='lat' dir='ltr'>Rcr.</span> <span class='ocrx_word' id='word_1_293' title='bbox 1476 4363 1829 4420; x_wconf 79' lang='lat' dir='ltr'>Italicarum.</span> <span class='ocrx_word' id='word_1_294' title='bbox 1864 4366 1972 4422; x_wconf 88' lang='lat' dir='ltr'>Sed</span> 
     </span>
    </p>
   </div>
   <div class='ocr_carea' id='block_1_49' title="bbox 323 4449 1971 4524">
    <p class='ocr_par' dir='ltr' id='par_1_49' title="bbox 323 4449 1971 4524">
     <span class='ocr_line' id='line_1_50' title="bbox 323 4449 1971 4524; baseline 0.002 -16"><span class='ocrx_word' id='word_1_295' title='bbox 323 4467 503 4524; x_wconf 88' lang='lat' dir='ltr'>supra</span> <span class='ocrx_word' id='word_1_296' title='bbox 528 4452 766 4506; x_wconf 68' lang='lat' dir='ltr'>caeteros</span> <span class='ocrx_word' id='word_1_297' title='bbox 798 4449 1102 4524; x_wconf 87' lang='lat' dir='ltr'>rhythmos</span> <span class='ocrx_word' id='word_1_298' title='bbox 1133 4451 1172 4506; x_wconf 90' lang='lat' dir='ltr'>ii</span> <span class='ocrx_word' id='word_1_299' title='bbox 1204 4451 1469 4509; x_wconf 86' lang='lat' dir='ltr'>fortassis</span> <span class='ocrx_word' id='word_1_300' title='bbox 1502 4453 1848 4523; x_wconf 67' lang='lat' dir='ltr'>aestimandi,</span> <span class='ocrx_word' id='word_1_301' title='bbox 1883 4460 1971 4511; x_wconf 90' lang='lat' dir='ltr'>ut-</span> 
     </span>
    </p>
   </div>
   <div class='ocr_carea' id='block_1_50' title="bbox 2101 536 3749 617">
    <p class='ocr_par' dir='ltr' id='par_1_50' title="bbox 2101 536 3749 617">
     <span class='ocr_line' id='line_1_51' title="bbox 2101 536 3749 617; baseline -0.004 -17"><span class='ocrx_word' id='word_1_302' title='bbox 2101 544 2335 617; x_wconf 88' lang='lat' dir='ltr'>reperit,</span> <span class='ocrx_word' id='word_1_303' title='bbox 2368 545 2481 600; x_wconf 90' lang='lat' dir='ltr'>nisi</span> <span class='ocrx_word' id='word_1_304' title='bbox 2513 546 2925 617; x_wconf 82' lang='lat' dir='ltr'>argumentum</span> <span class='ocrx_word' id='word_1_305' title='bbox 2957 541 3054 597; x_wconf 85' lang='lat' dir='ltr'>irae</span> <span class='ocrx_word' id='word_1_306' title='bbox 3077 543 3251 614; x_wconf 85' lang='lat' dir='ltr'>atque</span> <span class='ocrx_word' id='word_1_307' title='bbox 3281 555 3563 597; x_wconf 75' lang='lat' dir='ltr'>censurae.</span> <span class='ocrx_word' id='word_1_308' title='bbox 3596 536 3749 605; x_wconf 91' lang='lat' dir='ltr'>Quid</span> 
     </span>
    </p>
   </div>
   <div class='ocr_carea' id='block_1_51' title="bbox 2099 626 3748 704">
    <p class='ocr_par' dir='ltr' id='par_1_51' title="bbox 2099 626 3748 704">
     <span class='ocr_line' id='line_1_52' title="bbox 2099 626 3748 704; baseline -0.003 -15"><span class='ocrx_word' id='word_1_309' title='bbox 2099 634 2284 689; x_wconf 87' lang='lat' dir='ltr'>amico</span> <span class='ocrx_word' id='word_1_310' title='bbox 2314 633 2435 689; x_wconf 91' lang='lat' dir='ltr'>viro</span> <span class='ocrx_word' id='word_1_311' title='bbox 2467 633 2559 688; x_wconf 91' lang='lat' dir='ltr'>hic</span> <span class='ocrx_word' id='word_1_312' title='bbox 2590 633 2832 688; x_wconf 90' lang='lat' dir='ltr'>minime</span> <span class='ocrx_word' id='word_1_313' title='bbox 2848 631 3159 704; x_wconf 89' lang='lat' dir='ltr'>probatum</span> <span class='ocrx_word' id='word_1_314' title='bbox 3185 629 3384 698; x_wconf 88' lang='lat' dir='ltr'>fuerit,</span> <span class='ocrx_word' id='word_1_315' title='bbox 3417 627 3630 701; x_wconf 90' lang='lat' dir='ltr'>quidve</span> <span class='ocrx_word' id='word_1_316' title='bbox 3646 626 3748 684; x_wconf 93' lang='lat' dir='ltr'>ille</span> 
     </span>
    </p>
   </div>
   <div class='ocr_carea' id='block_1_52' title="bbox 2098 717 3752 795">
    <p class='ocr_par' dir='ltr' id='par_1_52' title="bbox 2098 717 3752 795">
     <span class='ocr_line' id='line_1_53' title="bbox 2098 717 3752 795; baseline -0.004 -16"><span class='ocrx_word' id='word_1_317' title='bbox 2098 723 2398 795; x_wconf 89' lang='lat' dir='ltr'>scripserit</span> <span class='ocrx_word' id='word_1_318' title='bbox 2428 723 2487 777; x_wconf 90' lang='lat' dir='ltr'>in</span> <span class='ocrx_word' id='word_1_319' title='bbox 2522 721 2956 789; x_wconf 85' lang='lat' dir='ltr'>Dissert—atione,</span> <span class='ocrx_word' id='word_1_320' title='bbox 2989 737 3166 793; x_wconf 90' lang='lat' dir='ltr'>quam</span> <span class='ocrx_word' id='word_1_321' title='bbox 3197 721 3266 776; x_wconf 93' lang='lat' dir='ltr'>de</span> <span class='ocrx_word' id='word_1_322' title='bbox 3295 717 3506 775; x_wconf 90' lang='lat' dir='ltr'>versib.</span> <span class='ocrx_word' id='word_1_323' title='bbox 3541 717 3752 792; x_wconf 87' lang='lat' dir='ltr'>rhyth-</span> 
     </span>
    </p>
   </div>
   <div class='ocr_carea' id='block_1_53' title="bbox 2099 808 3376 874">
    <p class='ocr_par' dir='ltr' id='par_1_53' title="bbox 2099 808 3376 874">
     <span class='ocr_line' id='line_1_54' title="bbox 2099 808 3376 874; baseline -0.004 -7"><span class='ocrx_word' id='word_1_324' title='bbox 2099 812 2268 867; x_wconf 92' lang='lat' dir='ltr'>micis</span> <span class='ocrx_word' id='word_1_325' title='bbox 2298 828 2450 866; x_wconf 91' lang='lat' dir='ltr'>anno</span> <span class='ocrx_word' id='word_1_326' title='bbox 2487 812 2622 866; x_wconf 84' lang='lat'>1727</span> <span class='ocrx_word' id='word_1_327' title='bbox 2650 808 2860 874; x_wconf 89' lang='lat' dir='ltr'>edidit,</span> <span class='ocrx_word' id='word_1_328' title='bbox 2892 808 3076 864; x_wconf 86' lang='lat' dir='ltr'>amice</span> <span class='ocrx_word' id='word_1_329' title='bbox 3106 809 3376 865; x_wconf 85' lang='lat' dir='ltr'>referam.</span> 
     </span>
    </p>
   </div>
   <div class='ocr_carea' id='block_1_54' title="bbox 2169 893 3755 975">
    <p class='ocr_par' dir='ltr' id='par_1_54' title="bbox 2169 893 3755 975">
     <span class='ocr_line' id='line_1_55' title="bbox 2169 893 3755 975; baseline -0.004 -20"><span class='ocrx_word' id='word_1_330' title='bbox 2169 900 2409 975; x_wconf 87' lang='lat' dir='ltr'>Moleste</span> <span class='ocrx_word' id='word_1_331' title='bbox 2431 900 2541 956; x_wconf 84' lang='lat' dir='ltr'>fert</span> <span class='ocrx_word' id='word_1_332' title='bbox 2561 899 2658 954; x_wconf 90' lang='lat' dir='ltr'>ille</span> <span class='ocrx_word' id='word_1_333' title='bbox 2670 899 2859 971; x_wconf 89' lang='lat' dir='ltr'>primo</span> <span class='ocrx_word' id='word_1_334' title='bbox 2890 896 3179 969; x_wconf 85' lang='lat' dir='ltr'>ejusmodi</span> <span class='ocrx_word' id='word_1_335' title='bbox 3201 895 3506 969; x_wconf 83' lang='lat' dir='ltr'>rhythmos</span> <span class='ocrx_word' id='word_1_336' title='bbox 3527 912 3561 950; x_wconf 87' lang='lat' dir='ltr'>a</span> <span class='ocrx_word' id='word_1_337' title='bbox 3579 893 3755 950; x_wconf 87' lang='lat' dir='ltr'>nobis</span> 
     </span>
    </p>
   </div>
   <div class='ocr_carea' id='block_1_55' title="bbox 2097 983 3754 1060">
    <p class='ocr_par' dir='ltr' id='par_1_55' title="bbox 2097 983 3754 1060">
     <span class='ocr_line' id='line_1_56' title="bbox 2097 983 3754 1060; baseline -0.002 -17"><span class='ocrx_word' id='word_1_338' title='bbox 2097 987 2280 1044; x_wconf 89' lang='lat' dir='ltr'>fuisse</span> <span class='ocrx_word' id='word_1_339' title='bbox 2293 989 2433 1060; x_wconf 90' lang='lat' dir='ltr'>prod</span> <span class='ocrx_word' id='word_1_340' title='bbox 2444 991 2626 1054; x_wconf 92' lang='lat' dir='ltr'>uctos,</span> <span class='ocrx_word' id='word_1_341' title='bbox 2644 986 2845 1059; x_wconf 88' lang='lat' dir='ltr'>quales</span> <span class='ocrx_word' id='word_1_342' title='bbox 2862 987 2921 1042; x_wconf 93' lang='lat' dir='ltr'>in</span> <span class='ocrx_word' id='word_1_343' title='bbox 2938 1003 3084 1043; x_wconf 91' lang='lat' dir='ltr'>mss.</span> <span class='ocrx_word' id='word_1_344' title='bbox 3112 985 3414 1042; x_wconf 90' lang='lat' dir='ltr'>codicibus</span> <span class='ocrx_word' id='word_1_345' title='bbox 3426 983 3754 1057; x_wconf 90' lang='lat' dir='ltr'>deprehen-</span> 
     </span>
    </p>
   </div>
   <div class='ocr_carea' id='block_1_56' title="bbox 2097 1073 3750 1145">
    <p class='ocr_par' dir='ltr' id='par_1_56' title="bbox 2097 1073 3750 1145">
     <span class='ocr_line' id='line_1_57' title="bbox 2097 1073 3750 1145; baseline -0.003 -13"><span class='ocrx_word' id='word_1_346' title='bbox 2097 1077 2314 1145; x_wconf 91' lang='lat' dir='ltr'>dimus,</span> <span class='ocrx_word' id='word_1_347' title='bbox 2343 1077 2451 1133; x_wconf 91' lang='lat' dir='ltr'>hoc</span> <span class='ocrx_word' id='word_1_348' title='bbox 2479 1079 2568 1131; x_wconf 89' lang='lat' dir='ltr'>est</span> <span class='ocrx_word' id='word_1_349' title='bbox 2587 1075 2885 1131; x_wconf 90' lang='lat' dir='ltr'>erroribus</span> <span class='ocrx_word' id='word_1_350' title='bbox 2923 1078 3231 1131; x_wconf 87' lang='lat' dir='ltr'>scatentes.</span> <span class='ocrx_word' id='word_1_351' title='bbox 3268 1073 3485 1130; x_wconf 90' lang='lat' dir='ltr'>Deinde</span> <span class='ocrx_word' id='word_1_352' title='bbox 3515 1090 3623 1129; x_wconf 89' lang='lat' dir='ltr'>nos</span> <span class='ocrx_word' id='word_1_353' title='bbox 3654 1089 3750 1129; x_wconf 87' lang='lat' dir='ltr'>ar-</span> 
     </span>
    </p>
   </div>
   <div class='ocr_carea' id='block_1_57' title="bbox 2097 1161 3756 1239">
    <p class='ocr_par' dir='ltr' id='par_1_57' title="bbox 2097 1161 3756 1239">
     <span class='ocr_line' id='line_1_58' title="bbox 2097 1161 3756 1239; baseline -0.002 -18"><span class='ocrx_word' id='word_1_354' title='bbox 2097 1167 2224 1239; x_wconf 91' lang='lat' dir='ltr'>guit</span> <span class='ocrx_word' id='word_1_355' title='bbox 2252 1165 2408 1237; x_wconf 91' lang='lat' dir='ltr'>quod</span> <span class='ocrx_word' id='word_1_356' title='bbox 2438 1181 2556 1220; x_wconf 92' lang='lat' dir='ltr'>non</span> <span class='ocrx_word' id='word_1_357' title='bbox 2585 1165 2854 1221; x_wconf 90' lang='lat' dir='ltr'>versibus</span> <span class='ocrx_word' id='word_1_358' title='bbox 2905 1163 3219 1230; x_wconf 87' lang='lat' dir='ltr'>distinctis,</span> <span class='ocrx_word' id='word_1_359' title='bbox 3271 1163 3374 1218; x_wconf 91' lang='lat' dir='ltr'>sed</span> <span class='ocrx_word' id='word_1_360' title='bbox 3408 1161 3756 1218; x_wconf 81' lang='lat' dir='ltr'>continuata</span> 
     </span>
    </p>
   </div>
   <div class='ocr_carea' id='block_1_58' title="bbox 2098 1250 3757 1326">
    <p class='ocr_par' dir='ltr' id='par_1_58' title="bbox 2098 1250 3757 1326">
     <span class='ocr_line' id='line_1_59' title="bbox 2098 1250 3757 1326; baseline -0.002 -16"><span class='ocrx_word' id='word_1_361' title='bbox 2098 1254 2358 1310; x_wconf 86' lang='lat' dir='ltr'>oratione</span> <span class='ocrx_word' id='word_1_362' title='bbox 2389 1255 2459 1309; x_wconf 90' lang='lat' dir='ltr'>ad</span> <span class='ocrx_word' id='word_1_363' title='bbox 2493 1253 2680 1310; x_wconf 86' lang='lat' dir='ltr'>instar</span> <span class='ocrx_word' id='word_1_364' title='bbox 2710 1269 2917 1326; x_wconf 72' lang='lat' dir='ltr'>prosae,</span> <span class='ocrx_word' id='word_1_365' title='bbox 2942 1256 3167 1309; x_wconf 91' lang='lat' dir='ltr'>servato</span> <span class='ocrx_word' id='word_1_366' title='bbox 3182 1252 3466 1308; x_wconf 87' lang='lat' dir='ltr'>duntaxat</span> <span class='ocrx_word' id='word_1_367' title='bbox 3486 1250 3757 1324; x_wconf 89' lang='lat' dir='ltr'>stropha-</span> 
     </span>
    </p>
   </div>
   <div class='ocr_carea' id='block_1_59' title="bbox 2097 1339 3756 1414">
    <p class='ocr_par' dir='ltr' id='par_1_59' title="bbox 2097 1339 3756 1414">
     <span class='ocr_line' id='line_1_60' title="bbox 2097 1339 3756 1414; baseline -0.002 -16"><span class='ocrx_word' id='word_1_368' title='bbox 2097 1360 2229 1398; x_wconf 89' lang='lat' dir='ltr'>rum</span> <span class='ocrx_word' id='word_1_369' title='bbox 2260 1343 2462 1399; x_wconf 90' lang='lat' dir='ltr'>ordine</span> <span class='ocrx_word' id='word_1_370' title='bbox 2497 1346 2814 1413; x_wconf 91' lang='lat' dir='ltr'>utrumque</span> <span class='ocrx_word' id='word_1_371' title='bbox 2846 1341 3189 1414; x_wconf 89' lang='lat' dir='ltr'>rhythmum</span> <span class='ocrx_word' id='word_1_372' title='bbox 3226 1339 3386 1412; x_wconf 89' lang='lat' dir='ltr'>prelo</span> <span class='ocrx_word' id='word_1_373' title='bbox 3433 1339 3756 1411; x_wconf 90' lang='lat' dir='ltr'>subjeceri-</span> 
     </span>
    </p>
   </div>
   <div class='ocr_carea' id='block_1_60' title="bbox 2099 1427 3759 1504">
    <p class='ocr_par' dir='ltr' id='par_1_60' title="bbox 2099 1427 3759 1504">
     <span class='ocr_line' id='line_1_61' title="bbox 2099 1427 3759 1504; baseline -0.001 -17"><span class='ocrx_word' id='word_1_374' title='bbox 2099 1448 2251 1487; x_wconf 90' lang='lat' dir='ltr'>mus:</span> <span class='ocrx_word' id='word_1_375' title='bbox 2262 1433 2322 1487; x_wconf 83' lang='lat' dir='ltr'>Si</span> <span class='ocrx_word' id='word_1_376' title='bbox 2330 1433 2463 1504; x_wconf 67' lang='grc' dir='ltr'><em>[αἰεί</em></span> <span class='ocrx_word' id='word_1_377' title='bbox 2475 1432 2815 1486; x_wconf 84' lang='lat' dir='ltr'>monumenti</span> <span class='ocrx_word' id='word_1_378' title='bbox 2819 1429 3046 1499; x_wconf 88' lang='lat' dir='ltr'>,scribit</span> <span class='ocrx_word' id='word_1_379' title='bbox 3058 1427 3292 1497; x_wconf 87' lang='lat' dir='ltr'>ille,non</span> <span class='ocrx_word' id='word_1_380' title='bbox 3304 1445 3482 1485; x_wconf 85' lang='lat' dir='ltr'>vanno</span> <span class='ocrx_word' id='word_1_381' title='bbox 3492 1430 3759 1500; x_wconf 82' lang='lat' dir='ltr'>stampati</span> 
     </span>
    </p>
   </div>
   <div class='ocr_carea' id='block_1_61' title="bbox 2096 1510 3757 1588">
    <p class='ocr_par' dir='ltr' id='par_1_61' title="bbox 2096 1510 3757 1588">
     <span class='ocr_line' id='line_1_62' title="bbox 2096 1510 3757 1588; baseline -0.002 -12"><span class='ocrx_word' id='word_1_382' title='bbox 2096 1538 2244 1577; x_wconf 80' lang='lat' dir='ltr'>come</span> <span class='ocrx_word' id='word_1_383' title='bbox 2271 1522 2319 1576; x_wconf 86' lang='lat' dir='ltr'>le</span> <span class='ocrx_word' id='word_1_384' title='bbox 2347 1521 2649 1588; x_wconf 72' lang='lat' dir='ltr'>iscrix-ioni,</span> <span class='ocrx_word' id='word_1_385' title='bbox 2691 1536 2721 1574; x_wconf 89' lang='grc' dir='ltr'><em>ο</em></span> <span class='ocrx_word' id='word_1_386' title='bbox 2766 1535 2913 1574; x_wconf 85' lang='lat' dir='ltr'>come</span> <span class='ocrx_word' id='word_1_387' title='bbox 2942 1521 2965 1574; x_wconf 89' lang='lat' dir='ltr'>i</span> <span class='ocrx_word' id='word_1_388' title='bbox 2992 1518 3174 1574; x_wconf 86' lang='lat' dir='ltr'>vecchi</span> <span class='ocrx_word' id='word_1_389' title='bbox 3219 1518 3532 1588; x_wconf 76' lang='lat' dir='ltr'>stramenti,</span> <span class='ocrx_word' id='word_1_390' title='bbox 3580 1510 3757 1573; x_wconf 68' lang='lat' dir='ltr'>senm</span> 
     </span>
    </p>
   </div>
   <div class='ocr_carea' id='block_1_62' title="bbox 2095 1606 3752 1680">
    <p class='ocr_par' dir='ltr' id='par_1_62' title="bbox 2095 1606 3752 1680">
     <span class='ocr_line' id='line_1_63' title="bbox 2095 1606 3752 1680; baseline -0.002 -14"><span class='ocrx_word' id='word_1_391' title='bbox 2095 1615 2279 1666; x_wconf 83' lang='lat' dir='ltr'>mutor</span> <span class='ocrx_word' id='word_1_392' title='bbox 2309 1611 2520 1680; x_wconf 83' lang='lat' dir='ltr'>lettera,</span> <span class='ocrx_word' id='word_1_393' title='bbox 2553 1609 2773 1665; x_wconf 87' lang='lat' dir='ltr'>esscndo</span> <span class='ocrx_word' id='word_1_394' title='bbox 2801 1609 2897 1663; x_wconf 88' lang='lat' dir='ltr'>che</span> <span class='ocrx_word' id='word_1_395' title='bbox 2922 1609 3063 1664; x_wconf 89' lang='lat' dir='ltr'>altro</span> <span class='ocrx_word' id='word_1_396' title='bbox 3092 1610 3120 1663; x_wconf 75' lang='grc' dir='ltr'><em>ὲ</em></span> <span class='ocrx_word' id='word_1_397' title='bbox 3149 1607 3244 1663; x_wconf 88' lang='lat' dir='ltr'>un’</span> <span class='ocrx_word' id='word_1_398' title='bbox 3275 1607 3548 1679; x_wconf 87' lang='lat' dir='ltr'>originale</span> <span class='ocrx_word' id='word_1_399' title='bbox 3582 1606 3752 1662; x_wconf 84' lang='lat' dir='ltr'>d&#39;an-</span> 
     </span>
    </p>
   </div>
   <div class='ocr_carea' id='block_1_63' title="bbox 2097 1696 3755 1770">
    <p class='ocr_par' dir='ltr' id='par_1_63' title="bbox 2097 1696 3755 1770">
     <span class='ocr_line' id='line_1_64' title="bbox 2097 1696 3755 1770; baseline -0.003 -14"><span class='ocrx_word' id='word_1_400' title='bbox 2097 1702 2202 1756; x_wconf 88' lang='lat' dir='ltr'>tico</span> <span class='ocrx_word' id='word_1_401' title='bbox 2233 1701 2437 1763; x_wconf 69' lang='lat' dir='ltr'>not-aio,</span> <span class='ocrx_word' id='word_1_402' title='bbox 2470 1699 2599 1754; x_wconf 84' lang='lat' dir='ltr'>dove</span> <span class='ocrx_word' id='word_1_403' title='bbox 2623 1699 2724 1769; x_wconf 76' lang='lat' dir='ltr'>piu</span> <span class='ocrx_word' id='word_1_404' title='bbox 2756 1714 2872 1754; x_wconf 87' lang='lat' dir='ltr'>cose</span> <span class='ocrx_word' id='word_1_405' title='bbox 2899 1699 3208 1770; x_wconf 84' lang='lat' dir='ltr'>insegnano</span> <span class='ocrx_word' id='word_1_406' title='bbox 3239 1696 3411 1752; x_wconf 85' lang='lat' dir='ltr'>anche</span> <span class='ocrx_word' id='word_1_407' title='bbox 3438 1696 3519 1767; x_wconf 88' lang='lat' dir='ltr'>gli</span> <span class='ocrx_word' id='word_1_408' title='bbox 3549 1696 3755 1758; x_wconf 86' lang='lat' dir='ltr'>erro-ri;</span> 
     </span>
    </p>
   </div>
   <div class='ocr_carea' id='block_1_64' title="bbox 2096 1784 3758 1857">
    <p class='ocr_par' dir='ltr' id='par_1_64' title="bbox 2096 1784 3758 1857">
     <span class='ocr_line' id='line_1_65' title="bbox 2096 1784 3758 1857; baseline -0.002 -13"><span class='ocrx_word' id='word_1_409' title='bbox 2096 1789 2160 1844; x_wconf 86' lang='lat' dir='ltr'>ed</span> <span class='ocrx_word' id='word_1_410' title='bbox 2183 1790 2324 1844; x_wconf 84' lang='lat' dir='ltr'>altro</span> <span class='ocrx_word' id='word_1_411' title='bbox 2355 1791 2381 1842; x_wconf 68' lang='grc' dir='ltr'>(ἐ</span> <span class='ocrx_word' id='word_1_412' title='bbox 2408 1787 2500 1842; x_wconf 86' lang='lat' dir='ltr'>un’</span> <span class='ocrx_word' id='word_1_413' title='bbox 2556 1788 2770 1853; x_wconf 88' lang='lat' dir='ltr'>istoria,</span> <span class='ocrx_word' id='word_1_414' title='bbox 2821 1803 2851 1842; x_wconf 91' lang='grc' dir='ltr'><em>ο</em></span> <span class='ocrx_word' id='word_1_415' title='bbox 2885 1787 3314 1857; x_wconf 85' lang='lat' dir='ltr'>componimento</span> <span class='ocrx_word' id='word_1_416' title='bbox 3352 1784 3758 1841; x_wconf 83' lang='lat' dir='ltr'>tramandatoci</span> 
     </span>
    </p>
   </div>
   <div class='ocr_carea' id='block_1_65' title="bbox 2091 1872 3750 1948">
    <p class='ocr_par' dir='ltr' id='par_1_65' title="bbox 2091 1872 3750 1948">
     <span class='ocr_line' id='line_1_66' title="bbox 2091 1872 3750 1948; baseline -0.004 -15"><span class='ocrx_word' id='word_1_417' title='bbox 2091 1877 2177 1933; x_wconf 85' lang='lat' dir='ltr'>da’</span> <span class='ocrx_word' id='word_1_418' title='bbox 2209 1878 2422 1948; x_wconf 76' lang='lat' dir='ltr'>cepisti,</span> <span class='ocrx_word' id='word_1_419' title='bbox 2455 1878 2478 1930; x_wconf 77' lang='grc' dir='ltr'><em>ἱ</em></span> <span class='ocrx_word' id='word_1_420' title='bbox 2525 1876 2679 1946; x_wconf 86' lang='lat' dir='ltr'>quali</span> <span class='ocrx_word' id='word_1_421' title='bbox 2724 1875 2875 1930; x_wconf 85' lang='lat' dir='ltr'>dalla</span> <span class='ocrx_word' id='word_1_422' title='bbox 2921 1878 3118 1942; x_wconf 72' lang='lat' dir='ltr'>men—te,</span> <span class='ocrx_word' id='word_1_423' title='bbox 3149 1891 3179 1930; x_wconf 76' lang='grc' dir='ltr'><em>ε</em></span> <span class='ocrx_word' id='word_1_424' title='bbox 3208 1872 3354 1930; x_wconf 85' lang='lat' dir='ltr'>dallo</span> <span class='ocrx_word' id='word_1_425' title='bbox 3382 1874 3568 1929; x_wconf 78' lang='lat' dir='ltr'>scrilto</span> <span class='ocrx_word' id='word_1_426' title='bbox 3616 1872 3750 1928; x_wconf 85' lang='lat' dir='ltr'>dell’</span> 
     </span>
    </p>
   </div>
   <div class='ocr_carea' id='block_1_66' title="bbox 2089 1963 3754 2032">
    <p class='ocr_par' dir='ltr' id='par_1_66' title="bbox 2089 1963 3754 2032">
     <span class='ocr_line' id='line_1_67' title="bbox 2089 1963 3754 2032; baseline -0.003 -9"><span class='ocrx_word' id='word_1_427' title='bbox 2089 1971 2282 2023; x_wconf 87' lang='lat' dir='ltr'>autorc</span> <span class='ocrx_word' id='word_1_428' title='bbox 2311 1966 2546 2021; x_wconf 87' lang='lat' dir='ltr'>abbiano</span> <span class='ocrx_word' id='word_1_429' title='bbox 2600 1963 2810 2019; x_wconf 77' lang='lat' dir='ltr'>devicto</span> <span class='ocrx_word' id='word_1_430' title='bbox 2857 1965 3258 2019; x_wconf 87' lang='lat' dir='ltr'>scioccamente.</span> <span class='ocrx_word' id='word_1_431' title='bbox 3305 1965 3370 2018; x_wconf 86' lang='lat' dir='ltr'>In</span> <span class='ocrx_word' id='word_1_432' title='bbox 3416 1969 3598 2032; x_wconf 82' lang='lat' dir='ltr'>questo</span> <span class='ocrx_word' id='word_1_433' title='bbox 3627 1977 3754 2018; x_wconf 85' lang='lat' dir='ltr'>casa</span> 
     </span>
    </p>
   </div>
   <div class='ocr_carea' id='block_1_67' title="bbox 2088 2050 3754 2128">
    <p class='ocr_par' dir='ltr' id='par_1_67' title="bbox 2088 2050 3754 2128">
     <span class='ocr_line' id='line_1_68' title="bbox 2088 2050 3754 2128; baseline -0.004 -16"><span class='ocrx_word' id='word_1_434' title='bbox 2088 2058 2197 2128; x_wconf 85' lang='lat' dir='ltr'>egli</span> <span class='ocrx_word' id='word_1_435' title='bbox 2225 2059 2252 2109; x_wconf 66' lang='grc' dir='ltr'>εὶ</span> <span class='ocrx_word' id='word_1_436' title='bbox 2281 2055 2586 2110; x_wconf 84' lang='lat' dir='ltr'>necessario</span> <span class='ocrx_word' id='word_1_437' title='bbox 2616 2069 2750 2109; x_wconf 87' lang='lat' dir='ltr'>usar</span> <span class='ocrx_word' id='word_1_438' title='bbox 2780 2054 3008 2109; x_wconf 83' lang='lat' dir='ltr'>lucerna</span> <span class='ocrx_word' id='word_1_439' title='bbox 3056 2052 3271 2117; x_wconf 87' lang='lat' dir='ltr'>critica,</span> <span class='ocrx_word' id='word_1_440' title='bbox 3305 2067 3335 2107; x_wconf 91' lang='lat' dir='ltr'>e</span> <span class='ocrx_word' id='word_1_441' title='bbox 3361 2067 3643 2108; x_wconf 85' lang='lat' dir='ltr'>conoscere</span> <span class='ocrx_word' id='word_1_442' title='bbox 3683 2050 3754 2107; x_wconf 85' lang='lat' dir='ltr'>ed</span> 
     </span>
    </p>
   </div>
   <div class='ocr_carea' id='block_1_68' title="bbox 2090 2140 3752 2214">
    <p class='ocr_par' dir='ltr' id='par_1_68' title="bbox 2090 2140 3752 2214">
     <span class='ocr_line' id='line_1_69' title="bbox 2090 2140 3752 2214; baseline -0.003 -14"><span class='ocrx_word' id='word_1_443' title='bbox 2090 2143 2401 2210; x_wconf 85' lang='lat' dir='ltr'>emendare,</span> <span class='ocrx_word' id='word_1_444' title='bbox 2460 2159 2558 2197; x_wconf 80' lang='lat' dir='ltr'>ove</span> <span class='ocrx_word' id='word_1_445' title='bbox 2610 2143 2851 2214; x_wconf 83' lang='lat' dir='ltr'>passiam</span> <span class='ocrx_word' id='word_1_446' title='bbox 2887 2141 3034 2212; x_wconf 84' lang='lat' dir='ltr'>farto</span> <span class='ocrx_word' id='word_1_447' title='bbox 3079 2156 3179 2197; x_wconf 86' lang='lat' dir='ltr'>con</span> <span class='ocrx_word' id='word_1_448' title='bbox 3234 2141 3533 2200; x_wconf 70' lang='lat' dir='ltr'>sicurezza.</span> <span class='ocrx_word' id='word_1_449' title='bbox 3573 2140 3752 2204; x_wconf 84' lang='lat' dir='ltr'>.Tum</span> 
     </span>
    </p>
   </div>
   <div class='ocr_carea' id='block_1_69' title="bbox 2095 2228 3752 2304">
    <p class='ocr_par' dir='ltr' id='par_1_69' title="bbox 2095 2228 3752 2304">
     <span class='ocr_line' id='line_1_70' title="bbox 2095 2228 3752 2304; baseline -0.001 -17"><span class='ocrx_word' id='word_1_450' title='bbox 2095 2231 2438 2304; x_wconf 88' lang='lat' dir='ltr'>rhythmum</span> <span class='ocrx_word' id='word_1_451' title='bbox 2471 2248 2504 2286; x_wconf 90' lang='lat' dir='ltr'>a</span> <span class='ocrx_word' id='word_1_452' title='bbox 2534 2229 2870 2286; x_wconf 90' lang='lat' dir='ltr'>Mabillonio</span> <span class='ocrx_word' id='word_1_453' title='bbox 2897 2230 3122 2285; x_wconf 91' lang='lat' dir='ltr'>editum</span> <span class='ocrx_word' id='word_1_454' title='bbox 3153 2245 3360 2286; x_wconf 89' lang='lat' dir='ltr'>rursus</span> <span class='ocrx_word' id='word_1_455' title='bbox 3389 2228 3515 2301; x_wconf 88' lang='lat' dir='ltr'>ipse</span> <span class='ocrx_word' id='word_1_456' title='bbox 3544 2228 3752 2297; x_wconf 85' lang='lat' dir='ltr'>exerit,</span> 
     </span>
    </p>
   </div>
   <div class='ocr_carea' id='block_1_70' title="bbox 2094 2319 3748 2394">
    <p class='ocr_par' dir='ltr' id='par_1_70' title="bbox 2094 2319 3748 2394">
     <span class='ocr_line' id='line_1_71' title="bbox 2094 2319 3748 2394; baseline 0 -18"><span class='ocrx_word' id='word_1_457' title='bbox 2094 2320 2361 2394; x_wconf 86' lang='lat' dir='ltr'>singulos</span> <span class='ocrx_word' id='word_1_458' title='bbox 2391 2336 2598 2376; x_wconf 92' lang='lat' dir='ltr'>versus</span> <span class='ocrx_word' id='word_1_459' title='bbox 2629 2319 3039 2392; x_wconf 87' lang='lat' dir='ltr'>distinguens;</span> <span class='ocrx_word' id='word_1_460' title='bbox 3071 2322 3129 2374; x_wconf 92' lang='lat' dir='ltr'>et</span> <span class='ocrx_word' id='word_1_461' title='bbox 3165 2333 3413 2386; x_wconf 89' lang='lat' dir='ltr'>errores,</span> <span class='ocrx_word' id='word_1_462' title='bbox 3445 2333 3748 2389; x_wconf 56' lang='lat' dir='ltr'>quoscune</span> 
     </span>
    </p>
   </div>
   <div class='ocr_carea' id='block_1_71' title="bbox 2095 2405 3753 2483">
    <p class='ocr_par' dir='ltr' id='par_1_71' title="bbox 2095 2405 3753 2483">
     <span class='ocr_line' id='line_1_72' title="bbox 2095 2405 3753 2483; baseline -0.002 -17"><span class='ocrx_word' id='word_1_463' title='bbox 2095 2427 2208 2483; x_wconf 92' lang='lat' dir='ltr'>que</span> <span class='ocrx_word' id='word_1_464' title='bbox 2237 2413 2429 2482; x_wconf 91' lang='lat' dir='ltr'>potest</span> <span class='ocrx_word' id='word_1_465' title='bbox 2460 2407 2722 2464; x_wconf 88' lang='lat' dir='ltr'>adhibita</span> <span class='ocrx_word' id='word_1_466' title='bbox 2737 2406 3144 2464; x_wconf 88' lang='lat' dir='ltr'>emendatione</span> <span class='ocrx_word' id='word_1_467' title='bbox 3159 2405 3329 2463; x_wconf 89' lang='lat' dir='ltr'>tollit.</span> <span class='ocrx_word' id='word_1_468' title='bbox 3356 2406 3620 2463; x_wconf 86' lang='lat' dir='ltr'>Criticam</span> <span class='ocrx_word' id='word_1_469' title='bbox 3638 2405 3753 2462; x_wconf 88' lang='lat' dir='ltr'>viri</span> 
     </span>
    </p>
   </div>
   <div class='ocr_carea' id='block_1_72' title="bbox 2093 2495 3754 2569">
    <p class='ocr_par' dir='ltr' id='par_1_72' title="bbox 2093 2495 3754 2569">
     <span class='ocr_line' id='line_1_73' title="bbox 2093 2495 3754 2569; baseline -0.001 -15"><span class='ocrx_word' id='word_1_470' title='bbox 2093 2497 2416 2555; x_wconf 88' lang='lat' dir='ltr'>doctissimi</span> <span class='ocrx_word' id='word_1_471' title='bbox 2475 2498 2756 2554; x_wconf 82' lang='lat' dir='ltr'>lucernam</span> <span class='ocrx_word' id='word_1_472' title='bbox 2810 2496 3003 2552; x_wconf 90' lang='lat' dir='ltr'>hercle</span> <span class='ocrx_word' id='word_1_473' title='bbox 3033 2512 3139 2569; x_wconf 82' lang='lat' dir='ltr'>ego</span> <span class='ocrx_word' id='word_1_474' title='bbox 3169 2499 3226 2552; x_wconf 90' lang='lat' dir='ltr'>et</span> <span class='ocrx_word' id='word_1_475' title='bbox 3277 2495 3459 2569; x_wconf 91' lang='lat' dir='ltr'>probo</span> <span class='ocrx_word' id='word_1_476' title='bbox 3505 2498 3565 2552; x_wconf 92' lang='lat' dir='ltr'>et</span> <span class='ocrx_word' id='word_1_477' title='bbox 3592 2512 3754 2552; x_wconf 90' lang='lat' dir='ltr'>com-</span> 
     </span>
    </p>
   </div>
   <div class='ocr_carea' id='block_1_73' title="bbox 2093 2585 3753 2659">
    <p class='ocr_par' dir='ltr' id='par_1_73' title="bbox 2093 2585 3753 2659">
     <span class='ocr_line' id='line_1_74' title="bbox 2093 2585 3753 2659; baseline -0.002 -16"><span class='ocrx_word' id='word_1_478' title='bbox 2093 2589 2326 2658; x_wconf 90' lang='lat' dir='ltr'>mendo,</span> <span class='ocrx_word' id='word_1_479' title='bbox 2360 2587 2515 2659; x_wconf 93' lang='lat' dir='ltr'>quod</span> <span class='ocrx_word' id='word_1_480' title='bbox 2575 2592 2665 2642; x_wconf 91' lang='lat' dir='ltr'>est</span> <span class='ocrx_word' id='word_1_481' title='bbox 2721 2585 2793 2641; x_wconf 90' lang='lat' dir='ltr'>ad</span> <span class='ocrx_word' id='word_1_482' title='bbox 2837 2585 3211 2658; x_wconf 87' lang='lat' dir='ltr'>castigandos</span> <span class='ocrx_word' id='word_1_483' title='bbox 3269 2585 3753 2657; x_wconf 67' lang='lat' dir='ltr'>defaecandosque</span> 
     </span>
    </p>
   </div>
   <div class='ocr_carea' id='block_1_74' title="bbox 2091 2671 3748 2748">
    <p class='ocr_par' dir='ltr' id='par_1_74' title="bbox 2091 2671 3748 2748">
     <span class='ocr_line' id='line_1_75' title="bbox 2091 2671 3748 2748; baseline -0.002 -15"><span class='ocrx_word' id='word_1_484' title='bbox 2091 2677 2328 2734; x_wconf 90' lang='lat' dir='ltr'>eosdem</span> <span class='ocrx_word' id='word_1_485' title='bbox 2360 2675 2700 2748; x_wconf 85' lang='lat' dir='ltr'>rhythmos:</span> <span class='ocrx_word' id='word_1_486' title='bbox 2737 2675 2838 2730; x_wconf 89' lang='lat' dir='ltr'>sed</span> <span class='ocrx_word' id='word_1_487' title='bbox 2872 2691 3044 2730; x_wconf 92' lang='lat' dir='ltr'>nemo</span> <span class='ocrx_word' id='word_1_488' title='bbox 3079 2671 3346 2730; x_wconf 84' lang='lat' dir='ltr'>fortassis</span> <span class='ocrx_word' id='word_1_489' title='bbox 3377 2673 3488 2728; x_wconf 89' lang='lat' dir='ltr'>erit</span> <span class='ocrx_word' id='word_1_490' title='bbox 3515 2672 3618 2743; x_wconf 89' lang='lat' dir='ltr'>qui</span> <span class='ocrx_word' id='word_1_491' title='bbox 3641 2673 3748 2729; x_wconf 91' lang='lat' dir='ltr'>ho-</span> 
     </span>
    </p>
   </div>
   <div class='ocr_carea' id='block_1_75' title="bbox 2092 2762 3750 2837">
    <p class='ocr_par' dir='ltr' id='par_1_75' title="bbox 2092 2762 3750 2837">
     <span class='ocr_line' id='line_1_76' title="bbox 2092 2762 3750 2837; baseline -0.001 -16"><span class='ocrx_word' id='word_1_492' title='bbox 2092 2766 2237 2821; x_wconf 91' lang='lat' dir='ltr'>mini</span> <span class='ocrx_word' id='word_1_493' title='bbox 2269 2765 2510 2837; x_wconf 87' lang='lat' dir='ltr'>plaudat</span> <span class='ocrx_word' id='word_1_494' title='bbox 2562 2763 2907 2837; x_wconf 90' lang='lat' dir='ltr'>insurgenti,</span> <span class='ocrx_word' id='word_1_495' title='bbox 2943 2780 3059 2819; x_wconf 90' lang='lat' dir='ltr'>non</span> <span class='ocrx_word' id='word_1_496' title='bbox 3117 2763 3330 2831; x_wconf 91' lang='lat' dir='ltr'>dicam,</span> <span class='ocrx_word' id='word_1_497' title='bbox 3379 2762 3440 2818; x_wconf 94' lang='lat' dir='ltr'>in</span> <span class='ocrx_word' id='word_1_498' title='bbox 3489 2762 3750 2834; x_wconf 88' lang='lat' dir='ltr'>me(hoc</span> 
     </span>
    </p>
   </div>
   <div class='ocr_carea' id='block_1_76' title="bbox 2091 2851 3750 2924">
    <p class='ocr_par' dir='ltr' id='par_1_76' title="bbox 2091 2851 3750 2924">
     <span class='ocr_line' id='line_1_77' title="bbox 2091 2851 3750 2924; baseline -0.002 -14"><span class='ocrx_word' id='word_1_499' title='bbox 2091 2854 2249 2910; x_wconf 89' lang='lat' dir='ltr'>enim</span> <span class='ocrx_word' id='word_1_500' title='bbox 2281 2852 2428 2909; x_wconf 88' lang='lat' dir='ltr'>nihil</span> <span class='ocrx_word' id='word_1_501' title='bbox 2460 2854 2654 2924; x_wconf 87' lang='lat' dir='ltr'>refert)</span> <span class='ocrx_word' id='word_1_502' title='bbox 2682 2854 2782 2909; x_wconf 90' lang='lat' dir='ltr'>sed</span> <span class='ocrx_word' id='word_1_503' title='bbox 2813 2854 2874 2908; x_wconf 90' lang='lat' dir='ltr'>in</span> <span class='ocrx_word' id='word_1_504' title='bbox 2896 2851 3320 2921; x_wconf 87' lang='lat' dir='ltr'>Mabillonium,</span> <span class='ocrx_word' id='word_1_505' title='bbox 3353 2854 3472 2908; x_wconf 88' lang='lat' dir='ltr'>tam</span> <span class='ocrx_word' id='word_1_506' title='bbox 3503 2851 3651 2908; x_wconf 89' lang='lat' dir='ltr'>bene</span> <span class='ocrx_word' id='word_1_507' title='bbox 3674 2852 3750 2908; x_wconf 90' lang='lat' dir='ltr'>de</span> 
     </span>
    </p>
   </div>
   <div class='ocr_carea' id='block_1_77' title="bbox 2089 2939 3751 3014">
    <p class='ocr_par' dir='ltr' id='par_1_77' title="bbox 2089 2939 3751 3014">
     <span class='ocr_line' id='line_1_78' title="bbox 2089 2939 3751 3014; baseline -0.002 -15"><span class='ocrx_word' id='word_1_508' title='bbox 2089 2943 2300 3000; x_wconf 89' lang='lat' dir='ltr'>litteris</span> <span class='ocrx_word' id='word_1_509' title='bbox 2315 2946 2370 2998; x_wconf 85' lang='lat' dir='ltr'>et</span> <span class='ocrx_word' id='word_1_510' title='bbox 2391 2944 2461 2997; x_wconf 92' lang='lat' dir='ltr'>de</span> <span class='ocrx_word' id='word_1_511' title='bbox 2493 2941 3085 3014; x_wconf 88' lang='lat' dir='ltr'>republicalitteraria</span> <span class='ocrx_word' id='word_1_512' title='bbox 3101 2939 3398 3008; x_wconf 91' lang='lat' dir='ltr'>meritum,</span> <span class='ocrx_word' id='word_1_513' title='bbox 3422 2957 3489 2997; x_wconf 91' lang='lat' dir='ltr'>ac</span> <span class='ocrx_word' id='word_1_514' title='bbox 3510 2955 3751 2997; x_wconf 87' lang='lat' dir='ltr'>summa</span> 
     </span>
    </p>
   </div>
   <div class='ocr_carea' id='block_1_78' title="bbox 2089 3029 3746 3102">
    <p class='ocr_par' dir='ltr' id='par_1_78' title="bbox 2089 3029 3746 3102">
     <span class='ocr_line' id='line_1_79' title="bbox 2089 3029 3746 3102; baseline -0.002 -14"><span class='ocrx_word' id='word_1_515' title='bbox 2089 3033 2459 3088; x_wconf 88' lang='lat' dir='ltr'>veneratione</span> <span class='ocrx_word' id='word_1_516' title='bbox 2491 3031 2641 3102; x_wconf 88' lang='lat' dir='ltr'>apud</span> <span class='ocrx_word' id='word_1_517' title='bbox 2672 3029 3154 3102; x_wconf 90' lang='lat' dir='ltr'>omnesdignum.</span> <span class='ocrx_word' id='word_1_518' title='bbox 3175 3030 3321 3085; x_wconf 88' lang='lat' dir='ltr'>Cum</span> <span class='ocrx_word' id='word_1_519' title='bbox 3354 3046 3422 3086; x_wconf 87' lang='lat' dir='ltr'>ex</span> <span class='ocrx_word' id='word_1_520' title='bbox 3452 3046 3572 3085; x_wconf 90' lang='lat' dir='ltr'>uno</span> <span class='ocrx_word' id='word_1_521' title='bbox 3592 3029 3746 3084; x_wconf 86' lang='lat' dir='ltr'>anti-</span> 
     </span>
    </p>
   </div>
   <div class='ocr_carea' id='block_1_79' title="bbox 2091 3118 3749 3194">
    <p class='ocr_par' dir='ltr' id='par_1_79' title="bbox 2091 3118 3749 3194">
     <span class='ocr_line' id='line_1_80' title="bbox 2091 3118 3749 3194; baseline -0.001 -18"><span class='ocrx_word' id='word_1_522' title='bbox 2091 3121 2376 3194; x_wconf 89' lang='lat' dir='ltr'>quissimo</span> <span class='ocrx_word' id='word_1_523' title='bbox 2408 3119 2763 3192; x_wconf 89' lang='lat' dir='ltr'>ms.aliquod</span> <span class='ocrx_word' id='word_1_524' title='bbox 2775 3122 3036 3175; x_wconf 87' lang='lat' dir='ltr'>veterum</span> <span class='ocrx_word' id='word_1_525' title='bbox 3052 3121 3504 3182; x_wconf 82' lang='lat' dir='ltr'>monumentum</span> <span class='ocrx_word' id='word_1_526' title='bbox 3530 3118 3749 3175; x_wconf 89' lang='lat' dir='ltr'>descri-</span> 
     </span>
    </p>
   </div>
   <div class='ocr_carea' id='block_1_80' title="bbox 2093 3208 3748 3282">
    <p class='ocr_par' dir='ltr' id='par_1_80' title="bbox 2093 3208 3748 3282">
     <span class='ocr_line' id='line_1_81' title="bbox 2093 3208 3748 3282; baseline -0.001 -16"><span class='ocrx_word' id='word_1_527' title='bbox 2093 3212 2252 3267; x_wconf 90' lang='lat' dir='ltr'>bitur</span> <span class='ocrx_word' id='word_1_528' title='bbox 2280 3214 2336 3266; x_wconf 92' lang='lat' dir='ltr'>et</span> <span class='ocrx_word' id='word_1_529' title='bbox 2366 3209 2691 3282; x_wconf 88' lang='lat' dir='ltr'>evulgatur,</span> <span class='ocrx_word' id='word_1_530' title='bbox 2709 3209 2816 3264; x_wconf 89' lang='lat' dir='ltr'>rite</span> <span class='ocrx_word' id='word_1_531' title='bbox 2839 3225 3071 3280; x_wconf 90' lang='lat' dir='ltr'>semper</span> <span class='ocrx_word' id='word_1_532' title='bbox 3083 3223 3324 3264; x_wconf 90' lang='lat' dir='ltr'>munere</span> <span class='ocrx_word' id='word_1_533' title='bbox 3347 3224 3453 3264; x_wconf 92' lang='lat' dir='ltr'>suo</span> <span class='ocrx_word' id='word_1_534' title='bbox 3477 3208 3748 3280; x_wconf 88' lang='lat' dir='ltr'>fungitur</span> 
     </span>
    </p>
   </div>
   <div class='ocr_carea' id='block_1_81' title="bbox 2094 3296 3749 3371">
    <p class='ocr_par' dir='ltr' id='par_1_81' title="bbox 2094 3296 3749 3371">
     <span class='ocr_line' id='line_1_82' title="bbox 2094 3296 3749 3371; baseline -0.002 -15"><span class='ocrx_word' id='word_1_535' title='bbox 2094 3301 2300 3367; x_wconf 88' lang='lat' dir='ltr'>editor,</span> <span class='ocrx_word' id='word_1_536' title='bbox 2334 3299 2384 3354; x_wconf 92' lang='lat' dir='ltr'>si</span> <span class='ocrx_word' id='word_1_537' title='bbox 2417 3298 2702 3371; x_wconf 86' lang='lat' dir='ltr'>quidquid</span> <span class='ocrx_word' id='word_1_538' title='bbox 2720 3299 2899 3353; x_wconf 82' lang='lat' dir='ltr'>codex</span> <span class='ocrx_word' id='word_1_539' title='bbox 2914 3313 3026 3353; x_wconf 90' lang='lat' dir='ltr'>ms.</span> <span class='ocrx_word' id='word_1_540' title='bbox 3061 3297 3258 3365; x_wconf 90' lang='lat' dir='ltr'>habet,</span> <span class='ocrx_word' id='word_1_541' title='bbox 3286 3296 3536 3353; x_wconf 88' lang='lat' dir='ltr'>ﬁdeliter</span> <span class='ocrx_word' id='word_1_542' title='bbox 3555 3297 3749 3369; x_wconf 83' lang='lat' dir='ltr'>expri-</span> 
     </span>
    </p>
   </div>
   <div class='ocr_carea' id='block_1_82' title="bbox 2094 3385 3746 3460">
    <p class='ocr_par' dir='ltr' id='par_1_82' title="bbox 2094 3385 3746 3460">
     <span class='ocr_line' id='line_1_83' title="bbox 2094 3385 3746 3460; baseline -0.001 -16"><span class='ocrx_word' id='word_1_543' title='bbox 2094 3391 2222 3455; x_wconf 90' lang='lat' dir='ltr'>mit,</span> <span class='ocrx_word' id='word_1_544' title='bbox 2259 3388 2511 3460; x_wconf 84' lang='lat' dir='ltr'>exceptis</span> <span class='ocrx_word' id='word_1_545' title='bbox 2543 3386 2930 3443; x_wconf 89' lang='lat' dir='ltr'>crassioribus</span> <span class='ocrx_word' id='word_1_546' title='bbox 2984 3386 3335 3458; x_wconf 89' lang='lat' dir='ltr'>quibusdam</span> <span class='ocrx_word' id='word_1_547' title='bbox 3369 3385 3746 3458; x_wconf 88' lang='lat' dir='ltr'>sphalmatis,</span> 
     </span>
    </p>
   </div>
   <div class='ocr_carea' id='block_1_83' title="bbox 2093 3474 3746 3550">
    <p class='ocr_par' dir='ltr' id='par_1_83' title="bbox 2093 3474 3746 3550">
     <span class='ocr_line' id='line_1_84' title="bbox 2093 3474 3746 3550; baseline -0.001 -17"><span class='ocrx_word' id='word_1_548' title='bbox 2093 3495 2220 3550; x_wconf 58' lang='lat' dir='ltr'>qua</span> <span class='ocrx_word' id='word_1_549' title='bbox 2253 3477 2335 3533; x_wconf 91' lang='lat' dir='ltr'>uti</span> <span class='ocrx_word' id='word_1_550' title='bbox 2369 3477 2427 3532; x_wconf 92' lang='lat' dir='ltr'>in</span> <span class='ocrx_word' id='word_1_551' title='bbox 2459 3476 2722 3533; x_wconf 90' lang='lat' dir='ltr'>omnium</span> <span class='ocrx_word' id='word_1_552' title='bbox 2768 3475 2965 3532; x_wconf 92' lang='lat' dir='ltr'>oculos</span> <span class='ocrx_word' id='word_1_553' title='bbox 3023 3475 3351 3535; x_wconf 84' lang='lat' dir='ltr'>incurrunt.</span> <span class='ocrx_word' id='word_1_554' title='bbox 3385 3474 3467 3531; x_wconf 88' lang='lat' dir='ltr'>ita</span> <span class='ocrx_word' id='word_1_555' title='bbox 3509 3475 3746 3532; x_wconf 88' lang='lat' dir='ltr'>veniam</span> 
     </span>
    </p>
   </div>
   <div class='ocr_carea' id='block_1_84' title="bbox 2093 3564 3747 3636">
    <p class='ocr_par' dir='ltr' id='par_1_84' title="bbox 2093 3564 3747 3636">
     <span class='ocr_line' id='line_1_85' title="bbox 2093 3564 3747 3636; baseline -0.001 -13"><span class='ocrx_word' id='word_1_556' title='bbox 2093 3569 2235 3623; x_wconf 90' lang='lat' dir='ltr'>dant</span> <span class='ocrx_word' id='word_1_557' title='bbox 2264 3567 2477 3635; x_wconf 89' lang='lat' dir='ltr'>cuncti,</span> <span class='ocrx_word' id='word_1_558' title='bbox 2509 3570 2593 3634; x_wconf 92' lang='lat' dir='ltr'>ut,</span> <span class='ocrx_word' id='word_1_559' title='bbox 2615 3582 2686 3621; x_wconf 92' lang='lat' dir='ltr'>ne</span> <span class='ocrx_word' id='word_1_560' title='bbox 2714 3564 2937 3622; x_wconf 85' lang='lat' dir='ltr'>monito</span> <span class='ocrx_word' id='word_1_561' title='bbox 2969 3564 3452 3636; x_wconf 80' lang='lat' dir='ltr'>quidemlectore,</span> <span class='ocrx_word' id='word_1_562' title='bbox 3473 3565 3747 3621; x_wconf 84' lang='lat' dir='ltr'>auferan-</span> 
     </span>
    </p>
   </div>
   <div class='ocr_carea' id='block_1_85' title="bbox 2091 3652 3748 3728">
    <p class='ocr_par' dir='ltr' id='par_1_85' title="bbox 2091 3652 3748 3728">
     <span class='ocr_line' id='line_1_86' title="bbox 2091 3652 3748 3728; baseline -0.002 -16"><span class='ocrx_word' id='word_1_563' title='bbox 2091 3661 2204 3712; x_wconf 86' lang='lat' dir='ltr'>tur.</span> <span class='ocrx_word' id='word_1_564' title='bbox 2238 3657 2552 3728; x_wconf 90' lang='lat' dir='ltr'>Nunquam</span> <span class='ocrx_word' id='word_1_565' title='bbox 2566 3654 2841 3711; x_wconf 91' lang='lat' dir='ltr'>lectorem</span> <span class='ocrx_word' id='word_1_566' title='bbox 2873 3654 3186 3722; x_wconf 90' lang='lat' dir='ltr'>fallo,dum</span> <span class='ocrx_word' id='word_1_567' title='bbox 3219 3669 3324 3726; x_wconf 86' lang='lat' dir='ltr'>ego</span> <span class='ocrx_word' id='word_1_568' title='bbox 3355 3670 3470 3709; x_wconf 91' lang='lat' dir='ltr'>non</span> <span class='ocrx_word' id='word_1_569' title='bbox 3499 3652 3670 3709; x_wconf 77' lang='lat' dir='ltr'>fallar</span> <span class='ocrx_word' id='word_1_570' title='bbox 3685 3653 3748 3709; x_wconf 88' lang='lat' dir='ltr'>in</span> 
     </span>
    </p>
   </div>
   <div class='ocr_carea' id='block_1_86' title="bbox 2090 3739 3747 3817">
    <p class='ocr_par' dir='ltr' id='par_1_86' title="bbox 2090 3739 3747 3817">
     <span class='ocr_line' id='line_1_87' title="bbox 2090 3739 3747 3817; baseline -0.001 -17"><span class='ocrx_word' id='word_1_571' title='bbox 2090 3744 2472 3817; x_wconf 89' lang='lat' dir='ltr'>intelligenda</span> <span class='ocrx_word' id='word_1_572' title='bbox 2491 3748 2759 3815; x_wconf 88' lang='lat' dir='ltr'>recteque</span> <span class='ocrx_word' id='word_1_573' title='bbox 2777 3743 3072 3798; x_wconf 88' lang='lat' dir='ltr'>reddenda</span> <span class='ocrx_word' id='word_1_574' title='bbox 3092 3741 3317 3814; x_wconf 88' lang='lat' dir='ltr'>antiqui</span> <span class='ocrx_word' id='word_1_575' title='bbox 3334 3739 3494 3798; x_wconf 92' lang='lat' dir='ltr'>illius</span> <span class='ocrx_word' id='word_1_576' title='bbox 3524 3742 3747 3798; x_wconf 89' lang='lat' dir='ltr'>codicis</span> 
     </span>
    </p>
   </div>
   <div class='ocr_carea' id='block_1_87' title="bbox 2091 3830 3745 3907">
    <p class='ocr_par' dir='ltr' id='par_1_87' title="bbox 2091 3830 3745 3907">
     <span class='ocr_line' id='line_1_88' title="bbox 2091 3830 3745 3907; baseline -0.002 -16"><span class='ocrx_word' id='word_1_577' title='bbox 2091 3835 2400 3907; x_wconf 88' lang='lat' dir='ltr'>scriptura.</span> <span class='ocrx_word' id='word_1_578' title='bbox 2434 3833 2654 3889; x_wconf 89' lang='lat' dir='ltr'>Deinde</span> <span class='ocrx_word' id='word_1_579' title='bbox 2682 3849 2815 3888; x_wconf 90' lang='lat' dir='ltr'>vero</span> <span class='ocrx_word' id='word_1_580' title='bbox 2863 3831 3115 3888; x_wconf 91' lang='lat' dir='ltr'>liberum</span> <span class='ocrx_word' id='word_1_581' title='bbox 3173 3831 3502 3904; x_wconf 92' lang='lat' dir='ltr'>cuicunque</span> <span class='ocrx_word' id='word_1_582' title='bbox 3541 3830 3745 3888; x_wconf 89' lang='lat' dir='ltr'>critico</span> 
     </span>
    </p>
   </div>
   <div class='ocr_carea' id='block_1_88' title="bbox 2088 3920 3743 3993">
    <p class='ocr_par' dir='ltr' id='par_1_88' title="bbox 2088 3920 3743 3993">
     <span class='ocr_line' id='line_1_89' title="bbox 2088 3920 3743 3993; baseline -0.001 -15"><span class='ocrx_word' id='word_1_583' title='bbox 2088 3922 2290 3980; x_wconf 88' lang='lat' dir='ltr'>lectori</span> <span class='ocrx_word' id='word_1_584' title='bbox 2321 3926 2428 3989; x_wconf 84' lang='lat' dir='ltr'>est,</span> <span class='ocrx_word' id='word_1_585' title='bbox 2460 3921 2704 3978; x_wconf 91' lang='lat' dir='ltr'>innuere</span> <span class='ocrx_word' id='word_1_586' title='bbox 2734 3920 3003 3978; x_wconf 88' lang='lat' dir='ltr'>meliores</span> <span class='ocrx_word' id='word_1_587' title='bbox 3032 3920 3308 3978; x_wconf 89' lang='lat' dir='ltr'>lectiones</span> <span class='ocrx_word' id='word_1_588' title='bbox 3330 3920 3621 3993; x_wconf 87' lang='lat' dir='ltr'>castigare</span> <span class='ocrx_word' id='word_1_589' title='bbox 3643 3920 3743 3977; x_wconf 91' lang='lat' dir='ltr'>de-</span> 
     </span>
    </p>
   </div>
   <div class='ocr_carea' id='block_1_89' title="bbox 2089 4009 3744 4085">
    <p class='ocr_par' dir='ltr' id='par_1_89' title="bbox 2089 4009 3744 4085">
     <span class='ocr_line' id='line_1_90' title="bbox 2089 4009 3744 4085; baseline -0.002 -18"><span class='ocrx_word' id='word_1_590' title='bbox 2089 4015 2345 4085; x_wconf 85' lang='lat' dir='ltr'>pravata,</span> <span class='ocrx_word' id='word_1_591' title='bbox 2379 4009 2652 4082; x_wconf 90' lang='lat' dir='ltr'>supplere</span> <span class='ocrx_word' id='word_1_592' title='bbox 2709 4027 2836 4082; x_wconf 70' lang='lat' dir='ltr'>quae</span> <span class='ocrx_word' id='word_1_593' title='bbox 2869 4011 3103 4066; x_wconf 89' lang='lat' dir='ltr'>desunt.</span> <span class='ocrx_word' id='word_1_594' title='bbox 3159 4009 3282 4065; x_wconf 92' lang='lat' dir='ltr'>Imo</span> <span class='ocrx_word' id='word_1_595' title='bbox 3340 4025 3511 4066; x_wconf 89' lang='lat' dir='ltr'>secus</span> <span class='ocrx_word' id='word_1_596' title='bbox 3569 4024 3744 4082; x_wconf 90' lang='lat' dir='ltr'>agere</span> 
     </span>
    </p>
   </div>
   <div class='ocr_carea' id='block_1_90' title="bbox 2087 4098 3745 4174">
    <p class='ocr_par' dir='ltr' id='par_1_90' title="bbox 2087 4098 3745 4174">
     <span class='ocr_line' id='line_1_91' title="bbox 2087 4098 3745 4174; baseline -0.002 -18"><span class='ocrx_word' id='word_1_597' title='bbox 2087 4101 2479 4174; x_wconf 89' lang='lat' dir='ltr'>periculosum</span> <span class='ocrx_word' id='word_1_598' title='bbox 2511 4099 2797 4167; x_wconf 86' lang='lat' dir='ltr'>videatur,</span> <span class='ocrx_word' id='word_1_599' title='bbox 2831 4102 2887 4154; x_wconf 90' lang='lat' dir='ltr'>et</span> <span class='ocrx_word' id='word_1_600' title='bbox 2908 4099 3344 4171; x_wconf 82' lang='lat' dir='ltr'>praecipuecum</span> <span class='ocrx_word' id='word_1_601' title='bbox 3375 4099 3446 4154; x_wconf 92' lang='lat' dir='ltr'>de</span> <span class='ocrx_word' id='word_1_602' title='bbox 3469 4098 3745 4154; x_wconf 90' lang='lat' dir='ltr'>carmini-</span> 
     </span>
    </p>
   </div>
   <div class='ocr_carea' id='block_1_91' title="bbox 2085 4185 3738 4260">
    <p class='ocr_par' dir='ltr' id='par_1_91' title="bbox 2085 4185 3738 4260">
     <span class='ocr_line' id='line_1_92' title="bbox 2085 4185 3738 4260; baseline -0.001 -15"><span class='ocrx_word' id='word_1_603' title='bbox 2085 4190 2196 4246; x_wconf 90' lang='lat' dir='ltr'>bus</span> <span class='ocrx_word' id='word_1_604' title='bbox 2216 4193 2477 4245; x_wconf 91' lang='lat' dir='ltr'>veterum</span> <span class='ocrx_word' id='word_1_605' title='bbox 2509 4188 2723 4260; x_wconf 86' lang='lat' dir='ltr'>agitur,</span> <span class='ocrx_word' id='word_1_606' title='bbox 2755 4204 3006 4259; x_wconf 91' lang='lat' dir='ltr'>quorum</span> <span class='ocrx_word' id='word_1_607' title='bbox 3038 4187 3260 4245; x_wconf 90' lang='lat' dir='ltr'>similes</span> <span class='ocrx_word' id='word_1_608' title='bbox 3292 4185 3550 4259; x_wconf 89' lang='lat' dir='ltr'>rhythmi</span> <span class='ocrx_word' id='word_1_609' title='bbox 3577 4191 3738 4246; x_wconf 86' lang='lat' dir='ltr'>sunt:</span> 
     </span>
    </p>
   </div>
   <div class='ocr_carea' id='block_1_92' title="bbox 2085 4275 3741 4348">
    <p class='ocr_par' dir='ltr' id='par_1_92' title="bbox 2085 4275 3741 4348">
     <span class='ocr_line' id='line_1_93' title="bbox 2085 4275 3741 4348; baseline -0.001 -14"><span class='ocrx_word' id='word_1_610' title='bbox 2085 4278 2398 4335; x_wconf 90' lang='lat' dir='ltr'>delicatum</span> <span class='ocrx_word' id='word_1_611' title='bbox 2412 4278 2568 4334; x_wconf 91' lang='lat' dir='ltr'>enim</span> <span class='ocrx_word' id='word_1_612' title='bbox 2584 4276 2894 4333; x_wconf 79' lang='lat' dir='ltr'>artificium</span> <span class='ocrx_word' id='word_1_613' title='bbox 2909 4276 3143 4332; x_wconf 90' lang='lat' dir='ltr'>illorum</span> <span class='ocrx_word' id='word_1_614' title='bbox 3161 4280 3464 4348; x_wconf 88' lang='lat' dir='ltr'>est,neque</span> <span class='ocrx_word' id='word_1_615' title='bbox 3485 4275 3741 4332; x_wconf 88' lang='lat' dir='ltr'>nimium</span> 
     </span>
    </p>
   </div>
   <div class='ocr_carea' id='block_1_93' title="bbox 2085 4363 3739 4440">
    <p class='ocr_par' dir='ltr' id='par_1_93' title="bbox 2085 4363 3739 4440">
     <span class='ocr_line' id='line_1_94' title="bbox 2085 4363 3739 4440; baseline -0.002 -17"><span class='ocrx_word' id='word_1_616' title='bbox 2085 4368 2141 4424; x_wconf 91' lang='lat' dir='ltr'>in</span> <span class='ocrx_word' id='word_1_617' title='bbox 2179 4368 2251 4423; x_wconf 89' lang='lat' dir='ltr'>iis</span> <span class='ocrx_word' id='word_1_618' title='bbox 2282 4367 2641 4440; x_wconf 86' lang='lat' dir='ltr'>castigandis</span> <span class='ocrx_word' id='word_1_619' title='bbox 2675 4367 3035 4434; x_wconf 87' lang='lat' dir='ltr'>audendum,</span> <span class='ocrx_word' id='word_1_620' title='bbox 3069 4366 3183 4422; x_wconf 92' lang='lat' dir='ltr'>nisi</span> <span class='ocrx_word' id='word_1_621' title='bbox 3215 4365 3284 4421; x_wconf 93' lang='lat' dir='ltr'>de</span> <span class='ocrx_word' id='word_1_622' title='bbox 3314 4363 3544 4421; x_wconf 90' lang='lat' dir='ltr'>medela</span> <span class='ocrx_word' id='word_1_623' title='bbox 3569 4365 3739 4421; x_wconf 90' lang='lat' dir='ltr'>adhi-</span> 
     </span>
    </p>
   </div>
   <div class='ocr_carea' id='block_1_94' title="bbox 2083 4453 3742 4524">
    <p class='ocr_par' dir='ltr' id='par_1_94' title="bbox 2083 4453 3742 4524">
     <span class='ocr_line' id='line_1_95' title="bbox 2083 4453 3742 4524; baseline -0.003 -10"><span class='ocrx_word' id='word_1_624' title='bbox 2083 4457 2205 4514; x_wconf 88' lang='lat' dir='ltr'>bita</span> <span class='ocrx_word' id='word_1_625' title='bbox 2233 4456 2412 4513; x_wconf 91' lang='lat' dir='ltr'>lector</span> <span class='ocrx_word' id='word_1_626' title='bbox 2444 4460 2770 4524; x_wconf 89' lang='lat' dir='ltr'>moneatur,</span> <span class='ocrx_word' id='word_1_627' title='bbox 2805 4455 2897 4512; x_wconf 91' lang='lat' dir='ltr'>cui</span> <span class='ocrx_word' id='word_1_628' title='bbox 2931 4455 3233 4523; x_wconf 87' lang='lat' dir='ltr'>meditanti</span> <span class='ocrx_word' id='word_1_629' title='bbox 3253 4453 3500 4511; x_wconf 90' lang='lat' dir='ltr'>forsitan</span> <span class='ocrx_word' id='word_1_630' title='bbox 3529 4453 3742 4510; x_wconf 90' lang='lat' dir='ltr'>melior</span> 
     </span>
    </p>
   </div>
   <div class='ocr_carea' id='block_1_95' title="bbox 323 4539 3736 4628">
    <p class='ocr_par' dir='ltr' id='par_1_95' title="bbox 323 4539 3736 4628">
     <span class='ocr_line' id='line_1_96' title="bbox 323 4539 3736 4628; baseline 0.001 -31"><span class='ocrx_word' id='word_1_631' title='bbox 323 4543 460 4615; x_wconf 88' lang='lat' dir='ltr'>pote</span> <span class='ocrx_word' id='word_1_632' title='bbox 491 4539 910 4613; x_wconf 90' lang='lat' dir='ltr'>antiquissimi,</span> <span class='ocrx_word' id='word_1_633' title='bbox 963 4545 1137 4613; x_wconf 87' lang='lat' dir='ltr'>atque</span> <span class='ocrx_word' id='word_1_634' title='bbox 1185 4543 1256 4598; x_wconf 91' lang='lat' dir='ltr'>ad</span> <span class='ocrx_word' id='word_1_635' title='bbox 1316 4541 1622 4598; x_wconf 88' lang='lat' dir='ltr'>historiam</span> <span class='ocrx_word' id='word_1_636' title='bbox 1668 4543 1970 4616; x_wconf 88' lang='lat' dir='ltr'>perutiles,</span> <span class='ocrx_word' id='word_1_637' title='bbox 2002 4562 2050 4628; x_wconf 84' lang='lat' dir='ltr'><strong>D</strong></span> <span class='ocrx_word' id='word_1_638' title='bbox 2081 4546 2142 4601; x_wconf 91' lang='lat' dir='ltr'>in</span> <span class='ocrx_word' id='word_1_639' title='bbox 2169 4549 2426 4602; x_wconf 90' lang='lat' dir='ltr'>mentem</span> <span class='ocrx_word' id='word_1_640' title='bbox 2458 4543 2652 4600; x_wconf 90' lang='lat' dir='ltr'>venire</span> <span class='ocrx_word' id='word_1_641' title='bbox 2681 4545 2886 4616; x_wconf 87' lang='lat' dir='ltr'>possit.</span> <span class='ocrx_word' id='word_1_642' title='bbox 2919 4545 2976 4600; x_wconf 89' lang='lat' dir='ltr'>Si</span> <span class='ocrx_word' id='word_1_643' title='bbox 3007 4544 3170 4601; x_wconf 90' lang='lat' dir='ltr'>locus</span> <span class='ocrx_word' id='word_1_644' title='bbox 3196 4545 3435 4600; x_wconf 89' lang='lat' dir='ltr'>futurus</span> <span class='ocrx_word' id='word_1_645' title='bbox 3465 4548 3623 4600; x_wconf 91' lang='lat' dir='ltr'>esset</span> <span class='ocrx_word' id='word_1_646' title='bbox 3647 4560 3736 4600; x_wconf 88' lang='lat' dir='ltr'>re-</span> 
     </span>
    </p>
   </div>
   <div class='ocr_carea' id='block_1_96' title="bbox 321 4629 1969 4705">
    <p class='ocr_par' dir='ltr' id='par_1_96' title="bbox 321 4629 1969 4705">
     <span class='ocr_line' id='line_1_97' title="bbox 321 4629 1969 4705; baseline 0.002 -19"><span class='ocrx_word' id='word_1_647' title='bbox 321 4646 570 4704; x_wconf 89' lang='lat' dir='ltr'>quorum</span> <span class='ocrx_word' id='word_1_648' title='bbox 590 4629 869 4704; x_wconf 88' lang='lat' dir='ltr'>primum,</span> <span class='ocrx_word' id='word_1_649' title='bbox 892 4629 1129 4686; x_wconf 67' lang='lat' dir='ltr'>Veronae</span> <span class='ocrx_word' id='word_1_650' title='bbox 1157 4631 1422 4687; x_wconf 88' lang='lat' dir='ltr'>encomia</span> <span class='ocrx_word' id='word_1_651' title='bbox 1453 4630 1969 4705; x_wconf 83' lang='lat' dir='ltr'>complexum,suis</span> 
     </span>
    </p>
   </div>
   <div class='ocr_carea' id='block_1_97' title="bbox 317 4718 1969 4792">
    <p class='ocr_par' dir='ltr' id='par_1_97' title="bbox 317 4718 1969 4792">
     <span class='ocr_line' id='line_1_98' title="bbox 317 4718 1969 4792; baseline 0 -16"><span class='ocrx_word' id='word_1_652' title='bbox 317 4719 616 4778; x_wconf 87' lang='lat' dir='ltr'>Analectis</span> <span class='ocrx_word' id='word_1_653' title='bbox 646 4718 1028 4776; x_wconf 89' lang='lat' dir='ltr'>Mabillonius</span> <span class='ocrx_word' id='word_1_654' title='bbox 1075 4719 1230 4776; x_wconf 91' lang='lat' dir='ltr'>idem</span> <span class='ocrx_word' id='word_1_655' title='bbox 1273 4720 1558 4792; x_wconf 86' lang='lat' dir='ltr'>adjunxit.</span> <span class='ocrx_word' id='word_1_656' title='bbox 1616 4720 1875 4777; x_wconf 88' lang='lat' dir='ltr'>Alterum</span> <span class='ocrx_word' id='word_1_657' title='bbox 1909 4721 1969 4776; x_wconf 92' lang='lat' dir='ltr'>in</span> 
     </span>
    </p>
   </div>
   <div class='ocr_carea' id='block_1_98' title="bbox 318 4808 1966 4882">
    <p class='ocr_par' dir='ltr' id='par_1_98' title="bbox 318 4808 1966 4882">
     <span class='ocr_line' id='line_1_99' title="bbox 318 4808 1966 4882; baseline 0.001 -18"><span class='ocrx_word' id='word_1_658' title='bbox 318 4808 630 4866; x_wconf 86' lang='lat' dir='ltr'>Mediolani</span> <span class='ocrx_word' id='word_1_659' title='bbox 661 4809 895 4866; x_wconf 88' lang='lat' dir='ltr'>laudem</span> <span class='ocrx_word' id='word_1_660' title='bbox 943 4809 1294 4866; x_wconf 84' lang='lat' dir='ltr'>fabricatum</span> <span class='ocrx_word' id='word_1_661' title='bbox 1324 4810 1479 4866; x_wconf 90' lang='lat' dir='ltr'>edidi</span> <span class='ocrx_word' id='word_1_662' title='bbox 1535 4825 1642 4882; x_wconf 83' lang='lat' dir='ltr'>ego</span> <span class='ocrx_word' id='word_1_663' title='bbox 1673 4811 1733 4865; x_wconf 91' lang='lat' dir='ltr'>in</span> <span class='ocrx_word' id='word_1_664' title='bbox 1761 4810 1966 4866; x_wconf 88' lang='lat' dir='ltr'>eadem</span> 
     </span>
    </p>
   </div>
   <div class='ocr_carea' id='block_1_99' title="bbox 321 4897 1964 4970">
    <p class='ocr_par' dir='ltr' id='par_1_99' title="bbox 321 4897 1964 4970">
     <span class='ocr_line' id='line_1_100' title="bbox 321 4897 1964 4970; baseline 0.001 -20"><span class='ocrx_word' id='word_1_665' title='bbox 321 4901 473 4968; x_wconf 88' lang='lat' dir='ltr'>part.</span> <span class='ocrx_word' id='word_1_666' title='bbox 508 4915 544 4953; x_wconf 82' lang='grc' dir='ltr'>ιι</span> <span class='ocrx_word' id='word_1_667' title='bbox 571 4898 718 4954; x_wconf 90' lang='lat' dir='ltr'>tomi</span> <span class='ocrx_word' id='word_1_668' title='bbox 750 4899 796 4953; x_wconf 91' lang='grc' dir='ltr'>ΙΙ</span> <span class='ocrx_word' id='word_1_669' title='bbox 836 4898 966 4953; x_wconf 78' lang='lat' dir='ltr'>Her.</span> <span class='ocrx_word' id='word_1_670' title='bbox 1026 4898 1276 4954; x_wconf 89' lang='lat' dir='ltr'>Italicar.</span> <span class='ocrx_word' id='word_1_671' title='bbox 1337 4899 1592 4970; x_wconf 91' lang='lat' dir='ltr'>Uterque</span> <span class='ocrx_word' id='word_1_672' title='bbox 1645 4897 1964 4953; x_wconf 90' lang='lat' dir='ltr'>Veronensi</span> 
     </span>
    </p>
   </div>
   <div class='ocr_carea' id='block_1_100' title="bbox 320 4983 1967 5057">
    <p class='ocr_par' dir='ltr' id='par_1_100' title="bbox 320 4983 1967 5057">
     <span class='ocr_line' id='line_1_101' title="bbox 320 4983 1967 5057; baseline 0.001 -17"><span class='ocrx_word' id='word_1_673' title='bbox 320 4983 745 5057; x_wconf 82' lang='lat' dir='ltr'>rbytbmopceio</span> <span class='ocrx_word' id='word_1_674' title='bbox 767 4985 1020 5042; x_wconf 83' lang='lat' dir='ltr'>natalem</span> <span class='ocrx_word' id='word_1_675' title='bbox 1040 5004 1213 5043; x_wconf 91' lang='lat' dir='ltr'>suum</span> <span class='ocrx_word' id='word_1_676' title='bbox 1227 4987 1418 5055; x_wconf 89' lang='lat' dir='ltr'>debet,</span> <span class='ocrx_word' id='word_1_677' title='bbox 1444 4991 1544 5042; x_wconf 92' lang='lat' dir='ltr'>aut</span> <span class='ocrx_word' id='word_1_678' title='bbox 1573 4985 1781 5042; x_wconf 88' lang='lat' dir='ltr'>saltem</span> <span class='ocrx_word' id='word_1_679' title='bbox 1796 4985 1967 5042; x_wconf 86' lang='lat' dir='ltr'>debet</span> 
     </span>
    </p>
   </div>
   <div class='ocr_carea' id='block_1_101' title="bbox 318 5073 1963 5144">
    <p class='ocr_par' dir='ltr' id='par_1_101' title="bbox 318 5073 1963 5144">
     <span class='ocr_line' id='line_1_102' title="bbox 318 5073 1963 5144; baseline 0 -14"><span class='ocrx_word' id='word_1_680' title='bbox 318 5073 524 5142; x_wconf 77' lang='lat' dir='ltr'>vitam,</span> <span class='ocrx_word' id='word_1_681' title='bbox 556 5088 674 5144; x_wconf 90' lang='lat' dir='ltr'>qua</span> <span class='ocrx_word' id='word_1_682' title='bbox 702 5089 859 5140; x_wconf 88' lang='lat' dir='ltr'>nunc</span> <span class='ocrx_word' id='word_1_683' title='bbox 889 5074 1128 5144; x_wconf 84' lang='lat' dir='ltr'>fruitur,</span> <span class='ocrx_word' id='word_1_684' title='bbox 1163 5092 1296 5131; x_wconf 89' lang='lat' dir='ltr'>cum</span> <span class='ocrx_word' id='word_1_685' title='bbox 1345 5092 1414 5131; x_wconf 81' lang='lat' dir='ltr'>ex</span> <span class='ocrx_word' id='word_1_686' title='bbox 1441 5075 1740 5130; x_wconf 89' lang='lat' dir='ltr'>codicibus</span> <span class='ocrx_word' id='word_1_687' title='bbox 1784 5074 1963 5130; x_wconf 89' lang='lat' dir='ltr'>Verc-</span> 
     </span>
    </p>
   </div>
   <div class='ocr_carea' id='block_1_102' title="bbox 320 5160 1964 5235">
    <p class='ocr_par' dir='ltr' id='par_1_102' title="bbox 320 5160 1964 5235">
     <span class='ocr_line' id='line_1_103' title="bbox 320 5160 1964 5235; baseline 0 -17"><span class='ocrx_word' id='word_1_688' title='bbox 320 5160 604 5218; x_wconf 89' lang='lat' dir='ltr'>nensibus</span> <span class='ocrx_word' id='word_1_689' title='bbox 636 5161 808 5215; x_wconf 90' lang='lat' dir='ltr'>ambo</span> <span class='ocrx_word' id='word_1_690' title='bbox 839 5161 1166 5235; x_wconf 86' lang='lat' dir='ltr'>deprompti</span> <span class='ocrx_word' id='word_1_691' title='bbox 1212 5181 1350 5218; x_wconf 86' lang='lat' dir='ltr'>cura</span> <span class='ocrx_word' id='word_1_692' title='bbox 1399 5165 1635 5219; x_wconf 73' lang='lat' dir='ltr'>tandem</span> <span class='ocrx_word' id='word_1_693' title='bbox 1679 5170 1876 5219; x_wconf 78' lang='lat' dir='ltr'>nostra</span> <span class='ocrx_word' id='word_1_694' title='bbox 1907 5164 1964 5218; x_wconf 91' lang='lat' dir='ltr'>in</span> 
     </span>
    </p>
   </div>
   <div class='ocr_carea' id='block_1_103' title="bbox 318 5249 1963 5325">
    <p class='ocr_par' dir='ltr' id='par_1_103' title="bbox 318 5249 1963 5325">
     <span class='ocr_line' id='line_1_104' title="bbox 318 5249 1963 5325; baseline 0.001 -18"><span class='ocrx_word' id='word_1_695' title='bbox 318 5251 510 5307; x_wconf 88' lang='lat' dir='ltr'>lucem</span> <span class='ocrx_word' id='word_1_696' title='bbox 531 5249 893 5306; x_wconf 87' lang='lat' dir='ltr'>emerserint.</span> <span class='ocrx_word' id='word_1_697' title='bbox 917 5250 983 5306; x_wconf 90' lang='lat' dir='ltr'>Et</span> <span class='ocrx_word' id='word_1_698' title='bbox 1004 5267 1144 5306; x_wconf 89' lang='lat' dir='ltr'>sane</span> <span class='ocrx_word' id='word_1_699' title='bbox 1173 5251 1280 5308; x_wconf 90' lang='lat' dir='ltr'>hoc</span> <span class='ocrx_word' id='word_1_700' title='bbox 1311 5253 1600 5325; x_wconf 80' lang='lat' dir='ltr'>praecipue</span> <span class='ocrx_word' id='word_1_701' title='bbox 1630 5252 1820 5319; x_wconf 89' lang='lat' dir='ltr'>titulo,</span> <span class='ocrx_word' id='word_1_702' title='bbox 1843 5256 1963 5308; x_wconf 85' lang='lat' dir='ltr'>tam</span> 
     </span>
    </p>
   </div>
   <div class='ocr_carea' id='block_1_104' title="bbox 320 5337 1964 5415">
    <p class='ocr_par' dir='ltr' id='par_1_104' title="bbox 320 5337 1964 5415">
     <span class='ocr_line' id='line_1_105' title="bbox 320 5337 1964 5415; baseline 0.001 -19"><span class='ocrx_word' id='word_1_703' title='bbox 320 5337 660 5396; x_wconf 86' lang='lat' dir='ltr'>Mabillonio</span> <span class='ocrx_word' id='word_1_704' title='bbox 674 5354 850 5410; x_wconf 86' lang='lat' dir='ltr'>quam</span> <span class='ocrx_word' id='word_1_705' title='bbox 873 5339 1019 5394; x_wconf 90' lang='lat' dir='ltr'>mihi</span> <span class='ocrx_word' id='word_1_706' title='bbox 1036 5357 1169 5413; x_wconf 89' lang='lat' dir='ltr'>spes</span> <span class='ocrx_word' id='word_1_707' title='bbox 1187 5340 1385 5398; x_wconf 82' lang='lat' dir='ltr'>futura</span> <span class='ocrx_word' id='word_1_708' title='bbox 1412 5346 1555 5412; x_wconf 86' lang='lat' dir='ltr'>erat,</span> <span class='ocrx_word' id='word_1_709' title='bbox 1589 5359 1695 5398; x_wconf 90' lang='lat' dir='ltr'>nos</span> <span class='ocrx_word' id='word_1_710' title='bbox 1715 5341 1964 5415; x_wconf 87' lang='lat' dir='ltr'>gratiam</span> 
     </span>
    </p>
   </div>
   <div class='ocr_carea' id='block_1_105' title="bbox 319 5424 1963 5504">
    <p class='ocr_par' dir='ltr' id='par_1_105' title="bbox 319 5424 1963 5504">
     <span class='ocr_line' id='line_1_106' title="bbox 319 5424 1963 5504; baseline 0.001 -19"><span class='ocrx_word' id='word_1_711' title='bbox 319 5427 570 5486; x_wconf 90' lang='lat' dir='ltr'>inituros</span> <span class='ocrx_word' id='word_1_712' title='bbox 601 5424 914 5484; x_wconf 88' lang='lat' dir='ltr'>clarissimi</span> <span class='ocrx_word' id='word_1_713' title='bbox 929 5428 1409 5488; x_wconf 89' lang='lat' dir='ltr'>virimarchionis</span> <span class='ocrx_word' id='word_1_714' title='bbox 1440 5430 1730 5504; x_wconf 89' lang='lat' dir='ltr'>Scipionis</span> <span class='ocrx_word' id='word_1_715' title='bbox 1753 5431 1963 5487; x_wconf 74' lang='lat' dir='ltr'>Maffeii</span> 
     </span>
    </p>
   </div>
   <div class='ocr_carea' id='block_1_106' title="bbox 317 5515 1962 5591">
    <p class='ocr_par' dir='ltr' id='par_1_106' title="bbox 317 5515 1962 5591">
     <span class='ocr_line' id='line_1_107' title="bbox 317 5515 1962 5591; baseline 0.002 -16"><span class='ocrx_word' id='word_1_716' title='bbox 317 5516 582 5587; x_wconf 86' lang='lat' dir='ltr'>Veronis,</span> <span class='ocrx_word' id='word_1_717' title='bbox 634 5515 733 5590; x_wconf 92' lang='lat' dir='ltr'>qui</span> <span class='ocrx_word' id='word_1_718' title='bbox 766 5520 892 5573; x_wconf 90' lang='lat' dir='ltr'>tum</span> <span class='ocrx_word' id='word_1_719' title='bbox 949 5519 1197 5591; x_wconf 89' lang='lat' dir='ltr'>patriam</span> <span class='ocrx_word' id='word_1_720' title='bbox 1251 5538 1442 5588; x_wconf 89' lang='lat' dir='ltr'>suam,</span> <span class='ocrx_word' id='word_1_721' title='bbox 1473 5525 1600 5576; x_wconf 88' lang='lat' dir='ltr'>tum</span> <span class='ocrx_word' id='word_1_722' title='bbox 1663 5520 1962 5590; x_wconf 88' lang='lat' dir='ltr'>antiquam</span> 
     </span>
    </p>
   </div>
   <div class='ocr_carea' id='block_1_107' title="bbox 319 5607 1960 5684">
    <p class='ocr_par' dir='ltr' id='par_1_107' title="bbox 319 5607 1960 5684">
     <span class='ocr_line' id='line_1_108' title="bbox 319 5607 1960 5684; baseline 0 -15"><span class='ocrx_word' id='word_1_723' title='bbox 319 5607 707 5684; x_wconf 81' lang='lat' dir='ltr'>eruditionem</span> <span class='ocrx_word' id='word_1_724' title='bbox 756 5620 992 5668; x_wconf 85' lang='lat' dir='ltr'>summa</span> <span class='ocrx_word' id='word_1_725' title='bbox 1036 5625 1171 5670; x_wconf 87' lang='lat' dir='ltr'>cum</span> <span class='ocrx_word' id='word_1_726' title='bbox 1201 5609 1376 5670; x_wconf 87' lang='lat' dir='ltr'>laude</span> <span class='ocrx_word' id='word_1_727' title='bbox 1422 5609 1718 5669; x_wconf 86' lang='lat' dir='ltr'>illustrare</span> <span class='ocrx_word' id='word_1_728' title='bbox 1754 5611 1960 5684; x_wconf 90' lang='lat' dir='ltr'>pergit.</span> 
     </span>
    </p>
   </div>
   <div class='ocr_carea' id='block_1_108' title="bbox 2078 4632 3732 4707">
    <p class='ocr_par' dir='ltr' id='par_1_108' title="bbox 2078 4632 3732 4707">
     <span class='ocr_line' id='line_1_109' title="bbox 2078 4632 3732 4707; baseline -0.001 -17"><span class='ocrx_word' id='word_1_729' title='bbox 2078 4634 2230 4707; x_wconf 65' lang='lat' dir='ltr'>gulae</span> <span class='ocrx_word' id='word_1_730' title='bbox 2259 4651 2436 4706; x_wconf 89' lang='lat' dir='ltr'>quam</span> <span class='ocrx_word' id='word_1_731' title='bbox 2450 4650 2606 4700; x_wconf 88' lang='lat' dir='ltr'>nunc</span> <span class='ocrx_word' id='word_1_732' title='bbox 2627 4633 2885 4705; x_wconf 87' lang='lat' dir='ltr'>primum</span> <span class='ocrx_word' id='word_1_733' title='bbox 2909 4633 3178 4707; x_wconf 89' lang='lat' dir='ltr'>procudit</span> <span class='ocrx_word' id='word_1_734' title='bbox 3192 4633 3418 4703; x_wconf 89' lang='lat' dir='ltr'>amicus</span> <span class='ocrx_word' id='word_1_735' title='bbox 3441 4632 3732 4701; x_wconf 78' lang='lat' dir='ltr'>Maﬂ‘eius,</span> 
     </span>
    </p>
   </div>
   <div class='ocr_carea' id='block_1_109' title="bbox 2080 4721 3734 4796">
    <p class='ocr_par' dir='ltr' id='par_1_109' title="bbox 2080 4721 3734 4796">
     <span class='ocr_line' id='line_1_110' title="bbox 2080 4721 3734 4796; baseline -0.001 -18"><span class='ocrx_word' id='word_1_736' title='bbox 2080 4723 2329 4778; x_wconf 88' lang='lat' dir='ltr'>miseros</span> <span class='ocrx_word' id='word_1_737' title='bbox 2353 4723 2481 4793; x_wconf 87' lang='lat' dir='ltr'>jam</span> <span class='ocrx_word' id='word_1_738' title='bbox 2514 4722 2806 4796; x_wconf 86' lang='lat' dir='ltr'>appellare</span> <span class='ocrx_word' id='word_1_739' title='bbox 2838 4723 3037 4779; x_wconf 92' lang='lat' dir='ltr'>liceret</span> <span class='ocrx_word' id='word_1_740' title='bbox 3060 4721 3296 4795; x_wconf 87' lang='lat' dir='ltr'>quosvis</span> <span class='ocrx_word' id='word_1_741' title='bbox 3326 4721 3612 4790; x_wconf 89' lang='lat' dir='ltr'>eruditos,</span> <span class='ocrx_word' id='word_1_742' title='bbox 3633 4723 3734 4795; x_wconf 91' lang='lat' dir='ltr'>qui</span> 
     </span>
    </p>
   </div>
   <div class='ocr_carea' id='block_1_110' title="bbox 2079 4809 3732 4884">
    <p class='ocr_par' dir='ltr' id='par_1_110' title="bbox 2079 4809 3732 4884">
     <span class='ocr_line' id='line_1_111' title="bbox 2079 4809 3732 4884; baseline 0 -18"><span class='ocrx_word' id='word_1_743' title='bbox 2079 4814 2461 4866; x_wconf 90' lang='lat' dir='ltr'>monumenta</span> <span class='ocrx_word' id='word_1_744' title='bbox 2485 4815 2748 4867; x_wconf 87' lang='lat' dir='ltr'>veterum</span> <span class='ocrx_word' id='word_1_745' title='bbox 2780 4811 3058 4879; x_wconf 91' lang='lat' dir='ltr'>tenebris,</span> <span class='ocrx_word' id='word_1_746' title='bbox 3104 4815 3302 4868; x_wconf 91' lang='lat' dir='ltr'>nostro</span> <span class='ocrx_word' id='word_1_747' title='bbox 3348 4809 3732 4884; x_wconf 88' lang='lat' dir='ltr'>potissimum</span> 
     </span>
    </p>
   </div>
   <div class='ocr_carea' id='block_1_111' title="bbox 2077 4899 3729 4973">
    <p class='ocr_par' dir='ltr' id='par_1_111' title="bbox 2077 4899 3729 4973">
     <span class='ocr_line' id='line_1_112' title="bbox 2077 4899 3729 4973; baseline -0.001 -17"><span class='ocrx_word' id='word_1_748' title='bbox 2077 4899 2309 4968; x_wconf 62' lang='lat' dir='ltr'>seculo,</span> <span class='ocrx_word' id='word_1_749' title='bbox 2327 4899 2690 4973; x_wconf 90' lang='lat' dir='ltr'>eripuerunt,</span> <span class='ocrx_word' id='word_1_750' title='bbox 2709 4917 2897 4972; x_wconf 93' lang='lat' dir='ltr'>neque</span> <span class='ocrx_word' id='word_1_751' title='bbox 2915 4900 3212 4957; x_wconf 88' lang='lat' dir='ltr'>lucernam</span> <span class='ocrx_word' id='word_1_752' title='bbox 3230 4900 3494 4958; x_wconf 88' lang='lat' dir='ltr'>criticam</span> <span class='ocrx_word' id='word_1_753' title='bbox 3521 4899 3591 4955; x_wconf 90' lang='lat' dir='ltr'>ad</span> <span class='ocrx_word' id='word_1_754' title='bbox 3608 4899 3729 4955; x_wconf 89' lang='lat' dir='ltr'>sin-</span> 
     </span>
    </p>
   </div>
   <div class='ocr_carea' id='block_1_112' title="bbox 2075 4986 3731 5063">
    <p class='ocr_par' dir='ltr' id='par_1_112' title="bbox 2075 4986 3731 5063">
     <span class='ocr_line' id='line_1_113' title="bbox 2075 4986 3731 5063; baseline -0.001 -19"><span class='ocrx_word' id='word_1_755' title='bbox 2075 4987 2214 5062; x_wconf 90' lang='lat' dir='ltr'>gula</span> <span class='ocrx_word' id='word_1_756' title='bbox 2243 4990 2652 5045; x_wconf 86' lang='lat' dir='ltr'>accenderunt.</span> <span class='ocrx_word' id='word_1_757' title='bbox 2684 4991 2873 5061; x_wconf 90' lang='lat' dir='ltr'>Atque</span> <span class='ocrx_word' id='word_1_758' title='bbox 2890 5005 3022 5046; x_wconf 90' lang='lat' dir='ltr'>mea</span> <span class='ocrx_word' id='word_1_759' title='bbox 3045 4989 3103 5045; x_wconf 92' lang='lat' dir='ltr'>in</span> <span class='ocrx_word' id='word_1_760' title='bbox 3136 4988 3346 5063; x_wconf 90' lang='lat' dir='ltr'>primis</span> <span class='ocrx_word' id='word_1_761' title='bbox 3369 4986 3731 5060; x_wconf 88' lang='lat' dir='ltr'>deploranda</span> 
     </span>
    </p>
   </div>
   <div class='ocr_carea' id='block_1_113' title="bbox 2075 5076 3727 5148">
    <p class='ocr_par' dir='ltr' id='par_1_113' title="bbox 2075 5076 3727 5148">
     <span class='ocr_line' id='line_1_114' title="bbox 2075 5076 3727 5148; baseline -0.001 -14"><span class='ocrx_word' id='word_1_762' title='bbox 2075 5078 2309 5134; x_wconf 86' lang='lat' dir='ltr'>fortuna</span> <span class='ocrx_word' id='word_1_763' title='bbox 2338 5078 2504 5144; x_wconf 87' lang='lat' dir='ltr'>foret,</span> <span class='ocrx_word' id='word_1_764' title='bbox 2523 5077 2621 5148; x_wconf 90' lang='lat' dir='ltr'>qui</span> <span class='ocrx_word' id='word_1_765' title='bbox 2652 5079 2710 5132; x_wconf 92' lang='lat' dir='ltr'>in</span> <span class='ocrx_word' id='word_1_766' title='bbox 2728 5079 2942 5134; x_wconf 86' lang='lat' dir='ltr'>Rerum</span> <span class='ocrx_word' id='word_1_767' title='bbox 2963 5079 3299 5135; x_wconf 89' lang='lat' dir='ltr'>Italicarum</span> <span class='ocrx_word' id='word_1_768' title='bbox 3316 5076 3727 5136; x_wconf 89' lang='lat' dir='ltr'>Collectionem</span> 
     </span>
    </p>
   </div>
   <div class='ocr_carea' id='block_1_114' title="bbox 2072 5166 3728 5239">
    <p class='ocr_par' dir='ltr' id='par_1_114' title="bbox 2072 5166 3728 5239">
     <span class='ocr_line' id='line_1_115' title="bbox 2072 5166 3728 5239; baseline -0.001 -16"><span class='ocrx_word' id='word_1_769' title='bbox 2072 5171 2158 5223; x_wconf 89' lang='lat' dir='ltr'>tot</span> <span class='ocrx_word' id='word_1_770' title='bbox 2189 5166 2462 5222; x_wconf 83' lang='lat' dir='ltr'>historias</span> <span class='ocrx_word' id='word_1_771' title='bbox 2494 5166 2667 5221; x_wconf 89' lang='lat' dir='ltr'>intuli</span> <span class='ocrx_word' id='word_1_772' title='bbox 2700 5184 3001 5239; x_wconf 85' lang='lat' dir='ltr'>nunquam</span> <span class='ocrx_word' id='word_1_773' title='bbox 3035 5171 3205 5224; x_wconf 91' lang='lat' dir='ltr'>antea</span> <span class='ocrx_word' id='word_1_774' title='bbox 3252 5166 3462 5233; x_wconf 84' lang='lat' dir='ltr'>editas,</span> <span class='ocrx_word' id='word_1_775' title='bbox 3508 5182 3728 5238; x_wconf 87' lang='lat' dir='ltr'>easque</span> 
     </span>
    </p>
   </div>
   <div class='ocr_carea' id='block_1_115' title="bbox 2074 5255 3723 5329">
    <p class='ocr_par' dir='ltr' id='par_1_115' title="bbox 2074 5255 3723 5329">
     <span class='ocr_line' id='line_1_116' title="bbox 2074 5255 3723 5329; baseline -0.001 -17"><span class='ocrx_word' id='word_1_776' title='bbox 2074 5255 2204 5312; x_wconf 92' lang='lat' dir='ltr'>dedi</span> <span class='ocrx_word' id='word_1_777' title='bbox 2237 5256 2438 5328; x_wconf 89' lang='lat' dir='ltr'>quales</span> <span class='ocrx_word' id='word_1_778' title='bbox 2465 5271 2495 5311; x_wconf 90' lang='lat' dir='ltr'>e</span> <span class='ocrx_word' id='word_1_779' title='bbox 2527 5272 2670 5312; x_wconf 89' lang='lat' dir='ltr'>mss.</span> <span class='ocrx_word' id='word_1_780' title='bbox 2704 5256 2918 5329; x_wconf 90' lang='lat' dir='ltr'>accepi,</span> <span class='ocrx_word' id='word_1_781' title='bbox 2957 5256 3116 5313; x_wconf 89' lang='lat' dir='ltr'>vitiis</span> <span class='ocrx_word' id='word_1_782' title='bbox 3161 5256 3430 5312; x_wconf 85' lang='lat' dir='ltr'>videlicet</span> <span class='ocrx_word' id='word_1_783' title='bbox 3456 5259 3723 5312; x_wconf 88' lang='lat' dir='ltr'>veterum</span> 
     </span>
    </p>
   </div>
   <div class='ocr_carea' id='block_1_116' title="bbox 2073 5344 3725 5418">
    <p class='ocr_par' dir='ltr' id='par_1_116' title="bbox 2073 5344 3725 5418">
     <span class='ocr_line' id='line_1_117' title="bbox 2073 5344 3725 5418; baseline -0.001 -17"><span class='ocrx_word' id='word_1_784' title='bbox 2073 5345 2446 5402; x_wconf 88' lang='lat' dir='ltr'>librariorum</span> <span class='ocrx_word' id='word_1_785' title='bbox 2478 5362 2629 5418; x_wconf 76' lang='lat' dir='ltr'>szepe</span> <span class='ocrx_word' id='word_1_786' title='bbox 2640 5345 2903 5402; x_wconf 71' lang='lat' dir='ltr'>fmdatas.</span> <span class='ocrx_word' id='word_1_787' title='bbox 2921 5347 3032 5403; x_wconf 91' lang='lat' dir='ltr'>Sed</span> <span class='ocrx_word' id='word_1_788' title='bbox 3049 5346 3208 5403; x_wconf 86' lang='lat' dir='ltr'>aliud</span> <span class='ocrx_word' id='word_1_789' title='bbox 3233 5349 3388 5402; x_wconf 88' lang='lat' dir='ltr'>certe</span> <span class='ocrx_word' id='word_1_790' title='bbox 3409 5344 3621 5403; x_wconf 88' lang='lat' dir='ltr'>eruditi</span> <span class='ocrx_word' id='word_1_791' title='bbox 3637 5361 3725 5400; x_wconf 85' lang='lat' dir='ltr'>or-</span> 
     </span>
    </p>
   </div>
   <div class='ocr_carea' id='block_1_117' title="bbox 2071 5434 3722 5507">
    <p class='ocr_par' dir='ltr' id='par_1_117' title="bbox 2071 5434 3722 5507">
     <span class='ocr_line' id='line_1_118' title="bbox 2071 5434 3722 5507; baseline -0.002 -16"><span class='ocrx_word' id='word_1_792' title='bbox 2071 5435 2162 5491; x_wconf 90' lang='lat' dir='ltr'>bis</span> <span class='ocrx_word' id='word_1_793' title='bbox 2185 5435 2480 5507; x_wconf 89' lang='lat' dir='ltr'>judicium</span> <span class='ocrx_word' id='word_1_794' title='bbox 2511 5434 3164 5505; x_wconf 89' lang='lat' dir='ltr'>erit.Mabillonio,mihi</span> <span class='ocrx_word' id='word_1_795' title='bbox 3187 5434 3530 5506; x_wconf 78' lang='lat' dir='ltr'>caeterisque</span> <span class='ocrx_word' id='word_1_796' title='bbox 3544 5449 3722 5489; x_wconf 87' lang='lat' dir='ltr'>aneo-</span> 
     </span>
    </p>
   </div>
   <div class='ocr_carea' id='block_1_118' title="bbox 2073 5522 3717 5598">
    <p class='ocr_par' dir='ltr' id='par_1_118' title="bbox 2073 5522 3717 5598">
     <span class='ocr_line' id='line_1_119' title="bbox 2073 5522 3717 5598; baseline -0.003 -17"><span class='ocrx_word' id='word_1_797' title='bbox 2073 5526 2342 5581; x_wconf 90' lang='lat' dir='ltr'>dotorum</span> <span class='ocrx_word' id='word_1_798' title='bbox 2356 5524 2678 5581; x_wconf 90' lang='lat' dir='ltr'>editoribus</span> <span class='ocrx_word' id='word_1_799' title='bbox 2695 5541 2880 5580; x_wconf 91' lang='lat' dir='ltr'>unum</span> <span class='ocrx_word' id='word_1_800' title='bbox 2897 5525 3243 5598; x_wconf 89' lang='lat' dir='ltr'>plerumque</span> <span class='ocrx_word' id='word_1_801' title='bbox 3257 5523 3574 5583; x_wconf 89' lang='lat' dir='ltr'>consilium</span> <span class='ocrx_word' id='word_1_802' title='bbox 3588 5522 3717 5588; x_wconf 88' lang='lat' dir='ltr'>fuit,</span> 
     </span>
    </p>
   </div>
   <div class='ocr_carea' id='block_1_119' title="bbox 2073 5611 3714 5700">
    <p class='ocr_par' dir='ltr' id='par_1_119' title="bbox 2073 5611 3714 5700">
     <span class='ocr_line' id='line_1_120' title="bbox 2073 5611 3714 5700; baseline -0.002 -28"><span class='ocrx_word' id='word_1_803' title='bbox 2073 5631 2140 5673; x_wconf 86' lang='lat' dir='ltr'>ac</span> <span class='ocrx_word' id='word_1_804' title='bbox 2169 5615 2577 5700; x_wconf 71' lang='lat' dir='ltr'>futurumest,</span> <span class='ocrx_word' id='word_1_805' title='bbox 2599 5613 2883 5686; x_wconf 86' lang='lat' dir='ltr'>nempein</span> <span class='ocrx_word' id='word_1_806' title='bbox 2913 5614 3304 5675; x_wconf 86' lang='lat' dir='ltr'>litteratorum</span> <span class='ocrx_word' id='word_1_807' title='bbox 3339 5611 3714 5674; x_wconf 89' lang='lat' dir='ltr'>commodum</span> 
     </span>
    </p>
   </div>
  </div>
