3946 6360
173 320 300 386 765

1492 321 1857 386 ΒΗΥΤΗΜΙ
1897 321 2281 386 VETERES.

3464 323 3585 389 766

172 469 307 530 quae
339 452 600 512 latebant
627 453 688 511 in
719 448 997 513 mss.luce
1026 453 1385 523 donare,non
1415 459 1612 512 autem
1641 456 1832 514 subsi-
1859 457 1916 525 Α
1944 459 2010 512 ut
2039 459 2104 514 ut
2121 452 2341 531 ingenii
2357 453 2628 513 acumine
2643 453 2960 529 quisquam
2980 454 3440 533 abundet,quam
3454 457 3585 518 lau-

170 549 330 604 stere
356 545 429 602 ad
460 546 678 613 omnia,
708 544 1086 618 expendenda
1117 544 1495 602 meditatione
1525 546 1826 619 rigida,at-

170 649 287 707 que
319 635 718 708 expurganda,
744 637 1018 706 suscepta
1043 633 1220 690 veluti
1252 638 1521 691 anatome
1543 635 1831 707 exquisita

163 723 370 781 vitiosi
395 739 464 780 ac
484 723 804 780 inordinati
836 723 1223 796 corporis.Est
1251 723 1360 780 hoc
1381 723 1691 780 hominum
1715 741 1832 780 ma-

161 814 284 887 jori
315 812 436 870 otio
463 811 816 882 fruentium;
849 813 969 869 imo
1014 813 1279 869 omnium
1319 830 1446 870 esse
1486 819 1696 887 potest,
1729 815 1830 886 qui

168 901 455 961 beneﬁcio
487 917 592 975 per
619 918 728 958 nos
769 901 962 958 delato
994 903 1104 979 uti.
1131 901 1342 958 deinde
1381 901 1578 958 velint.
1615 905 1828 970 Quam-

169 992 376 1050 obrem
408 1008 678 1049 morosus
710 991 880 1065 plane
908 991 1002 1059 sit,
1037 990 1138 1063 qui
1184 989 1628 1048 celeberrimum
1660 991 1829 1049 illum

167 1082 365 1139 virum
398 1097 610 1155 meque
639 1079 817 1137 simul
847 1079 1235 1153 increpandos
1263 1080 1374 1136 sibi
1406 1085 1623 1148 sumat,
1676 1083 1829 1155 quod

167 1169 712 1245 rhythmos,quales
745 1169 805 1226 in
826 1170 998 1226 unico
1021 1169 1419 1226 vetustissimo
1440 1171 1637 1228 codice
1665 1171 1829 1227 inve-

167 1261 394 1328 nimus,
425 1259 695 1317 versibus
722 1261 900 1316 etiam
930 1259 1313 1326 indistinctis,
1329 1261 1828 1332 quemadmodum

172 1365 380 1423 reapse
409 1349 542 1406 illos
571 1350 751 1406 codex
795 1348 1210 1422 suppeditavit,
1244 1349 1317 1404 ab
1363 1349 1605 1405 interitu
1655 1354 1831 1422 atque

167 1439 461 1497 oblivione
506 1437 962 1496 vindicaverimu
976 1455 1004 1495 s
1026 1439 1276 1506 ,etiamsi
1299 1455 1502 1495 omnes
1523 1439 1660 1495 inde
1680 1456 1834 1495 erro-

170 1544 267 1585 res
283 1545 390 1602 per
411 1544 518 1585 nos
537 1545 653 1585 non
680 1527 896 1584 fuerint
919 1526 1276 1584 sublati.Sed
1302 1528 1401 1600 qui
1421 1527 1833 1602 plura?Censo-

170 1632 299 1674 rem
329 1621 600 1675 nostrum
622 1617 693 1674 ad
703 1617 968 1688 judicem
991 1617 1323 1690 egregrium
1356 1617 1698 1690 sisto,cujus
1717 1617 1830 1673 cal-

172 1704 307 1775 culo
337 1705 630 1762 constabit
649 1704 946 1777 quamlevi
961 1705 1344 1761 fundamento
1375 1705 1596 1762 nitatur
1617 1706 1834 1762 novitia

173 1793 520 1867 huiusmodi
552 1793 882 1850 censura.ls
898 1797 1093 1849 autem
1110 1811 1225 1850 non
1239 1793 1388 1850 alius
1402 1798 1490 1851 est
1511 1811 1688 1867 quam
1701 1811 1829 1852 eru-

1938 547 2072 603 dem
2103 546 2305 620 procul
2337 545 2514 602 dubio
2539 562 2793 619 agnosco
2805 549 2862 602 et
2876 562 2983 619 ego
3006 545 3067 602 in
3090 546 3416 606 clarissimo
3439 550 3584 607 Maf-

1939 635 2072 704 feio,
2107 639 2360 692 attamen
2390 635 2641 691 liberum
2673 651 2905 708 semper
2931 634 3133 693 lectori
3155 636 3448 707 judicium
3471 654 3586 695 ser-

1936 725 2194 781 vandum
2226 724 2354 793 erit,
2388 727 2454 779 ut
2482 723 2812 797 perspicere
2841 724 3030 797 possit
3059 729 3288 782 rectene
3316 744 3389 782 an
3416 743 3586 786 secus

1939 813 2178 870 criticus
2188 813 2276 868 vir
2292 813 2549 870 medicas
2572 830 2786 870 manus
2808 813 3072 870 intulerit
3097 814 3360 888 antiquis
3379 816 3592 874 codici-

1938 902 2050 958 bus
2069 903 2446 975 veterumque
2472 901 3075 959 lucubrationibus.Et
3085 905 3340 976 profecto
3361 906 3591 978 quanti-

1939 1007 2170 1063 cunque
2203 991 2322 1047 sint
2351 990 2537 1047 critici
2569 991 2628 1046 in
2659 992 3044 1049 emendandis
3063 995 3328 1050 veterum
3353 993 3590 1062 libris,ii

1939 1098 2056 1137 non
2089 1082 2218 1137 raro
2249 1081 2418 1137 nobis
2447 1080 2763 1154 propinant
2793 1098 2907 1136 non
2943 1085 3248 1138 auctorum
3276 1083 3590 1154 verba,sed

1939 1169 2360 1225 meditamenta
2388 1185 2454 1225 ac
2485 1168 2872 1226 divinationes
2903 1187 3064 1237 suas,
3095 1187 3225 1243 qua)
3257 1175 3454 1229 tamen
3496 1189 3591 1228 ve-

1938 1263 2089 1314 teres
2121 1272 2193 1314 ne
2219 1259 2591 1314 somniarunt
2620 1259 2880 1330 quidem.
2915 1260 2979 1316 In
3010 1260 3285 1333 rhythmo
3325 1260 3592 1318 Mabillo-

1940 1347 2019 1404 nii
2054 1364 2193 1403 cura
2222 1347 2376 1403 edito
2407 1347 2488 1402 ita
2513 1363 2575 1402 se
2607 1347 2860 1403 habebat
2887 1348 2984 1405 hic
3008 1366 3214 1406 versus
3246 1367 3258 1404 :

2009 1455 2089 1510 Ab
2121 1455 2338 1509 Oriente
2369 1453 2527 1510 habet
2552 1455 2801 1525 primum
2827 1457 3130 1526 martyrem
3160 1455 3518 1528 Stephanum.

1941 1561 2028 1618 Ita
2053 1559 2220 1617 illum
2252 1577 2283 1616 e
2314 1561 2649 1632 conjectura
2677 1577 2786 1617 sua
2813 1561 3072 1617 restituit
3098 1562 3386 1620 Mall'eius.

1939 1651 2016 1705 Ab
2050 1651 2261 1706 Oriente
2292 1649 2453 1704 habes
2478 1650 2727 1720 primum
2748 1653 3207 1723 protomartyrem
3234 1651 3591 1725 Stephanum.

1941 1739 2001 1794 Si
2034 1737 2252 1794 auctori
2287 1735 2432 1792 illud
2460 1739 2707 1809 primum
2739 1737 3067 1794 adhibitum
3101 1739 3309 1797 fuisset
3347 1757 3463 1799 non
3493 1742 3595 1798 ad-

1861 1833 1911 1898 B
1938 1827 2251 1895 verbii,sed
2284 1826 2550 1897 adjectivi
2589 1825 2716 1882 loco
2746 1826 2926 1899 (quod
2958 1843 3100 1884 sane
3129 1829 3340 1902 merito
3369 1831 3598 1902 opinari

175 1881 1513 1991 ἷ¹ἷίῗίῗ⁸ίῆ¹2ῗί¹ῗη⁵ῗίὲῗίξίῗῗῗῗ’ΞῗῖῗῖἓίὲῗῖτὲΞῖίῗῖίε
1533 1884 1833 1991 Ῡ¹9¹ῖθτὲίίδθ
1863 1881 1911 1898 ³⁷
1947 1881 2376 1987 Πεέκεέιίὸίιυίιῖ
2405 1914 2455 1971 is
2480 1917 2661 1987 prim
2693 1881 2814 1971 ιιόιῖ
2834 1881 3094 1988 primari
3125 1881 3596 1991 ἇὶἑὶἑέἐιῐὲῖεῐέἱ

177 1988 332 2029 anno
365 1971 527 2039 1721,
558 1970 913 2027 Cassiodorii
959 1970 1491 2042 Complexionibus,
1525 1971 1836 2044 epistolam

178 2067 350 2117 suam
377 2059 624 2127 addidit,
657 2062 829 2115 antea
856 2076 1092 2132 quoque
1121 2059 1450 2134 evulgatam
1483 2065 1604 2117 tom
1635 2062 1684 2115 V
1724 2063 1839 2118 Ita-

176 2149 270 2206 liae
329 2149 541 2218 Sacrae,
570 2147 801 2204 Veneta
851 2147 1143 2216 editionis,
1199 2148 1260 2204 in
1320 2166 1437 2222 qua
1494 2149 1839 2223 rhythmum

177 2238 377 2312 ipsum
406 2239 481 2295 De
513 2237 768 2294 laudibus
802 2237 1016 2295 Verona
1036 2254 1072 2294 a
1100 2236 1439 2294 Mabillonio
1469 2239 1840 2308 editum,non

179 2320 382 2395 semel,
417 2328 519 2384 sed
549 2326 662 2394 bis,
693 2328 867 2383 aeneis
914 2325 1070 2400 typis
1116 2327 1377 2397 tradidit,
1412 2331 1586 2400 atque
1631 2328 1842 2384 iisdem

180 2415 356 2490 plane
388 2415 577 2472 verbis
609 2431 736 2488 quae
785 2416 941 2488 apud
990 2415 1395 2472 Mabillonium
1446 2416 1742 2489 leguntur,
1787 2421 1844 2473 et

182 2503 348 2562 nulla
369 2504 521 2560 facta
546 2520 825 2561 versuum
856 2503 1546 2577 distinctione,nullaque
1577 2505 1848 2560 adhibita

183 2593 390 2650 critica
418 2593 685 2661 lucerna;
739 2609 873 2648 cum
923 2597 1120 2649 tamen
1168 2593 1226 2648 in
1275 2595 1478 2650 eodem
1527 2595 1678 2650 libro
1724 2596 1850 2666 ipse

185 2683 534 2756 rhythmum
558 2681 946 2755 sepulcralem
993 2684 1230 2753 Paciﬁco
1275 2683 1660 2740 archidiacono
1691 2685 1845 2756 posi-

186 2775 412 2840 tum,ac
427 2772 694 2843 ejusdem
707 2771 878 2828 metri
892 2771 1036 2827 mihi
1051 2789 1284 2845 quoque
1295 2790 1500 2829 rursus
1518 2773 1670 2829 infra
1681 2773 1852 2829 eden-

193 2861 336 2916 dum
359 2861 419 2916 in
441 2860 551 2917 hoc
572 2876 765 2933 Opere,
796 2861 1206 2917 dissertatione
1227 2861 1422 2930 XLIII,
1443 2863 1517 2918 De
1541 2863 1854 2918 litterarum

190 2954 358 3018 statu,
398 2949 685 3006 ordinatis
733 2950 1000 3005 versibus
1058 2949 1416 3022 protulisset.
1451 2952 1585 3019 Cur,
1619 2952 1849 3020 amabo,

198 3039 355 3112 quod
387 3038 499 3111 ipsi
528 3037 756 3094 Maifeio
787 3038 875 3094 fas
905 3055 971 3094 ac
1000 3038 1363 3095 laudandum
1386 3056 1539 3096 anno
1571 3041 1703 3095 1721
1731 3055 1852 3095 cre-

195 3128 464 3196 debatur,
489 3130 624 3200 post
652 3143 751 3183 sex
780 3144 965 3184 annos
995 3128 1157 3184 nefas
1188 3131 1245 3183 et
1274 3127 1636 3200 culpandum
1659 3128 1852 3183 visum

1949 2009 2038 2062 ret
2067 2003 2349 2076 ille,puto,
2377 2020 2534 2060 nunc
2563 2005 2767 2061 videns
2797 2003 2856 2060 in
2878 2005 3168 2077 ejusmodi
3191 2007 3599 2066 emendatione

1950 2111 2014 2152 se
2042 2097 2307 2151 coactum
2337 2092 2632 2166 appellare
2655 2095 2903 2165 primum
2920 2103 3224 2168 martyrem
3244 2113 3362 2152 non
3394 2085 3596 2168 semel,

1952 2187 2052 2241 sed
2085 2185 2176 2241 bis
2207 2183 2683 2256 Stephanum.Cur
2711 2200 2846 2257 ergo
2878 2201 2994 2241 non
3027 2184 3197 2242 liceat
3225 2189 3282 2242 et
3301 2186 3445 2244 mihi
3471 2203 3598 2245 ver-

1951 2290 2085 2330 sum
2135 2271 2302 2329 illum
2349 2271 2548 2327 leviori
2579 2271 2976 2330 additamenta
2997 2274 3324 2344 restituere,
3359 2293 3427 2333 ac
3456 2277 3600 2334 scri-

1953 2361 2130 2418 bere?

1953 2470 2030 2526 Ab
2061 2469 2281 2525 Oriente
2308 2468 2470 2524 habes
2497 2470 2747 2540 primum
2768 2486 2898 2525 nam
2916 2475 3218 2544 martyrem
3245 2471 3596 2544 Stephanum.

1955 2576 2196 2641 Quando
2223 2575 2422 2631 luxata
2451 2592 2585 2632 ossa
2613 2577 2947 2648 reponenda
2973 2577 3068 2633 hic
3093 2577 3388 2645 suminus,
3413 2580 3603 2636 satius

1957 2669 2048 2722 est
2077 2682 2278 2720 curam
2319 2664 2604 2736 complere
2652 2682 2830 2737 quam
2882 2682 3034 2722 nova
3078 2665 3294 2724 inferre
3337 2667 3599 2725 vulnera.

1958 2754 2198 2810 Duobus
2228 2752 2384 2809 enim
2415 2752 2718 2809 versiculis
2749 2758 3019 2810 constant
3048 2755 3260 2812 horum
3299 2755 3601 2828 rhythmo-
3713 2789 3716 2796 -

1959 2859 2092 2898 rum
2123 2859 2347 2910 versus,
2373 2859 2621 2914 quorum
2653 2843 2881 2915 primus
2911 2843 3212 2914 octo,alter
3241 2849 3464 2917 septem
3487 2845 3602 2920 syl-

1960 2931 2111 2988 labis
2124 2931 3606 3005 expeditur,dummodolegibuscommunibusillius

1961 3020 2222 3093 rhythmi
2253 3023 2545 3092 pareatur.
2579 3021 2636 3076 Si
2671 3029 3125 3094 protomartyrem
3152 3023 3488 3096 Stephanum
3524 3024 3608 3080 le-

1962 3109 2341 3183 gimus,ultra
2369 3113 2555 3166 metas
2585 3113 2849 3166 excurrat
2877 3110 3235 3185 syllabarum
3274 3128 3557 3170 numerus
3589 3129 3604 3170 :

194 3215 348 3272 fuit?
375 3216 460 3272 En
491 3198 556 3272 ut
576 3216 702 3273 suis
721 3215 847 3288 ipse
868 3215 1048 3272 armis
1071 3221 1272 3272 contra
1292 3232 1353 3273 se
1373 3198 1684 3290 pugnat.Si
1706 3216 1844 3288 quid

1981 3199 2182 3270 equius
2215 3214 2350 3270 ergo
2389 3198 2732 3270 suppleatur
2777 3199 3085 3256 scribendo
3131 3219 3266 3257 nam
3311 3209 3608 3276 martyrem

193 3321 331 3382 ergo
373 3305 564 3372 video,
596 3322 714 3360 non
762 3307 919 3377 quod
971 3305 1066 3362 ille
1114 3306 1393 3362 adversus
1442 3305 1848 3362 Mabillonium

195 3409 410 3467 meque
439 3393 802 3467 excogitavit,
830 3394 931 3451 sed
962 3394 1072 3450 hoc
1103 3412 1288 3450 unum
1321 3412 1390 3450 ex
1429 3393 1609 3450 illius.
1636 3412 1848 3468 nuper-

194 3483 340 3560 rime
387 3484 460 3539 ad
513 3482 748 3539 inventa
777 3483 1064 3540 sententia
1103 3484 1382 3555 consequi
1442 3485 1849 3539 tantummodo

192 3577 417 3647 potest;
451 3571 693 3639 scilicet,
746 3571 1062 3629 lectoribus
1122 3573 1398 3644 injectum
1455 3573 1849 3645 suspicionem

193 3661 398 3729 fuisse,
432 3677 680 3734 eamque
709 3661 804 3717 vix
855 3679 1119 3734 unquam
1150 3662 1480 3730 delendam,
1515 3663 1562 3717 si
1614 3663 1850 3733 quando

197 3751 422 3824 aliquid
454 3749 586 3806 novi
615 3767 683 3805 ex
709 3750 969 3823 antiquis
992 3751 1292 3807 codicibus
1315 3751 1440 3824 ipse
1465 3751 1850 3824 proferet,nos

197 3857 315 3897 non
349 3843 688 3911 accepturos
718 3838 863 3894 illud
886 3839 1058 3911 quale
1089 3840 1148 3894 in
1191 3841 1549 3896 membranis
1571 3844 1714 3906 erat,
1751 3842 1851 3896 sed

197 3929 371 4004 quale
403 3929 649 3986 lucerna
687 3929 902 3986 critica:
959 3929 1284 3985 doctissimi
1305 3929 1413 3984 viri
1444 3930 1633 3986 visum
1657 3930 1848 3999 fuerit;

200 4023 376 4092 atque
403 4019 547 4075 adeo
579 4021 766 4074 certos
799 4035 905 4074 nos
937 4018 996 4073 in
1029 4023 1330 4091 posterum
1361 4036 1489 4075 esse
1520 4037 1633 4075 non
1657 4036 1850 4092 posse,

201 4108 404 4166 multis
435 4124 508 4164 ne
535 4107 597 4163 in
626 4106 769 4164 locis
816 4111 1078 4164 veterum
1117 4108 1292 4163 verba
1337 4125 1402 4163 ac
1452 4112 1729 4176 mentem,
1779 4125 1851 4163 an

199 4197 665 4268 Matfeii(veteres
693 4195 1200 4268 loquentes,prout
1222 4196 1344 4269 ipse
1368 4196 1578 4252 melius
1601 4198 1851 4267 censuit,

199 4285 557 4358 inducentis)
589 4301 766 4342 sensu
799 4285 1145 4341 habeamus.
1172 4285 1304 4349 Quae
1332 4303 1468 4359 ergo
1499 4285 1584 4341 illi
1618 4287 1763 4343 fides
1795 4287 1852 4341 in

199 4378 504 4452 posterum
534 4373 843 4431 habenda?

269 4465 387 4521 Has
418 4479 524 4537 ego
557 4462 848 4537 legitimas
877 4479 1167 4536 germanae
1197 4462 1408 4520 critica:
1443 4463 1673 4537 regulas
1705 4481 1849 4520 reor.

201 4552 511 4611 Scilicetin
530 4556 796 4609 veterum
829 4551 1228 4609 monumentis
1251 4553 1507 4625 primum
1531 4553 1859 4622 edendis,et
1885 4568 1932 4633 D

200 4641 495 4715 praecipue
516 4641 564 4696 si
583 4657 652 4697 ex
667 4640 864 4714 aliquo
896 4640 1180 4713 singulari
1204 4642 1616 4713 antiquissimo
1641 4641 1860 4698 ms.illa

201 4732 643 4805 depromantur,
674 4745 858 4802 eoque
887 4730 1076 4804 magis
1127 4729 1176 4786 si
1225 4732 1492 4786 carmina
1521 4734 1678 4798 sunt,
1712 4731 1854 4787 nihil

201 4837 350 4894 opus
390 4833 520 4876 esse
574 4819 873 4877 discedere
925 4838 960 4875 a
1004 4819 1249 4876 lectione
1295 4819 1552 4875 codicis:
1584 4820 1701 4875 imo
1733 4837 1856 4876 rem

201 4913 537 4985 poscere,ut
567 4914 854 4982 quantum
887 4909 1010 4965 ﬁeri
1042 4908 1250 4980 possit,
1283 4908 1486 4964 eadem
1517 4908 1689 4965 lectio
1721 4910 1856 4966 reti-

202 5003 433 5066 neatur,
463 4997 718 5056 exclusis
746 5001 976 5056 tantum
1007 4997 1394 5070 apertissimis
1425 4997 1648 5053 librarii
1694 5015 1856 5054 men-

202 5087 319 5158 dis,
351 5101 482 5162 quin
511 5091 710 5144 tamen
743 5087 1105 5160 distinguere
1153 5086 1419 5142 omnium
1473 5092 1580 5142 est.
1615 5087 1672 5143 Si
1717 5088 1857 5160 quid

201 5189 336 5234 vero
397 5176 636 5250 gravius
685 5176 893 5234 editori
943 5177 1278 5242 immutare,
1329 5174 1542 5242 delere,
1586 5175 1858 5248 supplere

203 5266 441 5323 animus
501 5269 608 5333 est,
664 5265 725 5321 id
769 5264 1102 5322 clanculum
1166 5267 1374 5333 facere,
1424 5265 1858 5338 lectoribusque

202 5353 452 5410 minime
482 5353 756 5422 consciis,
788 5369 1160 5428 nequaquam
1188 5353 1342 5410 licet.
1373 5354 1572 5426 Neque
1605 5354 1762 5410 enim
1785 5356 1856 5411 ad

203 5437 499 5516 ejusmodi
529 5441 825 5500 licentiam
854 5444 1245 5516 purgandam,
1281 5443 1423 5498 satis
1462 5447 1616 5499 esset
1645 5443 1854 5501 dicere.

205 5531 601 5589 Felicissimas
631 5533 1476 5606 conjecturas,opportunaque
1506 5533 1765 5589 remedia
1785 5535 1856 5590 ad

207 5615 469 5693 mentem
503 5615 832 5694 auctorum,
862 5627 918 5680 et
947 5623 1019 5680 ad
1051 5621 1222 5678 metri
1249 5621 1406 5696 leges
1438 5621 1859 5682 adhibui.Nam

1959 3287 2314 3359 Stephanum.
2348 3287 2460 3342 Sed
2492 3287 2632 3358 quid
2665 3287 2760 3343 hic
2790 3288 2921 3344 aio?
2947 3288 3334 3346 Caecutiamus
3371 3307 3609 3348 necesse

1958 3381 2048 3432 est
2077 3377 2134 3431 in
2150 3375 2586 3432 barbaricorum
2599 3379 2932 3448 temporum
2947 3379 3182 3451 scriptis
3202 3379 3606 3448 emendandis,

1958 3482 2025 3521 ac
2055 3481 2170 3519 non
2202 3480 2332 3518 raro
2366 3463 2654 3530 fallemur,
2687 3464 2917 3536 quoties
2947 3464 3321 3522 librariorum
3371 3469 3608 3524 incuria

1959 3571 2025 3609 ac
2054 3552 2393 3625 ignorantiae
2423 3553 2754 3608 tribuemus
2800 3552 2940 3609 vitia
2987 3571 3115 3625 quae
3164 3554 3310 3627 ipsis
3355 3557 3608 3613 indoctis

1959 3642 2297 3698 auctoribus
2327 3645 2466 3697 sunt
2488 3641 2818 3697 tribuenda.
2851 3642 3016 3697 Metri
3045 3641 3221 3714 leges,
3251 3643 3360 3700 hoc
3380 3649 3471 3700 est
3492 3644 3606 3718 syl-

1958 3731 2226 3787 labarum
2257 3747 2591 3798 numerum,
2632 3731 2690 3785 in
2738 3731 3004 3787 versibus
3051 3731 3213 3788 hisce
3261 3733 3610 3803 rhythmicis

1962 3819 2257 3892 neglectas
2287 3819 2751 3886 cernimus.Quis
2781 3825 2971 3877 certos
2993 3838 3099 3878 nos
3125 3821 3263 3878 facit
3291 3823 3610 3896 deliquisse

1958 3909 2267 3965 librarium
2299 3909 2494 3981 potius
2521 3926 2701 3982 quam
2725 3926 2926 3966 eorum
2952 3912 3291 3967 auctorem?
3319 3911 3526 3987 Aspice
3545 3912 3611 3969 il-

1959 3999 2035 4054 lic
2067 3999 2211 4055 alios
2239 3999 2445 4054 versus
2474 4015 2742 4056 enormes
2777 4019 2790 4055 :
3544 4043 3548 4048 ι

1961 4093 2365 4145 Pr‘a’cursorem
2395 4089 2698 4160 Baptistam
2742 4091 3009 4145 Joannem
3057 4094 3110 4146 et
3157 4099 3460 4164 martyrem
3504 4093 3610 4148 Να-

2733 4201 2737 4206 ·
3279 4180 3535 4250 [sarium

1963 4269 2290 4334 Mammam,
2324 4265 2705 4323 Andronicum
2733 4275 2785 4322 et
2814 4267 3052 4324 Probum
3098 4285 3223 4324 cum
3250 4269 3612 4341 quadraginta

3163 4358 3540 4431 [murti/ribus.

1965 4444 2310 4514 Temporibus
2376 4447 2717 4517 principum,
2775 4462 2966 4515 regum
3023 4445 3285 4502 desiderii
3339 4452 3392 4504 et
3454 4446 3611 4521 Adel-

3369 4535 3538 4606 ~[chis.

1966 4621 2210 4674 Caeteros
2242 4619 2741 4676 omitto.Similem
2775 4619 3061 4678 habemus
3090 4622 3149 4676 in
3181 4622 3474 4694 epitaphio
3506 4623 3612 4679 Pa-

1967 4707 2115 4780 cifici
2146 4707 2720 4781 archidiaconi,quod
2751 4713 2948 4764 tamen
2979 4725 3048 4764 ex
3078 4725 3370 4765 marmore
3387 4727 3615 4784 expres-

1968 4798 2046 4854 sit
2075 4797 2227 4853 idem
2263 4797 2524 4852 marchio
2555 4797 2821 4853 Mall‘eius
2847 4814 2859 4852 :

1975 4904 1983 4910 '
2064 4896 2300 4968 Septimo
2325 4896 2577 4951 vicesimo
2605 4897 2791 4953 aztatis
2817 4912 2963 4952 anno
2992 4895 3225 4953 Caesaris
3258 4897 3523 4954 Lotharii.

1967 4995 2352 5052 Scribendum
2385 4998 2582 5051 autem
2617 4999 2814 5052 monet
2855 4994 3220 5053 clarissimus
3251 4996 3515 5054 marchio
3555 4997 3613 5054 in

1966 5082 2303 5139 Mabillonio
2334 5083 2707 5156 Adelchiis[an
2734 5083 2947 5141 melius
2976 5084 3359 5155 Adelchiiﬂut
3389 5089 3447 5143 et
3475 5087 3614 5143 alibi

1967 5175 2330 5246 Baptismium
2359 5177 2415 5230 et
2444 5176 2756 5239 Ravenniu;
2782 5174 3077 5248 dactylum
3107 5174 3286 5243 enim,
3304 5180 3404 5232 aut
3431 5176 3615 5233 Creti-

1968 5280 2125 5332 cum,
2187 5267 2289 5318 aut
2346 5267 2706 5335 anapaestum
2760 5263 2818 5320 in
2868 5265 2983 5321 ﬁne
3032 5264 3274 5340 exigunt
3321 5265 3379 5321 id
3427 5283 3614 5339 genus

1966 5352 2244 5426 rhythmi.
2281 5351 2365 5408 Ita
2394 5369 2555 5408 sane.
2587 5353 2696 5409 Sed
2727 5353 2918 5410 adhuc
2945 5354 3231 5412 incertum
3261 5357 3348 5411 est
3385 5371 3458 5411 an
3488 5353 3614 5410 vul-

1967 5457 2134 5516 gares
2166 5459 2368 5498 eorum
2392 5445 2722 5516 temporum
2756 5443 3169 5518 rhythmopceii
3197 5447 3318 5500 tam
3348 5442 3615 5516 religiose

1965 5531 2125 5589 hisce
2155 5531 2383 5605 legibus
2433 5532 2754 5606 constringi
2803 5550 2866 5591 se
2913 5534 3187 5591 sinerent.
3221 5532 3367 5598 Quid
3395 5531 3613 5588 factum

1971 5622 2148 5680 fuerit
2180 5622 2236 5680 in
2270 5620 2631 5695 syllabarum
2662 5623 3063 5684 observatione
3106 5636 3291 5695 nuper
3335 5619 3612 5681 vidimus.
