3946 6370
345 361 462 424 767

1096 350 1286 416 SEC.
1331 349 1416 415 XI
1457 351 1684 416 AUCT.
1730 351 2050 416 INCERTI
2091 353 2282 425 ANNI
2325 354 2426 417 ET
2469 353 2768 418 SGRIPT.
2795 345 3070 415 Mssa.“

3623 355 3752 420 768

342 491 628 569 Vopiscus
657 489 835 549 etiam
863 486 926 546 in
954 484 1263 545 Aureliano
1291 483 1608 544 militarem
1639 483 1982 558 rhythmum
2009 490 2066 558 Α
2165 487 2358 546 Unum
2387 489 2796 546 tantummodo
2843 488 3138 562 adjiciam,
3199 442 3412 563 nempe
3469 489 3598 564 cogi
3638 503 3757 549 nos

341 585 538 654 refert,
568 581 731 640 hisce
759 578 952 638 verbis
981 579 1325 650 conceptum
1361 593 1374 631 :

341 719 508 786 Hillo,
537 716 712 785 mille,
743 715 900 770 mille
923 713 1102 781 mille,
1131 711 1287 767 mille
1315 710 1720 766 decollavimus.

344 810 490 868 Unus
517 807 675 863 homo
703 804 882 870 mille,
911 803 1086 869 mille,
1117 801 1274 857 mille
1301 799 1706 856 decollavimus.

337 897 505 964 Mille,
536 895 710 963 mille,
743 893 902 948 mille
929 893 1099 958 vivat,
1131 893 1228 964 qui
1253 889 1408 945 mille
1434 888 1652 944 occidit.

343 989 574 1044 Tantum
601 984 720 1042 vini
747 983 906 1038 habet
927 980 990 1053 [f.
1025 980 1182 1051 bibit]
1204 993 1384 1046 neme,
1397 985 1663 1050 quantum
1689 975 1836 1050 fudit
1861 993 1990 1032 san-

1683 1067 1915 1138 [guinis.

337 1211 424 1267 Ita
446 1205 788 1266 scribendos
817 1220 916 1262 eos
944 1218 1150 1259 versus
1180 1203 1378 1274 puto,e
1410 1199 1627 1272 quibus
1657 1199 1886 1266 tertius,
1905 1198 1992 1254 uti

333 1298 584 1363 videtur,
631 1297 835 1352 contra
881 1292 1038 1364 leges
1086 1289 1381 1346 clauditur
1424 1289 1599 1345 verbo
1657 1287 1868 1344 occidit.
1921 1288 1993 1343 At

333 1383 656 1444 hexametri
687 1397 919 1455 quoque
939 1379 1234 1436 interdum
1265 1395 1380 1434 non
1407 1377 1666 1452 dactylo,
1691 1377 1791 1433 sed
1823 1393 1994 1450 spon-

333 1477 455 1533 daao
485 1471 846 1530 clauduntur
874 1469 1029 1542 apud
1062 1466 1332 1524 meliores
1365 1470 1589 1539 poetas.

401 1563 563 1630 Quod
582 1563 672 1619 est
697 1559 770 1618 ad
800 1558 1145 1632 rhythmum
1193 1558 1268 1613 De
1309 1557 1566 1614 laudibus
1619 1556 1920 1614 Mediolani
1961 1573 1996 1612 a

329 1667 425 1712 me
447 1651 694 1716 editum,
727 1647 1111 1705 doctissimus
1163 1663 1371 1704 censor
1417 1645 1797 1718 conqueritur
1837 1645 1993 1718 quod

329 1759 505 1817 prave
533 1739 867 1812 descriptus
898 1737 1082 1794 fuerit
1110 1751 1180 1793 ex
1207 1738 1540 1809 pervetusto
1587 1735 1786 1792 codice
1815 1734 1992 1790 Vero-

327 1831 498 1889 nensi
525 1849 539 1887 :
573 1829 794 1902 quibus
812 1827 1016 1884 verbis
1045 1826 1218 1886 tacite
1249 1817 1607 1898 imperitiam
1626 1824 1880 1896 objicere
1908 1823 1993 1880 vi-

325 1922 497 1978 detur
521 1917 864 1976 doctissimo
916 1910 1039 1972 viro
1093 1914 1509 1974 Bartholomaeo
1553 1913 1988 1996 Campagnolzn,

325 2007 568 2084 capituli
597 2005 1011 2065 canonicorum
1043 1997 1472 2062 Veronensium
1519 2001 1890 2069 cancellario,
1933 2009 1992 2062 et

325 2115 485 2156 nunc
515 2099 576 2154 in
601 2097 806 2155 eadem
835 2095 982 2152 urbe
1009 2093 1516 2168 archipresbytero
1564 2091 1821 2148 ecclesiae
1849 2107 1987 2146 san-

325 2193 430 2247 ctis
459 2186 760 2255 Caeciliae,a
789 2201 906 2258 quo
935 2183 1288 2257 opusculum
1321 2182 1686 2254 descriptum
1717 2184 1892 2252 atque
1911 2180 1985 2236 ad

324 2293 420 2334 me
449 2277 700 2334 missum
731 2274 862 2330 fuit.
893 2273 1006 2329 Sed
1034 2271 1250 2328 mirum
1281 2273 1439 2343 quod
1469 2270 1576 2338 vir,
1609 2268 1836 2341 alioqui
1859 2284 1986 2340 per-

318 2365 728 2441 spiacissimus
759 2379 875 2420 non
907 2367 1042 2420 ante
1071 2377 1272 2418 secum
1314 2359 1672 2433 reputaverit
1733 2375 1807 2415 an
1843 2374 1983 2430 prea-

321 2454 518 2529 cipitis
556 2453 779 2526 judicis
845 2455 1044 2508 notam
1102 2450 1400 2508 incurrere
1460 2450 1680 2520 posset,
1743 2447 1980 2518 quando

319 2545 518 2602 codice
545 2541 914 2600 ms.minime
943 2541 1204 2614 inspecto
1245 2539 1358 2596 sibi
1376 2539 1448 2595 de
1464 2537 1744 2609 reignota
1789 2535 1978 2592 feren-

320 2633 462 2690 dum
493 2636 620 2690 erat
641 2628 1144 2706 judicium.Atqui
1174 2627 1472 2684 erroribus
1495 2625 1758 2683 abundat
1781 2623 1980 2698 rhyth-

318 2740 476 2782 mus.
508 2723 634 2780 Non
665 2722 894 2778 abnuo:
917 2721 1019 2776 sed
1052 2719 1194 2792 quid
1220 2717 1358 2772 inde
1386 2715 1538 2788 apud
1568 2715 1979 2785 cautumjudi-

317 2830 446 2870 com
477 2811 894 2884 consequitur?
922 2809 1049 2866 Non
1072 2807 1303 2864 minora
1317 2805 1460 2862 vitia
1481 2805 1541 2860 in
1557 2802 1973 2860 Mabilloniano

317 2901 593 2976 rhythmo
625 2903 961 2967 occurrunt,
997 2893 1519 2968 incomparabilem
1538 2897 1735 2950 tamen
1780 2893 1972 2950 virum

315 2995 472 3050 certe
500 3007 674 3048 nemo
705 2986 1161 3064 neget,antiques
1183 2983 1486 3055 scripturae
1520 2981 1966 3055 peritissimum.

315 3083 409 3151 At,
442 3081 656 3155 regerit
683 3078 971 3145 Matl‘eius,
998 3074 1458 3148 paucissimorum
1484 3087 1634 3128 nunc
1652 3079 1730 3127 est
1760 3073 1968 3128 intelli-

314 3186 442 3241 gere
469 3173 715 3228 veterum
743 3171 1102 3231 characteres,
1136 3177 1285 3235 quos
1305 3159 1402 3218 ille
1429 3161 1610 3217 antice
1633 3163 1840 3218 corsive
1869 3177 1971 3234 ap-

316 3231 513 3334 pellat.
546 3260 660 3316 Sed
689 3257 832 3330 quid
877 3253 930 3310 si
978 3251 1134 3308 inter
1151 3231 1344 3308 hosce
1385 3249 1775 3324 paucissimos
1803 3231 1972 3307 locus
1997 3231 2040 3302 C

313 3347 724 3423 Campagnolae
751 3345 866 3418 ipsi
901 3341 1208 3414 negandus
1239 3357 1354 3397 non
1385 3339 1857 3398 esset?Liberum
1879 3344 1970 3398 est

315 3455 492 3508 nunc,
527 3442 595 3494 ut
623 3438 788 3510 puto,
821 3430 1048 3488 Maﬂ‘eio
1080 3430 1194 3504 ipsi
1223 3431 1403 3503 (quod
1433 3429 1574 3487 olim
1615 3447 1732 3486 non
1782 3429 1970 3505 licuit)

316 3529 426 3587 sub
473 3526 675 3585 oculos
721 3522 937 3578 habere
988 3519 1262 3576 eumdem
1309 3519 1588 3591 codicem,
1641 3535 1758 3593 qua
1803 3522 1968 3592 parte

313 3617 658 3692 rhythmum
679 3629 715 3668 a
734 3627 828 3668 me
857 3609 1082 3668 editum
1112 3608 1695 3682 complectitur.Tum
1716 3608 1974 3681 prudeu-.

313 3701 1128 3779 tiusjudicabittribuendane
1137 3698 1258 3757 sint
1269 3698 1685 3772 antiquissimo
1704 3697 1964 3768 librario,

313 3795 612 3853 nedicam
641 3790 900 3864 rhythmi
948 3789 1136 3863 ipsius
1183 3788 1425 3858 auctori,
1459 3804 1532 3844 an
1583 3786 1968 3844 solertissimo

311 3878 874 3956 Gampagnolaa,qure
896 3882 1000 3936 aut
1019 3880 1422 3951 corrupta,aut
1441 3877 1691 3932 obscura
1710 3877 1770 3932 in
1791 3876 1970 3933 hocce

312 3971 588 4045 rhythmo
618 3969 812 4026 adhuc
835 3964 1459 4041 deprehenduntur.Et
1487 3982 1592 4038 ego
1623 3965 1966 4038 rhythmum

313 4059 589 4119 eumdem
601 4057 970 4114 exactissime
981 4054 1786 4127 describendum,iisdemque
1797 4054 1966 4128 plane

313 4151 718 4208 characterum
750 4146 956 4204 formis
985 4162 1055 4202 ex
1097 4160 1212 4200 ms.
1245 4142 1690 4216 exprimendum
1747 4146 1962 4214 curavi,

313 4240 398 4296 ita
423 4241 491 4294 ut
519 4233 774 4310 propriis
801 4233 979 4292 veluti
1000 4232 1188 4290 oculis
1209 4231 1469 4289 codicem
1489 4231 1686 4304 ipsum
1709 4233 1968 4307 inspexe-

313 4328 428 4384 rim
460 4343 474 4382 :
507 4341 575 4383 ac
603 4341 784 4381 manu
815 4323 982 4396 tetigi
1015 4321 1163 4378 nihil
1193 4322 1266 4378 ab
1297 4321 1562 4393 ejusdem
1608 4322 1824 4380 codicis
1854 4324 1966 4380 fide

314 4417 680 4488 discrepasse
709 4411 1044 4486 exemplum
1076 4411 1218 4468 olim
1239 4412 1312 4469 ad
1328 4428 1421 4468 me
1437 4411 1689 4469 missurn
1710 4414 1782 4469 ab
1803 4431 1968 4470 accu-

315 4503 614 4562 ratissime
644 4503 772 4576 ipso
805 4501 1531 4576 Campagnola.Quidquid
1560 4502 1620 4559 in
1653 4503 1905 4560 editione
1933 4521 1970 4559 a

317 4594 576 4652 mefaeta
589 4593 838 4650 dissidet
851 4591 1500 4661 acodice,immutatum
1520 4594 1968 4650 emendatumve
1997 4614 2046 4680 Β

317 4701 354 4742 a
379 4701 472 4742 me
501 4700 620 4742 uno
650 4683 782 4741 fuit.
809 4681 1153 4756 Indulgetur
1179 4681 1336 4738 enim
1366 4681 1448 4754 (id
1479 4685 1879 4755 repeto,atque
1907 4681 1966 4737 id

315 4773 493 4831 etiam
524 4771 789 4846 pracipit
817 4770 1182 4829 clarissimus
1213 4770 1860 4843 Maﬂ‘eius)describenti
1879 4787 1970 4826 ve-

315 4865 508 4919 terum
541 4865 928 4918 monumenta
957 4875 988 4918 e
1017 4859 1316 4918 codicibus
1355 4863 1632 4933 (quorum
1682 4857 1855 4930 pauci
1897 4855 1969 4912 1i-

314 4950 659 5009 brariorum-
679 4951 973 5008 erroribus
1022 4953 1242 5024 carent)
1275 4947 1534 5024 patentia
1583 4947 1720 5004 inde
1767 4945 1972 5004 tollcre

317 5041 552 5109 menda,
584 5056 654 5098 ea
681 5043 874 5098 tamen
906 5044 1161 5110 tantum,
1195 5056 1322 5112 quae
1353 5040 1508 5092 recte
1538 5035 1823 5108 conjicere
1840 5053 1971 5110 pos-

317 5147 528 5190 sumus
555 5147 625 5187 ex
655 5131 1103 5188 amanuensium
1131 5125 1448 5186 oscitantia
1477 5126 1967 5197 processisse.Re-

315 5221 546 5294 liquum
570 5235 678 5294 ego
692 5217 1174 5294 dimisi,ingentis
1195 5213 1388 5287 operis
1410 5213 1562 5272 mole
1578 5215 1649 5271 ad
1671 5215 1787 5272 alia
1807 5215 1968 5272 solli-

316 5309 532 5368 citatus
560 5312 736 5382 atque
768 5310 1050 5368 intentus.
1083 5306 1283 5376 Neque
1311 5319 1445 5360 vero
1487 5304 1712 5376 majora
1754 5305 1968 5362 audere

317 5400 406 5458 fas
437 5401 738 5474 putassem
759 5397 964 5456 insciis
982 5392 1489 5454 lectoribus.Nunc
1505 5396 1681 5451 etiam
1699 5393 1966 5452 animad-

314 5493 476 5548 verto
497 5487 644 5547 nihil
670 5505 818 5562 opus
840 5487 1022 5544 fuisse
1043 5483 1298 5541 scribere
1319 5489 1532 5558 quaestu
1547 5502 1650 5558 pro
1670 5492 1966 5560 qualum;

318 5580 420 5636 sed
451 5578 606 5636 ultra
629 5596 745 5636 non
774 5579 959 5644 vacat,
976 5573 1202 5633 levibus
1231 5573 1392 5635 hisce
1421 5575 1831 5636 controversiis
1860 5593 1966 5636 seu

317 5667 482 5730 tricis
511 5667 802 5728 insistere.

2099 578 2330 634 credere
2342 578 2599 634 amicum
2612 577 2909 636 Maﬂ‘eium
2923 577 3143 652 ingenti
3153 577 3456 652 prurigine
3475 581 3756 638 censoria

2097 666 2270 741 virgae
2301 667 2806 737 adhibendas,cum
2827 667 2948 724 haec
2967 667 3520 742 scripsit,agitatum
3544 669 3754 727 fuisse.

2099 756 2296 828 Neque
2325 756 2483 812 enim
2511 755 2675 813 hisce
2705 759 3100 827 contentus,et
3131 761 3292 814 extra
3321 758 3596 815 semitam
3621 777 3762 832 pro-

2099 845 2543 916 reptus,invasit
2558 847 2732 902 etiam
2749 845 3066 902 frustulum
3086 847 3229 904 Vitae
3252 847 3439 904 sancti
3461 847 3760 906 Geminia-

2099 932 2160 988 ni
2181 933 2436 1006 episcopi
2458 933 3012 1009 Mutinensis,quam
3034 951 3102 992 ex
3121 935 3300 993 altero
3319 936 3642 994 Veronensi
3663 955 3766 995 co-

2101 1022 2227 1079 dice
2241 1026 2572 1096 excerptam
2593 1025 2808 1096 protuli
2831 1025 2890 1082 in
2915 1026 3118 1082 eadem
3143 1030 3306 1098 parte
3330 1042 3371 1083 ιι
3387 1026 3595 1083 tomiII
3615 1027 3758 1084 Rer.

2101 1110 2594 1184 Italicarum,ejus
2625 1117 2922 1170 auctorem
2953 1115 3520 1182 arbitratus,circiter
3538 1132 3761 1171 annum

2103 1200 2308 1256 Christi
2335 1200 2439 1255 910
2471 1200 2754 1258 ﬂoruisse.
2790 1201 2934 1258 Mihi
2964 1202 3218 1276 profecto
3249 1203 3301 1259 si
3330 1204 3534 1260 eadem
3565 1203 3758 1259 libido

2102 1288 2573 1362 insideret,sique
2602 1307 2710 1363 par
2738 1291 2862 1363 pari
2896 1291 3136 1348 reddere
3167 1292 3402 1349 animus
3433 1292 3601 1362 foret,
3631 1310 3757 1350 non

2102 1379 2392 1450 deessent,
2425 1395 2550 1451 qua:
2580 1379 2641 1434 in
2672 1380 2931 1437 censoris
2962 1379 3288 1436 doctissimi
3318 1379 3486 1438 libris
3509 1381 3757 1454 sequiori

2103 1485 2360 1525 censuras
2390 1471 2675 1540 paterent.
2705 1467 2922 1525 Verum
2972 1469 3242 1526 amicitiae
3299 1469 3458 1544 leges
3505 1470 3760 1528 minime

2103 1557 2340 1627 oblitus,
2375 1556 2574 1630 clypeo
2603 1561 2855 1628 tantum,
2888 1575 3004 1616 non
3034 1574 3172 1615 ense
3201 1557 3296 1614 hic
3325 1558 3584 1617 utar.Ille
3611 1575 3759 1634 ergo

2103 1645 2309 1703 scribit
2336 1646 2730 1720 fragmentum
2760 1663 2948 1720 nuper
2978 1652 3368 1705 memoratum
3387 1647 3530 1706 Vitae
3561 1648 3762 1706 sancti

2103 1734 2432 1792 Geminiani
2461 1736 2842 1808 desumptum
2871 1734 3054 1794 fuisse
3082 1753 3114 1793 e
3143 1738 3482 1794 Lectienario
3528 1739 3761 1796 circiter

2099 1825 2368 1882 saeculum
2394 1842 2492 1882 xxv
2517 1826 2736 1897 scripto.
2770 1825 2843 1881 Ut
2869 1823 3033 1881 lubet
3065 1841 3078 1880 :
3111 1827 3360 1884 rariores
3379 1825 3558 1884 etiam
3585 1843 3760 1901 gem-

2100 1930 2228 1970 mas
2258 1914 2554 1970 interdum
2586 1919 2891 1971 servarunt
2919 1914 3088 1972 nobis
3118 1915 3313 1972 saeculi
3344 1915 3473 1988 ejus
3495 1915 3756 1987 codices,

2095 2003 2364 2060 videlicet
2391 2008 2449 2059 et
2479 2003 2591 2076 ipsi
2619 2004 2691 2060 ab
2723 2003 3160 2077 antiquioribus
3188 2005 3487 2078 descripti.
3519 2005 3700 2062 Addit
3738 2023 3754 2063 :

2094 2094 2234 2150 Poce
2263 2100 2418 2150 conto
2445 2095 2496 2148 si
2515 2111 2626 2166 puo
2653 2095 2834 2164 fame,
2873 2101 3086 2150 menlre
3130 2095 3558 2166 interpelazieni
3581 2094 3758 2152 molle

2093 2183 2262 2238 inette
2291 2183 2472 2238 hanno
2497 2183 2547 2238 le
2573 2183 2686 2239 Vile
2715 2184 2778 2238 in
2804 2184 2882 2238 lal
2910 2183 3284 2240 Lex-tenariam
3312 2185 3426 2241 cesi
3455 2192 3542 2240 ινα
3562 2183 3758 2242 l’altre

2092 2271 2278 2344 quella
2305 2271 2365 2326 di
2392 2288 2495 2328 san
2521 2272 2923 2340 Zenone.Quod
2944 2271 3004 2328 in
3033 2271 3169 2328 Vita
3191 2272 3382 2330 sancti
3401 2272 3648 2330 Zenonis
3663 2273 3754 2330 in-

2090 2360 2504 2432 terpolationes
2531 2365 2862 2428 occurrant,
2893 2361 3180 2418 deducere
3207 2359 3637 2434 velle,re1iquas
3681 2377 3752 2418 e-

2087 2447 2230 2506 tiam
2243 2448 2404 2506 Vitas
2420 2450 2636 2506 codicis
2647 2449 2806 2507 illius
2818 2449 3369 2522 interpolationibus
3380 2454 3753 2520 scatere,non

2087 2538 2438 2612 probabunt,
2467 2543 2535 2595 ut
2583 2539 2984 2611 puto,eruditi.
3017 2539 3182 2606 Quod
3221 2539 3356 2612 plus
3379 2543 3492 2610 est,
3517 2539 3748 2610 nullam

2085 2627 2145 2683 in
2177 2627 2535 2700 praelaudata
2565 2629 2622 2684 S.
2671 2626 3003 2685 Geminiani
3051 2627 3184 2684 Vita
3232 2627 3750 2702 interpolationem

2085 2717 2397 2790 quisquam
2427 2717 2714 2774 ostendet.
2748 2716 2862 2773 Cur
2890 2733 3028 2791 ergo
3054 2717 3175 2774 haec
3207 2717 3474 2774 Maﬂ'eius
3495 2718 3523 2774 ?
3554 2716 3752 2792 Pergit

2082 2805 2179 2862 ille
2213 2824 2225 2862 :
2271 2807 2487 2863 L’autor
2515 2806 2659 2862 delia
2695 2807 2892 2878 giunta
2937 2810 2998 2878 fa
3042 2807 3328 2864 mensione
3381 2806 3507 2864 dell’
3555 2810 3750 2866 antica

2078 2897 2347 2952 scerreria
2374 2894 2520 2966 dein
2553 2897 2820 2968 Ungheri;
2849 2913 2942 2952 ma
2969 2912 3082 2952 non
3108 2900 3314 2953 mestra
3341 2913 3486 2954 esser
3535 2898 3747 2966 vissule

2078 3001 2113 3042 a
2141 2993 2314 3058 tempe
2344 2985 2404 3041 di
2429 2987 2632 3057 quella,
2667 2986 2820 3042 bensi
2848 2984 3088 3042 d’alcun’
3121 2987 3273 3043 allra
3317 2986 3456 3044 delle
3505 2983 3645 3058 fatte
3672 2989 3748 3046 da

2077 3075 2261 3148 quella
2303 3079 2478 3144 gente.
2511 3075 2687 3146 Atqui
2735 3078 2960 3131 certum
3009 3077 3166 3148 apud
3219 3092 3424 3132 omnes
3473 3077 3743 3134 eruditos

2075 3163 2340 3220 futurum
2371 3167 2480 3234 est,
2513 3165 2779 3221 eamdem
2801 3163 3156 3234 Vitam,una
3185 3181 3322 3222 cum
3353 3165 3567 3222 lacinia
3588 3184 3624 3224 a
3647 3183 3747 3224 me

2077 3253 2252 3323 edita,
2285 3259 2414 3310 ante
2440 3253 2685 3310 medium
2708 3253 2972 3311 saeculum
2991 3271 3029 3309 Χ
3059 3253 3243 3311 fuisse
3285 3253 3500 3312 litteris
3543 3256 3744 3312 consi-

2078 3341 2486 3418 gnatam.Mihi
2508 3337 3418 3416 persuaseram,additamentum
3438 3343 3586 3401 illud
3611 3344 3748 3403 luce

2077 3433 2386 3505 hucusque
2416 3433 2694 3505 caruisse,
2733 3433 2889 3505 quod
2919 3432 2980 3488 in
3009 3432 3144 3489 Vita
3174 3451 3208 3490 a
3237 3431 3309 3490 c1.
3346 3433 3408 3490 P.
3456 3431 3744 3500 Bollando

2077 3522 2234 3578 edita
2263 3522 2336 3578 ad
2365 3521 2520 3578 diem
2549 3539 2682 3578 xxxx
2711 3519 2980 3579 Januarii
3009 3521 3207 3594 ipsum
3237 3521 3556 3588 desiderari
3607 3523 3746 3588 ani-1

2077 3612 2546 3670 madvertissem.
2570 3612 2681 3668 Sed
2712 3611 2834 3668 hanc
2857 3610 3306 3681 scribens,nunc
3337 3611 3746 3685 deprehendo,

2077 3701 2148 3758 ab
2180 3702 2384 3758 eodem
2411 3699 2689 3758 Bollando
2721 3700 2782 3757 in
2813 3701 2968 3758 calce
3007 3701 3152 3758 tomi
3201 3701 3262 3757 in
3308 3701 3612 3760 Addendis
3663 3704 3736 3760 ad

2075 3807 2205 3849 eam
2234 3791 2390 3848 diem
2420 3808 2489 3848 ex
2516 3791 2696 3848 codice
2715 3807 2820 3847 ms.
2837 3789 3130 3848 Bedecensi
3152 3791 3550 3864 fragmentum
3572 3790 3734 3852 idem

2078 3879 2260 3938 fuisse
2281 3881 2410 3952 jam
2443 3879 2543 3937 diu
2565 3880 3308 3953 productum,quamquam
3321 3896 3388 3937 ea
3399 3879 3740 3941 diversitate

2075 3975 2142 4026 ut
2170 3987 2264 4027 me
2289 3969 2631 4042 neutiquam
2653 3968 2932 4042 poeniteat
2951 3968 3096 4025 illud
3121 3969 3320 4042 ipsum
3341 3985 3550 4026 rursus
3575 3969 3738 4028 evul-

2075 4059 2406 4134 gasse.Jam
2435 4075 2572 4132 ergo
2603 4057 2892 4115 habemus
2913 4075 3031 4115 non
3064 4059 3167 4116 uni
3199 4057 3384 4116 codici
3407 4058 3742 4120 Veronensi

2073 4149 2471 4222 fragmentum
2501 4147 2647 4204 illud
2680 4152 2986 4221 acceptum
3033 4164 3162 4204 esse
3217 4147 3612 4205 referendum.
3648 4150 3738 4208 Ibi

2072 4255 2207 4296 vero
2238 4238 2526 4311 scriptum
2557 4243 2647 4295 est
2681 4254 2693 4294 :
2721 4238 2824 4295 Sed
2847 4240 2977 4310 quia
3005 4239 3150 4294 tanti
3191 4239 3378 4294 Patris
3423 4237 3617 4294 damni
3644 4238 3740 4302 Ge-

2073 4329 2337 4397 miniani,
2362 4333 2530 4400 prout
2566 4329 2872 4400 potuimus,
2927 4329 3104 4384 Vitam
3147 4328 3290 4400 style
3340 4329 3738 4400 transegimus,

2076 4419 2204 4473 libet
2241 4432 2450 4490 quoque
2474 4417 2538 4473 de
2565 4419 2676 4473 sila
2723 4418 2877 4474 urbis
2921 4419 2982 4473 in
3030 4433 3139 4490 qua
3183 4415 3382 4473 resedit
3429 4418 3734 4492 episcopus,

2075 4506 2290 4578 aliquid
2319 4507 2604 4562 enucleare
2636 4507 2898 4562 vera-cius.
2934 4505 3132 4564 Palam
3162 4506 3284 4562 haec
3312 4507 3569 4578 produnt
3617 4525 3740 4566 non

2077 4595 2150 4652 ab
2182 4593 2374 4651 aliena
2403 4609 2604 4661 manu,
2638 4596 2740 4652 sed
2773 4597 2844 4652 ab
2875 4595 3006 4668 ipso
3034 4599 3268 4654 auctore
3306 4595 3450 4652 Vitae
3503 4596 3739 4668 adjecta

2078 4683 2282 4755 fuisse,
2317 4700 2442 4755 quae
2483 4683 2556 4739 ad
2587 4683 2778 4740 situm-
2800 4684 3151 4742 Mutinensis
3199 4683 3363 4742 urbis
3411 4683 3734 4757 pertinent.

2079 4775 2344 4838 Quonam
2375 4776 2570 4832 autem
2602 4776 2865 4846 tempore
2894 4773 3050 4831 idem
3081 4777 3284 4831 auctor
3311 4772 3597 4845 ﬂoruerit,
3623 4776 3742 4832 evi-

2079 4857 2423 4916 dentissime
2469 4875 2537 4915 ex
2583 4859 2714 4917 aliis
2763 4861 2892 4932 ejus
2937 4860 3130 4918 verbis
3161 4860 3474 4936 colligitur,
3505 4860 3610 4918 ubi
3661 4863 3737 4922 de

2076 4948 2464 5018 Hungarerum
2495 4950 2802 5007 saevissima
2846 4967 2910 5004 ac
2953 4967 3096 5022 pene
3141 4951 3396 5009 omnibus
3437 4952 3737 5010 metuenda

2076 5045 2230 5110 gente
2259 5036 2310 5094 is
2339 5035 2616 5110 loquitur,
2651 5053 2835 5110 quam,
2874 5037 3089 5112 inquit,
3137 5041 3200 5096 in
3244 5041 3448 5098 nostris
3490 5041 3734 5100 tribula-

2078 5128 2320 5184 tionibus
2366 5135 2695 5200 cempertam
2739 5128 3016 5198 habemus.
3049 5129 3268 5188 Deinde
3297 5129 3523 5198 subdit,
3565 5147 3668 5189 eos
3697 5150 3736 5191 α

2071 5221 2232 5290 parte
2257 5217 2574 5288 aquilonari
2613 5218 2834 5276 Italiam
2879 5220 3175 5292 ingressos,
3222 5219 3589 5294 Foroiuliensi
3632 5239 3734 5280 vas

2073 5309 2215 5364 stata
2249 5307 2528 5375 .marchia,
2586 5308 2849 5366 Veronam
2893 5325 3064 5384 usque
3108 5309 3460 5384 lransiliisse,
3509 5319 3564 5368 et
3603 5312 3738 5370 uni-

2073 5414 2303 5458 versam,
2345 5397 2624 5469 regionem
2705 5398 3077 5473 depopulatos,
3144 5405 3344 5459 cuncta
3405 5399 3737 5474 ﬁrmissima

2073 5488 2298 5546 urbium
2344 5488 2566 5556 naenia,
2622 5492 2922 5563 cunctaque
2961 5495 3204 5562 murata,
3243 5492 3401 5550 nullo
3446 5491 3739 5552 resistente

2073 5581 2336 5638 invasisse
2363 5578 2583 5653 oppida.
2615 5577 2877 5651 Denique
2916 5581 3123 5640 scribit
3169 5595 3186 5640 :
3223 5585 3416 5656 Itaque
3459 5581 3577 5642 lues
3627 5582 3741 5644 illa

2073 5670 2262 5745 (quam
2296 5670 2512 5730 utinam
2556 5669 2879 5744 nescimus!)
2924 5687 3038 5732 non
3082 5671 3204 5737 dico
3247 5670 3590 5746 certaminis,
3635 5672 3742 5734 sed
