3946 6364
201 373 321 439 769

1517 370 1883 438 RHYTHMI
1925 371 2304 439 VETERES.

3488 387 3609 450 7'70

199 504 423 563 insoliti
474 505 712 579 funeris,
745 508 879 576 etc.,
912 506 1132 564 tandem
1172 506 1242 563 ad
1293 506 1592 563 Mutinense
1642 507 1852 563 devenit
1881 506 1938 574 Α
1965 505 2224 581 Hungari
2240 509 2300 564 in
2326 508 2507 566 Italiae
2528 509 2726 567 sinum
2742 510 3059 579 irruerunt,
3083 513 3183 569 sed
3215 516 3554 575 muneribus
3576 536 3610 575 a

202 596 562 668 episcopium,
596 600 705 653 etc.

272 685 455 741 Nemo
516 702 634 742 non
687 685 843 743 videt
871 686 993 742 haec
1045 685 1262 759 scripta
1300 684 1481 743 fuisse
1512 687 1584 742 ab
1615 685 1853 743 homine

198 773 299 846 qui
331 791 449 831 non
479 777 716 831 tantum
740 775 983 843 viderat,
1018 776 1119 832 sed
1150 775 1327 832 etiam
1348 778 1621 849 expertus
1643 776 1850 844 fuerat,

199 868 421 935 quanta
478 864 642 920 rabie
696 864 926 921 Italiam
958 865 1284 933 dilaniaret,
1321 868 1425 921 aut
1452 882 1669 938 paucos
1722 867 1855 920 ante

199 968 384 1008 annos
416 952 764 1009 dilaniasset
791 953 1071 1011 immanis
1103 955 1515 1027 Hungarorum
1534 951 1855 1026 populus,e

199 1040 438 1114 Scythia
462 1041 523 1096 in
578 1043 964 1112 Pannoniam,
997 1060 1174 1116 quam
1206 1041 1318 1098 sibi
1361 1042 1611 1115 subjecit
1661 1046 1852 1108 antea,

198 1130 309 1186 hoc
343 1134 433 1187 est
463 1130 694 1187 circiter
722 1149 947 1188 annum
981 1132 1199 1189 Christi
1228 1131 1334 1185 889
1362 1132 1627 1204 illapsus.
1660 1130 1856 1187 Prima

200 1234 405 1275 eorum
431 1218 742 1292 impressio
768 1219 828 1275 in
861 1219 1113 1287 Italiam,
1144 1223 1290 1276 teste
1320 1220 1652 1277 Hermanno
1707 1220 1852 1275 Con-

200 1310 386 1363 tracta
407 1312 466 1364 et
487 1308 904 1366 Continuatore
930 1309 1243 1366 Annalium
1270 1309 1672 1377 Fuldensium,
1689 1309 1853 1366 aliis-

202 1412 334 1467 que,
352 1396 635 1471 illiganda
661 1398 893 1454 videtur
920 1416 1072 1455 anno
1102 1400 1224 1456 900.
1249 1398 1557 1455 Annalista
1584 1402 1751 1468 Saxo,
1779 1399 1852 1454 ab

203 1486 452 1542 Eccardo
511 1487 724 1554 editus,
755 1487 1111 1561 Reginonem
1143 1491 1400 1557 secutus,
1435 1492 1536 1544 aut
1564 1488 1853 1557 eamdem,

201 1580 302 1631 aut
322 1575 967 1650 alteramirruptionem
995 1577 1358 1633 describitad
1383 1594 1605 1633 annum
1624 1578 1723 1632 901
1760 1576 1854 1632 his

198 1665 390 1721 verbis
423 1683 438 1722 :
471 1667 910 1738 Langobardiam
958 1683 1166 1741 quoque
1203 1668 1457 1738 ingrcssi,
1494 1666 1729 1721 aedibus
1768 1668 1853 1720 in-

196 1755 393 1811 cendia
450 1758 676 1812 miscent
706 1774 725 1818 ;
782 1773 1011 1829 cumque
1061 1758 1259 1813 incola}
1315 1760 1482 1813 terra:
1545 1755 1859 1825 conglobati

196 1846 449 1901 resistere
475 1850 827 1912 conarentur,
856 1847 1094 1918 plurimi
1122 1847 1361 1917 episcopi
1390 1849 1442 1901 et
1481 1845 1699 1902 comites
1728 1861 1855 1899 cum

196 1934 596 1991 innumerabili
614 1936 899 1991 hominum
915 1936 1271 1992 multitudine
1303 1936 1631 2007 sagittarum
1661 1934 1855 1990 ictibus

199 2024 566 2080 trucidantur.
619 2024 965 2081 Liutwardus
1026 2026 1374 2080 Vercellensis
1433 2025 1714 2095 episcopus
1766 2040 1855 2078 as-

198 2115 430 2185 sumptis
458 2113 732 2170 thesauris
760 2115 1000 2186 fugiens,
1036 2114 1232 2169 incidit
1258 2129 1421 2185 super
1479 2128 1586 2181 eos,
1622 2128 1855 2185 moxque

197 2202 550 2272 interﬁcitur.
588 2204 670 2259 En
700 2220 1012 2276 quousque
1040 2219 1195 2258 anno
1226 2201 1326 2258 illo
1357 2205 1459 2257 aut
1503 2200 1851 2272 praecedenti

199 2292 522 2363 penetrarit
540 2291 903 2349 ferocissima
922 2307 1084 2365 gens.
1107 2291 1346 2346 Illorum
1378 2293 1576 2347 autem
1608 2289 1853 2362 irruptio

198 2379 260 2435 in
291 2380 686 2438 Mutinensem
713 2398 942 2455 agrum,
975 2385 1032 2437 et
1061 2381 1309 2437 vastatio
1342 2378 1707 2435 celeberrimi
1738 2379 1858 2434 No-

200 2470 508 2527 nantulani
530 2470 870 2527 monasterii
898 2487 999 2543 per
1016 2486 1116 2527 eos
1139 2470 1309 2538 facta,
1336 2470 1395 2525 in
1411 2469 1646 2525 eosdem
1669 2484 1855 2525 annos

200 2559 570 2631 conjicienda
597 2559 846 2626 videtur,
883 2564 948 2614 ut
977 2558 1192 2632 Pagius
1223 2562 1376 2614 recte
1426 2556 1674 2613 monuit.
1702 2556 1853 2612 Tum

204 2648 709 2721 subsequentibus
733 2648 905 2705 annis
936 2664 1084 2704 nova
1114 2647 1186 2703 ab
1216 2647 1290 2703 iis
1331 2644 1575 2701 vulnera
1632 2645 1856 2702 inﬂicta

198 2737 364 2793 fuere
405 2736 617 2807 Italiae;
654 2753 788 2793 nam
820 2740 953 2810 post
981 2737 1354 2810 proﬂigatum
1389 2734 1853 2792 Christianorum

201 2826 543 2895 exercitum,
592 2841 767 2899 quem
798 2827 857 2882 in
901 2844 999 2883 eos
1030 2825 1419 2898 Berengarius
1452 2825 1495 2893 Ι,
1529 2824 1703 2881 Italiae
1734 2841 1850 2894 rex,

202 2916 548 2982 adduxerat,
580 2930 691 2971 non
714 2924 834 2972 erat
855 2916 945 2988 (ut
968 2916 1361 2987 Liutprandus
1393 2912 1720 2970 Ticinensis
1741 2918 1856 2970 tra-

202 3004 290 3061 dit
318 3004 422 3060 lib.
457 3022 520 3073 II,
554 3021 679 3077 cap.
712 3008 768 3077 6,
801 3004 1043 3075 Hister.)
1091 3006 1187 3075 qui
1244 3020 1431 3059 eorum
1476 3005 1851 3075 prmsentiam,

198 3095 314 3149 nisi
341 3095 732 3150 munitissimis
760 3097 901 3165 forte
951 3094 1365 3165 praestolaretur
1402 3095 1465 3147 in
1504 3094 1653 3149 locis.
1685 3094 1853 3149 Teste

201 3184 407 3239 eodem
442 3184 824 3255 Liutprando,
859 3199 974 3255 quo
1005 3199 1157 3238 anno
1206 3180 1534 3237 Ludovicus
1562 3180 1636 3236 IIl
1667 3179 1850 3253 impe-

1962 596 2311 671 Berengario
2333 599 2913 675 marchione,postea
2941 617 3094 676 rege,
3128 601 3341 675 placati
3371 606 3608 663 absces-

1960 702 2109 742 sere.
2125 686 2412 745 Baronius
2428 692 2485 744 et
2509 689 2722 763 Pagius
2743 694 2940 748 aetum
2954 691 3064 749 hoc
3086 709 3239 750 anno
3251 693 3356 749 949
3377 698 3607 768 putant.

1967 774 2080 830 Sed
2134 775 2242 832 hoc
2273 781 2445 836 antea
2501 778 2820 853 contigisse
2846 797 2915 838 ex
2943 781 3298 853 Liutprando
3329 783 3610 841 historico

1964 863 2209 921 fortasse
2242 865 2501 941 colligas.
2534 867 2797 941 Denique
2839 871 3208 927 Frodoardus
3238 871 3298 927 in
3325 871 3610 931 Chronico

1964 953 2035 1007 ad
2068 969 2162 1009 an.
2194 954 2294 1010 951
2333 957 2513 1013 tradit
2542 957 2850 1031 Hungaros
2876 960 3138 1019 exltalia
3168 962 3230 1015 in
3257 961 3611 1033 Aquitaniam

1962 1040 2147 1098 fuisse
2163 1060 2528 1116 progressos.
2550 1045 2841 1106 Fortassis
2871 1051 2928 1103 et
2957 1065 3110 1104 anno
3130 1049 3235 1105 954
3252 1049 3559 1123 Hungaros
3579 1067 3611 1106 e
3677 1102 3689 1113 .

1963 1129 2152 1186 Gallia
2179 1132 2471 1207 fugientes
2504 1134 2670 1191 Italia
2704 1136 2884 1205 vidit;
2921 1140 2980 1193 at
3027 1136 3181 1192 ultra
3210 1154 3324 1194 non
3361 1137 3610 1211 legimus

1962 1218 2426 1283 immitissimam
2457 1228 2691 1296 gentem
2711 1225 2997 1298 irrupisse
3018 1225 3077 1281 in
3100 1225 3275 1282 hasce
3292 1226 3557 1300 regiones
3593 1244 3606 1283 :

1963 1324 2092 1364 eam
2126 1309 2343 1382 quippe
2372 1311 2639 1368 bellicosi
2677 1313 3103 1371 Germanorum
3160 1314 3383 1387 populi,
3407 1315 3611 1372 multis

1963 1397 2219 1454 caedibus
2252 1398 2454 1470 illatis,
2488 1417 2615 1457 sese
2660 1401 2814 1457 intra
2862 1402 3079 1459 limites
3121 1420 3263 1459 suos
3311 1405 3611 1461 continere

1962 1487 2199 1541 tandem
2236 1488 2490 1544 edocuit.
2536 1490 2679 1546 Tota
2708 1507 2844 1563 ergo
2875 1491 3148 1564 periodus
3189 1508 3607 1563 aerumnarum,

1964 1591 2111 1646 quas
2132 1575 2204 1631 ab
2235 1576 2523 1649 Hungaris
2554 1577 2723 1634 Italia
2752 1580 3055 1649 sustinuit,
3090 1580 3242 1636 inter
3270 1581 3611 1637 annum900

1963 1667 2021 1718 et
2034 1662 2141 1718 950
2171 1681 2370 1721 revera
2390 1665 2783 1724 concluditur.
2802 1670 2945 1724 Cum
2968 1685 3103 1741 ergo
3125 1668 3488 1742 exploratum
3511 1671 3608 1740 sit,

1964 1755 2030 1808 ut
2051 1770 2228 1825 supra
2250 1754 2526 1824 vidimus,
2543 1756 2886 1829 scriptorem
2907 1757 3052 1813 Vitm
3075 1758 3265 1814 sancti
3279 1759 3610 1815 Geminiani

1966 1842 2171 1898 eadem
2202 1841 2333 1915 ipsa
2364 1849 2712 1917 tempestate
2758 1846 3046 1915 ﬂoruisse,
3072 1851 3206 1919 peto
3234 1864 3339 1920 ego
3368 1865 3444 1904 an
3475 1864 3611 1905 cen-

1967 1948 2116 1986 surae
2174 1930 2347 1988 alicui
2390 1933 2567 2004 justas
2629 1932 2793 1990 locus
2822 1935 3019 2003 fuerit,
3054 1936 3210 2007 quod
3251 1937 3609 2009 scripserim,

1967 2024 2266 2077 auctorem
2283 2021 2443 2078 illius
2463 2038 2725 2079 cmcrrsn
2745 2041 2956 2080 annum
2982 2024 3186 2080 Christi
3197 2025 3304 2081 910
3316 2025 3614 2084 ﬂoruisse?

1963 2110 2035 2163 At
2074 2109 2267 2182 inquit
2296 2110 2521 2169 amicus
2550 2112 2816 2169 Maﬂ'eius
2852 2132 2864 2169 :
2894 2130 3007 2169 non
3061 2114 3295 2171 ostendit
3324 2116 3373 2171 is
3401 2119 3612 2184 auctor,

1962 2214 2021 2251 se
2052 2200 2271 2271 vixisse,
2298 2218 2422 2256 cum
2450 2203 2701 2273 Hungari
2738 2220 2883 2258 anno
2913 2204 3020 2257 900
3046 2208 3142 2260 aut
3168 2204 3275 2260 902
3302 2206 3613 2277 impressio-

1964 2304 2090 2343 nem
2123 2290 2182 2343 in
2212 2290 2539 2345 Mutinenses
2567 2294 2760 2362 fecere,
2788 2292 2881 2347 sed
2910 2292 3129 2364 quidem
3173 2296 3417 2364 fervente
3443 2311 3559 2351 una
3584 2311 3615 2351 ε

1964 2377 2191 2445 reliquis
2248 2380 2658 2435 incursionibus
2704 2382 2773 2436 ab
2829 2397 2893 2437 ea
2948 2386 3107 2450 gente
3155 2384 3341 2452 factis.
3374 2384 3443 2438 Et
3470 2383 3611 2455 quid

1962 2467 2334 2524 tum?Nonne
2350 2468 2495 2524 satis
2509 2468 2760 2525 mihiest
2775 2468 2825 2525 si
2842 2469 2893 2525 is
2928 2469 3068 2525 vixit
3089 2470 3230 2525 dum
3259 2470 3523 2544 Hungari
3550 2471 3611 2527 in

1962 2553 2191 2610 Italiam
2215 2554 2480 2629 palantes
2493 2557 2883 2613 excursabant
2897 2557 2925 2612 ?
2943 2558 3054 2613 Sed
3076 2574 3181 2613 cur
3193 2557 3383 2615 vivere
3410 2559 3462 2616 is
3493 2577 3611 2616 non

1962 2643 2137 2698 etiam
2152 2648 2324 2700 antea
2345 2644 2572 2718 potuit?
2596 2634 2959 2717 Conje'cturis
2976 2645 3069 2701 hic
3090 2650 3336 2719 uterque
3352 2648 3606 2722 agimus.

1962 2730 2166 2804 Neget,
2192 2732 2311 2802 ille,
2337 2733 2385 2789 si
2417 2734 2570 2806 potis
2600 2738 2691 2790 est
2720 2733 2982 2807 potuisse
3010 2736 3214 2793 ﬂorere
3260 2736 3608 2810 scriptorem

1961 2818 2129 2876 illum
2163 2820 2250 2877 vel
2275 2821 2402 2894 ipso
2427 2839 2580 2879 anno
2613 2822 2737 2878 900.
2756 2823 2814 2879 Si
2841 2823 3125 2881 accidisse
3146 2825 3206 2880 id
3226 2825 3437 2898 potuit,
3464 2827 3609 2885 satis

1961 2908 2106 2964 illud
2138 2909 2285 2965 mihi
2317 2914 2426 2981 est,
2447 2927 2553 2968 nec
2583 2915 2672 2969 est
2696 2929 2800 2968 cur
2828 2928 2969 2969 meae
3009 2915 3405 2985 conjecturam
3437 2932 3609 2973 suam

1963 2997 2229 3055 Maffeius
2258 3000 2561 3057 anteferat.
2592 3003 2671 3056 Ac
2710 3000 2999 3073 praecipue
3045 3018 3181 3058 cum
3238 3002 3608 3062 clarissimus

1962 3086 2281 3145 Bollandus
2313 3089 2385 3144 ad
2404 3106 2484 3144 ea
2536 3090 2713 3146 verba
2738 3107 2927 3161 quam
2973 3092 3030 3146 in
3061 3094 3264 3148 nostris
3296 3094 3607 3152 tribulatio-

1960 3178 2125 3233 nibus
2179 3177 2617 3235 crudelissimam
2663 3182 2875 3253 emperti
2928 3197 3118 3236 sumus
3148 3181 3255 3252 (ita
3298 3182 3456 3238 enim
3509 3182 3609 3238 ille

200 3276 362 3328 rator
392 3291 427 3327 a
453 3250 801 3345 Berengario
853 3250 1058 3344 captus
1115 3275 1406 3327 temerata:
1468 3270 1599 3325 ﬁdei
1651 3250 1850 3342 pcenas
1880 3250 1923 3318 (ἶ
1965 3267 2277 3323 Bodecensi
2333 3268 2527 3324 codice
2584 3250 2745 3325 usus
2786 3285 2921 3325 eum
2963 3268 3130 3325 aliter
3156 3250 3353 3327 locum
3384 3272 3608 3343 recitat)

199 3360 380 3428 dedit,
415 3360 527 3416 hoc
584 3364 692 3430 est,
717 3365 819 3416 aut
849 3378 1001 3416 anno
1031 3362 1159 3427 902,
1194 3364 1294 3415 aut
1354 3360 1568 3428 serius,
1603 3364 1667 3415 ut
1712 3360 1850 3416 alibi

198 3450 475 3517 ostendit,
501 3454 896 3521 Hungarorum
914 3450 1095 3505 rabies
1113 3453 1282 3505 totam
1298 3465 1399 3521 per
1429 3450 1650 3505 Italiam
1677 3451 1855 3505 nullis

195 3540 575 3596 resistentibus
602 3538 889 3595 dilatatur.
912 3539 1240 3596 Richardus
1260 3537 1755 3605 Cluniacensis,et
1786 3554 1856 3595 ex

198 3643 266 3684 eo
280 3627 607 3697 Bonﬂnius,
621 3624 1195 3702 tradunt,HungarOs
1207 3627 1413 3683 exinde
1428 3628 1545 3683 fere
1561 3630 1854 3699 quotannis

198 3716 523 3790 populandi
545 3732 723 3773 causa
728 3757 750 3786 ,
772 3721 838 3772 ut
851 3717 1135 3790 quidquid
1152 3719 1514 3772 remanserat
1524 3717 1851 3786 crederent,

198 3808 463 3878 repetere
521 3803 750 3862 Italiam
817 3806 1212 3862 consuevisse.
1258 3806 1425 3861 Anno
1478 3805 1695 3863 Christi
1746 3807 1853 3863 905

199 3891 480 3967 Sigonius
505 3893 710 3951 scribit
725 3896 1003 3951 barbaros
1016 3896 1252 3952 eosdem
1272 3910 1470 3952 novam
1480 3896 1853 3953 incursionem

201 3983 433 4039 fecisse.
466 3984 617 4039 Tum
670 4000 824 4041 anno
880 3984 978 4041 921
1024 3989 1080 4041 et
1110 3986 1489 4058 subsequenti
1521 4002 1590 4041 ex
1644 4001 1848 4042 eorum

200 4072 417 4146 gladiis
447 4076 511 4129 et
527 4073 757 4146 sagittis
778 4073 946 4130 Italia
976 4077 1263 4149 sanguine
1296 4074 1713 4132 maduit.Anno
1744 4094 1850 4133 au-

193 4166 314 4218 tem
341 4162 452 4218 925
480 4163 623 4218 adeo
652 4161 891 4220 illorum
921 4164 1183 4236 potentia
1213 4181 1278 4220 ac
1326 4164 1521 4221 rabies
1567 4168 1625 4220 et
1653 4170 1844 4234 aucta,

192 4255 261 4309 ut
273 4251 805 4324 praeclarissimam:
817 4253 980 4325 regni
1004 4254 1203 4310 sedem
1222 4253 1492 4309 Ticinum
1515 4255 1588 4310 ad
1605 4254 1847 4311 deditio-

191 4355 330 4397 nem
360 4339 753 4414 compulerint
781 4345 839 4398 et
864 4343 1134 4399 incendio
1166 4342 1626 4416 absumpserint.
1664 4343 1843 4400 Iidem

188 4432 409 4489 an.937
424 4430 852 4500 Alamanniam,
870 4431 1116 4489 Galliam
1139 4437 1195 4489 et
1218 4432 1619 4506 Burgundiam
1648 4449 1847 4505 perva-

186 4520 332 4593 gati,
360 4535 461 4594 per
487 4522 709 4577 Italiam
764 4522 835 4577 ad
883 4539 991 4578 sua
1046 4539 1227 4595 regna
1278 4522 1594 4579 redierunt.
1628 4525 1844 4579 Auctor

1964 3355 2115 3412 hanc
2139 3360 2338 3412 notam
2360 3358 2730 3429 apposuerit:
2766 3359 2894 3415 Haec
2917 3374 3028 3415 esse
3056 3359 3272 3415 videtur
3328 3361 3609 3430 Hungaro-

1963 3461 2089 3500 rum
2145 3447 2408 3509 incursio,
2443 3461 2608 3517 quam
2654 3450 2923 3502 memorat
2976 3447 3349 3518 Liutprandus
3405 3449 3604 3505 Πέδιον.

1964 3534 2058 3589 lib.
2092 3551 2152 3602 ιι,
2183 3550 2301 3606 cap.
2336 3536 2387 3602 4,
2411 3536 2466 3603 5,
2500 3535 2556 3605 6,
2577 3535 2679 3590 sub
2709 3535 2934 3591 initium
2961 3537 3157 3592 δεκουιὶ
3177 3535 3394 3592 decimi.
3409 3537 3607 3609 quue

1964 3622 2152 3695 magis
2184 3623 2244 3678 id
2275 3622 2422 3679 mihi
2451 3621 2619 3678 licuit
2648 3622 2921 3695 scribere,
2964 3624 3441 3696 quandoquidem
3487 3641 3605 3684 non

1962 3712 2035 3767 ad
2067 3728 2289 3767 annum
2316 3711 2425 3766 900
2452 3712 2674 3783 conjeci
2707 3712 2988 3784 scriptam
3028 3712 3216 3768 sancti
3272 3712 3605 3785 Geminiani

1959 3798 2174 3868 Vitam,
2211 3801 2314 3857 sed
2336 3800 2573 3873 quidem
2604 3801 2675 3857 ad
2699 3817 2909 3857 annum
2926 3801 3071 3870 910;
3103 3815 3279 3872 quem
3326 3804 3605 3873 praeterea

1960 3906 2033 3946 ne
2063 3892 2217 3946 certo
2257 3890 2497 3962 quidem
2546 3889 2890 3964 designavit,
2912 3907 3047 3946 nam
3093 3889 3291 3947 addidi
3320 3906 3601 3963 amoma,

1958 3979 2159 4035 lectori
2189 3996 2255 4036 ea
2282 3979 2510 4036 ratione
2537 3979 2793 4037 innuens
2824 3979 3014 4036 serius
3031 3978 3207 4036 etiam
3228 3979 3409 4037 statui
3430 3997 3603 4054 posse

1959 4069 2260 4142 scriptoris
2290 4073 2541 4126 aetatem.
2575 4069 2687 4126 Sed
2719 4084 2847 4143 ego,
2881 4069 2930 4126 si
2957 4068 3130 4141 plura
3171 4068 3468 4140 adderem,
3501 4086 3604 4128 ne-

1958 4173 2072 4231 que
2130 4158 2432 4231 temporis,
2465 4175 2661 4231 neque
2717 4158 2920 4215 aliena
2950 4158 3243 4230 patientiae
3273 4173 3369 4215 me
3397 4174 3602 4215 curam

1955 4247 2169 4305 habere
2197 4249 2526 4322 proderent.
2563 4249 2709 4322 Ergo
2742 4248 2930 4306 satius
2948 4251 3035 4305 est
3063 4248 3469 4321 interruptum
3490 4246 3601 4304 iter

1954 4340 2232 4410 repetere.
3392 4374 3397 4377 -
3660 4326 3667 4335 ⁸

2025 4426 2099 4483 Ut
2127 4431 2323 4483 autem
2352 4426 2709 4485 luculentius
2738 4431 2935 4500 pateat
2982 4427 3336 4500 imperitiam
3384 4425 3599 4484 veteris

1952 4515 2252 4589 scripturze
2300 4517 2702 4591 Campagnolae
2742 4534 2922 4589 supra
2976 4521 3296 4574 memorato
3355 4515 3599 4573 minime

187 4626 427 4683 quoque
441 4614 534 4667 est
554 4611 753 4684 Lupus
773 4612 1114 4684 Protospata
1141 4628 1240 4668 eos
1270 4629 1423 4668 anno
1452 4613 1577 4667 920.
1613 4611 1840 4668 Italiam
1871 4623 1919 4688 D
1953 4606 2340 4678 objiciendam
2360 4607 2562 4675 fuisse,
2578 4611 2753 4677 atque
2775 4606 3068 4663 inveteres
3085 4609 3354 4662 auctores
3377 4603 3595 4661 Latinas

185 4715 449 4767 vexasse,
468 4704 596 4756 tum
617 4701 851 4770 an.936,
868 4702 974 4755 940
995 4705 1051 4757 et
1069 4702 1176 4756 947
1192 4701 1249 4756 in
1273 4700 1544 4773 Apuliam
1573 4701 1836 4771 irruisse,

185 4793 448 4863 Capuam
463 4790 793 4862 obsedisSe,‘
810 4807 877 4847 ac
904 4791 1213 4847 innumera
1243 4790 1314 4847 iis
1332 4790 1670 4863 regionibus
1685 4792 1837 4847 intu-

184 4878 329 4937 lisse
358 4879 535 4935 mala.
569 4880 829 4937 Habetur
859 4880 1039 4937 etiam
1071 4883 1209 4937 nota
1240 4879 1583 4951 marginalia
1634 4881 1693 4936 in
1726 4895 1837 4937 ms.

186 4969 386 5025 codice
416 4968 780 5026 bibliothecae
814 4968 1224 5027 Casanatensis
1256 4969 1472 5035 Romae,
1492 4968 1593 5023 ubi
1625 4968 1843 5040 legitur

185 5056 397 5130 Cyclas
418 5056 718 5115 Paschalis
749 5058 1010 5131 Dionysii
1033 5057 1255 5131 Exigui,
1291 5056 1450 5113 hisce
1479 5057 1671 5113 verbis
1703 5074 1837 5114 con-

187 5152 361 5220 cepta,
388 5150 542 5204 :Hoc
570 5165 716 5205 anno
746 5149 829 5222 (id
859 5154 953 5206 est
976 5165 1131 5205 anno
1162 5146 1373 5204 Christi
1416 5148 1542 5219 922)
1572 5153 1841 5204 venerunt

189 5239 438 5310 flungari
494 5241 551 5294 in
590 5240 847 5310 Apuliam
903 5243 1098 5311 quarto
1147 5238 1235 5293 die
1262 5239 1438 5292 stante
1492 5240 1695 5293 mensis
1742 5240 1838 5293 Fe-

190 5328 430 5386 bruarii.
451 5328 565 5385 Sed
585 5328 781 5386 clades
797 5328 1090 5401 ejusmodi
1113 5326 1259 5384 nihil
1276 5327 1349 5384 ad
1375 5326 1837 5399 Langobardiam

183 5423 455 5490 spectare
507 5418 799 5486 videntur,
832 5435 967 5475 cum
1026 5435 1141 5475 non
1190 5415 1453 5472 terrestri
1484 5415 1706 5481 itinere,
1738 5418 1838 5473 sed

182 5508 415 5581 navigio
436 5507 703 5566 adhibito
726 5508 868 5565 illuc
883 5507 1149 5581 Hungari‘
1165 5509 1503 5579 penetrasse
1519 5504 1833 5578 potuerint.

190 5594 329 5656 Post
357 5600 609 5656 mortem
668 5614 903 5674 quoque
960 5590 1223 5670 Hugonis
1253 5594 1433 5653 Italia
1471 5593 1626 5667 regis
1655 5592 1836 5651 iidem

1948 4696 2159 4769 linguae
2215 4712 2422 4769 parum
2473 4712 2706 4769 gnaros,
2739 4700 2797 4751 et
2833 4696 2892 4750 in
2948 4693 3219 4751 librarios
3273 4692 3596 4751 foedissime

1949 4785 2322 4859 cespitantes,
2350 4784 2695 4856 rejiciendos
2712 4800 2842 4841 esse
2862 4800 3088 4841 errores
3110 4782 3329 4855 quibus
3350 4781 3594 4855 antiqua

1950 4874 2233 4947 opuscula
2274 4877 2516 4943 scatent,
2534 4875 2702 4945 juvat
2724 4871 2819 4928 hic
2841 4871 3092 4943 adjicere
3113 4869 3361 4927 alterum
3388 4868 3592 4943 rhyth-

1951 4981 2115 5019 mum
2146 4964 2412 5034 ejusdem
2442 4962 2631 5031 metri,
2652 4977 2957 5033 nunquam
2974 4959 3592 5032 anteaeditum,atque

1949 5058 2283 5125 excerptum
2315 5071 2382 5109 ex
2426 5052 2828 5109 vetustissimo
2879 5050 3074 5106 codice
3126 5048 3443 5106 Veronensi
3489 5065 3593 5122 per

1947 5142 2405 5215 Campagnolam
2435 5143 2732 5198 eumdem.
2765 5139 3008 5197 Nullum
3038 5154 3145 5211 ego
3167 5138 3304 5196 inde
3355 5138 3588 5208 vitium,

1949 5246 2289 5302 quanquam
2321 5230 2379 5285 in
2413 5230 2612 5287 oculos
2643 5229 2830 5286 multa
2858 5229 3179 5301 incurrant,
3214 5227 3450 5284 sustuli.
3475 5228 3592 5285 Pri-

1948 5336 2055 5376 mm
2074 5318 2446 5391 stropharum
2460 5317 2661 5375 litteras
2679 5318 3047 5376 acrostichon
3067 5317 3361 5385 exhibent,
3381 5333 3591 5391 nempe

1948 5409 2423 5479 GAIDHADLUS,
2457 5408 2556 5482 qui
2613 5410 2905 5482 parochus
2951 5409 3274 5467 Veronensi
3326 5408 3387 5464 in
3446 5407 3590 5465 urbe

1946 5501 2127 5558 fuisse
2148 5500 2400 5571 videtur,
2432 5503 2607 5573 atque
2636 5499 2825 5574 ipsius
2854 5499 3115 5576 rhythmi
3137 5502 3339 5560 auctor
3368 5514 3386 5559 :

930 5694 1142 5757 Gracia
1167 5692 1393 5753 excelsa
1420 5692 1563 5769 Regi
1593 5693 1914 5753 referamus
1942 5692 2183 5769 pariter,

1005 5784 1115 5859 Qui
1145 5800 1253 5845 nos
1277 5785 1339 5845 in
1367 5800 1553 5846 unum
1583 5786 1974 5867 congregavit,
2001 5788 2060 5846 te
2086 5783 2421 5857 laudamus,
2456 5778 2720 5858 Domine,
