3946 6366
375 422 487 487 ’ΠΙ

1108 421 1302 483 SIEC.
1344 419 1425 481 XI
1467 419 1697 481 AUCT.
1742 417 2057 480 INCERTI
2101 417 2291 480 ANNI
2335 419 2434 479 ET
2479 419 2780 481 SCRIPT.
2828 430 3052 477 ’ΛΔΒΣΠ.

3665 415 3794 479 772

1191 553 1264 609 Ut
1295 551 1591 626 possimus
1620 550 1874 607 invenire
1906 550 2168 623 requiem
2199 551 2257 606 in
2291 552 2574 608 seculum.

1119 643 1202 698 Ad
1225 642 1341 698 alta
1369 642 1504 699 sede
1527 639 1891 713 postulemus
1922 657 2154 697 summo
2184 640 2284 696 Dei
2307 640 2472 709 Filio,

1192 733 1264 788 Ut
1293 749 1398 788 suo
1428 730 1656 787 mittere
1683 729 1956 803 dignetur
1987 728 2260 802 angelum
2297 729 2673 802 perspicuum

1193 823 1278 877 Ad
1311 819 1764 894 expugnandum
1797 817 2202 891 expellendum
2233 818 2420 874 hostis
2450 819 2923 891 antiquissimus.

1129 910 1367 966 Invidus
1395 908 1492 966 ille
1512 911 1829 981 temptator
1857 907 2035 963 fallax
2063 910 2238 979 atque
2269 907 2533 979 perditus

1201 1000 1446 1070 Semper
1475 996 1635 1069 cupit
1655 996 1988 1053 discordare
2013 997 2430 1052 concordantes
2460 996 2763 1054 fratribus.

1197 1085 1271 1142 Ut
1293 1085 1480 1159 possit
1509 1085 1758 1158 gratiam
1785 1085 1994 1142 mereri
2024 1088 2158 1141 ante
2186 1101 2440 1156 nequam
2470 1084 2818 1158 Principem.

1115 1175 1400 1233 Dominus
1422 1178 1600 1246 atque
1629 1173 1909 1241 Salvator,
1942 1175 2099 1245 quod
2133 1190 2308 1230 suum
2332 1174 2579 1231 redemit
2604 1174 2974 1248 sanguinem,

1194 1265 1256 1319 In
1287 1281 1396 1319 sua
1425 1267 1662 1334 semper
1683 1265 1968 1333 potestate
1989 1279 2282 1318 reservare
2315 1263 2564 1331 animas,

1187 1352 1260 1408 Ut
1290 1368 1394 1408 nec
1424 1367 1579 1406 unus
1610 1355 1820 1423 praeter
1847 1367 1982 1406 eum
2013 1355 2363 1423 potestatem
2394 1351 2626 1407 habeat.

1115 1442 1310 1498 Honor
1338 1439 1423 1494 illi
1454 1444 1512 1496 et
1544 1444 1801 1512 potestas
1827 1439 1887 1494 in
1915 1443 2193 1496 teternum
2224 1445 2546 1512 permanet,

1191 1531 1299 1597 Qui
1333 1547 1439 1586 nos
1470 1530 1766 1585 Pastorem
1797 1545 1974 1600 super
2001 1544 2236 1601 gregem
2268 1545 2470 1584 vocare
2501 1530 2777 1603 dignatus
2809 1533 2918 1598 est,

1186 1620 1260 1676 Ut
1289 1619 1479 1676 salvas
1502 1634 1634 1674 oves
1667 1617 2081 1690 consignemus
2113 1621 2247 1673 ante
2276 1619 2406 1690 ejus
2432 1618 2650 1688 oculos,

1118 1709 1324 1764 Almus
1353 1707 1450 1762 ille
1481 1706 1811 1779 speculator
1840 1706 2112 1762 sacerdos
2143 1707 2202 1761 in
2234 1707 2447 1779 populo

1185 1799 1427 1869 Semper
1456 1797 1670 1863 adstat,
1703 1795 2075 1867 superadstat
2104 1812 2282 1866 supra
2311 1811 2566 1868 gregem,
2601 1801 2824 1870 pugnat
2852 1800 3056 1853 contra
3085 1795 3321 1869 impios,

1189 1888 1264 1942 Ut
1295 1902 1402 1942 nec
1428 1902 1546 1940 una
1571 1883 1760 1958 possit
1789 1901 1922 1940 oves
1955 1901 2158 1956 rapere
2189 1885 2259 1940 de
2281 1886 2574 1958 gregibus.

1116 1975 1324 2032 Divina
1352 1972 1595 2046 Templa
1614 1976 1888 2030 coeuntes
1918 1973 2286 2044 suspiremus
2313 1974 2548 2046 pariter,

1189 2064 1541 2139 Populorum
1572 2062 1733 2137 gregi
1763 2063 2135 2119 obsecrantes
2165 2080 2269 2136 pro
2300 2067 2499 2119 nostra
2529 2064 2807 2132 facinora,

1188 2154 1259 2210 Ut
1287 2153 1411 2226 ipse
1441 2151 1574 2224 pius
1605 2151 1912 2207 Miserator
1931 2151 2107 2206 donet
2136 2150 2562 2224 indulgentiam

1119 2243 1325 2299 Libare
1347 2241 1463 2297 Deo
1495 2241 1839 2297 studeamus
1869 2239 2123 2296 hostiam
2154 2257 2256 2312 pro
2283 2241 2581 2309 fratribus,

1186 2333 1258 2388 Ut
1277 2334 1414 2387 ante
1441 2347 1578 2386 eum
1609 2333 1907 2385 mereatur
1926 2333 2156 2402 portare
2186 2330 2541 2403 manipulos,

1181 2423 1368 2491 Atque
1397 2420 1468 2474 de
1497 2417 1785 2474 talentum
1814 2417 2043 2473 lucrum
2076 2419 2491 2490 consignemus
2520 2419 2840 2492 geminum.

1112 2507 1439 2580 Vigilemus
1471 2511 1530 2562 et
1559 2522 1796 2562 oremus
1824 2507 2232 2578 unusquisque
2263 2523 2366 2578 pro
2398 2507 2534 2576 alio,

1181 2597 1252 2652 Ut
1281 2596 1579 2669 possimus
1608 2595 1865 2652 invenire
1896 2595 2157 2666 requiem
2189 2595 2248 2651 in
2280 2596 2566 2663 seculum,

1183 2689 1370 2758 Atque
1400 2686 1579 2742 vitam
1608 2684 1927 2756 possidere,
1961 2700 2138 2756 quam
2169 2685 2330 2741 misit
2354 2685 2661 2741 Dominus.

1111 2777 1356 2832 Summo
1387 2773 1526 2846 Regi
1550 2772 1916 2845 postulemus
1946 2790 2051 2845 pro
2081 2778 2426 2831 cunctorum
2457 2775 2692 2832 scelere.

1183 2864 1252 2919 Et
1273 2864 1344 2918 de
1374 2867 1576 2918 nostra
1602 2877 1933 2918 mereamur
1962 2862 2218 2919 invenire
2249 2864 2479 2920 veniam

1181 2953 1291 3007 Per
1318 2967 1452 3008 eum
1484 2950 1584 3022 qui
1615 2967 1845 3022 semper
1870 2950 2012 3006 vivit
2039 2955 2096 3006 et
2125 2957 2328 3026 regnat
2355 2951 2414 3009 in
2447 2953 2662 3009 secula.

1113 3105 1177 3160 Te
1201 3102 1440 3175 deposco,
1476 3101 1632 3158 dulce
1660 3103 1851 3172 frater,
1881 3105 1978 3174 qui
2013 3104 2167 3159 canis
2200 3103 2345 3159 hunc
2367 3106 2698 3161 versiculum

1187 3195 1252 3250 Ut
1275 3194 1523 3265 requiras
1545 3191 1880 3263 principales
1910 3193 2120 3248 litteras
2144 3209 2245 3264 per
2273 3193 2538 3250 ordinem.

1181 3282 1271 3338 Sic
1295 3283 1502 3338 invenit
1522 3282 1638 3353 ejus
1657 3296 1874 3348 nomen,
1907 3283 2002 3352 qui
2033 3281 2176 3337 hunc
2204 3287 2544 3355 exposuerat.

362 3453 474 3508 Tot
501 3464 727 3506 errores
758 3447 854 3504 hic
885 3444 1150 3501 offendis.
1184 3442 1336 3498 Num
1368 3439 1697 3513 culpandus
1740 3456 1869 3513 ego,
1901 3441 2001 3512 qui
2029 3441 2085 3508 Α
2115 3441 2446 3499 Gruteriani
2468 3441 2679 3498 veteris
2696 3441 3094 3509 editionis,uti
3126 3444 3182 3497 et
3206 3440 3266 3496 in
3297 3443 3457 3497 tomo
3489 3439 3563 3495 IV
3577 3439 3760 3497 Italiae

359 3540 481 3596 haec
510 3537 716 3610 evulgo
737 3536 766 3592 ?
794 3536 947 3592 Num
1005 3530 1419 3605 Campagnola,
1455 3530 1554 3600 qui
1586 3529 1706 3585 haec
1753 3528 2002 3584 ﬁdeliter

359 3626 808 3702 descripsit?Ab
829 3623 1013 3697 sequis
1038 3625 1191 3678 certe
1212 3619 1528 3677 lectoribus
1545 3635 1660 3674 non
1693 3617 1843 3673 hanc
1855 3617 2000 3672 mihi

357 3717 684 3774 mercedem
724 3713 1020 3787 polliceor.
1052 3715 1246 3782 Atque
1298 3708 1581 3764 hactenus
1638 3705 2000 3762 trochaicum

354 3822 592 3863 versum
610 3804 670 3860 in
701 3800 992 3874 rhythmis
1024 3796 1622 3869 servatum,neglecta
1649 3799 1846 3850 tamen
1869 3811 2001 3866 pro-

355 3895 534 3950 sodia
593 3891 836 3958 ratione,
886 3886 1429 3944 animadvertimus.
1463 3883 1787 3939 Dicendum
1845 3899 2002 3937 nunc

356 3984 540 4038 restat
569 3977 980 4050 rhythmorum
1007 3978 1272 4030 auctores
1292 3972 1658 4044 temporibus
1681 3970 2000 4026 barbaricis

356 4071 432 4127 ad
461 4067 712 4124 aliorum
736 4080 967 4137 quoque
993 4067 1278 4118 Versuum
1308 4060 1696 4115 imitationem
1719 4076 1783 4116 se
1805 4063 2003 4115 contu-

354 4158 518 4214 lisse.
547 4158 798 4213 Sanctus
829 4151 1161 4209 Bonifacius
1192 4151 1503 4222 episcopus
1534 4149 1914 4221 Moguntinus
1945 4151 2002 4204 et

355 4251 578 4318 martyr
597 4245 826 4301 circiter
847 4257 1065 4297 annum
1086 4240 1215 4307 740,
1238 4239 1347 4294 hac
1379 4237 1440 4293 in
1483 4237 1728 4310 epistola
1751 4239 1823 4292 65
1857 4239 1998 4293 scri-

354 4336 531 4392 bebat
563 4351 576 4391 :
613 4334 855 4388 Tertium
885 4345 1127 4395 carmen,
1146 4344 1255 4385 non
1279 4327 1481 4400 pedum
1512 4344 1772 4383 mensura
1812 4328 2000 4382 elucu-

355 4425 592 4490 bratum,
623 4421 715 4478 sed
769 4421 972 4476 octonis
1027 4419 1257 4490 syllabis
1309 4419 1370 4472 in
1426 4433 1537 4473 uno
1575 4418 1811 4490 quolibet
1838 4434 2000 4473 versu

352 4513 682 4585 compositis,
714 4527 828 4565 una
865 4508 1156 4580 eademque
1199 4509 1403 4574 littera,
1436 4507 1778 4578 comparibus
1825 4507 1998 4562 linea-

352 4619 478 4659 rum
513 4601 829 4658 tramitibus
860 4605 1064 4672 aptata,
1088 4613 1252 4653 cursu
1300 4597 1507 4662 calamo
1557 4600 1851 4668 perarante
1903 4612 1994 4650 ca-

350 4695 611 4749 raxatum
646 4689 727 4764 [id
777 4692 867 4745 est
910 4687 1226 4758 exaratum]
1266 4686 1388 4754 tibi,
1438 4687 1788 4756 sagacissime
1823 4693 1994 4750 sator,

2109 3533 2238 3588 Sac.
2269 3533 2326 3586 in
2376 3531 2665 3604 episcopis
2694 3528 3161 3586 Vercellensibus
3219 3527 3587 3601 epitaphium
3619 3527 3757 3584 Fla-

2108 3619 2262 3675 viani
2321 3621 2598 3692 episcopi,
2633 3619 2734 3692 qui
2765 3618 2992 3674 circiter
3031 3634 3253 3674 annum
3281 3616 3498 3674 Christi
3529 3618 3636 3672 540
3667 3633 3757 3674 se-

2109 3710 2266 3764 disse
2289 3710 2348 3764 in
2371 3708 2721 3766 Vercellensi
2738 3707 3014 3765 cathedra
3041 3711 3328 3764 censetur.
3353 3706 3571 3762 Verum
3605 3707 3755 3762 anti-

2111 3798 2306 3870 quius,
2321 3803 2378 3853 et
2397 3798 2663 3854 omnium
2681 3797 3115 3853 lucidissimum
3127 3795 3458 3869 exemplum
3482 3795 3754 3852 informis

2110 3887 2288 3958 hujus
2319 3903 2562 3960 poeseos
2588 3887 2840 3960 aspicias
2868 3885 3040 3942 velim
3075 3886 3134 3942 in
3168 3890 3433 3958 poemate
3474 3884 3756 3942 Commo-

2109 3976 2290 4042 diani,
2310 3977 2472 4031 rudis
2502 3981 2682 4047 poetae
2707 3974 3039 4042 Christiani,
3066 3974 3222 4046 quod
3249 3991 3284 4030 a
3313 3972 3564 4046 Rigaltio
3612 3972 3758 4030 olim

2108 4065 2354 4132 editum,
2376 4063 2436 4118 in
2464 4063 2880 4119 Bibliothecam
2912 4063 3148 4118 Patrum
3198 4067 3340 4118 tom.
3370 4061 3564 4118 XXVII
3616 4063 3757 4118 sub-

2110 4153 2245 4208 inde
2303 4152 2531 4209 illatum
2586 4152 2716 4208 fuit.
2752 4152 3047 4208 Floruisse
3104 4151 3155 4207 is
3217 4150 3475 4206 creditur
3517 4150 3760 4206 ineunte

2107 4241 2319 4298 saeculo
2359 4242 2702 4298 Christianae
2733 4258 2858 4298 ξείνω
2907 4245 3116 4313 quarto
3152 4258 3165 4296 :
3201 4241 3319 4296 imo
3349 4243 3490 4296 sunt
3520 4239 3622 4311 qui
3680 4239 3754 4307 ad

2107 4331 2382 4389 saeculum
2406 4332 2642 4388 tertium
2673 4331 2802 4400 ejus
2829 4334 3057 4386 atatem
3083 4329 3452 4386 referendam
3483 4327 3754 4384 arbitrati

2107 4424 2264 4476 sunt.
2315 4420 2440 4476 Non
2495 4419 2627 4475 aliis
2686 4418 2783 4474 ille
2829 4418 3117 4486 versibus,
3176 4420 3563 4476 Instructiones
3611 4434 3754 4474 suas

2105 4508 2463 4565 acrostichas
2488 4507 2825 4579 exsequitur
2854 4524 3033 4579 quam
3055 4506 3545 4576 hexametris,sed
3570 4505 3754 4563 nullis

2107 4597 2276 4654 metri
2331 4596 2559 4668 legibus
2596 4596 2880 4664 servatis;
2916 4597 3072 4668 quod
3103 4613 3428 4669 paucorum
3483 4595 3752 4668 exemplo

2105 4686 2300 4759 palam
2324 4685 2444 4740 ﬁet.
2465 4684 2550 4740 Ita
2576 4683 2671 4740 ille
2704 4685 3092 4742 Instructione
3118 4703 3192 4741 xv
3225 4704 3237 4742 :

353 4782 722 4836 transmittens
776 4778 975 4834 dicavi.
1009 4775 1368 4849 Rhythmum
1401 4793 1435 4832 a
1482 4791 1544 4831 se
1601 4772 1994 4879 compositum
2022 4815 2071 4879 B
2174 4792 2445 4861 Hercules,
2481 4792 2620 4863 quod
2647 4809 2730 4847 ma

2175 4792 2445 4861 Hercules,
2481 4792 2620 4863 quod
2647 4795 2950 4848 monstrum
2979 4793 3234 4849 Aventini
3261 4795 3463 4849 montis
3491 4793 3657 4860 elisit,

350 4870 511 4925 hisce
530 4870 720 4925 verbis
751 4867 1038 4940 designat,
1070 4867 1241 4938 cujus
1283 4865 1460 4922 etiam
1491 4861 1823 4934 exemplum
1847 4877 1995 4933 prae-

351 4959 452 5014 bet
475 4959 535 5013 in
565 4954 812 5030 epistola
832 4955 1195 5028 praecedenti,
1248 4954 1348 5010 ubi
1379 4953 1654 5026 leguntur
1683 4950 1740 5004 hi
1765 4966 1989 5005 versus:

564 5065 671 5119 Pro
696 5079 783 5118 me
811 5078 998 5135 quaero
1028 5064 1279 5118 oramina

561 5153 795 5208 Precum
816 5169 835 5207 :
863 5151 1067 5224 pandet
1088 5150 1394 5222 prmeipua,
1427 5149 1538 5201 etc.

351 5260 464 5318 Sed
484 5257 742 5332 etipsum
757 5259 1160 5315 hexametrum
1178 5252 1390 5308 imitati
1409 5254 1547 5308 sunt
1562 5251 1989 5324 rhythmopoeii,

349 5353 514 5406 tanta
540 5353 737 5405 tamen
772 5345 1104 5419 asperitatis
1129 5342 1273 5399 facie
1303 5341 1623 5408 interdum,
1660 5345 1723 5397 ut
1753 5341 1866 5396 nisi
1890 5343 1991 5414 qui

348 5439 651 5513 prceviarei
669 5436 1001 5509 cognitione
1014 5432 1318 5506 rhythmos
1349 5430 1429 5486 ibi
1447 5432 1674 5503 quaerit,
1706 5431 1990 5488 miserum

347 5529 592 5585 indoctae
623 5526 816 5599 gentis
847 5527 1120 5579 conatum
1152 5522 1211 5577 in
1243 5521 1567 5578 aemulando
1581 5520 1759 5577 nobili
1783 5524 1986 5590 metro,

348 5617 791 5683 animadvertat,
816 5612 1075 5687 rhythmi
1097 5612 1276 5684 hujus
1305 5611 1568 5685 exempla
1599 5611 1648 5668 si
1673 5611 1842 5685 petis,
1860 5612 1989 5668 vide

349 5703 791 5784 inscriptionem
821 5721 900 5763 vn
930 5701 1343 5787 Christianam,
1374 5717 1506 5780 pag.
1541 5702 1674 5763 1061
1701 5702 1987 5788 Thesauri

2175 4881 2442 4950 Evandri,
2475 4883 2571 4953 qui
2599 4882 2796 4937 solitus
2820 4890 2939 4938 erat
2964 4891 3215 4939 armenta
3241 4884 3443 4954 furari,

2175 4972 2392 5027 Rustica
2415 4988 2565 5028 mens
2589 4971 2870 5028 hominum
2902 4973 3164 5028 indocilis
3193 4988 3400 5045 quoque
3425 4987 3526 5044 pro
3569 4970 3732 5027 laude

2176 5063 2310 5117 Cum
2331 5063 2536 5132 gratias
2566 5077 2732 5129 agere
2753 5061 2975 5130 vellent,
3010 5062 3221 5118 absenti
3243 5063 3493 5134 Tonanti,
3519 5065 3626 5116 etc.

2104 5168 2294 5240 Pergit
2323 5167 2420 5224 ille
2449 5167 2558 5223 hac
2588 5167 2880 5237 methodo,
2913 5167 3129 5241 quippe
3155 5167 3415 5242 vulgaris
3462 5168 3658 5234 homo,
3692 5170 3752 5223 et

2103 5257 2173 5311 ad
2187 5255 2343 5328 vulgi
2362 5260 2596 5328 captum
2610 5255 2875 5312 versibus
2895 5255 3057 5312 hisce
3071 5257 3385 5314 utilissima
3395 5259 3751 5313 documenta

2101 5345 2339 5402 claudit.
2363 5346 2597 5402 Certum
2619 5349 2708 5402 est
2731 5346 3020 5418 ejusmodi
3041 5346 3275 5403 licentia
3287 5348 3498 5404 deinde
3514 5349 3751 5414 usos,et

2099 5435 2335 5507 quidem
2359 5434 2707 5503 diutissime,
2729 5435 2912 5490 fuisse
2941 5439 3141 5508 poetas
3172 5453 3306 5492 cum
3330 5436 3504 5510 vulgo
3527 5435 3752 5491 facien-

2098 5529 2203 5582 tes.
2236 5527 2420 5596 Atque
2464 5523 2560 5579 hic
2590 5523 2854 5596 exempla
2884 5524 3001 5579 duo
3035 5541 3097 5581 se
3128 5524 3272 5581 mihi
3305 5526 3578 5592 oﬂ'erunt,
3612 5539 3749 5597 spe-

2098 5615 2395 5672 ctantiaad
2414 5613 2835 5687 Langobardici
2871 5615 3034 5687 regni
3059 5619 3342 5688 tempora.
3368 5616 3631 5672 Alterum
3657 5617 3750 5671 est

2095 5704 2458 5782 epitaphium
2489 5703 2746 5784 positum
2764 5702 2996 5764 circiter
3016 5721 3240 5766 annum
3264 5707 3373 5764 722
3400 5706 3462 5765 in
3491 5704 3750 5764 celebra-
