3946 6360
333 399 448 458 ΤΗ
1067 395 1255 456 ΒίΕΟ.
1303 394 1380 455 X1
1422 395 1655 456 AUCT.
1703 392 2019 454 INCERTI
2066 393 2254 454 ANNI
2299 392 2399 453 ET
2446 392 2747 453 SCRIPT.
2799 400 3026 449 ’AAEZU.
3613 387 3742 449 776

971 527 1166 590 OCCE
1208 527 1508 590 PVELLE
1551 527 1790 589 JACET
1831 527 2154 590 TVMVLO
2200 526 2503 588 CORPVS
2546 526 3000 599 ELISABETE,

971 619 1176 689 QVOD
1223 618 1492 678 MANET
1536 619 1616 678 IN
1661 618 1971 678 SANCTA
2015 618 2226 678 AVLA
2267 615 2646 678 BETISSTE
2686 615 3096 678 JOHANNIS.

973 707 1487 768 LDEBRANDVS
1534 707 1720 768 EJVS
1769 706 1844 784 (3)
1895 707 2208 778 GENITA,
2253 705 2840 777 THEODORAOVE
2884 704 3198 766 MAMMA.

966 795 1089 855 BIS
1133 796 1391 855 ANNOS
1439 795 1674 855 ABVIT
1718 794 1965 865 SENIS,
2011 795 2113 854 ET
2158 795 2552 856 MENSIBVS
2597 793 2856 854 DECEM
3187 827 3194 830 -

967 883 1224 943 DVCTA
1269 883 1677 945 JOHANNES
1725 884 2062 957 VESTRA,
2106 884 2520 954 PAVLEQVE
2562 883 2759 946 JURE
2803 883 2945 944 SVB
2989 883 3229 956 ALMA,
3265 885 3385 942 etc.

330 1009 442 1066 Sed
489 1024 605 1080 pra:
657 1004 878 1062 caeteris
907 1003 964 1060 id
1015 1020 1198 1076 genus
1241 1003 1552 1076 rhythmis,
1588 1005 1832 1076 dignum
1886 1009 1974 1060 est
2001 1009 2054 1076 Α
2085 1009 2245 1078 puto,
2281 1005 2410 1071 fuit,
2426 1022 2530 1060 cur
2559 1021 2862 1077 nunquam
2895 1004 3038 1061 satis
3060 1003 3560 1060 commendandus
3589 1000 3743 1058 alter

330 1097 481 1169 quod
541 1096 770 1169 legatur
812 1093 1177 1166 epitaphium
1220 1093 1472 1161 Thomas,
1528 1093 1627 1165 qui
1673 1094 1980 1149 Honoriol
2089 1098 2304 1152 sanctae
2334 1095 2605 1150 Romanae
2636 1092 2903 1150 Ecclesiae
2925 1093 3241 1150 cardinalis
3261 1091 3546 1148 Henricus
3563 1089 3738 1147 Nori-

329 1203 490 1258 papae
522 1185 750 1240 circiter
779 1200 999 1238 annum
1031 1183 1138 1237 636
1168 1199 1333 1238 suam
1358 1198 1593 1254 operam
1625 1181 1872 1238 contulit
1903 1184 1975 1239 ad
2087 1184 2209 1240 sius
2241 1187 2688 1239 monumentum
2713 1182 3079 1238 hocminime
3096 1179 3736 1249 animadverterit,cum

328 1274 656 1330 tollendum
674 1273 933 1329 schisma
953 1271 1339 1343 Aquileiensis
1361 1271 1978 1327 Ecclesiae.Exhibet-ur
2086 1273 2143 1327 in
2177 1272 2592 1329 Dissertatione
2624 1274 2694 1328 de
2722 1272 2951 1346 Synodo
2981 1271 3048 1343 V,
3080 1273 3107 1339 §
3136 1273 3191 1338 6,
3225 1271 3342 1343 egit
3369 1270 3441 1325 de
3471 1273 3738 1342 tempore

327 1363 471 1420 illud
502 1364 575 1419 ab
605 1361 952 1419 immortalis
1005 1359 1261 1416 nominis
1308 1360 1590 1416 cardinali
1639 1360 1884 1416 Baronio
1915 1360 1974 1416 in
2086 1361 2302 1418 sublati
2349 1362 2618 1432 ejusdem
2668 1361 3024 1418 schismatis.
3061 1365 3149 1415 Ita
3193 1377 3255 1416 se
3291 1359 3509 1416 habent
3554 1357 3735 1431 primi

325 1452 644 1525 appendice
675 1452 744 1507 ad
780 1457 921 1505 tom.
952 1449 1052 1505 XII
1083 1448 1296 1505 Annal.
1332 1449 1482 1504 inter
1497 1449 1763 1507 addenda
1782 1451 1972 1505 Anna-
2082 1467 2306 1518 versus,
2339 1452 2409 1508 ad
2442 1451 2912 1508 hexametrorum
2946 1451 3195 1507 formam
3225 1447 3488 1506 confecti.

322 1541 479 1598 libus
509 1541 918 1598 ecclesiasticis
975 1539 1048 1595 ad
1094 1555 1312 1593 annum
1361 1538 1467 1592 638
1511 1554 1636 1609 qua:
1681 1554 1878 1609 causa,
1913 1544 1977 1592 ut

961 1675 1144 1746 QVIS
1190 1672 1363 1734 MIHI
1408 1672 1768 1749 TRIBVAT,
1815 1673 1916 1732 VT
1960 1675 2267 1735 FLETVS
2313 1674 2660 1736 CESSENT
2703 1674 3067 1747 IMMENSI,

958 1765 1058 1822 ET
1104 1762 1401 1822 LVCTVS
1445 1761 1724 1820 ANIM/E
1767 1762 1925 1821 DET
1969 1763 2230 1823 LOCVM
2277 1764 2487 1823 VERA
2529 1764 2838 1824 DICENTI
2889 1781 2902 1821 :

961 1849 1188 1909 LICET
1230 1849 1306 1906 IN
1354 1848 1748 1909 LACRYMIS
1793 1849 2234 1912 SINGVLTVS
2281 1851 2538 1912 VERBA
2583 1851 3040 1925 ERVMPANT,

959 1938 1062 1998 DE
1105 1937 1204 1996 TE
1249 1935 1718 1997 CERTISSIME
1763 1938 1962 1999 TVVS
2007 1939 2459 1999 DISCIPVLVS
2505 1940 2841 2010 LOQVOR.

958 2027 1059 2086 TE
1106 2025 1664 2097 GENEROSITAS,
1712 2026 2090 2088 MINISTER
2133 2028 2467 2100 CHRISTI,
2515 2027 2974 2099 PARENTVM,

958 2117 1060 2175 TE
1105 2113 1378 2174 MVNDA
1421 2114 1674 2186 ACTIO,
1721 2115 2066 2188 THOMAS,
2112 2117 2645 2178 MONSTRABAT
2689 2115 3139 2178 HONESTVM.

953 2201 1218 2263 TECVM
1261 2202 1713 2263 VIRGINITAS
1757 2203 1858 2263 AB
1904 2204 2420 2266 INCVNABVLIS
2465 2206 2704 2279 VIXIT,
2738 2211 2857 2266 etc.

317 2341 514 2412 Neque
559 2339 653 2394 his
700 2337 968 2394 versibus
1027 2334 1430 2406 incompositis
1474 2339 1787 2390 caruerunt
1835 2335 1963 2407 ipsa
1991 2341 2039 2406 B
2070 2338 2387 2392 cardinalis
2418 2338 2707 2394 Dominici
2740 2337 3062 2405 Passionei,
3094 2337 3462 2410 subsequens
3487 2351 3726 2393 carmen

313 2430 679 2486 ethnicorum
713 2432 993 2498 tempora,
1039 2441 1357 2496 eorumque
1385 2423 1618 2496 vulgus.
1663 2424 1844 2495 Cujus
1877 2426 1957 2480 rei
2068 2426 2373 2499 descripsi.
2407 2428 2571 2484 Jacet
2598 2428 2657 2482 in
2706 2427 2842 2483 villa
2883 2427 3119 2484 Salsula:
3151 2427 3464 2485 comitatus
3495 2426 3723 2496 Urbini,

313 2519 665 2592 exemplum,
698 2517 984 2580 nondum,
1035 2518 1102 2570 ut
1148 2514 1376 2585 opinor,
1425 2513 1650 2569 edit-um
1699 2514 1956 2586 proferre
2066 2513 2126 2568 in
2158 2521 2389 2573 vetusto
2419 2516 2612 2589 lapide
2643 2521 2969 2586 exaratum,
2999 2517 3326 2575 barbariem
3361 2533 3500 2575 sane
3522 2521 3579 2573 et
3607 2515 3725 2572 lin-

313 2625 468 2664 nunc
486 2607 672 2678 juvat.
703 2606 745 2662 E
780 2604 1012 2662 schedis
1057 2619 1168 2659 ms.
1201 2602 1654 2660 eminentissimi
1696 2603 1753 2659 S.
1790 2603 1856 2660 R.
1892 2603 1950 2658 Ε.
2065 2620 2191 2676 ευω
2224 2610 2280 2662 et
2309 2607 2716 2663 characterum
2748 2607 3079 2680 praeferens.

1508 2741 1583 2799 D.
2231 2743 2288 2803 M

1669 2827 1716 2886 B
2120 2830 2202 2890 M.

1335 2915 1402 2975 C.
1449 2915 1738 2978 ARRIVS
2089 2919 2560 2983 VICTORINVS

1748 3005 2090 3068 MARITVS

1546 3093 1859 3155 VTTIDIE
1902 3095 2273 3156 TITIANEN
2281 3099 2301 3156 Ι

707 3184 810 3246 TV
855 3181 1023 3243 DVM
1067 3181 1301 3242 ESSES
1350 3182 1454 3240 AD
1503 3182 1852 3243 SVPEROS
1899 3183 2118 3245 NEMO
2163 3185 2334 3246 MIHI
2380 3188 2560 3249 FVIT
2603 3189 3059 3251 FORMOSIOR
3105 3190 3309 3253 VLLA

709 3273 889 3343 QVzE
933 3270 1404 3332 PROSTRATA
1445 3271 1676 3330 JACES
1722 3271 2042 3331 INDICNA
2085 3272 2593 3337 CIRCVMDATA
2637 3278 2922 3337 TERR/E

709 3362 887 3432 QV/E
931 3359 1285 3421 CARVISTI
1331 3359 1524 3421 VIAM
1576 3359 1745 3419 LVCI
1791 3360 2090 3420 SECVTA
2133 3362 2248 3422 ES.

709 3451 825 3512 SIC
871 3449 1168 3511 MERITO
1213 3448 1462 3509 TALES
1508 3448 1808 3509 VERSVS
1856 3450 2428 3512 DESCRIPSERIM
2473 3454 2552 3514 IN
2599 3456 2699 3515 TE

709 3541 868 3602 NON
915 3538 1197 3599 STVDIO
1243 3536 1387 3598 SED
1433 3536 1702 3598 MENTE
1747 3537 1956 3598 DATA
2001 3539 2102 3599 ET
2147 3539 2501 3602 COGENTE
2545 3544 2880 3605 DOLORE.

704 3629 882 3690 HfEC
926 3628 1100 3690 MIHI
1143 3626 1462 3686 TITIANE
1505 3625 1816 3687 PRIMVM
1860 3627 1937 3686 IN
1983 3628 2377 3690 CONNVBIO
2421 3631 2714 3692 JVNCTA
2760 3632 2903 3693 EST

905 3718 1080 3778 HIEC
1123 3715 1371 3775 PRIMA
1417 3715 1755 3776 DOLORIS
1801 3715 2140 3776 DVLCIOR
2183 3717 2262 3776 IN
2309 3718 2420 3780 ME
2465 3721 2669 3782 FVIT.

704 3810 805 3869 VT
849 3807 989 3868 MEI
1019 3805 1119 3865 TE
1153 3802 1562 3864 BEPELLAT
1591 3803 1692 3862 ET
1726 3803 2068 3865 SVBITOM
2100 3803 2358 3866 ESTVM
2391 3808 2651 3870 RAPTA
2691 3809 3060 3881 RELIQVIT
3102 3810 3182 3870 IN
3224 3807 3469 3874 JEVVM

711 3894 928 3967 QVEM
971 3893 1154 3952 FRVI
1199 3892 1358 3951 NON
1404 3891 1659 3951 LICVIT
1701 3891 1935 3951 ANNIS
1977 3893 2428 3958 PERVLTIMO
2473 3899 2702 3958 FATO.

708 3983 1020 4045 ACERVA
1064 3983 1112 4040 A
1159 3980 1431 4040 MATRE
1477 3978 1578 4058 (an
1623 3979 1964 4059 MORTE?)
2010 3982 2268 4044 RAPTA
2311 3985 2404 4046 ES
2450 3986 2551 4047 v'r
2595 3987 3000 4050 PARVVLVS
3044 3987 3292 4049 ACNVS

709 4071 933 4133 SICVT
976 4068 1149 4129 ILLE
1192 4066 1433 4128 MISER
1474 4068 1776 4128 RAPTVS
1821 4069 2170 4132 VOVlTUR
2211 4073 2392 4132 ARIS

708 4162 808 4222 ET
855 4160 961 4220 ME
1005 4155 1167 4218 TAM
1217 4155 1540 4217 PVERVM
1584 4157 1762 4218 CITO
1806 4159 2107 4220 FECISTI
2151 4161 2602 4224 DOLENTEM.

704 4246 1120 4310 PARENTES
1165 4244 1435 4306 MISERI
1479 4245 1754 4320 MECVM
1799 4248 2246 4312 PATIVNTVR
2289 4251 2368 4312 IN
2411 4253 2590 4314 ,ΑΕνο

707 4333 1083 4399 DOLOREM
1128 4335 1234 4396 VT
1280 4335 1484 4395 ROSA
1527 4335 1735 4396 VERE
1781 4337 1991 4399 NOVO
2034 4338 2298 4400 CRATA
2342 4340 2485 4403 EST
2528 4343 2613 4404 IM
2661 4343 3038 4405 TEMPORE
3083 4343 3344 4406 PARVO

708 4427 825 4488 SIC
871 4424 1052 4486 FVIT
1095 4423 1405 4484 INFELIX
1447 4425 1620 4486 ΗίΕο
1665 4425 1834 4487 MIHI
1881 4428 2356 4490 CRATISSIMA
2400 4432 2757 4494 CONJVNX

907 4514 1115 4576 VleT
1355 4514 1536 4574 ANIS
1579 4515 1764 4576 XVII.
1813 4516 2146 4578 MESIBVS
2191 4519 2350 4579 VIII.
2398 4521 2606 4580 DIEB.
2659 4566 2671 4580 .
2726 4567 2738 4579 .
2794 4566 2808 4580 .
2858 4565 2875 4583 .
2924 4567 2940 4583 .
2993 4567 3006 4581 .

1346 4605 2611 4668 .....FELIXLAPID.......

306 4754 407 4810 His
436 4752 688 4824 adjunge
703 4743 1477 4821 epitaphiumChristianum
1500 4743 1948 4815 Catervii,quem
1985 4747 2028 4812 C
2067 4746 2434 4801 emendatius
2466 4763 2592 4821 cap.
2627 4749 2715 4818 40,
2751 4768 2914 4807 num.
2963 4752 3088 4820 505,
3122 4750 3492 4824 Inscription.
3544 4750 3714 4807 Anti-

305 4843 391 4898 uti
421 4845 688 4898 sanctum
719 4836 1113 4893 Tolentinates
1150 4839 1518 4901 venerantur,
1553 4852 1587 4889 a
1615 4832 1950 4889 Mabillonio
2062 4851 2209 4904 quar
2238 4835 2460 4892 editum
2491 4836 2550 4893 in
2583 4837 2703 4894 hac
2733 4841 2907 4896 verba
2934 4857 2945 4895 :

304 4931 364 4986 in
395 4930 658 4986 ltinerar.
690 4926 872 4984 Italic.
906 4924 1258 4996 evulgatum,
1292 4940 1357 4978 ac
1389 4922 1597 4977 deinde
1628 4938 1660 4976 a
1683 4921 1950 4976 Fabretto

907 5058 1108 5130 QVOS
1154 5055 1494 5115 PARIBVS
1542 5053 1863 5115 MERITIS
1905 5057 2182 5120 JVNXIT
2226 5061 2733 5123 MATRIMONIO
2779 5064 3006 5124 DVLCI

901 5142 1407 5208 OMNIPOTENS
1452 5141 1823 5215 DOMINVS,
1870 5146 2243 5208 TVMVLVS
2289 5149 2673 5211 CUSTODIT
2715 5151 2795 5210 IN
2840 5151 3106 5226 JEVVM,

900 5231 1258 5302 CATERVI,
1309 5229 1696 5290 SEVERINA
1740 5233 1896 5292 TIBI
1941 5235 2392 5298 CONJVNCTA
2440 5239 2848 5314 LIETATVR,

904 5318 1286 5386 SVRGATIS
1329 5317 1670 5379 PARITER
1711 5321 2048 5384 CHRISTO
2092 5325 2580 5389 PRAESTANTE
2626 5329 2883 5390 BEATI.

899 5489 1097 5564 QVOS
1143 5487 1272 5550 DEI
1315 5487 1722 5552 SACERDVS
1767 5490 2209 5560 PROBIANVS
2251 5497 2488 5561 LAVIT
2531 5497 2634 5562 ET
2677 5497 2948 5564 VNXIT.

372 5421 532 5480 Infra
560 5437 572 5476 :
633 5426 635 5429 ’

375 5669 458 5750 (3)
486 5670 752 5730 Fortasse
783 5680 887 5745 pro
917 5659 1147 5738 genitor.
