3946 6356
142 352 261 414 777

1459 354 1821 421 RHY'I‘HMI
1864 355 2250 427 VETERES.

3432 373 3556 435 778

141 487 211 544 Et
241 484 346 545 diu
397 488 642 578 quidem
666 490 958 562 ejusmodi
991 489 1351 564 plebeiorum
1382 508 1616 548 versum
1650 509 1795 550 usus
1908 494 2092 551 Dareo
2124 498 2376 554 Antonio
2404 498 2664 557 Boldetto
2692 500 2752 557 in
2783 503 3015 577 egregio
3039 519 3213 578 opere
3240 508 3320 563 De
3348 521 3554 566 cmme-

137 577 511 650 perduravit:
532 578 1319 653 idqueindicabitinscriptio
1338 581 1798 638 circiterannum
1908 586 2017 639 ter.
2052 591 2318 659 martyr.,
2350 587 2451 645 lib.
2486 606 2548 658 ιι,
2584 606 2713 663 cap.
2734 593 2789 648 5.

140 665 360 725 Christi
415 667 559 725 4014
616 669 812 726 Romae
870 670 1079 742 posita,
1140 674 1317 742 atque
1374 669 1533 727 edita
1566 687 1600 726 a
1628 669 1702 726 cl.
1733 671 1795 728 V.

584 786 1030 849 PETROltGIO
1074 786 1620 858 REQVIESCVNT
1663 788 1793 848 HIC
1832 788 2342 864 SEPVLTAQVE
2383 794 2743 859 MEMBRA.

585 877 734 937 ΡιΕο
778 876 828 937 Ε
869 876 1126 939 BONVS
1169 874 1654 946 SAPIENSQVE
1697 877 1922 951 FVIT;
1970 879 2137 940 ΝΛΜ
2182 883 2497 945 GENERE
2540 885 2815 949 MAGNO

583 965 814 1038 ERAT,
859 964 1453 1036 FORMOSVSQVE,
1498 964 2007 1040 PRIEGLARVS,
2051 969 2361 1033 LARGVS
2406 973 2699 1037 AMIGIS.

583 1052 869 1115 GRATIA
918 1055 1235 1116 SEMPER
1279 1052 1485 1114 TVNG
1529 1050 1839 1117 FVERA'I‘
1881 1054 2060 1131 ILLI,
2105 1057 2541 1132 COLLOQVIA
2583 1064 2848 1138 DIGNA,

582 1141 925 1204 OMNIBVS
970 1141 1526 1214 AMABILISQVE,
1570 1140 1987 1217 BENIGNVS,
2032 1147 2420 1222 PRONTVS,
2466 1151 2567 1212 ET
2606 1154 2900 1228 AVDAX,

580 1230 842 1292 REGNA
891 1231 1256 1293 DILIGENS
1301 1229 1692 1305 CELESTIA,
1740 1230 2056 1294 SEMPER
2100 1234 2431 1300 AMATOR
2992 1244 2995 1247 λ

574 1318 910 1392 ILLEQUE
952 1319 1167 1381 MITIS
1211 1317 1635 1391 NVTRI’I‘OB,
1680 1319 2268 1394 PAVPERUMQVE
2309 1328 2746 1392 DEFENSOR.

577 1407 843 1470 OMNES
887 1409 1037 1471 VOS
1082 1409 1210 1480 QVI
1254 1407 1586 1480 LEGITIS,
1633 1407 1912 1482 QVESO,
1958 1409 2214 1473 DlCI'l‘E
2256 1413 2581 1478 CVNCTI:

578 1496 1210 1560 CLEMENTISSIME
1254 1495 1483 1569 DEVS,
1531 1494 1931 1558 MISERERE
1976 1500 2298 1563 FAMVLO
2341 1505 2496 1567 Τνο

574 1586 813 1648 VIRGO
856 1587 987 1648 DEI
1033 1586 1432 1657 GENITRIX,
1481 1585 1643 1647 CVM
1687 1585 2034 1648 OMNIBVS
2077 1588 2399 1655 SANCTIS
2445 1594 2843 1658 MISERERE
2885 1598 3342 1664 PETROGCIO.

577 1684 787 1746 OBIIT
828 1686 909 1746 IN
956 1686 1155 1747 PACE
1193 1668 1437 1747 rm.
1482 1684 1557 1744 1).
1603 1666 1779 1744 B‘E‘N'.
1827 1683 2108 1747 OCTAVI
2152 1688 2273 1746 PP.
2318 1690 2397 1750 IN
2443 1676 2633 1756 mare
2679 1680 2847 1759 rm;

732 1774 909 1836 DIES
953 1775 1149 1837 XVIII

414 1868 524 1927 Sed
554 1872 612 1926 et
640 1869 925 1927 Fabretus
955 1887 1080 1943 cap.
1107 1872 1159 1939 3,
1195 1886 1326 1943 pag.
1362 1870 1488 1935 146,
1521 1866 1892 1940 Inscription.
1922 1869 2216 1942 antiquar.
2247 1873 2399 1931 hanc
2427 1878 2641 1936 refert:

614 1961 857 2024 NOME.
902 1962 1101 2023 FVlT.
1148 1960 1451 2023 NOMEN.
1495 1957 1772 2019 HIESIT.
1820 1957 2206 2022 NASCENTI
2250 1964 2627 2031 COSVGCIA

730 2050 1119 2122 VTRAQVE.
1167 2050 1343 2111 HOC.
1389 2047 1699 2110 TITVLO.
1745 2044 2050 2108 NOMINA
2093 2050 2505 2118 SIGNIFIGO.

612 2138 798 2200 VIXI.
846 2139 1143 2200 PAROM.
1189 2136 1536 2207 DVLCISQ.
1584 2134 1737 2195 FVI.
1785 2133 1976 2195 DVM.
2024 2136 2182 2199 VIXI
2224 2141 2567 2208 PARENTI

732 2229 910 2290 HOC.
957 2228 1270 2290 TITVLO.
1316 2224 1651 2287 TEGEOR.
1702 2221 2010 2283 DEBITA.
2057 2226 2459 2293 PERSOLVI.

611 2315 816 2388 QVIQ.
861 2317 1113 2378 LEGIS.
1158 2312 1528 2379 TITVLVM.
1578 2309 1878 2373 SENTIS.
1924 2311 2169 2381 QVAM.
2214 2317 2570 2384 VIXERIM.
2616 2324 2893 2391 PARVM

731 2404 908 2467 HOC.
956 2406 1184 2467 PETO.
1233 2405 1466 2468 NVNC.
1510 2399 1756 2462 DlCAS.
1802 2397 1945 2459 SIT.
1994 2401 2172 2463 TIBI.
2220 2406 2507 2472 TERRA.
2553 2413 2800 2476 LEVIS.

128 2521 274 2580 Vide
301 2525 363 2579 et
390 2520 540 2578 alias
570 2520 937 2591 similes,imo
970 2520 1103 2593 plus
1123 2518 1569 2575 adversantibus
1600 2514 1783 2571 Musis
1812 2511 1868 2577 A
1966 2515 2191 2572 Priamo
2220 2522 2390 2577 vitam
2418 2526 2617 2581 evitari
2640 2528 2735 2593 [an
2764 2529 2960 2602 potius
2980 2530 3245 2605 evirariﬂ

130 2616 444 2685 conceptas
476 2611 630 2684 apud
662 2610 935 2667 eumdem
966 2610 1306 2667 Fabrettum
1338 2624 1465 2679 cap.
1499 2608 1552 2673 4,
1585 2622 1641 2678 p.
1674 2606 1780 2659 329

128 2703 363 2770 418,419
392 2704 452 2758 et
481 2701 604 2758 421.
637 2701 781 2757 Vide
812 2699 986 2757 etiam
1008 2698 1372 2772 epitaphium
1404 2696 1545 2753 Boni
1567 2713 1778 2753 consu-

128 2791 269 2848 liset
295 2790 469 2848 ducis
480 2788 771 2863 Neapolis,
799 2790 899 2862 qui
917 2788 1127 2846 saeculo
1151 2788 1367 2845 Christi
1387 2803 1539 2842 nono
1561 2786 1776 2852 ﬂoruit,

128 2885 287 2936 tomo
319 2880 372 2936 ΙΙ
400 2879 532 2935 Rer.
574 2878 964 2951 Italicar,pag.
999 2879 1128 2934 342.
1161 2880 1351 2950 Atque
1392 2876 1678 2932 hactenus
1708 2876 1778 2930 de

132 2967 425 3042 rhythmis
455 2967 808 3025 hexametris
837 2972 895 3023 et
922 2966 1322 3040 pentametris.

193 3057 368 3113 Hisce
399 3072 557 3113 nunc
590 3055 987 3129 subjungendi
1030 3053 1480 3128 endecasyllabi,
1533 3054 1779 3111 dodeca-

119 3144 349 3218 syllabi,
409 3144 828 3218 heptasyllabi,
880 3148 1014 3213 eto.,
1048 3144 1149 3217 qui
1177 3145 1237 3199 in
1292 3160 1403 3199 usu
1433 3143 1595 3198 fuere
1624 3141 1778 3215 apud

120 3238 367 3291 veteres.
402 3234 565 3298 Quod
597 3239 656 3290 et
685 3233 989 3291 lubentius
1022 3233 1191 3302 facio,
1225 3250 1361 3289 cum
1384 3233 1519 3288 inde
1548 3230 1778 3304 potissi-

126 3340 290 3379 mum
322 3321 588 3394 exempla
616 3338 860 3378 suorum
890 3322 1220 3379 carminum
1267 3320 1539 3378 derivarit
1570 3319 1779 3377 Italicae

119 3410 379 3485 vulgaris
410 3410 622 3484 linguae
651 3411 863 3483 poesis.
891 3411 1063 3475 Quod
1107 3416 1417 3483 antequam
1451 3409 1780 3475 ostendam,

126 3503 301 3573 juvat.
326 3500 579 3557 alterum
609 3499 972 3572 rhythmicos,
1019 3500 1139 3555 imo
1169 3505 1226 3555 et
1253 3500 1506 3556 metricae
1541 3514 1781 3572 poeseos

129 3591 311 3647 ritum
342 3588 811 3646 vetustissimum
843 3589 903 3645 in
936 3590 1196 3646 medium
1240 3589 1465 3644 afferre.
1499 3588 1651 3643 Sunt
1679 3586 1781 3658 qui

123 3678 366 3737 credant
391 3677 481 3735 vel
512 3678 660 3751 ipsis
692 3678 834 3735 olim
861 3678 1140 3735 Romanis
1199 3683 1256 3734 et
1286 3678 1501 3734 Graecis
1551 3679 1784 3750 gratam

122 3766 761 3826 fuisseeonsenantium
774 3766 1130 3841 syllabarum
1144 3766 1784 3839 modulationem(nunc

126 3859 271 3914 rima
298 3856 689 3930 appellamus,
720 3864 1000 3914 conversa
1043 3873 1181 3913 voce
1211 3856 1495 3928 rhythmus
1524 3854 1584 3911 in
1611 3856 1779 3936 rima)
1817 3877 1866 3945 B

124 3947 183 4003 in
213 3947 333 4003 ﬁne
364 3947 652 4021 pracipue
672 3963 947 4004 versuum
972 3945 1390 4019 quaesitamﬁta
1404 3950 1469 4001 ut
1489 3948 1785 4017 postrema

124 4051 332 4093 versus
356 4040 459 4092 aut
488 4036 735 4092 membri
766 4035 992 4107 syllaba
1019 4040 1328 4107 postrema
1373 4034 1786 4107 subsequentis

126 4125 726 4197 responderet.Poetis
747 4124 893 4197 ipsis
915 4124 1015 4195 huj
1026 4123 1583 4181 usmodiverborum
1609 4122 1784 4179 collo-

124 4214 297 4282 catio,
330 4212 452 4270 sive
479 4214 687 4287 ﬁgura,
728 4212 1024 4286 placuisse
1084 4214 1286 4269 fertur.
1350 4217 1517 4269 Certe
1566 4211 1788 4285 placuit

126 4302 481 4371 oratoribus,
511 4303 654 4360 dum
684 4307 880 4359 tamen
913 4319 1085 4376 parce
1117 4302 1510 4359 adhiberetur.
1538 4310 1786 4374 θ’μοιοτέ-

136 4400 317 4448 λευτον
340 4391 521 4447 Graeci
538 4391 788 4464 figuram
805 4390 955 4448 hanc
981 4390 1380 4464 appellarunt:
1417 4391 1787 4447 Similiterca-

130 4480 264 4535 dens
292 4478 449 4537 idem
481 4480 702 4537 Latinis
732 4481 862 4538 fuit.
914 4480 1245 4553 Pervulgati
1282 4485 1423 4536 sunt
1466 4480 1582 4536 duo
1611 4478 1785 4535 Tullii

124 4585 333 4626 versus
387 4586 422 4625 a
471 4568 863 4634 Quinctiliano
919 4570 1227 4627 memorati
1276 4568 1424 4627 libro
1473 4569 1784 4626 undecimo

125 4674 255 4731 cap.
286 4658 496 4731 primo,
530 4675 678 4731 quos
710 4662 904 4716 tamen
940 4658 1110 4715 multi
1144 4676 1212 4717 eo
1262 4674 1500 4732 quoque
1556 4658 1784 4715 vivente

125 4745 361 4805 irrisere
385 4765 399 4805 :

201 4836 406 4892 Cedant
435 4853 593 4893 a:ma
621 4840 779 4909 togae.
815 4837 1117 4894 Concedent
1147 4837 1340 4893 laurea
1372 4837 1593 4908 linguae.

200 4925 241 4980 0
272 4928 613 4996 fortunatam
639 4935 831 4983 natam
859 4944 946 4983 me
973 4928 1193 4982 consule
1224 4929 1487 4983 Romam!

201 5014 385 5081 Varro
416 5031 649 5087 quoque
693 5015 751 5070 in
780 5026 912 5089 τάφη
943 5025 1189 5074 Μενίππου
1222 5040 1233 5073 :

197 5102 381 5175 Neque
410 5103 814 5176 orthophattica
842 5107 1029 5162 attulit
1050 5107 1342 5177 psalteria,

202 5192 411 5261 Quibus
438 5201 635 5250 sonant
660 5197 721 5249 in
754 5195 959 5251 Graecia
987 5195 1235 5264 dicteria,

200 5281 312 5350 Qui
334 5282 660 5353 fabularum
685 5284 949 5341 collocant
967 5283 1211 5341 exordia.

126 5368 231 5425 Hic
259 5370 461 5427 exodia
495 5371 874 5429 scribendum
908 5390 1056 5429 reor.
1090 5374 1212 5429 Imo
1243 5376 1301 5429 et
1345 5369 1786 5427 vetustissimus

133 5458 353 5516 Ennius
385 5459 550 5517 hisce
576 5459 898 5518 delectatus
923 5462 1299 5520 videtur.Hos
1312 5459 1468 5519 enim
1486 5458 1646 5517 illius
1668 5476 1788 5518 ver-

133 5563 235 5605 sus
263 5549 443 5607 refert
471 5548 669 5609 Cicero
700 5551 760 5607 in
792 5549 1029 5608 Tuscul.
1058 5568 1076 5607 ι
1101 5569 1114 5611 :

198 5636 321 5699 Hm
348 5642 538 5699 omnia
567 5640 685 5698 vidi
707 5642 1069 5716 inﬂammari,

451 5767 719 5832 Pareo».
763 5766 910 5833 CLI.

1956 2605 2105 2661 locis
2135 2624 2293 2664 aram
2321 2615 2589 2683 sanguine
2614 2618 2852 2689 turpari.

1890 2690 2072 2782 llosce
2102 2696 2279 2752 etiam
2312 2698 2732 2771 (alienosne,an
2756 2708 3330 2782 suos,ignoro,)idem
3345 2710 3541 2771 Cicero

1887 2780 1947 2835 in
1978 2783 2179 2840 eadem
2212 2787 2548 2847 Tusculana
2575 2780 2998 2855 commemorat
3024 2816 3038 2854 :

1962 2870 2165 2930 (Icelum
2185 2877 2467 2948 nitescere,
2492 2884 2710 2940 arbores
2740 2886 3099 2958 frondescere,

1967 2962 2106 3018 Vites
2135 2964 2365 3037 laetiﬁcae
2391 2973 2672 3043 pampinis
2692 2974 3005 3046 pubescere,

1960 3049 2121 3107 Rami
2150 3054 2439 3112 baccarum
2465 3061 2708 3119 ubertate
2740 3065 3129 3124 incurvescere.

1886 3137 2119 3199 Similes
2133 3145 2326 3200 autem
2341 3147 2717 3220 antiquorum
2741 3170 2945 3211 versus
2965 3155 3025 3211 in
3041 3172 3170 3215 eam
3183 3156 3535 3224 sententiam

1889 3226 2203 3287 Stilianum
2224 3233 2597 3308 induxerunt,
2641 3240 2712 3296 de
2735 3246 2857 3299 arte
2884 3245 3247 3302 versiﬁcandi
3270 3247 3535 3311 scriben-

1887 3319 2027 3409 tem,
2065 3324 2126 3409 ut
2154 3321 2266 3409 sibi
2299 3327 2699 3401 persuaderet,
2731 3330 3040 3403 rhythmos
3068 3334 3247 3407 (nunc
3294 3336 3346 3392 te
3371 3336 3532 3409 rime)

1890 3405 2117 3461 meliori
2148 3408 2275 3481 ipso
2308 3413 2646 3471 Latinorum
2700 3419 2911 3475 saeculo
2960 3405 3276 3495 usurpatas
3330 3405 3532 3486 tuisse.

1889 3495 2058 3563 Nam,
2092 3500 2155 3552 ut
2176 3498 2226 3553 is
2256 3500 2761 3577 scribit,Virgilius
2791 3506 2892 3563 lib.
2917 3526 2996 3582 VI,
3026 3527 3174 3568 vers.
3209 3512 3315 3569 165
3340 3513 3534 3570 Ensi-

1890 3584 1998 3638 dos
2028 3584 2204 3641 habet
2228 3604 2240 3642 :

1891 3762 1933 3816 E
1963 3675 2253 3818 [gredcz'ere
2280 3680 2450 3749 viros,
2480 3681 2811 3757 Martemque
2844 3686 3132 3746 accendere
3159 3693 3346 3746 cantu.

1940 3765 1959 3817 t
2030 3762 2081 3817 vi
2129 3762 2218 3818 ius

1940 3765 1959 3817 t
1981 3762 2218 3820 Ovidius

1965 3852 2103 3920 Quot
2121 3855 2320 3911 caelum
2349 3859 2554 3928 stellas,
2583 3867 2663 3918 tot
2693 3862 2850 3920 habet
2878 3871 2973 3922 tua
3000 3869 3174 3924 Roma
3193 3868 3431 3940 puellas.

1898 3941 1967 3996 Et
1995 3941 2363 4016 Propertius:

1966 4031 2082 4086 Non
2111 4048 2219 4088 non
2250 4034 2487 4091 humani
2511 4045 2642 4094 sunt
2662 4043 2854 4111 partus
2884 4020 3021 4100 talia
3048 4043 3211 4102 dona.

2036 4122 2143 4177 Ista
2172 4124 2336 4179 deum
2363 4141 2571 4183 menses
2600 4145 2711 4185 non
2733 4145 3027 4203 perpercre
3054 4133 3212 4191 bona.

1896 4208 1983 4264 Ita
2014 4208 2310 4281 Horatius,
2343 4218 2419 4270 De
2451 4219 2573 4273 arte
2603 4219 2863 4289 poetica:

1965 4299 2084 4354 Non
2103 4302 2241 4356 satis
2270 4307 2349 4357 est
2371 4304 2606 4375 pulchra
2653 4323 2768 4365 esse
2808 4316 3099 4381 poemata:
3148 4311 3334 4369 dulcia
3360 4319 3541 4380 sunto,

1967 4389 2029 4442 Et
2059 4406 2393 4464 quacunque
2420 4396 2619 4465 volent,
2650 4399 2908 4455 animum
2934 4400 3204 4460 auditoris
3230 4409 3452 4475 agunto.

1893 4475 1978 4532 Ita
2006 4480 2063 4531 et
2089 4478 2389 4536 Ausonius
2421 4482 2480 4536 in
2507 4482 2649 4556 Idyl.
2684 4503 2755 4541 ηε

1971 4566 2055 4621 Vel
2087 4568 2197 4622 tria
2221 4571 2456 4639 potanti,
2484 4572 2567 4626 vel
2590 4579 2670 4628 ter
2697 4576 2808 4630 tria
2826 4576 3244 4648 multiplicanti.

1963 4653 2074 4709 Sed
2106 4656 2599 4715 versiﬁcatoribus
2626 4661 2884 4734 antiquis
2913 4662 3006 4718 vix
3026 4664 3152 4721 ﬁeri
3181 4664 3374 4737 potuit
3396 4665 3541 4738 quin

1892 4743 2184 4816 ejusmodi
2214 4761 2418 4803 versus
2448 4747 2741 4805 interdum
2768 4751 3307 4821 exciderent,etiam
3328 4752 3410 4809 nil
3427 4752 3542 4812 tale

1892 4832 2314 4906 cogitantibus:
2349 4851 2416 4891 ac
2446 4836 2691 4909 proinde
2720 4838 2968 4897 minime
2996 4856 3091 4898 me
3120 4840 3194 4899 iis
3223 4857 3542 4916 opponam,

1894 4920 1993 4994 qui
2024 4922 2146 4978 haec
2178 4923 2373 4996 potius
2402 4942 2542 4982 casu
2573 4943 2754 4999 quam
2786 4931 2909 4985 arte
2939 4934 3098 5000 nata,
3129 4928 3249 4988 sive
3273 4929 3544 4991 consulto

1893 5012 2064 5080 facta,
2089 5018 2385 5070 censeant.
2418 5017 2690 5073 Attamen
2724 5033 2860 5074 cum
2919 5018 3251 5077 oratoribus
3277 5037 3394 5078 non
3424 5020 3547 5079 dis-

1892 5099 2170 5173 plicuisse
2222 5103 2468 5159 dixerim
2524 5113 2919 5178 ὁμοιοτέλευτον,
2952 5124 3069 5164 non
3127 5113 3217 5166 est
3244 5110 3547 5184 prmfracte

1899 5190 2232 5262 negandum
2266 5192 2407 5264 quin
2440 5198 2497 5249 et
2526 5200 2708 5266 poetas
2746 5198 2971 5255 eadem
3032 5198 3221 5273 ﬁgura
3272 5197 3547 5257 delectari

1899 5279 2251 5352 quandoque
2284 5283 2601 5353 potuerint.
2631 5286 2712 5340 Ac
2753 5286 3045 5360 principue
3098 5287 3305 5345 rustici
3335 5293 3394 5345 et
3415 5287 3544 5345 vul-

1894 5384 2084 5442 gares,
2119 5386 2370 5441 quorum
2394 5371 2638 5430 auribus
2668 5375 2890 5447 gratior
2918 5377 3180 5436 accidere
3227 5378 3418 5451 potuit
3452 5393 3547 5433 vo-

1897 5474 2033 5513 cum
2061 5460 2463 5516 consonantia.
2496 5461 2619 5518 Nisi
2645 5467 2731 5518 tot
2753 5463 3012 5538 rhythmi
3038 5470 3094 5522 et
3123 5467 3385 5523 carmina
3421 5464 3546 5537 ple-

1897 5546 2162 5604 beiorum
2180 5553 2484 5621 poetarum
2501 5552 2602 5607 aevi
2625 5550 2785 5608 illius
2810 5553 3140 5627 periissent,
3155 5554 3399 5610 fortasse
3417 5551 3547 5625 plu-

1898 5653 1992 5700 res
2021 5654 2226 5698 versus
2247 5654 2315 5697 ex
2345 5639 2508 5699 Latio
2539 5640 2668 5720 ipso
2704 5643 2916 5721 petitos
2959 5641 3230 5703 similiter
3273 5638 3543 5705 cadentes
