3946 6374
358 324 478 384 779

1090 320 1281 386 SIEC.
1327 319 1412 384 XI
1452 317 1684 384 AUCT.
1729 311 2046 382 INCERTI
2088 313 2279 379 ANNI
2320 317 2423 379 ET
2467 313 2766 380 SCRIPT.
2815 315 3040 372 ’AAEEII.

3643 306 3768 380 780

359 450 731 510 haberemus.
765 453 936 509 Paria
957 470 1190 526 quoque
1228 453 1383 526 apud
1411 455 1636 509 Grzccos
1667 456 2000 519 occurrunt,
2033 454 2090 518 Α
2187 451 2291 504 Nec
2317 451 2500 504 minus
2531 451 2588 504 in
2618 449 2788 504 sacris
2817 449 3008 504 melico
3037 459 3282 502 sermone
3313 445 3544 502 Leonem

357 541 418 598 ui
448 541 508 598 in
540 541 910 616 Anthologia,
963 545 1021 600 et
1051 541 1188 598 alibi
1235 541 1464 598 visitur.
1515 541 1664 598 Sunt
1693 540 1870 596 etiam
1903 539 2005 612 qui

358 631 630 688 Hebraeos
655 635 865 705 putant
877 631 934 688 in
947 631 1106 705 poesi
1121 649 1228 687 sua
1241 629 1576 704 quaesivisse
1589 629 1754 703 paria
1774 629 2004 684 aurium

360 718 932 788 oblectamenta,sive
961 720 1022 776 in
1051 720 1259 777 mediis
1286 719 1697 784 versibus,sive
1715 719 1772 773 in
1803 733 2004 774 eorum

361 806 682 864 clausulis:
717 809 872 881 quod
917 808 1295 882 potissimum
1328 827 1362 864 a
1420 807 1744 864 clarissimo
1802 805 2007 866 Huetio

262 889 268 895 ’
361 897 722 954 afﬁrmatum
751 897 1017 954 video.Et
1046 915 1186 954 sane
1202 897 1260 952 id
1290 896 1612 970 persentias
1642 895 1704 952 in
1734 895 2007 968 rhythmo

363 985 664 1056 Hebraico,
699 1003 875 1060 quem
905 987 966 1042 in
999 986 1235 1044 Davidis
1257 986 1490 1042 laudem
1523 985 1782 1042 cecinere
1810 983 2009 1039 mulie-

362 1091 478 1140 res,
510 1078 571 1130 et
595 1090 700 1148 ego
731 1092 912 1148 supra
941 1075 1132 1132 attuli.
1167 1076 1276 1131 Sed
1309 1078 1366 1130 et
1422 1073 1790 1131 clarissimus
1828 1072 1916 1127 vir
1944 1073 2036 1136 P.,

364 1163 757 1220 Martinaceus
770 1164 1096 1222 monachus
1119 1164 1529 1220 Benedictinus
1543 1161 2009 1236 congregationis

367 1252 564 1308 Sancti
586 1251 770 1308 Mauri
790 1253 850 1309 in
874 1252 1304 1326 Prolegomenis
1327 1252 1396 1307 ad
1421 1251 1678 1306 divinam
1694 1247 2005 1306 Bibliothe-

367 1355 496 1396 cam
519 1339 702 1396 sancti
725 1341 1080 1414 Hieronymi,
1105 1341 1348 1414 prolatis
1371 1339 1650 1412 exemplis
1673 1337 1927 1394 ostendit
1947 1338 2005 1392 in

367 1427 592 1484 cantico
644 1427 1102 1502 Deuteronomii,
1155 1433 1330 1500 atque
1361 1427 1416 1482 in
1453 1426 1700 1482 Threnis
1744 1427 2008 1482 Jeremire

366 1515 672 1589 rhythmos
702 1533 1025 1581 occurrere,
1050 1517 1157 1573 hoc
1188 1521 1275 1572 est
1306 1517 1363 1571 in
1388 1517 1501 1572 ﬁne
1524 1519 1880 1572 commntum
1907 1530 2005 1588 pa-

367 1620 488 1660 rem
522 1605 678 1661 vocis
721 1605 1132 1661 desinentiam.
1188 1605 1394 1662 Verum
1455 1603 1904 1660 controversiam
1939 1603 2009 1657 de

363 1693 737 1750 Hebraeorum
760 1694 918 1767 poesi
940 1693 1070 1751 aliis
1087 1693 1316 1750 dimitto
1337 1711 1350 1762 ;
1375 1693 1640 1749 fortassis
1657 1697 1715 1748 et
1731 1692 1788 1748 in
1812 1691 2011 1763 aliqua

365 1782 632 1853 ejusdem
652 1781 780 1838 loca
797 1781 1122 1838 similitudo
1146 1799 1353 1838 vocum
1375 1799 1538 1850 casu,
1573 1799 1686 1836 non
1719 1785 1840 1836 arte
1867 1780 2010 1834 irre-
2042 1813 2089 1878 Β

367 1871 503 1944 psit.
538 1871 867 1928 Praesertim
888 1887 1020 1928 vero
1042 1871 1365 1928 barbaricis
1397 1870 1626 1926 saeculis
1657 1886 1786 1925 mos
1807 1867 2010 1924 fuitle-

368 1959 661 2017 nociniam
692 1960 804 2016 hoc
825 1961 949 2017 suis
966 1964 1092 2016 tum
1115 1959 1562 2032 rhythmis,tum
1583 1960 1784 2014 metris
1812 1958 2015 2028 adjun-

368 2066 524 2123 gere.
559 2050 742 2118 Quod,
774 2049 857 2105 uti
890 2049 1156 2121 conjicio,
1192 2048 1510 2120 praestitere
1555 2047 1795 2114 indocti,
1829 2053 1892 2101 ut
1923 2045 2014 2101 his

370 2138 578 2194 saltem
607 2136 860 2210 phaleris
890 2142 1205 2210 pensarent
1234 2136 1620 2208 quantitatem
1652 2137 1866 2206 pedum
1899 2152 1930 2189 a
1953 2151 2015 2188 se

370 2225 696 2299 neglectam
721 2243 734 2280 :
754 2225 909 2282 docti
927 2229 1121 2282 autem
1132 2229 1218 2292 ,ut
1234 2223 1280 2279 si
1291 2223 1410 2278 mili
1423 2229 1507 2278 ter
1521 2225 1794 2278 cadentes
1814 2239 2016 2278 versus

362 2314 602 2372 facilius
631 2331 667 2370 a
694 2311 910 2388 populo
943 2313 1225 2370 memoria
1253 2313 1666 2368 retinerentur.
1719 2311 1785 2366 Et
1826 2311 2016 2384 primo

371 2402 796 2477 quidemlevem
812 2402 961 2458 hanc
974 2400 1388 2457 modulationis
1404 2401 1670 2456 umbram
1686 2403 2018 2457 statuerunt

369 2492 431 2549 in
463 2509 581 2548 una
607 2508 810 2548 versus
837 2490 1056 2564 syllaba
1092 2495 1408 2564 postrema,
1443 2488 1535 2544 cui
1585 2505 1842 2545 consona
1871 2488 2020 2544 foret

368 2585 666 2654 postrema
683 2579 1226 2652 subsequentis,aut
1240 2577 1695 2650 subsquentium
1716 2593 2014 2632 versuum.

369 2671 729 2743 Quandoque
759 2669 935 2725 etiam
969 2668 1174 2722 alterni
1205 2684 1410 2722 versus
1433 2666 1542 2721 sibi
1568 2665 2016 2738 respondebant.

371 2749 534 2824 Quod
566 2759 614 2815 si
634 2757 1015 2832 indactylum
1033 2754 1337 2810 desinebat
1361 2753 1860 2822 versus,nonnulli
1884 2770 2017 2808 con-

369 2863 610 2903 suevere
637 2844 952 2918 postremis
975 2843 1208 2899 duabus
1237 2840 1478 2914 syllabis
1533 2858 1703 2914 pares
1735 2842 1793 2896 in
1825 2858 2019 2897 suere-

369 2935 646 2992 dentibus
675 2933 942 2989 versibus
973 2930 1542 3001 collocare.Deniqne
1568 2946 1636 2984 eo
1663 2947 1752 2985 res
1773 2931 2022 2986 deducta

369 3028 481 3091 est,
508 3027 575 3078 ut
602 3022 663 3077 in
695 3023 811 3076 fine
836 3035 1046 3076 versus
1089 3019 1335 3092 geminae
1394 3018 1630 3090 integras
1684 3018 1939 3090 syllabae,
1971 3019 2020 3075 si

369 3112 546 3185 longe
568 3108 992 3178 forent,litteris
1014 3123 1081 3162 ac
1099 3107 1294 3162 sonitu
1318 3107 1735 3178 responderent
1756 3107 2020 3163 versibus

373 3178 908 3270 sub-sequentibus:
943 3199 1060 3252 tres
1088 3210 1222 3250 vero
1273 3193 1505 3267 syllabae
1562 3194 1688 3267 pari
1721 3195 1892 3251 modo
1924 3211 2012 3251 re-
2047 3178 2090 3246 C

373 3281 749 3366 sponderent,
781 3285 831 3342 si
863 3284 1185 3359 penultima
1213 3301 1416 3340 versus
1446 3284 1636 3340 brevis
1657 3288 1902 3351 esset,ut
1931 3289 2020 3340 est

373 3379 434 3434 in
466 3377 714 3449 dactylo.
748 3377 929 3441 Quem
959 3390 1180 3431 morem
1231 3391 1520 3447 accepere,
1553 3378 1610 3431 et
1639 3375 1830 3430 adhuc
1881 3375 2018 3431 reti-

375 3458 518 3526 nent
543 3465 800 3540 vulgaris
829 3465 1042 3539 linguae
1075 3467 1286 3521 nostra
1316 3467 1519 3536 poetae.

417 3547 664 3612 'Versus
693 3558 890 3612 autem
921 3555 981 3610 in
1021 3553 1234 3626 quibus
1265 3553 1374 3608 hoc
1402 3558 1767 3625 postremum
1799 3561 2019 3625 ὁμοιοτέ-

369 3655 568 3716 λιυτον,
593 3645 715 3702 sive
739 3645 1004 3701 similiter
1029 3643 1620 3712 cadens,occurrebat,
1672 3641 2020 3715 praecedenti

369 3751 512 3792 sane
541 3733 787 3808 gratius,
820 3733 881 3788 in
913 3748 1084 3789 aures
1113 3730 1421 3786 hominum
1453 3730 1778 3798 incurrens,
1803 3731 2020 3787 Leonici

370 3823 512 3881 olim
534 3820 998 3894 appellabantur.
1023 3821 1138 3875 Cur
1157 3821 1241 3875 sic
1263 3819 1479 3874 fuerint
1501 3817 1775 3890 appellati
1797 3820 2024 3891 ignora-

369 3913 452 3967 vit
471 3910 731 3981 Scaliger
757 3908 968 3964 Poetic.
993 3906 1094 3962 lib.
1118 3923 1180 3973 ιι,
1204 3923 1329 3977 cap.
1361 3909 1433 3960 29
1479 3907 1812 3978 Stephanus
1837 3907 2020 3963 Guaz-

371 3999 500 4054 zius
530 4015 564 4053 a
592 3997 778 4053 cauda
815 3995 1001 4052 leonis
1030 3995 1113 4050 ita
1143 3998 1513 4065 nuncupatos
1545 3995 1739 4066 inepte
1769 3995 2017 4050 censuit.

373 4087 634 4144 Renatus
663 4086 920 4149 Moreau,
955 4082 1220 4138 medicus
1249 4081 1680 4153 parisiensis,in
1710 4081 2020 4140 Commen-

370 4179 484 4231 tar.
517 4175 590 4230 ad
610 4158 878 4229 Scholam
911 4169 1260 4226 Salernitan.
1293 4175 1349 4224 et
1377 4169 1454 4224 du
1484 4171 1739 4239 Cangius
1767 4171 1828 4227 in
1852 4171 2018 4229 Glos-

373 4282 488 4332 sar.
525 4263 752 4327 Latino,
784 4277 884 4338 eos
939 4259 1304 4315 arbitrantur
1348 4260 1429 4313 sic
1490 4261 1632 4328 forte
1679 4267 2020 4332 nuncupatos

371 4353 512 4426 quod
542 4351 752 4408 inventi
771 4351 986 4421 fuerint
1015 4364 1049 4402 a
1078 4347 1311 4419 quodam
1337 4349 1513 4402 Leone
1529 4353 1708 4420 poeta,
1751 4353 1847 4422 qui
1873 4356 2018 4407 circa

371 4445 615 4514 tempora
672 4436 932 4494 Ludovici
985 4439 1070 4492 VII
1097 4437 1178 4492 vel
1232 4435 1482 4508 Philippi
1523 4438 1772 4509 Augusti,
1830 4455 2019 4512 regum

372 4531 643 4599 Francia},
671 4528 834 4584 vixit.
867 4525 1042 4590 Addit
1071 4525 1223 4580 idem
1255 4525 1329 4582 du
1362 4527 1614 4600 Cangius
1645 4528 1794 4585 hanc
1839 4531 2014 4586 etiam
2047 4547 2093 4612 Β

370 4619 554 4676 fuisse
574 4615 922 4684 sententiam
946 4613 1226 4686 Stephani
1250 4615 1544 4672 Paschasii
1571 4617 1670 4672 lib.
1703 4635 1801 4686 vn,
1825 4620 2010 4692 cap.2,

365 4705 772 4782 Disquisition.
812 4703 1134 4760 Francicar.
1167 4705 1266 4776 qui
1299 4705 1695 4779 perelegantcs
1725 4709 2011 4778 quosdam

365 4795 547 4867 hujus
564 4793 773 4852 Leonis
786 4795 964 4864 poeta:
987 4809 1188 4849 versus
1202 4793 1562 4865 produxit.In
1583 4795 1848 4850 eamdem
1871 4810 2014 4866 quo-

365 4900 480 4956 que
513 4884 848 4954 Opinionem
873 4882 1160 4938 concessit
1181 4882 1562 4939 doctissimus
1583 4881 2016 4953 Papebrochius

363 4972 425 5028 in
454 4972 850 5028 Act.Sanctor.
882 4971 954 5026 ad
989 4971 1143 5028 diem
1175 4988 1194 5026 1
1218 4972 1402 5042 Junii,
1428 4973 1486 5024 in
1517 4970 1649 5024 Vita
1678 4978 2013 5025 sanctorum

363 5059 625 5116 Gratiani
653 5064 710 5116 et
739 5058 944 5129 Felini,
977 5061 1298 5116 arbitratus
1317 5061 1620 5128 duntaxat,
1645 5057 1714 5112 ad
1739 5075 2013 5114 summam

355 5151 747 5223 perfectionem
775 5149 1054 5206 adductos
1089 5149 1270 5204 fuisse
1327 5163 1426 5202 eos
1483 5163 1685 5202 versus
1733 5165 1766 5202 a
1825 5147 2011 5204 Leone

360 5237 582 5294 Gallico
613 5244 782 5310 poeta
809 5238 1018 5295 sarculo
1050 5235 1415 5292 duodecimo.
1454 5233 1525 5289 Et
1553 5235 1812 5306 profecto
1851 5236 2012 5308 Egi-

358 5327 494 5404 dius
524 5327 870 5383 Parisiensis
927 5327 1078 5398 apud
1114 5325 1191 5379 du
1252 5322 1568 5378 Chesnium
1602 5327 1762 5378 tomo
1805 5325 2009 5396 quinto

359 5415 635 5488 Scriptor.
673 5417 898 5483 Franc.,
952 5429 1081 5486 pag.
1117 5412 1242 5478 323,
1299 5409 1450 5466 inter
1479 5411 1624 5468 alios
1680 5415 1886 5486 poetas
1917 5413 2008 5470 sui

355 5501 662 5579 temporis,
694 5505 804 5562 hoc
833 5505 924 5560 est
951 5502 1024 5563 ab
1083 5516 1236 5558 anno
1269 5498 1394 5560 1191
1453 5500 1526 5561 ad
1562 5501 1695 5562 H98
1751 5517 2005 5560 comme-

358 5596 548 5668 morat
569 5611 586 5658 ε

2187 537 2475 593 Ludentem
2507 537 2775 593 historiis.

2189 681 2346 736 Idem
2377 683 2576 736 autem
2608 679 2706 735 ille
2722 683 2811 736 est
2831 678 2931 750 qui
2951 679 3031 734 du
3045 677 3262 750 Cangio
3278 693 3344 734 ac
3373 674 3774 749 Papebrochio

2119 769 2414 835 laudatur,
2431 772 2496 823 ut
2511 768 2756 839 proinde
2769 784 2886 824 non
2908 770 3062 824 recte
3081 765 3259 822 veluti
3279 765 3542 822 diversos
3563 768 3774 837 poetas

2117 857 2291 913 hosce
2312 857 2528 928 putarit
2560 855 2910 930 Polycarpus
2925 855 3208 928 Leyserus
3230 854 3290 910 in
3325 853 3773 926 Histor.poetar.

2118 945 2298 1001 medii
2329 944 2463 1011 aevi,
2497 961 2660 998 num.
2692 945 2764 999 79
2817 948 2876 1000 et
2901 944 2991 999 95.
3028 941 3413 999 Doctissimus
3469 940 3772 1014 quondam

2117 1032 2342 1089 amicus
2373 1048 2539 1088 meus
2563 1031 2628 1088 D.
2664 1031 2888 1104 Gaspar
2912 1031 3177 1088 Berettus
3205 1028 3774 1096 Benedictimus,saa-

2118 1121 2252 1194 pius
2282 1121 2428 1176 mihi
2461 1120 2570 1176 hoc
2603 1119 2664 1176 in
2695 1137 2868 1192 opere
2897 1119 3197 1189 laudatus,
3230 1119 3303 1175 de
3335 1116 3605 1175 Leoninis
3636 1133 3778 1187 ver:

2117 1211 2284 1266 sibus
2307 1209 2479 1264 verba
2507 1208 2640 1265 fecit
2659 1204 2718 1264 in
2749 1209 3149 1281 Prolegomen.
3182 1206 3255 1263 ad
3275 1203 3540 1262 tabulam
3562 1205 3772 1262 choro-

2117 1297 2458 1372 graphicam
2488 1315 2667 1369 quam
2693 1297 2849 1353 edidi
2881 1303 3039 1354 temo
3068 1295 3116 1351 X
3148 1295 3364 1352 Rerum
3389 1293 3642 1351 Italicar.
3677 1293 3773 1350 lbi

2119 1405 2281 1442 num.
2313 1388 2403 1452 62,
2435 1397 2564 1458 pag.
2599 1386 2724 1456 M7,
2756 1389 2972 1452 censet,
3007 1385 3274 1440 Leoninos
3301 1399 3486 1440 versus
3516 1384 3576 1439 in
3603 1383 3776 1440 Italia

2116 1478 2212 1530 ria:
2239 1485 2358 1546 post
2387 1474 2887 1530 Nnrlhmannoru-m
2916 1473 3211 1529 edomitum
3247 1474 3500 1544 componi
3526 1473 3770 1544 ccepisse,

2120 1563 2227 1618 hoc
2258 1569 2347 1618 est
2377 1563 2588 1618 saeculo
2618 1561 2830 1617 Christi
2885 1562 3214 1618 undecimo.
3246 1563 3437 1632 Atque
3467 1561 3610 1617 adeo
3641 1566 3774 1616 tum

2120 1653 2238 1716 ille,
2274 1659 2396 1706 tum
2431 1650 2881 1723 Papebrochius,
2917 1651 3229 1718 Eccardus,
3273 1655 3331 1705 et
3359 1648 3480 1718 alii,
3515 1649 3776 1721 inscrip-

2119 1743 2310 1796 tiones
2340 1741 2651 1812 quasdam,
2705 1739 3082 1812 antiquorum
3113 1737 3464 1794 saeculorum
3494 1737 3775 1807 creditas,

2122 1829 2354 1885 nonnisi
2389 1836 2520 1900 post
2575 1845 2792 1884 annum
2826 1827 3171 1883 Christianis
3227 1843 3354 1883 iere
3386 1825 3778 1884 millesimum

2122 1917 2413 1974 confectas
2444 1920 2795 1982 statuerunt,
2835 1917 2992 1988 quod
3040 1914 3309 1973 Leoninis
3339 1915 3608 1972 versibus
3633 1932 3782 1972 con-

2123 2008 2504 2071 starentQuze
2539 2022 2668 2062 mea
2697 2005 2757 2060 in
2787 2005 2939 2061 hanc
2959 2021 3082 2061 rem
3107 2005 3397 2062 sententia
3418 2003 3780 2077 sit,denique

2123 2094 2302 2151 lector
2333 2093 2597 2166 accipiat.
2632 2095 2824 2150 Primo
2855 2099 3078 2150 certum
3107 2097 3302 2150 statuo
3323 2109 3600 2150 versuum
3621 2109 3780 2165 quos

2124 2185 2389 2240 Leoninos
2419 2183 2645 2254 antiqui
2679 2186 3114 2256 nuncuparunt,
3148 2199 3256 2238 nos
3286 2184 3430 2238 versi
3456 2183 3652 2237 rimati
3678 2198 3781 2256 ap-

2125 2269 2432 2343 pellamus,
2465 2269 2748 2343 originem
2782 2287 2886 2327 seu
2938 2269 3338 2327 inventionem
3395 2286 3776 2344 nequaquam

2127 2359 2497 2416 tribuendam
2529 2376 2658 2415 esse
2691 2359 2866 2416 Leoni
2899 2359 3120 2424 illi,seu
3151 2360 3365 2416 Leonio
3395 2364 3576 2432 poetae
3614 2358 3779 2416 Pari-

2127 2449 2304 2504 siensi
2331 2455 2388 2504 et
2419 2448 2704 2504 monacho
2745 2449 3118 2504 Beaedictino
3176 2447 3514 2505 monasterii
3573 2449 3780 2504 Sancti

2124 2537 2399 2602 Victoris,
2433 2537 2534 2609 qui
2567 2537 2799 2592 circiter
2827 2553 3050 2592 annum
3101 2535 3317 2592 Christi
3360 2537 3520 2606 4091,
3554 2538 3777 2594 ﬂoruit.

2127 2626 2212 2681 uti
2241 2633 2598 2680 censuerunt
2621 2625 2697 2700 du
2732 2624 3010 2697 Cangius,
3041 2624 3300 2681 Jacobus
3328 2624 3688 2692 Perizonius,
3721 2631 3785 2682 et

2128 2714 2246 2769 alii.
2283 2713 2702 2769 Przecesserant
2745 2712 2927 2780 enim,
2960 2713 3064 2784 qui
3110 2712 3455 2784 hujusmodi
3507 2714 3784 2771 versibus

2128 2801 2409 2868 luserant,
2443 2801 2562 2858 sive
2590 2798 2918 2874 rhythmos,
2969 2801 3090 2858 sive
3123 2805 3308 2858 metra
3362 2805 3782 2875 componentes

2130 2890 2347 2946 Deinde
2377 2908 2450 2946 an
2483 2891 2658 2945 istam
2699 2889 2908 2946 saltem
2959 2890 3329 2947 versiﬁcandi
3362 2891 3649 2947 rationem
3679 2890 3783 2948 ille

2128 2977 2454 3052 perfecerit,
2487 2977 2774 3035 incertum
2804 2979 2998 3035 adhuc
3035 2995 3164 3036 esse
3219 2979 3526 3036 contendo.
3559 2979 3696 3048 Sed,
3729 2978 3784 3036 si

2128 3067 2366 3140 quidem
2397 3065 2642 3139 gloriam
2665 3065 2924 3139 aliquam
2956 3066 3016 3122 in
3038 3065 3207 3123 illum
3237 3067 3502 3124 conferre
3527 3066 3783 3126 velimus

2129 3155 2356 3228 cpinari
2390 3155 2476 3212 fas
2506 3154 2617 3211 erit
2645 3159 2748 3211 aut
2761 3155 2833 3211 ab
2861 3171 2928 3212 eo
2941 3155 3350 3212 elucubratum
3369 3155 3549 3214 fuisse
3569 3172 3784 3228 poema

2129 3248 2251 3301 tam
2282 3245 2634 3300 concinnum
2666 3247 2724 3300 et
2751 3242 3456 3318 elegans,verborumque
3483 3245 3596 3302 sibi
3626 3245 3783 3302 invio

2127 3349 2251 3390 cem
2305 3332 2786 3405 respondentium
2814 3337 3102 3390 concentu
3122 3349 3422 3402 sonorum,
3455 3337 3522 3390 ut
3541 3349 3697 3390 unus
3717 3333 3782 3391 in

2128 3420 2514 3478 admiratione
2545 3421 2747 3494 populi
2772 3424 2956 3490 esset;
2990 3425 3094 3478 aut
3119 3421 3204 3479 ita
3231 3437 3331 3479 eos
3361 3439 3565 3479 versus
3586 3427 3782 3481 conte-

2127 3509 2346 3576 xuisse,
2382 3513 2447 3566 ut
2474 3525 2815 3585 quanquam
2846 3509 3088 3584 longum
3145 3525 3296 3584 opus
3325 3511 3656 3583 confecerit,
3717 3512 3782 3568 in

2127 3598 2409 3655 clausulis
2439 3602 2632 3655 tamen
2664 3615 2943 3656 versuum
2991 3604 3336 3673 perpetuum
3392 3600 3680 3670 ordinem,
3711 3617 3783 3658 ac

2126 3690 2388 3744 similiter
2440 3688 2640 3744 cadens
2699 3689 2950 3745 duarum
3008 3687 3366 3762 syllabarum
3441 3689 3779 3758 servaverit,

2128 3778 2283 3850 quod
2317 3777 2561 3834 fortasse
2589 3793 2762 3834 nemo
2793 3781 2926 3834 ante
2964 3794 3098 3834 eum
3129 3778 3296 3852 plene
3352 3777 3542 3835 fuerat
3596 3795 3783 3837 ausus

2130 3866 2298 3938 Nam,
2332 3871 2398 3923 ut
2425 3867 2704 3940 praefatus
2753 3883 2910 3937 sum,
2970 3866 3234 3942 plerique
3265 3873 3524 3926 veterum
3553 3869 3614 3925 in
3663 3886 3784 3927 una

2129 3955 2736 4029 syllaba,consonante
2762 3972 2894 4012 cum
2929 3955 3131 4024 altera,
3162 3962 3509 4014 concentum
3536 3973 3782 4014 suorum

2129 4043 2540 4117 rhythmorum
2575 4047 2676 4100 aut
2705 4049 3025 4102 metrorum
3069 4045 3448 4104 collocarunt.
3509 4047 3783 4120 Plerique

2130 4133 2304 4190 etiam
2339 4150 2453 4190 non
2489 4134 2548 4189 in
2581 4135 2695 4189 fine
2721 4135 3089 4207 geminorum
3119 4137 3524 4205 versuum,sed
3554 4136 3612 4192 in
3645 4135 3778 4209 ipso

2128 4239 2296 4278 versu
2313 4221 2506 4294 (cujus
2517 4223 2775 4296 primum
2794 4225 3122 4280 membrum
3135 4225 3515 4298 subsequenti
3533 4241 3776 4298 respon-

2128 4310 2323 4382 debat)
2351 4310 2499 4368 hanc
2527 4311 2758 4368 aurium
2777 4312 3224 4370 oblectationem
3241 4313 3776 4386 conquisiereﬂus

2127 4399 2325 4456 omnia
2355 4400 2636 4473 exemplis
2656 4402 3067 4458 confirmatum
3098 4419 3186 4460 eo.

2197 4491 2318 4545 Sub
2352 4491 2528 4545 ﬁnem
2559 4489 2801 4546 saeculis
2830 4490 3056 4548 Christo
3085 4495 3222 4548 nato
3244 4492 3390 4549 sexti
3411 4491 3613 4551 ﬂoruit
3635 4511 3780 4552 san-

2125 4581 2254 4633 ctus
2283 4578 2704 4648 Columbanus,
2734 4578 3151 4638 celeberrimus
3181 4581 3278 4638 ille
3323 4582 3626 4640 Bobien'sis
3655 4599 3778 4641 cm-

2124 4665 2282 4721 nobii
2314 4665 2632 4722 institutor.
2663 4667 2823 4724 Inter
2851 4670 2979 4741 ejus
3000 4671 3188 4744 Opera
3216 4671 3431 4744 legitur
3456 4671 3775 4746 rhythmos

2123 4757 2198 4810 De
2225 4755 2468 4810 vanitate
2495 4756 2752 4825 vilwmbi
2782 4756 3091 4832 plerosque
3119 4775 3322 4818 versus
3349 4767 3772 4833 ὀμοιοτίλευτους,

2123 4841 2440 4898 cernimus.
2470 4844 2730 4918 Exempli
2761 4863 2975 4904 causa:

2195 4987 2588 5058 Differentibus
2618 4989 2789 5046 vitam
2817 5005 2963 5047 mors
2993 4992 3203 5048 incerta
3229 4995 3463 5066 surripit
3487 5010 3502 5051 :

2193 5076 2386 5132 Omnes
2414 5079 2690 5150 superbos,
2723 5097 2886 5150 vagos
2913 5097 3116 5138 mceror
3144 5084 3339 5140 mortis
3367 5085 3621 5157 corripit,
3652 5089 3769 5144 etc.

2189 5164 2446 5238 Plerique
2467 5169 2714 5239 perpessi
2739 5173 2869 5224 sunt
2888 5185 3182 5242 pomorum
3209 5170 3484 5243 incendia,

2197 5254 2500 5312 Voluntati:
2529 5257 2758 5314 lubrice
2786 5258 3027 5316 nolentes
3056 5260 3364 5332 dispendia,
3385 5266 3494 5319 etc.

2117 5415 2393 5489 Reliquos
2413 5417 2638 5475 omitto.
2662 5419 2770 5486 Qui
2791 5437 2932 5478 sane
2953 5421 3002 5478 si
3015 5420 3443 5482 Columbanum
3461 5427 3762 5486 auctorem

2115 5505 2353 5576 habent,
2387 5505 2862 5581 antiquissimam
2892 5511 3154 5583 praebent
3181 5527 3460 5571 versuum
3491 5515 3764 5576 similiter

2114 5594 2447 5662 cadentium
2477 5596 2748 5658 formam.
2775 5597 2867 5660 Sic
2897 5599 3050 5663 inter
3077 5601 3266 5680 Opera
3289 5603 3455 5670 Bede
3483 5603 3764 5700 leguntur
