3946 6430
152 445 249 504 781

148 667 359 719 centum
383 661 574 727 audis.
593 662 824 718 Priores
854 661 1140 735 accipito:
1188 694 1191 701 η

148 763 424 826 Adventum
441 769 665 824 Domini
692 784 799 823 non
828 772 909 823 est
934 769 1207 823 celebrare
1236 769 1518 823 Decembri

145 860 255 915 Post
281 866 459 913 ternas
488 858 688 922 Nonas,
722 872 895 929 neque
924 858 1145 928 quintus
1191 863 1315 913 ante
1340 856 1630 922 Kalendas,
1664 858 1771 911 etc.

144 964 242 1021 Sed
271 966 324 1020 et
351 967 593 1019 sanctus
624 954 959 1018 Bonifacius
978 961 1361 1035 Moguntinus
1387 962 1698 1034 episcopus
1720 963 1777 1016 et

142 1054 360 1125 martyr,
393 1068 574 1124 supra
603 1049 748 1106 mihi
781 1050 1151 1117 laudatus,in
1183 1050 1432 1122 epistola
1453 1050 1774 1123 prima,cir-

143 1142 273 1199 citer
297 1155 512 1197 annum
544 1141 651 1195 780
682 1139 1380 1213 eonscripta,rhythmum
1414 1139 1779 1205 eti‘udit,con-

144 1230 291 1288 sonis
316 1229 557 1287 vocibus
587 1228 932 1284 distinctum
959 1244 972 1284 :

588 1318 731 1383 Vale,
763 1320 941 1390 frater
969 1317 1293 1387 ﬂorentibus

585 1408 895 1463 Iuventutis
922 1422 1044 1461 eum
1072 1406 1282 1461 viribus

587 1497 650 1552 Ut
679 1497 877 1564 ﬂorens
908 1511 1032 1550 cum
1052 1496 1282 1549 Domino

582 1586 641 1640 In
674 1586 1004 1655 sempiterno
1031 1585 1190 1651 solio,
1221 1588 1330 1638 etc.

134 1706 268 1758 Tum
298 1700 356 1756 in
377 1697 627 1772 epistola
653 1699 726 1754 69
757 1699 1020 1755 carmina
1051 1701 1304 1770 quatuor
1334 1697 1597 1769 ejusdem
1634 1696 1777 1751 refe-

139 1788 613 1861 runtur,geminis
628 1787 893 1844 versibus
907 1786 1084 1843 simili
1101 1804 1243 1842 sono
1267 1804 1354 1840 res
1365 1785 1589 1858 ponden
1603 1785 1780 1855 tibus,

136 1879 229 1936 sed
258 1878 341 1934 ita
369 1882 454 1946 ut,
477 1893 815 1949 quanquam
854 1876 968 1931 fere
1000 1891 1232 1947 semper
1262 1873 1780 1946 dactylusversum

137 1938 517 2037 claudat,duis
545 1938 775 2021 tantum
800 1970 1105 2037 postremis
1132 1938 1373 2036 syllabas
1397 1938 1621 2019 similes
1642 1962 1782 2019 sint.
1816 1938 1862 2001 Β

138 2054 438 2129 Specimen
473 2054 699 2126 profero
724 2072 737 2109 :

590 2147 881 2198 Summum
911 2149 1142 2197 satorem
1168 2143 1310 2198 solia

593 2230 744 2287 Sedet
774 2232 870 2302 qui
895 2246 996 2302 per
1026 2229 1306 2296 :rthralza,

590 2320 631 2374 A
644 2319 710 2375 lti
737 2320 946 2391 olympi
971 2319 1190 2374 arcibus

595 2408 916 2463 Obvallatus
944 2408 1269 2475 minacibus,
1304 2411 1413 2460 etc.

132 2528 212 2583 Ita
238 2540 497 2593 vero,me
527 2523 683 2579 Deus
714 2522 1176 2595 amet,cuiquam
1211 2522 1502 2578 dubitatio
1548 2538 1786 2578 succur-

134 2620 385 2683 ret,num
413 2616 577 2677 tanta
594 2615 856 2668 vetustas
889 2611 1180 2681 ejusmodi
1204 2610 1566 2666 carminibus
1591 2611 1667 2665 sit
1690 2610 1788 2665 tri-

132 2704 605 2761 buenda.Verum
636 2700 943 2757 dubitandi
968 2699 1102 2755 finis
1123 2700 1233 2755 erit
1254 2701 1301 2755 si
1330 2700 1787 2772 Jntiphonarium

135 2794 520 2859 Benchorense,
555 2808 589 2846 a
618 2807 732 2860 me,
766 2795 831 2845 ut
860 2805 1039 2862 supra
1059 2788 1199 2859 dixi,
1225 2788 1561 2861 evulgatum
1585 2805 1791 2844 consu-

135 2880 395 2952 let,quod
426 2883 580 2934 certe
608 2876 818 2932 saeculo
851 2875 1121 2948 septimo,
1158 2880 1257 2930 aut
1301 2892 1601 2931 summum
1635 2880 1788 2931 octa-

136 2986 226 3035 vo,
257 2968 322 3022 in
354 2984 468 3022 usu
504 2966 616 3020 fuit
647 2964 893 3020 celebris
943 2963 1104 3019 illius
1137 2964 1477 3019 monasterii
1499 2965 1558 3018 in
1587 2965 1789 3019 Hiber-

139 3057 233 3112 nia
263 3057 458 3121 siti,ac
491 3055 700 3110 deinde
723 3053 782 3107 in
821 3054 1164 3109 Bobiensem
1187 3052 1790 3119 bibliothecam,deni-

136 3162 248 3218 que
279 3146 342 3199 in
373 3142 823 3199 Ambrosianam
854 3139 1216 3197 taanslatum
1250 3146 1357 3196 est.
1406 3141 1672 3196 Occurrit
1709 3141 1789 3195 ibi

134 3237 375 3306 hymnus
402 3233 580 3287 sancti
609 3230 861 3299 Comgilli
890 3229 949 3284 in
987 3229 1258 3301 strophas
1284 3234 1498 3298 sectus,
1534 3246 1787 3300 quarum

1459 440 1767 504 BYTHMI
1808 441 2197 505 VETERES.

152 568 330 629 versus
360 572 435 628 De
453 574 692 644 computi
720 574 945 644 regulis,
978 572 1035 628 in
1071 573 1236 646 queis
1283 572 1596 628 Leoninum
1633 590 1771 628 con-
1809 575 1856 639 Α

3404 437 3523 501 ’182

2349 574 2530 627 Nostri
2551 574 2778 644 patroni
2799 572 3044 645 fulgidae,
3196 650 3199 653 _

2349 660 2606 729 Comgilli
2633 663 2813 717 sancti
2840 662 3086 747 nomine,

2346 750 2683 822 ltefulgentis
2714 751 2776 807 in
2803 765 2979 822 opere,
3011 754 3125 806 etc.

1885 858 2160 913 Secundae
2185 856 2438 930 strophae
2468 872 2675 913 versus
2699 855 2948 930 quilibet
2974 854 3035 913 in
3065 872 3100 915 a
3122 853 3379 914 desinit:

2350 963 2543 1019 Audite
2564 969 2760 1035 pantes
2791 966 2847 1019 ta
2865 978 2996 1018 eraa
3076 1012 3079 1015 ,

2350 1053 2521 1107 Attali
2548 1051 2619 1106 ad
2647 1052 2909 1123 Angelica

2352 1142 2587 1199 Athlelw
2615 1141 2714 1197 Dei
2741 1139 2930 1195 abdita

2346 1237 2392 1284 Α
2410 1230 2699 1302 juventute
2718 1228 2937 1300 ﬂorida,
2969 1229 3081 1286 etc.

1886 1336 2101 1392 Eodem
2133 1335 2336 1390 ordine
2367 1334 2580 1406 reliqui
2613 1335 2954 1408 procedunt.
2988 1334 3099 1391 Sed
3129 1336 3188 1390 et
3218 1331 3299 1390 ibi
3332 1332 3543 1405 legun-

1888 1428 1981 1479 tur
2012 1425 2266 1480 versiculi
2292 1424 2534 1496 familiae
2555 1423 2853 1493 Benchuir,
2886 1439 2956 1479 ex
2976 1423 3194 1509 quibus
3216 1420 3389 1478 multi
3416 1434 3545 1493 per-

1889 1513 2097 1569 fectam
2129 1513 2445 1585 prazl'erunt
2468 1527 2671 1567 eorum
2702 1510 3084 1583 formam,qui
3098 1511 3288 1566 serius
3311 1509 3545 1566 Leonini

1888 1600 2161 1674 appellati
2196 1604 2353 1657 sunt.
2389 1600 2867 1673 Experimentum
2896 1599 3090 1673 capiat
3111 1598 3324 1656 lector:

2357 1710 2484 1765 Vere
2510 1707 2713 1780 regalis
2734 1708 2886 1775 aula,

2395 1796 2570 1852 Variis
2599 1797 2831 1864 gemmis
2862 1797 3077 1862 ornata,

2392 1883 2683 1956 Gregisque
2713 1884 2922 1940 Christi
2948 1883 3136 1951 cauta,

2390 1975 2554 2029 Patre
2581 1988 2794 2029 summo
2812 1976 3047 2030 servata.

2362 2062 2517 2132 Virgo
2546 2060 2704 2117 valde
2731 2056 2989 2132 [ecunda,

2398 2155 2533 2207 Haec
2560 2155 2611 2207 et
2640 2159 2816 2208 mater
2844 2152 3074 2221 intacta,

2392 2241 2576 2297 Lsecta
2595 2255 2660 2295 ac
2683 2239 3059 2309 tremebunda,

2396 2328 2559 2383 Verbo
2590 2330 2698 2385 Dei
2719 2328 2965 2386 subacta.

1896 2436 2025 2490 Haec
2057 2435 2198 2489 adeo
2224 2438 2426 2506 aperta
2474 2438 2635 2505 sunt,
2668 2437 2736 2490 ut
2782 2433 3037 2506 quisque
3058 2432 3187 2504 jam
3223 2431 3547 2507 intelligere

1896 2523 2103 2596 possit,
2137 2523 2411 2595 antiquos
2443 2522 2901 2595 rhythmopeeios
2954 2527 3131 2594 atque
3175 2525 3380 2596 poetas
3422 2516 3547 2579 non

1896 2619 2263 2685 exspectasse
2293 2617 2557 2684 tempora
2588 2612 2795 2668 Leonis
2827 2611 3118 2668 Pariensis
3144 2614 3347 2685 poetas,
3380 2614 3447 2667 ut
3472 2610 3547 2667 ab

1895 2719 1962 2758 eo
1993 2703 2372 2757 edocerentur
2422 2702 2726 2757 elformare
2776 2717 2981 2757 versus
3029 2698 3210 2757 simili
3258 2702 3546 2757 concentu

1898 2792 2172 2846 cadentes
2198 2808 2210 2855 ;
2237 2806 2425 2861 neque
2448 2788 2627 2845 nimia
2659 2788 2939 2846 facilitate
2955 2788 3253 2846 censenda
3269 2805 3399 2846 esse
3418 2804 3546 2844 car-

1902 2879 2061 2934 mina
2091 2876 2416 2950 composita
2446 2879 2857 2933 tantummodo
2889 2880 3024 2950 post
3079 2893 3299 2933 annum
3330 2876 3549 2933 Christi

1900 2966 2304 3032 millesimum,
2340 2966 2388 3022 si
2420 2982 2539 3039 qua
2563 2970 2878 3022 occurrunt
2906 2964 3145 3023 modulo
3191 2965 3370 3023 hocce
3411 2981 3551 3022 con-

1900 3061 2122 3112 structa
2176 3055 2372 3110 Refert
2401 3055 2716 3112 cardinalis
2737 3054 3024 3111 Baronius
3046 3054 3107 3110 in
3136 3053 3462 3111 Annalibus
3477 3053 3550 3110 ad

1900 3160 2120 3200 annum
2156 3142 2372 3199 Christi
2400 3146 2506 3198 808
2553 3160 2751 3199 versas
2782 3142 3106 3200 incolumes
3137 3142 3328 3199 adhuc
3352 3142 3549 3200 Roma?

1901 3236 2225 3288 asservatos
2254 3230 2312 3285 in
2341 3231 2559 3304 templo
2580 3231 3029 3302 Cruciferorum,
3053 3232 3209 3304 quod
3231 3230 3550 3289 Belisarius

134 3300 385 3397 singulae
417 3337 452 3375 a
480 3320 673 3375 littera
721 3318 1019 3392 alphabeti
1077 3318 1311 3373 initium
1364 3323 1624 3382 sumunt,
1685 3335 1779 3374 ea-
1813 3300 1855 3368 C
1892 3320 2227 3375 Justiniano
2260 3319 2282 3374 Ι
2310 3300 2638 3391 imperante
2666 3319 2998 3375 condidisse
3017 3300 3257 3375 dicitur.
3281 3318 3420 3376 Illos
3449 3335 3551 3376 au-

135 3427 392 3484 rumque
419 3407 635 3482 singuli
665 3424 869 3463 versus
917 3407 978 3462 in
1036 3406 1238 3462 eadem
1293 3406 1575 3479 syllabam
1636 3407 1790 3462 desi-

136 3506 329 3558 nunt:

662 3584 1017 3643 Recordemur
1035 3586 1292 3657 justitize.

1900 3413 2014 3465 tem
2049 3408 2429 3464 doctissimus
2459 3406 2775 3463 cardinalis
2804 3407 3008 3463 eadem
3040 3407 3170 3481 ipsa
3198 3412 3545 3482 tempestate

1901 3497 2193 3554 confectos
2223 3513 2289 3551 ac
2317 3512 2608 3553 marmore
2636 3495 2949 3568 inscriptos
2977 3495 3547 3554 arbitratur.Lectori

1902 3590 1957 3643 et
1976 3602 2081 3659 ego
2110 3585 2507 3658 inspiciendos
2535 3584 2776 3641 exhibeo
2800 3601 2813 3640 :

953 3709 1146 3767 HANC
1192 3708 1320 3765 VIR
1359 3708 1732 3767 PATRICIVS
1769 3709 2171 3767 VILISARIVS
2210 3708 2423 3766 URBIS
2463 3709 2737 3766 AMICVS

1073 3799 1162 3856 OB
1203 3798 1454 3854 CVLPiE
1493 3799 1767 3855 VENIAM
1805 3799 2142 3856 CONDlDlT
2170 3799 2584 3877 ECCLESIAM.

934 3889 1124 3945 HANC
1198 3888 1481 3945 IDCIRCO
1522 3888 1775 3945 PEDEM'
1802 3889 2083 3946 SAGRAM
2123 3889 2243 3955 QUI
2283 3888 2490 3947 PONIS
2530 3888 2601 3944 1N
2640 3888 2879 3946 EDEM.

1078 3978 1171 4034 UT
1211 3976 1627 4034 MISERETVR
1667 3977 1839 4050 EVM,
1882 3979 2076 4035 SJEPE
2118 3977 2443 4034 PRECARE
2483 3977 2703 4035 DEVM.

137 4118 274 4173 Haec
307 4116 361 4172 si
392 4115 707 4187 quisquam
742 4113 966 4185 rejiciat
986 4116 1117 4184 post
1139 4110 1413 4167 saeculum
1440 4112 1799 4177 x,adversari

135 4222 247 4277 ego
281 4204 488 4261 nolim.
506 4209 773 4259 Attamen
798 4207 939 4258 sunt
966 4218 1092 4273 quae
1117 4202 1407 4255 suadeant
1430 4200 1557 4272 ipso
1590 4201 1802 4256 sazculo

1910 4118 2291 4168 memoratus.
2326 4113 2738 4185 Alphabeticum
2769 4114 2938 4170 illum
2971 4112 3343 4172 Mabillonius
3359 4104 3556 4189 appel¥

1909 4201 2069 4270 lavit,
2101 4202 2486 4257 Abeccrlarium
2513 4219 2645 4259 vero
2687 4202 3067 4277 Augustinus.
3128 4202 3389 4260 Similem
3419 4220 3558 4277 quo.

137 4295 494 4350 Christianae
528 4309 650 4347 certe
673 4296 832 4348 sexto
857 4289 1300 4361 inscriptionem
1318 4288 1501 4345 fuisse
1526 4290 1799 4361 positam.

135 4384 251 4438 Vix
277 4383 442 4439 enim
472 4386 605 4453 post
630 4380 819 4436 multa
849 4379 1062 4435 saecula
1084 4378 1381 4451 rogandus
1411 4379 1598 4434 fuerat
1627 4394 1807 4449 popu-

133 4474 235 4527 lus
270 4477 341 4527 ut
372 4470 643 4543 precibus
675 4467 936 4541 repetitis
969 4467 1249 4523 Belisario
1281 4467 1744 4523 misericordiam
1771 4484 1805 4523 a
1912 4468 2223 4540 rhythmus
2256 4470 2319 4523 in
2365 4475 2616 4523 sanctum
2673 4470 2961 4534 Zenonem,
3019 4487 3053 4527 a
3084 4487 3263 4543 supra
3321 4471 3558 4527 laudato

134 4568 261 4616 Deo
292 4558 777 4631 impetraret.Sed
802 4556 1070 4617 alterum.
1096 4555 1506 4627 qualecunque
1526 4556 1804 4620 sit,etiam
1912 4556 2309 4629 Campagnola
2338 4557 2409 4611 ad
2441 4573 2536 4613 me
2588 4559 2831 4623 missus,
2861 4563 3037 4631 atque
3064 4575 3132 4615 ex
3162 4560 3364 4616 eodem
3406 4560 3559 4615 anti-

132 4648 458 4720 antiquius
484 4646 1097 4704 similitercadentium
1123 4661 1330 4700 vocum
1364 4644 1696 4716 exemplum
1710 4644 1809 4700 ha-
1915 4645 2203 4717 quissimo
2234 4646 2431 4713 codice
2461 4646 2826 4717 exceptus,in
2857 4664 2971 4719 quo
3002 4648 3206 4703 laudes
3247 4647 3557 4704 Mediolani

128 4740 384 4794 bemus.
402 4741 652 4792 Sanctus
670 4735 1038 4807 Augustinus
1057 4733 1286 4789 circiter
1307 4750 1529 4789 annum
1551 4734 1657 4789 393
1679 4733 1800 4789 elu-
1835 4736 1881 4802 D
1912 4737 2032 4807 jam
2061 4750 2242 4806 supra
2272 4733 2438 4790 edita:
2463 4733 2822 4806 legebantur.
2856 4736 2927 4790 Et
2957 4735 3113 4791 istud
3148 4736 3558 4793 abecedarium

129 4826 422 4883 cubravit
446 4824 724 4896 psalmum
751 4831 940 4879 contra
987 4824 1204 4893 partem
1249 4823 1468 4889 Donati,
1525 4822 1626 4894 qui
1657 4821 1807 4878 nihil
1914 4827 2021 4880 est.
2057 4823 2138 4878 En
2165 4823 2297 4893 ejus
2321 4822 2596 4878 initium:

129 4917 309 4972 aliud
349 4917 439 4971 est
464 4930 641 4987 quam
670 4912 1006 4987 rhythmus.
1042 4910 1269 4984 Singuli
1297 4926 1499 4967 versus
1521 4927 1551 4966 e
1573 4911 1807 4968 duobus

124 5003 464 5061 versiculis
480 5007 609 5059 octo
631 5002 871 5077 syllabis
900 5003 1188 5058 constant.
1216 5002 1363 5055 Sunt
1378 4998 1458 5055 ibi
1483 5000 1582 5071 qui
1609 5000 1808 5071 plures

129 5092 417 5166 syllabas
446 5091 781 5164 praeferunt,
817 5091 918 5147 sed
947 5088 1215 5146 fortassis
1245 5088 1598 5143 emendandi
1647 5092 1804 5144 sunt.

130 5181 563 5240 Intuerebunc
575 5181 868 5253 psalmum
895 5180 1050 5234 inter
1069 5180 1256 5248 Opera
1275 5176 1586 5250 Augustini
1610 5178 1668 5232 in
1690 5178 1807 5249 pri-

129 5271 265 5327 mis
299 5269 539 5343 paginis
570 5270 790 5325 tom.lX
818 5270 1089 5325 editionis
1121 5265 1560 5322 novissimaeDe
1588 5283 1655 5322 eo
1684 5266 1811 5339 ipse

125 5361 274 5416 haec
308 5356 838 5430 scribitlib.primo
871 5359 1206 5420 Retractat.,
1239 5371 1367 5427 cap.
1388 5357 1456 5409 20
1483 5370 1495 5409 :
1528 5356 1811 5411 Psalmum

129 5451 250 5523 qui
295 5447 373 5503 ab
412 5449 687 5519 imperitis
756 5448 808 5503 el
836 5447 1023 5502 idiotis
1055 5451 1391 5510 cantaretur,
1445 5459 1546 5515 per
1586 5445 1811 5501 Latinas

126 5540 371 5594 litteras
397 5538 526 5608 feci.
560 5538 709 5593 Tales
736 5545 921 5593 autem
948 5534 1294 5591 abecedarios
1332 5532 1636 5604 appellant.
1672 5533 1811 5603 Ejus

126 5626 394 5701 generis
424 5631 514 5682 est
543 5625 858 5701 rbythmus
907 5625 971 5682 de
1031 5623 1348 5689 Mediolano,
1410 5638 1585 5694 quem
1633 5639 1814 5695 supra

126 5713 351 5789 innui,
413 5716 498 5779 uti
527 5720 584 5775 et
635 5715 782 5778 alter
839 5712 1190 5788 Adelmanni
1240 5709 1585 5776 Scholastioi
1641 5716 1814 5774 antea

1911 4307 2025 4363 que
2054 4291 2207 4347 infra
2235 4292 2406 4348 dabo.
2438 4308 2505 4346 ex
2543 4292 2858 4347 Verenensi
2890 4293 3088 4350 codice
3116 4309 3457 4366 expressum
3487 4293 3559 4350 de

1911 4384 2151 4452 captura
2206 4380 2465 4435 Ludovici
2523 4382 2571 4435 ll
2623 4382 2872 4451 Augusti.
2933 4382 3213 4439 Prmterea
3268 4380 3416 4438 mihi
3469 4385 3561 4439 est

1986 4931 2227 4986 Audianl
2253 4931 2548 5004 principes,
2579 4930 2812 4988 audiant
2832 4932 3043 5005 populi,
3076 4936 3185 4990 etc.

1917 5046 2039 5105 Illic
2070 5046 2319 5103 habetur
2339 5065 2352 5103 :

1986 5156 2151 5209 Kasta
2172 5158 2555 5226 permanserat
2586 5157 2808 5227 imperii
2828 5156 2968 5227 filia,
2998 5161 3109 5213 etc.

1986 5245 2157 5312 Rogat
2190 5248 2241 5298 te
2270 5244 2583 5314 imperium,
2617 5243 2687 5299 ad
2708 5260 2763 5302 se
2789 5249 2840 5301 te
2869 5253 3140 5315 convocat,
3170 5249 3279 5302 etc.

1917 5358 2000 5413 Ibi
2033 5360 2327 5429 imperium
2356 5375 2461 5430 pro
2492 5360 2913 5430 imperatore.At
2932 5378 3170 5418 rursum
3205 5361 3341 5418 audi
3372 5362 3571 5434 Augu-

1920 5448 2141 5503 stinum
2175 5448 2446 5502 eumdem
2477 5448 2549 5502 de
2601 5447 2700 5503 illo
2734 5449 2960 5521 psalmo
3010 5449 3387 5523 loquentem:
3449 5449 3570 5505 Ideo

1919 5542 2101 5592 autem
2129 5552 2242 5591 non
2285 5536 2471 5607 aliquo
2521 5540 2788 5594 carminis
2837 5555 3033 5611 genere
3062 5541 3118 5596 id
3146 5541 3271 5610 ﬁeri
3299 5538 3471 5601 volui,
3500 5551 3572 5592 ne

1918 5641 2006 5681 me
2034 5620 2326 5681 necessitas
2373 5627 2601 5681 metrica
2631 5626 2702 5682 ad
2729 5628 2919 5699 aliqua
2946 5629 3109 5684 verba
3129 5644 3249 5700 quae
3279 5625 3438 5697 vulgo
3469 5625 3573 5681 mi-

1918 5730 2026 5780 nus
2052 5719 2183 5778 sunt
2200 5716 2422 5789 usitata,
2453 5716 2812 5794 compelleret.
2837 5717 3026 5789 Quare
3044 5720 3173 5778 tum
3202 5731 3272 5777 ex
3293 5713 3410 5789 his,
3440 5717 3570 5781 tum
