3946 6366
384 493 503 555 ’783

1128 491 1315 558 sne.
1361 491 1444 557 XI
1489 458 2080 557 AUCT."INCERTI
2123 489 2310 555 ANNI
2356 493 2456 554 ET
2499 486 2797 555 SCRIPT.
2848 499 3072 552 mm.

3673 482 3803 549 ’πει

388 643 458 683 ex
487 640 668 700 supra
695 625 888 684 allatis
919 626 1112 684 verbis
1141 626 1530 701 intelligimus
1558 627 1864 700 rhythmos
1891 627 2031 684 olim
2061 628 2116 696 Α
2145 643 2321 699 quam
2356 630 2510 682 certo
2541 627 2868 698 quaarendaa
2897 625 3186 698 ejusmodi
3215 619 3521 707 euphoniae
3557 621 3807 681 concilio

391 715 707 784 confectos,
733 720 799 772 ut
817 717 895 780 ,ab
941 718 1212 788 imperitis
1241 719 1402 789 atque
1457 718 1640 774 idiotis
1688 720 2034 774 canerentur.

396 804 462 861 In
493 821 628 862 eum
661 821 894 878 quoque
925 806 1104 862 ﬁnem
1164 806 1472 880 compositi
1524 807 1703 874 fuere,
1735 807 1834 880 qui
1895 804 2039 862 mihi

394 910 584 966 nuper
611 897 915 952 memorati
946 899 1086 952 sunt
1115 895 1180 952 de
1209 896 1460 951 laudibus
1489 895 1799 962 Mediolani,
1829 895 1895 950 de
1935 899 2038 950 Lu-

392 984 576 1041 dovico
603 987 656 1041 ΙΙ
682 987 790 1041 etc.
849 985 1027 1042 Erant
1057 985 1214 1041 enim
1243 985 1316 1041 iis
1369 1001 1600 1058 quoque
1651 983 2036 1057 temporibus,

391 1073 597 1145 quales
632 1073 871 1146 nostris,
928 1073 1029 1146 qui
1079 1074 1343 1130 carmina
1392 1075 1580 1143 rudia,
1631 1090 1698 1130 ac
1753 1072 2040 1146 praecipue

391 1161 699 1236 rhythmos
730 1167 831 1219 aut
859 1161 1050 1220 solatii
1081 1181 1258 1220 causa
1287 1163 1467 1232 domi,
1500 1166 1602 1218 aut
1625 1161 1684 1218 in
1707 1161 1916 1235 plateis
1936 1179 2038 1234 po-

393 1249 532 1323 pulo
565 1255 911 1326 congregato
942 1250 1089 1308 lucri
1121 1253 1364 1308 obtentu
1393 1251 1701 1308 canebant.
1735 1250 2038 1322 Ejusmodi

394 1339 717 1397 cantilenas
747 1339 955 1397 saltem
983 1341 1289 1397 semidocti
1309 1339 1716 1414 intelligebant
1738 1358 1751 1396 :
1776 1340 2038 1396 nondum

395 1427 552 1484 enim
587 1428 902 1501 quisquam
930 1431 1314 1486 aususfuerat
1336 1429 1556 1502 vulgari
1573 1445 1840 1485 sermone
1865 1429 1947 1484 uti
1967 1430 2038 1484 ad

393 1517 654 1574 carmina
683 1523 784 1574 aut
813 1519 886 1574 ad
917 1517 1222 1592 rhythmos
1248 1537 1261 1587 ;
1296 1523 1398 1574 aut
1423 1518 1472 1575 si
1503 1519 1836 1587 utebantur,
1869 1535 1938 1574 ex
1966 1519 2038 1572 iis

394 1624 465 1663 ne
499 1598 892 1680 fragmentum
925 1608 1161 1680 quidem
1189 1608 1261 1664 ad
1293 1624 1398 1665 nos
1431 1609 1709 1680 pervenit.
1747 1608 1937 1664 Redeo
1967 1608 2039 1664 ad

393 1696 690 1770 psalmum
720 1697 1234 1770 Augustinianum.
1258 1698 1342 1754 Ibi
1366 1697 1734 1770 singulorum
1765 1713 2038 1753 versuum

396 1786 672 1844 clausulae
703 1787 764 1842 in
793 1805 822 1842 e
869 1787 1184 1860 desinunt;
1219 1789 1375 1860 quod
1407 1791 1464 1844 et
1501 1787 1560 1842 in
1593 1787 1723 1843 aliis
1753 1785 2044 1860 rhythmis

400 1878 773 1934 observatum
802 1876 940 1932 vidi.
973 1877 1298 1934 Occurrunt
1326 1881 1384 1932 et
1409 1875 1674 1949 plurimae
1703 1893 1871 1932 voces
1903 1893 2044 1931 con-

401 1983 559 2024 sonaa
589 1966 649 2022 in
675 1983 787 2023 ABE
815 1969 874 2024 et
921 1983 1050 2034 ous,
1082 1971 1215 2037 etc.,
1267 1983 1415 2039 quas
1461 1969 1658 2024 tamen
1690 1983 1831 2022 casu
1863 1964 2060 2038 potius
2090 1949 2137 2015 Β

2152 715 2362 772 coiisse
2393 718 2554 788 puto.
2582 714 2800 772 Saltem
2833 719 3066 772 constat
3092 714 3179 772 vel
3213 712 3424 771 saeculo
3451 711 3812 772 Christiana)

2147 818 2276 860 mra:
2307 809 2514 877 quarto
2546 805 2834 861 Africanae
2857 804 3012 878 plebi
3071 805 3130 860 in
3163 803 3458 878 rhythmis
3505 801 3812 876 placuisse

2148 895 2405 966 aliquam
2433 894 2766 962 verborum,
2827 899 2894 950 ut
2923 895 3007 951 ita
3057 895 3272 962 dicam,
3331 891 3809 962 consonantiam,

2147 1000 2325 1056 quam
2347 983 2666 1041 subsecuta
2687 981 2902 1040 secula
2927 983 3366 1056 ampliﬁcarunt
3384 985 3442 1039 et
3460 981 3812 1056 diligentius

2147 1075 2520 1128 exornarunt.
2555 1073 2937 1130 Praecesserat
2967 1072 3141 1130 etiam
3175 1069 3632 1130 Commodianus
3653 1068 3812 1127 mihi

2149 1179 2329 1234 supra
2361 1165 2720 1218 memoratus
2751 1162 2811 1217 in
2862 1165 3156 1234 postremo
3214 1161 3474 1218 carmine
3507 1175 3640 1232 suo,
3696 1158 3810 1216 ubi

2149 1249 2416 1324 singulos
2443 1267 2650 1308 versus
2681 1250 2740 1306 in
2771 1267 2801 1308 0
2833 1251 3098 1308 desinere
3129 1249 3370 1307 sentias.

2219 1339 2726 1396 Benchorensibus
2757 1339 3328 1414 rhythmis,aliisque
3353 1339 3566 1396 saeculo
3597 1341 3811 1396 octavo

2148 1429 2486 1501 compositis
2506 1446 2640 1484 cum
2671 1429 2910 1486 vocibus
2931 1428 3413 1496 consonantibus,
3446 1444 3592 1501 quos
3617 1444 3815 1500 nuper

2150 1517 2340 1584 retuli,
2375 1519 2526 1574 addo
2556 1517 2920 1591 epitaphium
2949 1517 3231 1574 Lantfridi
3263 1517 3494 1574 abbatis
3520 1517 3814 1573 Burensis

2149 1607 2206 1662 in
2241 1607 2527 1678 Bajoaria,
2563 1608 2716 1679 quod
2753 1607 3128 1664 Mabillonius
3153 1607 3213 1664 in
3261 1606 3556 1664 Analectis
3578 1605 3815 1680 publici

2149 1697 2295 1766 iuris
2327 1695 2476 1752 fecit.
2515 1697 2566 1751 Is
2597 1696 2790 1752 floruit
2820 1697 2928 1752 sub
2962 1696 3206 1770 Pippino
3239 1701 3297 1752 et
3326 1695 3530 1754 Carolo
3563 1695 3807 1770 Magno,

2157 1787 2508 1841 Francorum
2533 1787 2790 1859 regibus,
2837 1789 2892 1842 et
2922 1785 3152 1842 circiter
3180 1803 3402 1843 annum
3453 1785 3670 1843 Christi
3699 1785 3818 1842 790

2155 1875 2475 1931 excessisse
2505 1892 2535 1931 e
2565 1875 2709 1932 vivis
2738 1875 2984 1932 videtur.

826 2092 920 2148 EN
961 2075 1319 2148 LANTFRID
1360 2091 1678 2158 DOMNVS,
1719 2090 1968 2147 PRIMIS
2006 2085 2414 2146 NATALIBVS
2455 2089 2708 2146 ORTVS.

971 2181 1231 2238 DEBITA
1269 2181 1527 2238 SOLVIT
1565 2179 1790 2249 HUMO,
1831 2179 1992 2244 QU/E
2031 2179 2166 2236 SIBI
2205 2179 2440 2235 DEBET
2480 2178 2705 2235 HOMO.

827 2271 1108 2328 IETATIS
1146 2271 1380 2326 FLORE
1421 2269 1671 2326 SPONSI
1709 2269 2040 2326 CURRENS
2080 2268 2153 2324 IN
2193 2267 2456 2334 ODORE,

971 2359 1309 2416 PLURIBVS
1349 2357 1750 2415 EXEMPLVM
1791 2357 2126 2414 PRIEBVIT
2169 2357 2321 2412 IPSE
2359 2355 2597 2412 BONVM
2635 2362 2745 2412 etc.

416 2494 632 2550 Eodem
663 2497 948 2551 concentu
971 2498 1224 2566 pergunt
1242 2492 1455 2566 reliqui
1485 2509 1687 2550 versus
1712 2512 1724 2550 :
1759 2494 1860 2566 qui
1891 2492 1941 2549 si
1966 2510 2054 2550 re-

413 2599 550 2640 vera
568 2588 712 2640 tunc
737 2583 897 2640 fuere
915 2583 1159 2650 conditi,
1192 2582 1278 2638 uti
1302 2582 1417 2638 veri
1431 2581 1664 2639 videtur
1677 2582 1893 2650 simile,
1924 2600 2059 2640 con-

404 2670 642 2729 ﬁrmant
663 2687 789 2743 qua;
819 2670 938 2726 dixi
970 2671 1042 2725 de
1072 2669 1324 2742 ingeniis
1343 2669 1683 2742 hujusmodi
1697 2671 1926 2728 musica
1951 2671 2055 2728 de-

406 2759 636 2816 lectatis
665 2759 792 2832 ipso
826 2757 1038 2815 saeculo
1070 2757 1282 2814 Christi
1315 2763 1536 2816 octavo.
1569 2759 1832 2817 Alterum
1864 2777 2061 2816 exem-

406 2847 571 2922 plum
601 2849 863 2922 praebent
891 2851 1068 2920 porta:
1099 2863 1258 2903 aerea:
1289 2845 1540 2903 basilicae
1557 2847 1906 2906 Parisiensis
1924 2853 2061 2905 San-

2164 2491 2543 2564 dionysianaa,
2577 2491 2806 2548 circiter
2830 2506 2900 2546 ea
2954 2493 3220 2564 tempora
3247 2488 3564 2548 fabricata.
3595 2493 3822 2550 Auctor

2164 2581 2243 2637 ibi
2280 2598 2456 2638 suum
2487 2597 2723 2637 nomem
2742 2579 3094 2654 inscriptum
3119 2579 3438 2651 voluit,hoc
3460 2582 3821 2652 est,Airadus

2164 2671 2479 2738 monachus,
2505 2669 2756 2743 geminis
2775 2667 3077 2726 versiculis
3095 2668 3474 2743 incisis,quos
3495 2670 3568 2728 ad
3589 2688 3818 2728 annum

2164 2761 2272 2815 780
2301 2759 2496 2816 attulit
2527 2759 2678 2815 idem
2713 2757 3086 2816 Mabiltonius
3117 2759 3176 2814 in
3197 2757 3522 2817 Annalibus
3537 2761 3818 2818 Benedic-

2171 2847 2344 2904 ctinis
2371 2867 2382 2904 :

840 2971 982 3028 HOC
1021 2972 1198 3028 OPVS
1235 2972 1551 3030 AIRADVS
1591 2973 1908 3030 CELESTI
1947 2975 2244 3032 MVNERE
2286 2974 2580 3044 FRETVS,

839 3061 1117 3118 OFFERT
1157 3061 1328 3119 ECCE
1367 3061 1530 3131 TIBI,
1571 3063 1882 3133 DIONYSI,
1926 3063 2244 3120 PECTORE
2286 3063 2466 3120 MITI.

417 3207 592 3263 Porro
625 3209 918 3278 quantum
949 3205 1330 3277 subsequenti
1362 3205 1573 3262 saeculo
1595 3205 1824 3262 nonoin
1839 3205 2066 3262 deliciis
2174 3205 2503 3262 stissimum
2526 3205 2819 3262 musivum
2850 3205 2910 3261 in
2969 3207 3089 3263 aede
3120 3222 3287 3264 sacra
3343 3209 3558 3264 sanctae
3618 3207 3822 3266 Mariae

418 3297 564 3352 foret
585 3294 740 3368 apud
771 3296 1058 3367 quosdam
1089 3300 1286 3368 poetas
1337 3295 1665 3367 conquisita
1712 3296 1824 3351 ista
1853 3311 2064 3352 conso-

419 3385 690 3441 nantium
746 3401 952 3441 vocum
1011 3385 1315 3441 harmonia
1368 3385 1428 3440 in
1468 3384 1733 3442 texendis
1770 3384 2058 3453 versibus,

416 3475 588 3549 longe
617 3473 888 3548 pluribus
919 3473 1198 3548 exemplis
1247 3476 1550 3532 ostendere
1587 3489 1852 3547 possum.
1885 3474 2062 3531 Vetu-

2173 3295 2340 3350 Novae
2375 3294 2568 3351 adhuc
2597 3295 2806 3350 visitur
2834 3294 3048 3364 Romae,
3083 3299 3230 3352 teste
3261 3295 3584 3370 Ciampinio
3641 3303 3820 3371 part,

2174 3401 2236 3452 II,
2269 3401 2394 3458 cap.
2428 3384 2518 3452 28,
2549 3384 2736 3441 Veter.
2789 3384 3216 3443 Monumentor.
3278 3384 3362 3442 Ibi
3421 3385 3482 3442 hi
3513 3385 3628 3442 duo
3688 3403 3824 3443 ver-

2175 3491 2278 3530 8118
2297 3491 2312 3530 ἶ

845 3627 1092 3684 ARBOR
1129 3627 1354 3683 SACRA
1391 3627 1644 3684 CRVCIb
1685 3627 1799 3683 FlT
1838 3625 2092 3683 MVNDO
2131 3625 2395 3682 SEMITA
2433 3625 2658 3695 LVCIS,

842 3717 1044 3783 QVAM
1085 3716 1204 3782 QUI
1245 3716 1620 3784 PORTAVIT,
1659 3716 1797 3774 NOS
1835 3715 2182 3775 CHRISTVS
2219 3716 2314 3772 AD
2352 3717 2578 3772 ASTRA
2620 3715 2946 3773 LEVAVI'I‘.

416 3867 512 3926 Uti
532 3868 878 3925 Anastasius
898 3868 1153 3940 tradit,ej
1165 3885 1230 3924 us
1253 3867 1452 3941 templi
1475 3867 1772 3940 simulque
1793 3871 1849 3924 et
1869 3867 2059 3940 operis

413 3955 694 4013 tessellati
718 3955 1042 4012 auctorfuit
1062 3961 1172 4012 Leo
1193 3955 1283 4027 IV,
1309 3973 1482 4028 papa,
1514 3973 1666 4013 anno
1689 3956 1906 4013 Christi
1935 3957 2060 4026 848,

413 4049 516 4103 aut
545 4044 816 4104 Nicotaus
846 4045 889 4117 I,
922 4062 1074 4118 papa
1105 4045 1337 4102 circiter
1393 4063 1615 4102 annum
1669 4047 1792 4102 860.
1849 4047 1982 4110 Quae
2014 4046 2064 4104 si

415 4139 574 4192 certa
601 4138 760 4204 sunt,
786 4135 910 4206 jem
941 4137 1212 4191 tenemus
1241 4133 1303 4190 in
1349 4135 1478 4207 ipsa
1521 4135 1672 4191 Urbe
1703 4135 1882 4192 ferme
1931 4140 2064 4192 ante

418 4240 625 4280 novem
659 4223 872 4280 saecula
901 4223 960 4279 in
991 4241 1103 4280 usu
1137 4222 1317 4280 fuisse
1347 4240 1665 4280 consonam
1691 4241 1898 4280 vocum
1929 4224 2066 4282 har-

418 4314 679 4370 moniam
703 4313 764 4370 in
793 4313 1080 4370 versibus.
1113 4315 1172 4370 Si
1203 4313 1407 4370 eodem
1439 4312 1670 4384 sacculo,
1723 4330 1841 4386 quo
1875 4315 2064 4371 Ludo-

417 4401 583 4458 vicus
615 4402 754 4459 Pius
810 4403 1112 4476 Augustus
1141 4419 1173 4458 e
1219 4401 1362 4460 vivis
1416 4401 1662 4460 excessit
1693 4403 1825 4476 (hoc
1868 4408 2063 4460 autem

2171 3867 2414 3942 contigit
2441 3885 2594 3924 anno
2623 3867 2795 3925 Cristi
2825 3869 2951 3940 840)
2982 3867 3376 3942 compositum
3406 3867 3616 3926 fuisset
3633 3869 3819 3944 epita-

2173 3957 2404 4028 phium,
2457 3958 2586 4029 ejus
2617 3956 2845 4014 tumulo
2876 3957 3118 4036 Metensi
3175 3957 3234 4013 in
3266 3957 3408 4014 urbe
3464 3959 3821 4032 appositum,

2173 4047 2329 4118 quod
2361 4050 2520 4103 tomo
2554 4045 2623 4116 II,
2651 4063 2784 4120 pag.
2828 4047 2954 4116 320,
3016 4047 3294 4120 Scriptor.
3350 4047 3680 4106 Francicor.
3740 4050 3820 4106 du

2174 4134 2428 4205 Chesnii,
2463 4139 2520 4192 et
2548 4135 2608 4192 in
2637 4135 2962 4194 Annalibus
2992 4134 3309 4193 cardinalis
3331 4137 3568 4194 Baronii
3590 4137 3824 4212 legitur,

2175 4223 2540 4282 luculentum
2571 4225 2818 4282 alterum
2849 4225 3204 4283 haberemus
3233 4225 3585 4284 homotoniae
3617 4227 3677 4285 in
3704 4245 3823 4286 ver-

2175 4314 2342 4372 sibus
2371 4319 2510 4371 tunc
2541 4315 2825 4372 adamata:
2857 4315 3564 4384 testimonium.0uatuor
3597 4322 3823 4376 tantum

2174 4404 2494 4462 versiculos
2525 4405 2663 4462 inde
2693 4409 2996 4479 excerptos
3025 4406 3222 4462 offero.

841 4528 1121 4586 IMPERII
1161 4528 1472 4598 FVLMEN,
1514 4528 1956 4586 FRANCORUM
1995 4529 2251 4586 NOBILE
2289 4529 2602 4596 CVLMEN,

985 4618 1290 4676 EXCITVS
1329 4619 1370 4675 E
1409 4619 1678 4676 SECVLO
1716 4619 2081 4676 CONDITVR
2119 4619 2261 4675 HOC
2300 4618 2618 4689 TUMVLO,

844 4708 984 4765 REX
1024 4708 1441 4777 LVDOVICUS,
1481 4708 1809 4764 PIETATIS
1848 4707 2130 4764 TANTVS
2167 4707 2458 4775 AMICVS,

985 4798 1178 4866 QVOD
1217 4798 1378 4856 PIVS
1416 4801 1463 4854 A
1506 4797 1777 4856 POPVLO
1816 4796 2110 4852 DICITVR
2147 4797 2234 4852 ET
2271 4796 2553 4868 TITVLO,
2595 4801 2706 4854 etc.

417 4940 668 5014 Drogoni
689 4957 921 5014 quoque
934 4941 1368 5014 archiepiscOpo
1383 4939 1921 5011 Metensi,ejusdcm
1943 4937 2059 4996 Lu-
2093 4941 2137 5008 D
2167 4939 2242 4996 ab
2271 4939 2473 4998 eodem
2506 4941 2586 4997 du
2615 4940 2864 4998 Chesnio
2895 4942 3320 5015 editum,cujus
3344 4958 3417 5000 en
3444 4941 3672 5016 primos
3691 4959 3818 5001 ver-

418 5029 603 5090 dovici
633 5029 718 5085 Pii
751 5031 936 5098 fratri,
969 5031 1217 5088 alterum
1248 5029 1613 5103 epitaphium
1644 5028 1900 5100 positum
1932 5028 2062 5098 fuit,

2175 5047 2315 5086 SUS.’

843 5156 1206 5215 CONDITVR
1243 5156 1384 5209 HOC
1424 5152 1649 5208 BVS’I‘O
1690 5153 1982 5209 PRJESUL
2023 5155 2265 5210 DROGO
2308 5156 2664 5212 MARMORE
2705 5157 3063 5214 SCULPTO:

981 5244 1313 5300 SPIRITVS
1344 5242 1414 5298 ΙΝ
1456 5241 1717 5309 REQVIE
1759 5243 2012 5300 L/ETVS
2051 5244 2238 5300 OVAT
2277 5246 2606 5315 ABRAHAE,
2649 5249 2758 5303 etc.

415 5391 697 5447 Prmterea
727 5389 784 5445 in
817 5386 1308 5446 Laureshamcnsi
1337 5387 1691 5444 monasterio
1723 5387 2058 5460 sepulcrum

415 5479 608 5538 adhuc
665 5479 876 5537 visitur
921 5475 1244 5533 Tassilonis
1303 5475 1578 5549 Bajoariae
1637 5478 1824 5544 ducis,
1883 5495 2057 5551 quem

2167 5388 2406 5446 Carolus
2459 5389 2710 5464 Magnus
2739 5406 2771 5447 e
2801 5389 2946 5447 solio
2979 5389 3209 5462 dejecit,
3241 5405 3378 5447 cum
3420 5387 3581 5448 hisce
3639 5390 3810 5448 versi-

2167 5480 2280 5536 bus
2310 5497 2322 5534 :

982 5601 1344 5658 CONDITVR
1383 5602 1520 5660 ΗΑο
1559 5602 1809 5672 FOVEA,
1852 5603 2050 5668 QVEM
2091 5602 2201 5660 PIE
2241 5604 2552 5662 CHRISTE
2591 5603 2746 5674 BEA,

838 5691 1130 5747 TASSILO
1171 5691 1316 5748 DVX
1357 5692 1665 5757 PRIMUM,
1705 5693 1882 5749 POST
1922 5693 2081 5763 REX,
2115 5693 2502 5750 MONACHVS
2540 5695 2673 5750 SED
2709 5693 2805 5751 AD
2847 5693 3058 5752 IMVM.

843 5780 1074 5844 lDlBVS
1116 5781 1186 5838 ΙΝ
1226 5781 1490 5839 TERle
1529 5781 1986 5842 DECESSERAT
2025 5783 2182 5842 ILLE
2223 5784 2651 5842 DECEMBRIS.
