3946 6358
116 457 238 545 7⁸5

1434 451 1797 515 RHYTHMI
1841 450 2224 516 VETERES.

3405 448 3524 510 786

113 542 231 658 Sed
260 595 405 672 quia
433 590 700 651 dubitare
734 542 1169 666 licet'nelonge
1208 587 1396 647 serius
1436 586 1617 646 additi
1650 588 1774 644 fue-
1799 589 1857 658 Α
1887 589 2150 645 membra
2176 585 2463 656 versibus,
2497 588 2803 661 postremae
2835 601 3085 660 quorum
3121 584 3353 660 syllabae
3382 585 3529 641 invi-

115 690 239 748 rint
267 685 519 746 tumulis
550 682 843 758 ejusmodi
872 698 1099 750 versus,
1121 679 1370 737 certiora
1389 694 1773 751 apponamus.

116 778 348 852 Gaspar
376 772 672 841 Barthius,
696 772 787 829 vir
814 769 1255 844 spectatissimis
1280 765 1647 845 eruditionis,
1672 765 1774 821 lib.

114 885 275 925 χχιιι
312 862 709 922 Adversarior.
741 858 1031 917 Erint‘redi
1062 856 1336 914 monachi
1375 871 1610 912 carmen
1642 855 1775 927 rhy-

116 955 419 1014 thmicum
460 970 531 1011 ex
572 968 684 1009 ms.
737 949 934 1007 codice
977 948 1212 1022 profert.
1247 946 1350 1002 Hic
1398 950 1593 1001 autem
1639 945 1781 1000 vixit

117 1062 268 1104 anno
311 1045 439 1113 806,
471 1046 535 1098 ut
585 1042 707 1098 Vita
761 1041 879 1112 ejus
934 1040 1183 1094 testatur.
1217 1036 1301 1092 En
1353 1036 1500 1092 duas
1547 1038 1778 1091 tantum

116 1134 285 1194 illius
317 1130 601 1191 carminis
629 1128 902 1202 strophas
937 1145 950 1183 :

590 1219 889 1277 Felicitatis
920 1217 1109 1288 regula

520 1311 630 1366 Hac
657 1308 767 1379 ﬁne
791 1322 1003 1379 semper
1029 1306 1290 1362 constitit.

520 1398 599 1454 Ad
623 1404 829 1470 puncta
855 1412 981 1451 cum
1007 1395 1157 1450 venit
1184 1410 1304 1461 sua,

520 1489 584 1544 In
610 1502 667 1543 se
694 1485 879 1542 voluta
902 1485 1129 1541 corruit.

457 1577 803 1649 Quaecunque
830 1576 946 1630 vita
966 1574 1200 1646 protulit

523 1664 814 1735 Ambigua,
847 1664 993 1732 leta,
1023 1663 1224 1719 tristia.

525 1757 849 1827 Quocunque
876 1768 933 1809 se
961 1769 1079 1825 spes
1109 1752 1311 1808 extulit

526 1844 724 1913 biﬁda,
752 1844 914 1911 dura,
947 1842 1193 1909 credula,
1226 1843 1336 1896 etc.

130 1939 238 1997 Sed
273 1934 566 2011 praecipue
590 1931 801 1990 saeculo
827 1930 927 1987 illo
949 1948 1015 1987 ac
1036 1930 1267 1985 duobus
1288 1926 1787 2001 subsequentibus

133 2026 340 2087 multis
369 2041 521 2082 cura:
544 2022 655 2079 fuit
684 2022 744 2078 in
772 2018 1024 2093 singulis
1046 2018 1315 2075 versibus
1335 2020 1684 2074 concentum
1703 2034 1795 2073 vo-

136 2133 270 2176 cum
297 2113 585 2174 similium
609 2111 889 2180 inserere,
911 2108 1115 2165 divisis
1138 2107 1571 2181 quodammodo
1592 2107 1654 2162 in
1678 2107 1794 2162 duo

1817 1974 1868 2039 B

1887 693 2013 734 cem
2070 677 2182 734 sibi
2231 676 2680 750 respondebant.
2715 675 3012 749 Evulgavit
3060 691 3211 748 saepe
3257 674 3533 731 laudatus

1887 766 2261 824 Mabillonius
2292 767 2353 822 in
2382 764 2710 822 Annalibus
2753 764 3143 821 Benedictinis
3191 764 3262 820 ad
3314 780 3536 820 annum

1887 858 1993 911 827
2020 873 2224 913 versus
2281 856 2339 911 in
2399 854 2800 912 vetustissimo
2843 854 3038 910 codice
3091 852 3538 909 Altivillarensis

1887 944 2117 1001 circiter
2161 962 2230 1000 ea
2268 948 2534 1017 tempora
2576 943 2845 1016 scriptos,
2877 960 2907 998 e
2939 943 3156 1016 quibus
3204 959 3330 1015 quis
3380 957 3540 999 nunc
3571 1016 3580 1026 .

1888 1035 2139 1103 aiebam,
2173 1032 2372 1089 leviori
2404 1034 2634 1107 negotio
2665 1031 2957 1105 intelliges
2991 1050 3005 1087 :

1961 1170 2089 1238 Ebo,
2124 1170 2377 1225 Remense
2403 1168 2581 1237 decus,
2609 1168 2833 1240 praesul,
2860 1171 3157 1239 pastorque
3183 1181 3459 1233 coruscus,

1962 1261 2153 1315 Doctor
2179 1259 2544 1328 evangelicus,
2570 1257 2823 1329 praecelsi
2852 1257 3010 1326 Regis
3034 1258 3265 1322 amicus,

1960 1351 2115 1403 Hunc
2144 1349 2204 1402 in
2232 1363 2417 1404 amore
2442 1347 2559 1414 Dei,
2592 1348 2849 1417 Petrique
2875 1347 2938 1401 in
2966 1345 3167 1402 honore
3199 1347 3361 1413 beati,

1960 1437 2188 1493 Librum
2207 1437 2375 1509 jussit
2403 1437 2514 1507 agi,
2552 1436 2752 1507 plenus
2779 1436 3099 1507 spiraminis
3128 1432 3257 1503 alti,
3288 1436 3396 1489 etc.

1895 1571 1995 1628 llic
2024 1574 2229 1644 praeter
2258 1573 2550 1627 commata
2576 1586 2781 1626 versus
2828 1571 3236 1643 cujuscunque
3265 1586 3544 1637 consona,

1894 1660 2069 1716 etiam
2112 1660 2248 1716 finis
2291 1660 2469 1715 unius
2496 1675 2701 1716 versus
2749 1662 3033 1715 consonat
3061 1676 3194 1715 cum
3241 1659 3357 1714 fine
3409 1657 3546 1714 alte-

1896 1750 2042 1817 rius,
2076 1749 2251 1805 unica
2306 1753 2503 1805 tamen
2563 1748 2804 1822 syllaba.
2838 1748 2927 1804 Ita
2963 1748 3023 1803 in
3076 1748 3301 1804 musivo
3355 1748 3547 1804 adhuc

1897 1839 2211 1911 superstite
2228 1837 2486 1894 Basilicas
2504 1837 2901 1895 Ambrosianm
2919 1836 3551 1910 Mediolanensis,quod

1897 1928 2125 1984 circiter
2182 1945 2401 1985 annum
2460 1929 2567 1983 835
2634 1927 3022 2000 compositum
3093 1927 3306 1998 fuisse,
3366 1942 3556 1997 neque

1902 2018 2218 2086 immerito,
2254 2016 2597 2075 Puricellius
2628 2022 2847 2087 censet,
2881 2015 3260 2074 tetrastichon
3292 2016 3451 2073 istud
3482 2015 3559 2073 le-

1904 2107 2061 2180 gitur
2092 2124 2105 2161 :

639 2251 1014 2310 MARTINVS
1055 2250 1408 2319 MORITVR,
1451 2250 1582 2306 SED
1622 2249 1809 2305 VIT/E
1847 2248 2040 2305 DONA
2078 2249 2427 2306 MERETVR
2462 2270 2473 2307 :

784 2340 1194 2397 TRISTATUR
1232 2339 1549 2407 MVNDVS,
1590 2338 2128 2403 ADJUBILATQUE
2167 2339 2408 2396 POLVS.

639 2429 838 2489 MORS
877 2432 1016 2487 SVA
1054 2428 1274 2485 DIGNA
1314 2429 1502 2485 BONO
1543 2428 1833 2485 FERTVR
1871 2428 2291 2483 CELEBRATA
2330 2427 2687 2493 PATRONO,

785 2518 1115 2577 SPIRITVS
1156 2518 1495 2575 AMBROSII
1532 2518 1692 2574 DVM
1734 2517 2179 2574 FAMULATVR
2219 2517 2332 2573 IBI.

137 2638 371 2697 Milonis
415 2652 648 2710 quoque
702 2634 1051 2692 Elnonensis
1083 2634 1355 2691 monachi
1412 2652 1616 2691 versus
1675 2635 1802 2707 pari

141 2730 432 2786 concentu
463 2724 793 2782 elaboratos
843 2740 994 2780 anno
1044 2724 1258 2780 Christi
1290 2724 1397 2780 855
1426 2725 1601 2780 refert
1647 2722 1802 2780 idem

143 2814 525 2876 Mabillonius
556 2802 616 2869 in
665 2813 991 2871 Annalibus
1022 2813 1412 2870 Benedictinis
1462 2813 1534 2869 ad
1583 2830 1804 2869 annum

148 2909 278 2965 872.
309 2905 458 2961 Vide
505 2904 683 2961 etiam
732 2902 1015 2960 formulas
1039 2920 1135 2959 11v
1160 2907 1217 2960 et
1256 2920 1332 2958 xv
1376 2903 1519 2959 tomi
1550 2908 1602 2957 II
1633 2903 1805 2976 Capi-

150 2996 327 3054 tular.
369 2993 613 3062 Baluzii,
655 3008 789 3067 pag.
810 2994 935 3049 565.
969 2993 1094 3049 Non
1125 3010 1203 3049 eae
1236 2993 1475 3065 quidem
1524 2996 1663 3049 sunt
1692 2992 1806 3048 for-

154 3084 352 3154 mulae,
367 3083 472 3140 sed
494 3081 753 3156 rhythmi
774 3082 1220 3152 duo,summam
1238 3082 1567 3139 barbariem
1589 3082 1811 3155 spiran-

154 3180 261 3245 tes,
312 3177 509 3246 atque,
542 3175 608 3228 ut
654 3172 880 3245 opinor,
912 3173 983 3228 ab
1008 3171 1258 3228 indoctis
1286 3172 1542 3228 librariis
1591 3172 1809 3227 mirum

152 3263 215 3319 in
247 3261 497 3318 modum
545 3258 873 3315 deformati.
907 3259 1120 3331 [Supra
1164 3275 1300 3315 vero
1358 3258 1811 3316 commemoravi

153 3352 483 3409 Notkerum
525 3346 858 3417 Balbulum,
890 3348 1239 3405 cmnobitam
1282 3348 1480 3406 Sancti
1509 3348 1676 3418 Galli,
1711 3349 1811 3422 qui

152 3441 265 3499 sub
297 3440 477 3496 ﬁnem
508 3436 705 3496 saeculi
752 3437 914 3505 noni,
948 3441 1123 3511 atque
1169 3437 1405 3493 initium
1453 3438 1687 3508 decimi,
1721 3439 1811 3495 Se-

152 3531 513 3606 quentiarum
544 3527 758 3585 librum
790 3527 990 3594 edidit,
1018 3528 1092 3583 ab
1124 3527 1382 3601 antiquis
1408 3526 1735 3595 laudatum,
1759 3532 1816 3584 et

157 3618 452 3678 aclariss.
493 3618 617 3675 viro
670 3616 731 3673 P.
781 3616 946 3695 Eezio
996 3620 1145 3689 part.
1195 3617 1387 3689 prima
1441 3617 1585 3683 tomi
1640 3616 1813 3690 primi

158 3710 448 3768 Thesaur.
488 3708 831 3764 Anecdotor.
885 3706 1189 3763 novissim.
1222 3705 1465 3763 editum.
1511 3707 1815 3779 Ejusmodi
1847 3709 1890 3775 C

164 3799 472 3874 Sequentia:
504 3797 674 3871 (quas
711 3796 962 3869 hymnos
1010 3795 1204 3869 potius
1236 3795 1529 3868 appellare
1575 3796 1821 3869 placeat)

166 3886 502 3963 rhythmica
529 3885 765 3943 licentia
794 3886 1129 3959 compositae
1169 3889 1307 3942 sunt
1353 3886 1462 3942 sub
1494 3884 1669 3942 variis
1699 3903 1819 3942 me-

168 3978 298 4036 tris.
329 3977 523 4035 Unam
553 3992 622 4033 ex
652 3973 724 4031 iis
755 3973 934 4047 selige
968 3990 980 4030 :

2196 2635 2383 2690 Sancti
2406 2636 2599 2690 merita

2269 2723 2545 2780 Benedicti
2574 2725 2783 2797 inclyta

2277 2814 2527 2870 Verendaz
2561 2814 2887 2880 sanctitatis,

2271 2907 2347 2959 Ac
2376 2904 2765 2961 monachorum
2784 2903 3068 2975 praesulis,

2274 2994 2382 3050 Pro
2408 3009 2560 3064 posse

2273 3083 2444 3155 Atque
2470 3098 2643 3138 nosse.

2277 3173 2496 3241 Organa
2523 3176 2711 3227 nostra
2733 3176 3071 3245 concrepent.

2204 3262 2405 3317 Nursia
2439 3262 2585 3337 fetis;

2279 3352 2420 3405 Tulit
2450 3357 2639 3405 natum
2667 3351 2912 3419 genitrix
2940 3368 2959 3405 .-

2277 3440 2508 3495 Domina
2537 3438 2733 3494 mundi
2760 3441 2927 3495 Roma
2952 3440 3089 3512 fovit
3115 3440 3331 3496 alitrix.

2275 3531 2376 3583 Hic
2404 3544 2537 3601 ergo
2563 3536 2874 3600 praeventus
2903 3530 3103 3601 optimo

2280 3618 2466 3673 Sancti
2496 3618 2737 3690 Spiritus
2765 3619 2926 3689 dono,
2956 3622 3065 3674 etc.

1930 3800 2092 3857 Anno
2124 3798 2229 3853 812
2260 3799 2436 3854 linem
2477 3798 2707 3854 vivendi
2740 3798 2876 3854 fecit
2904 3797 3060 3856 idem
3091 3799 3582 3870 Notkerus,cujus

1932 3887 2295 3960 epitaphium
2328 3887 2636 3943 metricum
2684 3887 3017 3944 Mabillonio
3061 3888 3343 3944 debemus
3372 3886 3433 3943 in
3463 3890 3584 3944 An-

1937 3976 2169 4033 nalibus
2202 3977 2595 4033 Benedictinis
2626 3978 2851 4034 editum
2883 3977 2978 4036 his
3006 3977 3198 4034 verbis
3232 3994 3245 4035 :

674 4115 852 4172 ECCE
892 4115 1121 4173 DECVS
1162 4118 1462 4186 PATRIIE,
1504 4119 1905 4186 NOTKERVS,
1946 4119 2199 4176 DOGMA
2237 4119 2531 4187 SOPHIE,

850 4206 946 4262 VT
986 4206 1356 4264 MORTALIS
1396 4209 1621 4277 HOMO,
1662 4209 2025 4266 CONDITVR
2064 4210 2205 4266 HOC
2245 4210 2548 4266 ‘I‘VMVLO

672 4294 910 4352 IDIBVS
952 4295 1257 4353 OCTONIS
1298 4297 1416 4354 HIC
1455 4299 1690 4355 CARNE
1731 4299 2052 4355 SOLVTVS
2092 4300 2392 4366 APRlLlS,

851 4384 1103 4443 COELIS
1143 4386 1561 4456 INVEHITVH,
1601 4388 1926 4445 CARMINE
1966 4389 2403 4446 SVSCIPITVR.

247 4519 427 4576 Plura
454 4518 745 4591 ejusmodi
784 4517 982 4575 nullus
1031 4519 1233 4576 dubito
1264 4521 1407 4593 quin
1455 4521 1830 4589 haberemus,

181 4610 404 4683 scripta
422 4607 594 4682 longe
615 4609 791 4665 etiam
815 4612 949 4665 ante
968 4610 1307 4678 Notkerum,
1332 4611 1444 4667 nisi
1467 4615 1723 4685 tempus,
1738 4613 1832 4668 cui

181 4704 267 4756 tot
314 4697 573 4773 pretiosa
620 4698 999 4767 succubuere,
1033 4697 1180 4755 levia
1227 4699 1346 4756 haec
1387 4718 1621 4773 quoque
1664 4702 1834 4758 nobis

184 4787 509 4845 invidisset.
536 4787 729 4844 Unum
759 4787 904 4844 illud
937 4787 1352 4845 San-Gallense
1382 4791 1713 4847 cmnobium
1744 4808 1833 4850 ce-

182 4876 585 4946 leberrimum,
617 4876 676 4931 in
726 4894 843 4950 quo
882 4877 1171 4934 Notkerus
1200 4877 1358 4946 vixit,
1400 4878 1515 4936 alia
1560 4881 1836 4954 suppedi-

182 4973 307 5023 tare
332 4966 431 5023 hic
458 4969 652 5039 potest
680 4966 754 5023 ab
798 4966 1045 5023 Henrico
1076 4966 1302 5023 Canisio
1334 4968 1508 5038 edita,
1533 4986 1599 5025 ac
1630 4970 1839 5026 deinde

184 5056 245 5112 in
286 5054 706 5113 Bibliothecam
754 5056 990 5112 Patrum
1038 5055 1219 5113 illata.
1256 5056 1375 5113 Illic
1423 5057 1707 5132 hymnum
1757 5059 1839 5116 le-

1941 4524 2156 4579 Eodem
2188 4523 2390 4579 ordine
2421 4524 2870 4580 consonantium
2900 4539 3111 4580 vocum
3149 4524 3471 4597 procedunt
3502 4541 3589 4579 rc-

1942 4611 2105 4684 liqui.
2132 4613 2281 4667 Sunt
2310 4613 2387 4668 ibi
2421 4617 2480 4669 et
2509 4612 2604 4669 alii
2637 4613 2861 4685 hymni,
2886 4612 3116 4685 aliaque
3142 4616 3410 4685 poemata
3440 4629 3594 4668 eam-

1943 4703 2075 4758 dem
2119 4702 2425 4757 verborum
2481 4704 2769 4758 texturam
2820 4700 3203 4774 praeferentia,
3237 4705 3340 4757 aut
3385 4702 3590 4757 eodem

1946 4790 2156 4846 szsculo
2206 4807 2261 4845 1x
2309 4793 2409 4845 aut
2437 4809 2471 4845 x
2503 4791 2855 4863 composita;
2887 4789 2970 4846 ita
3016 4794 3082 4845 ut
3128 4791 3255 4861 jam
3315 4790 3592 4860 abundet,

1948 4881 2101 4935 unde
2149 4897 2350 4935 eorum
2391 4879 2587 4951 opinio
2630 4879 2783 4936 male
2821 4883 3069 4935 consuta
3107 4878 3280 4936 nobis
3306 4878 3594 4948 videatur,

1948 4969 2049 5042 qui
2079 4969 2180 5024 ubi
2226 4968 2448 5042 aliquid
2500 4969 2739 5024 Leonini
2788 4972 3105 5025 concentus
3152 4968 3420 5037 audiunt,
3452 4968 3597 5025 illud

1949 5059 2224 5115 continuo
2257 5060 2325 5114 ad
2382 5058 2659 5114 saeculum
2689 5076 2746 5114 x1
2778 5063 2836 5115 et
2865 5058 3286 5132 subsequentia
3312 5059 3601 5133 pertinere

188 5161 290 5219 gas
322 5145 395 5202 ab
447 5143 807 5201 Hartmanno
856 5146 1143 5202 monacho
1202 5148 1592 5220 compositum
1621 5150 1842 5220 (floruit
1951 5148 2062 5204 sibi
2094 5148 2503 5221 persuadeant.
2536 5146 2729 5203 Edidit
2774 5165 3006 5221 quoque
3047 5148 3317 5207 Canisius
3366 5165 3602 5206 carmen

190 5233 284 5291 ille
315 5233 546 5291 circiter
588 5250 809 5290 annum
840 5235 965 5307 870)
998 5236 1167 5307 cujus
1215 5236 1276 5292 hi
1325 5241 1464 5294 sunt
1509 5239 1683 5313 primi
1714 5257 1840 5297 ver-

195 5339 294 5381 8118
321 5342 335 5380 ε

588 5500 723 5558 Cum
751 5503 912 5559 natus
941 5505 1073 5559 esset
1103 5505 1383 5573 Dominus,

657 5592 926 5649 Turbatur
949 5609 1049 5649 rex
1076 5595 1388 5653 incredulus

660 5680 803 5754 Magi
818 5684 1078 5740 tulerunt
1104 5701 1359 5753 munera,

664 5771 803 5842 Quos
834 5773 996 5831 stella
1022 5773 1184 5832 duxit
1203 5778 1435 5849 praevia.

1952 5236 2282 5294 Salomonis
2334 5237 2590 5310 episcOpi
2639 5237 3126 5307 Constantiensis,
3177 5239 3279 5312 qui
3337 5241 3604 5296 currente

1955 5345 2105 5384 anno
2135 5329 2241 5383 895
2272 5326 2531 5382 ﬂorebat.

2030 5509 2243 5565 Eximie
2271 5509 2517 5575 antistes,
2551 5506 2649 5564 has
2677 5509 2879 5580 accipe,
2912 5507 3080 5578 Dedo,
3113 5510 3336 5576 salutes,

2102 5599 2445 5670 Conscriptas
2472 5598 2624 5655 tristi
2652 5615 2688 5655 a
2713 5600 3001 5655 Sulmone
3030 5598 3149 5665 tibi,
3176 5600 3275 5653 etc.

1971 5780 2033 5837 In
2067 5778 2309 5853 reliquis
2336 5779 2491 5838 idem
2522 5784 2612 5836 est
2640 5778 2973 5836 artificium.
3002 5776 3167 5835 Hisce
3192 5776 3376 5849 junge
3407 5774 3615 5833 inseri-
