3946 6408
371 533 490 602 787

1081 531 1273 604 SEC.
1319 535 1421 603 XI.
1465 527 1698 604 AUGT:
1739 535 2056 604 INGERTI
2099 537 2288 603 ΑΝΝΙ
2329 537 2435 604 ET
2477 537 2778 604 SCRIPT.
2826 541 3051 598 manu.

3660 505 3776 604 iss

367 668 636 750 ptionem
663 669 913 746 positam
944 673 1156 731 Emmae
1185 676 1558 750 _Erancorum
1591 675 1802 750 reginae
1833 691 1986 732 anno
2017 674 2142 742 951,
2175 690 2352 747 quam
2383 674 2600 746 profert
2641 672 3022 746 Mabillonius
3069 651 3259 746 nuper
3293 650 3604 731 laudatus.
3625 674 3773 750 ,Ejus

365 741 592 812 primos
620 741 849 802 tantum
880 762 1085 803 versus
1114 747 1358 802 exhibeo
1392 766 1404 802 :

859 834 1222 891 SANGVINE
1262 836 1603 892 CESAREO
1639 835 1860 891 JACET
1901 834 2016 891 HIC
2052 833 2373 890 EXCELSA
2414 828 2763 899 PRUPAGO,

1007 906 1447 963 FRANCORVM
1487 906 1758 963 POPVLO
1797 905 2111 962 PRODITA
2151 905 2240 962 DE
2283 905 2567 960 KAROLO
2599 909 2708 960 etc.

361 989 527 1054 Quod
550 991 601 1048 si
625 991 795 1065 plura
812 993 870 1050 id
891 1011 1080 1067 genus
1099 995 1396 1068 epitaphia
1416 996 1603 1069 cupis,
1623 995 1718 1052 adi
1743 996 2007 1066 ejusdem
2037 999 2092 1064 Α
2120 993 2212 1061 lis,
2246 995 2303 1048 in
2337 993 2596 1050 carmine
2625 993 2696 1049 de
2725 993 2908 1065 gestis
2937 993 3218 1050 Oddonis.
3252 995 3336 1050 En
3368 993 3517 1050 duos
3545 999 3773 1052 tantum

365 1077 690 1138 Mabillonii
719 1069 1014 1139 Analecta;
1039 1083 1287 1141 Consule
1324 1085 1499 1140 etiam
1539 1083 1794 1140 Annales
1822 1083 2013 1139 Trevi-

363 1182 570 1226 ronses
625 1170 1031 1244 Broweri,qui
1089 1172 1254 1230 nulta
1308 1173 1476 1230 affert
1533 1172 1762 1229 saeculis
1793 1175 2009 1239 octavo,

367 1273 523 1314 nono
562 1261 621 1314 et
659 1259 886 1316 decimo
933 1261 1276 1335 composita.
1295 1263 1510 1319 Eodem
1552 1265 1748 1318 autem
1798 1261 2012 1318 saeculo

367 1344 593 1402 decimo
611 1347 810 1404 ﬂoruit
825 1349 1191 1406 Frodoardus
1211 1351 1538 1414 Remensis,
1553 1351 1652 1423 qui
1673 1350 1733 1405 in
1756 1350 2013 1406 carmine

365 1433 438 1490 de
468 1433 602 1491 Vita
627 1436 821 1493 Sancti
849 1437 1194 1494 Columbani
1217 1439 1434 1494 multos
1463 1439 1759 1494 interserit
1785 1456 2010 1505 versus,

363 1522 568 1579 eodem
599 1523 843 1581 artiﬁcio
885 1527 1210 1584 elaboratos
1243 1545 1256 1583 :
1291 1529 1447 1600 quod
1472 1532 1529 1584 et
1569 1527 1840 1599 praestitit
1871 1528 2012 1582 Ros-

359 1608 541 1678 vitha,
573 1611 1050 1685 incomparabilis
1078 1616 1343 1686 eiusdem
1375 1615 1573 1672 saeculi
1603 1615 2015 1671 sanctimonia-

2124 1081 2284 1138 illius
2317 1099 2520 1138 versus
2550 1101 2563 1138 :

2191 1173 2485 1243 Postquam
2517 1173 2626 1227 Rea:
2654 1173 2862 1240 rigum,
2893 1173 2992 1243 qui
3019 1171 3166 1228 solus
3195 1175 3390 1244 regnat
3417 1173 3480 1228 in
3507 1186 3712 1240 aevum,

2194 1265 2300 1316 Per
2327 1276 2386 1316 se
2401 1263 2720 1316 cunctorum
2739 1264 3118 1316 transmutans
3140 1268 3383 1332 tempora
3402 1276 3650 1332 regnum.
3663 1265 3768 1317 etc.

2121 1349 2321 1406 Finem
2377 1348 2604 1404 vivendi
2671 1349 2807 1404 fecit
2864 1365 3017 1404 anno
3077 1349 3296 1406 Christi
3361 1349 3469 1404 993
3533 1357 3773 1406 sanctus

2122 1437 2501 1494 Gebehardus
2537 1437 3004 1492 Constantiensis
3054 1437 3389 1510 episcopus,
3435 1435 3604 1508 eique
3634 1442 3772 1494 tunc

2123 1527 2382 1598 positum
2430 1525 2542 1581 fuit
2585 1523 2971 1598 epitaphium,
3004 1542 3039 1580 a
3075 1525 3307 1582 Canisio
3354 1530 3413 1581 et
3459 1524 3630 1582 Surio
3677 1543 3770 1582 re-

2122 1613 2332 1670 latum.

753 1701 1014 1759 DEBITA
1050 1705 1232 1761 PARS
1267 1704 1526 1759 TERR/E
1567 1704 1965 1760 FALLENTIA
2004 1702 2348 1759 TEMPORA
2385 1701 2701 1772 SPERNE,‘

752 1773 842 1830 ET
879 1774 1280 1830 MEMORARE
1319 1774 1484 1834 Vlz’E.
1523 1774 1724 1838 QVAM
1763 1773 2147 1830 TESTATVR
2185 1774 2370 1829 CINIS
2408 1774 2583 1829 ISTE.

751 1843 1010 1900 GENTIS
1049 1845 1295 1900 HONOR
1333 1845 1640 1900 NOSTRJE
1677 1845 1890 1901 JACET
1930 1845 2066 1908 HIC,
2107 1845 2368 1900 GENTIS
2408 1845 2645 1900 DOLOR
2684 1844 2954 1913 ATQVE;

751 1915 1076 1974 PREFUIT
1111 1915 1282 1972 HUIC
1318 1915 1508 1985 URBI,
1550 1915 1834 1982 CUNGTU
1873 1917 2005 1972 SED
2045 1915 2358 1973 PROFUIT
2398 1915 2588 1982 ORBl,
2629 1922 2738 1972 etc.

359 1999 710 2059 Adelmanni
758 2004 1097 2062 Scholastici
1149 2006 1476 2078 Rhythmum
1522 2005 1939 2078 alphabeticum,
1981 2023 2017 2062 a
2047 2005 2560 2073 Bconsuetudinis
2591 2008 2798 2061 testem
2838 2003 3205 2061 luculentum
3248 2005 3398 2062 dabo
3429 2004 3773 2084 Othlonum,

357 2090 722 2164 prelaudato
743 2093 1080 2150 Mabillonio
1103 2095 1255 2150 inter
1273 2093 1544 2150 Analecta
1565 2095 1808 2162 editum,
1834 2111 2012 2166 supra

361 2180 700 2237 memoravi.
735 2182 789 2238 Is
838 2183 908 2238 ad
953 2181 1235 2239 saeculum
1282 2200 1338 2238 x1
1386 2187 1626 2254 spectat,
1660 2181 2010 2256 compositu-

360 2286 511 2344 sque
549 2269 661 2327 fuit
703 2271 934 2328 circiter
979 2287 1199 2328 annum
1238 2272 1390 2327 1035.
1421 2272 1562 2327 Tres
1609 2288 1813 2328 versus
1861 2275 2008 2328 stro-

357 2357 538 2431 pham
569 2359 904 2429 conficiunt,
933 2377 1000 2416 ac
1021 2359 1386 2434 singulorum
1411 2360 1546 2417 finis
1577 2359 1754 2416 simili
1786 2359 2010 2434 syllaba

357 2450 609 2516 constat,
641 2448 726 2504 uti
759 2465 790 2506 e
819 2447 1009 2522 prima
1039 2449 1281 2522 stropha
1311 2449 1603 2505 constabit
1635 2467 1648 2504 :

425 2535 734 2597 Armonicz
758 2539 1042 2611 facultatis
1070 2539 1384 2612 adspirante
1407 2541 1614 2609 gratia,

426 2627 616 2700 Refero
644 2629 788 2684 viros
819 2629 1079 2697 illustres,
1113 2629 1420 2685 litterarum
1449 2629 1684 2695 lumina,

428 2715 568 2784 Quos
597 2718 804 2774 recenti
831 2717 1148 2774 recordatur
1173 2734 1327 2774 mens
1359 2717 1542 2774 dolore
1567 2717 1777 2785 saucia,
1811 2721 1918 2772 elc.

353 2804 654 2862 Consonas
667 2819 898 2878 quoque
910 2821 1078 2862 voces
1094 2806 1151 2860 in
1173 2805 1704 2879 ﬂnerhythmorum
1724 2804 2002 2873 invenias,

355 2911 472 2968 quo
503 2897 744 2952 sanctus
787 2893 1098 2951 Fulbertus
1147 2899 1280 2951 ante
1328 2893 1761 2950 Adelmannum
1805 2893 2004 2950 elucu-

355 2981 566 3040 bravit.
599 2982 864 3040 Similem
912 2983 1254 3056 rhythmum
1284 2983 1514 3040 circiter
1543 2999 1758 3038 annum
1792 2983 2002 3039 Christi

357 3072 500 3129 1075
528 3071 912 3146 Landulphus
937 3073 1160 3140 Senior,
1183 3071 1501 3130 historicus
1530 3072 2001 3141 Mediolanensis,

361 3158 634 3235 procudit
661 3159 722 3216 in
753 3161 870 3216 fine
892 3160 1026 3217 libri
1055 3161 1228 3234 primi
1253 3161 1514 3218 Historiae
1544 3179 1578 3218 a
1607 3177 1699 3218 me
1719 3161 1886 3218 editas
1917 3165 2003 3218 to-

360 3265 458 3306 mo
489 3248 565 3304 IV
593 3250 724 3307 Rer.
759 3249 1004 3308 Italicar.
1035 3251 1528 3324 Accipepriorem
1561 3250 1858 3324 stropham
1894 3268 1907 3306 :

427 3339 554 3396 Jesu
581 3338 812 3410 Christe,
843 3339 1098 3412 splendor
1118 3342 1322 3410 Patris,
1357 3342 1464 3407 via,
1495 3342 1690 3397 veritas
1719 3343 1772 3396 et
1801 3343 1929 3408 vita,

429 3427 689 3485 Omnium
714 3427 1032 3502 Redemer
1053 3431 1165 3502 pie,
1195 3433 1512 3485 cunctorum
1538 3431 1792 3501 aequitas,

428 3519 714 3577 Universos
740 3520 838 3592 qui
863 3526 914 3574 te
941 3523 1192 3590 quaerunt
1217 3527 1311 3575 tua
1336 3521 1502 3592 reptet
1532 3519 1792 3575 charitas.

353 3609 416 3664 In
447 3608 636 3681 primo
663 3624 833 3666 versu
863 3607 1176 3681 legendum
1209 3613 1297 3664 est
1325 3611 1434 3664 vita
1459 3613 1508 3663 et
1534 3609 1776 3664 veritatis
1796 3608 2000 3663 eodem

353 3700 540 3754 metro
581 3697 772 3754 ceteri
819 3698 1162 3770 procedunt.
1191 3696 1301 3753 Sed
1329 3702 1385 3752 et
1413 3697 1568 3752 idem
1619 3695 2002 3768 Landulphus

350 3785 454 3843 lib.
477 3803 564 3854 III,
587 3803 716 3860 cap.
740 3786 765 3844 4
775 3787 832 3853 6,
852 3787 1030 3843 refert
1047 3787 1403 3852 cantilenam,
1428 3785 1537 3840 hoc
1565 3791 1654 3842 est
1679 3786 2000 3858 rhytmum,

349 3891 514 3948 super
540 3879 748 3951 statum
789 3876 938 3944 regis
982 3875 1208 3940 Alberti,
1235 3873 1292 3928 in
1326 3889 1441 3945 quo
1473 3873 1854 3929 describendo
1886 3891 2000 3929 non

353 3962 536 4020 semel
569 3962 827 4036 peccavit
854 3963 1134 4034 antiquus
1164 3961 1482 4016 Librarius.
1501 3961 1607 4016 Vix
1628 3962 1829 4027 dubito
1859 3963 2000 4034 quin

351 4049 645 4124 ejusmodi
679 4049 994 4121 rhythmus
1043 4051 1342 4105 confectus
1393 4049 1568 4105 fuerit
1597 4065 1710 4122 quo
1742 4053 2002 4124 tempore

353 4157 423 4197 ex
470 4156 650 4214 regno
703 4137 880 4195 Italiae
925 4139 1138 4194 excidit
1183 4138 1550 4208 Adelhertus,
1592 4139 1920 4212 Berengarii
1955 4140 2002 4196 ΙΙ

351 4228 532 4298 illius,
565 4227 743 4286 Italia
772 4243 893 4295 rex,
913 4227 974 4284 id
995 4226 1339 4300 esﬁcirciter
1367 4244 1588 4284 annum
1616 4229 1740 4284 962.
1775 4227 1891 4286 Hos
1920 4229 1998 4286 ibi

354 4318 752 4377 animadverte
779 4333 1004 4384 versus,
1036 4315 1094 4372 in
1127 4316 1254 4388 ejus
1283 4320 1680 4390 contemptum
1716 4335 1877 4376 more
1904 4336 1999 4376 ve-

352 4411 544 4465 terum
576 4407 974 4464 Romanorum
1007 4403 1316 4462 Mediolani
1349 4405 1658 4463 cantilatos
1691 4424 1704 4463 :

637 4497 722 4564 Te,
755 4495 982 4564 Albertc,
1006 4495 1155 4552 decet
1182 4511 1395 4565 nemus,
1425 4537 1431 4544 .

637 4586 701 4640 Et
729 4585 975 4642 Ottonem
1002 4589 1188 4640 manet
1215 4583 1392 4639 decus.
1481 4649 1484 4656 ι

527 4745 532 4750 _
631 4677 738 4730 Pro
769 4675 1008 4748 infamia
1053 4673 1312 4746 Walperti

634 4765 698 4822 Te
725 4763 871 4821 decet
899 4765 1028 4834 alga
1057 4764 1232 4834 regni.

630 4855 737 4911 Pro
765 4855 959 4923 regina
989 4869 1136 4908 nunc
1163 4853 1360 4908 Latina

631 4943 786 5000 Utere
803 4943 925 5015 jam
953 4958 1102 4997 nunc
1127 4943 1370 4996 marina.

629 5031 737 5086 Pro
763 5031 936 5102 regali
963 5034 1168 5102 sceptro
1195 5033 1382 5087 nostro

627 5120 826 5176 Fruere
845 5121 968 5192 jam
996 5121 1154 5175 naris
1182 5122 1376 5184 rostro,
1405 5122 1514 5174 etc.

343 5207 710 5282 Landulpho,
725 5209 1094 5284 synchronus
1110 5207 1220 5263 fuit
1237 5209 1440 5269 Benzo,
1454 5206 1990 5279 pseudoepiscopus

339 5297 636 5367 Albensis;
656 5299 756 5372 qui
775 5300 1064 5371 principue
1080 5295 1241 5350 hisce
1259 5295 1550 5363 rhythmis
1568 5294 1886 5348 delectatus
1902 5303 1991 5348 est

336 5389 398 5445 in
422 5386 712 5445 lutulento
731 5385 1086 5458 Panegyrico
1107 5383 1337 5440 Henrici
1367 5382 1436 5438 IV
1457 5382 1778 5440 Germaniae
1809 5383 1982 5456 regis,

334 5482 496 5533 tome
517 5476 707 5550 primo
723 5473 1084 5544 Scriptorum
1110 5473 1240 5526 Rev.
1259 5471 1650 5527 Gcrmanicar.
1669 5471 1980 5527 Menkenii.

333 5567 404 5622 Et
432 5580 573 5621 sane
601 5563 802 5618 eodem
853 5559 1062 5616 saeculo
1090 5576 1149 5614 x1
1185 5559 1268 5614 ita
1304 5559 1572 5615 homines
1602 5559 1985 5632 capiebantur

331 5651 637 5711 harmonia
657 5649 944 5722 ejusmodi
959 5664 1232 5704 versuum
1253 5650 1700 5704 consonantium
1714 5652 1796 5704 .ut
1812 5651 1981 5722 pauci

331 5743 782 5798 numerarentur
802 5737 986 5795 Musis
1007 5737 1243 5802 addicti,
1261 5737 1357 5808 qui
1383 5737 1642 5793 carmina
1658 5755 1764 5793 sua
1781 5737 1976 5804 hocce,

332 5833 399 5884 ut
449 5827 751 5900 putabant,
801 5833 1145 5884 ornamento
1195 5825 1474 5882 destituta
1522 5824 1752 5883 vellent.
1799 5829 1978 5900 Cujus

2119 2093 2469 2151 Monachum
2491 2095 3219 2164 Sant—Emmeramensem,
3233 2095 3403 2168 cujus
3423 2112 3600 2168 opera
3618 2097 3774 2153 evul-

2117 2183 2276 2256 gavit
2330 2201 2510 2256 supra
2569 2182 2842 2239 laudatus
2887 2183 2950 2238 P.
2983 2183 3188 2240 Pezius
3235 2188 3382 2257 part.
3419 2200 3458 2241 ιι
3501 2185 3644 2242 tomi
3693 2186 3772 2242 Ill

2117 2272 2398 2328 Thesaur.
2429 2274 2770 2329 Anecdotor.
2805 2272 3120 2328 Novissim.
3148 2272 3418 2329 Florebat
3445 2273 3771 2332 monachus

2116 2361 2226 2418 iste
2257 2379 2409 2418 anno
2435 2362 2644 2418 Christi
2681 2363 2816 2417 1050
2847 2366 2906 2418 et
2936 2365 3070 2434 post
3095 2378 3157 2418 se
3186 2361 3448 2419 carmina
3467 2362 3773 2438 complura

2116 2449 2372 2522 reliquit,
2400 2449 2458 2504 in
2491 2449 2706 2523 quibus
2731 2449 3016 2522 plurimos
3045 2465 3252 2505 versus
3273 2455 3662 2507 consonantes
3684 2451 3771 2507 in-

2115 2539 2333 2594 venias.
2365 2539 2417 2594 ls
2447 2543 2642 2595 autem
2680 2539 2740 2594 in
2771 2539 3029 2596 carmine
3059 2542 3143 2596 De
3185 2539 3438 2596 doctrina
3482 2541 3773 2612 spirituali

2116 2627 2171 2682 in
2201 2627 2320 2682 hinc
2351 2628 2526 2685 verba
2555 2627 2814 2700 loquitur
2846 2645 2859 2682 :

2185 2719 2355 2773 Porro
2387 2717 2524 2790 quod
2557 2718 2834 2774 interdum
2869 2719 3139 2792 subjungo
3168 2733 3425 2774 consona
3454 2711 3658 2789 venas,

2187 2806 2316 2874 Quae
2347 2823 2492 2862 uvuc
2523 2823 2831 2862 MVLTORVM
2861 2807 3070 2862 nimius
3096 2805 3368 2862 desiderat
3393 2823 3551 2876 vsvs,

2186 2896 2292 2949 Hoc
2321 2911 2530 2968 quoque
2557 2895 2845 2951 verborum
2863 2895 2992 2968 plus
3022 2895 3222 2968 ordine
3249 2897 3610 2967 convenienti,

2185 2985 2410 3056 Insuper
2439 3000 2679 3048 ANTIQVA
2706 2983 2770 3040 de
2792 3001 3210 3040 cousvsrvmxe
3237 2986 3363 3058 feci.

2113 3071 2186 3129 Ut
2213 3071 2395 3141 vides,
2427 3087 2661 3128 consona
2693 3073 2848 3128 verba
2879 3073 3032 3144 apud
3071 3076 3292 3130 veteres
3324 3072 3774 3148 appellabantur

2113 3179 2242 3234 quas
2289 3177 2442 3217 nunc
2493 3161 2844 3217 nobisrime
2891 3160 3200 3231 dicuntur;
3253 3164 3428 3234 atque
3474 3163 3772 3234 ejusmodi

2113 3266 2356 3324 poesens
2387 3253 2652 3306 currente
2683 3247 2894 3305 saeculo
2923 3267 2979 3304 x1
3009 3251 3240 3322 antiqua
3269 3255 3392 3306 erat
3419 3251 3768 3308 consuetudo.

2113 3341 2300 3406 Quare
2323 3339 2405 3394 nil
2431 3338 2644 3394 mirum
2669 3338 2719 3394 si
2743 3337 3126 3411 subsequenti
3148 3337 3358 3395 saeculo
3380 3357 3458 3396 xu
3481 3339 3771 3398 familiare

2111 3427 2172 3482 in
2204 3427 2368 3484 Italia
2393 3444 2625 3500 quoque
2652 3427 2808 3484 idem
2839 3429 3103 3483 studium
3125 3427 3300 3484 fuerit
3319 3428 3624 3485 Musarum
3645 3427 3768 3486 cul-

2109 3517 2356 3573 toribus.
2390 3517 2535 3574 Vide
2587 3516 2960 3585 Donizonem,
3015 3517 3117 3589 qui
3169 3533 3322 3574 anno
3373 3519 3510 3574 1115
3553 3535 3770 3592 poema

2111 3607 2407 3662 contexuit
2433 3607 2498 3662 de
2534 3607 2650 3662 Vita
2697 3607 2987 3662 comitissa:
3016 3605 3312 3662 Mathitdis.
3354 3606 3770 3664 Animadverte

2111 3696 2327 3768 quibus
2352 3695 2618 3751 versibus
2636 3693 2984 3750 Guilielmus
3005 3685 3229 3766 Aplilus
3251 3693 3468 3751 librum
3489 3694 3766 3768 quintum

2109 3785 2174 3840 de
2202 3785 2593 3841 Northmannis
2623 3783 2956 3840 concludat.
2977 3783 3123 3840 Vide
3153 3783 3333 3841 etiam
3376 3800 3771 3858 anonymum,

2111 3873 2210 3946 qui
2251 3873 2481 3930 circiter
2519 3890 2740 3930 annum
2781 3874 2920 3928 1127
2951 3889 3157 3946 poema
3185 3872 3398 3928 struxit
3445 3873 3510 3928 de
3553 3875 3771 3930 excidio

2110 3963 2263 4019 urbis
2307 3963 2579 4018 Comensis
2612 3981 2630 4018 :
2661 3961 2742 4016 uti
2793 3966 2849 4018 et
2898 3961 3270 4034 Radulphum
3321 3961 3767 4031 Cadomensem,

2112 4053 2200 4107 cui
2233 4053 2390 4108 Gesta
2420 4051 2680 4108 Tanrrcdi
2701 4051 2975 4123 principis
2997 4049 3546 4118 debemus,circiter
3562 4053 3770 4108 eadem

2111 4147 2374 4214 tempora
2405 4145 2588 4195 metro
2612 4157 2676 4196 ac
2705 4156 2879 4212 prosa
2911 4138 3276 4212 conscripta:
3305 4139 3560 4212 denique
3581 4141 3772 4197 Gede-

2111 4231 2247 4288 fridi
2293 4229 2675 4286 Vitcrbiensis
2713 4229 3019 4291 Pantheon,
3051 4232 3110 4284 et
3137 4227 3409 4284 Gaui‘rerli
3444 4227 3774 4285 Malaterrie

2109 4321 2407 4377 Historiam
2427 4319 2689 4382 Siculam,
2705 4334 2833 4390 quae
2853 4316 3052 4372 omnia
3071 4317 3482 4390 complectitur
3495 4315 3775 4375 Collectio

2111 4425 2242 4465 mea
2289 4409 2504 4464 Iterum
2554 4405 2910 4472 Italicarum,
2937 4405 3225 4478 praecinue
3269 4406 3546 4474 tomo,V.
3581 4406 3776 4480 Legas

2110 4514 2344 4570 quoque
2371 4495 2544 4551 velim
2579 4493 2885 4567 rhythmos
2917 4495 3226 4567 quosdam,
3253 4511 3287 4549 a
3322 4494 3642 4551 venerabili
3663 4495 3775 4553 Pe-

2107 4591 2196 4642 tro
2221 4583 2586 4641 Cluniacensi
2619 4583 2828 4638 abbate
2859 4583 3090 4640 circiter
3125 4599 3344 4639 annum
3380 4582 3596 4640 Christi
3627 4585 3775 4640 1130

2109 4673 2492 4746 compositos,
2520 4672 2580 4728 in
2613 4672 2828 4744 quibus
2861 4673 3132 4728 eumdem
3163 4688 3372 4728 vocum
3413 4677 3770 4730 concentum

2107 4762 2390 4820 invenias.
2415 4761 2693 4818 Prmlerco
2736 4761 3047 4817 innumera
3075 4761 3189 4818 alia
3229 4779 3362 4818 cum
3396 4765 3601 4830 metra,
3635 4766 3771 4818 tum

2106 4851 2431 4926 rhythmos,
2459 4851 2661 4908 eodem
2687 4849 2930 4906 artiﬁcio
2952 4849 3269 4919 elaborata,
3293 4851 3558 4924 mihique
3583 4867 3615 4907 e
3636 4867 3775 4908 mo-

2105 4939 2406 4997 numentis
2432 4938 2626 4996 saeculi
2653 4954 2730 5007 lx,
2752 4957 2786 4994 x
2809 4943 2864 4995 et
2888 4939 3376 5013 subsequentium
3399 4937 3667 5009 collecta,
3692 4957 3774 4998 ne

2104 5029 2326 5084 nimius
2358 5028 2491 5084 sim.

2171 5117 2325 5173 Nihil
2349 5123 2544 5174 tamen
2567 5115 3086 5173 dissimulandum.
3107 5117 3390 5190 Pleraque
3415 5133 3484 5174 ex
3513 5115 3608 5174 his
3631 5133 3767 5174 car-

2100 5207 2378 5267 minibus.
2399 5206 2745 5280 rhythmicis
2771 5211 2874 5261 aut
2905 5206 3185 5276 metricis,
3217 5223 3284 5263 eo
3315 5211 3544 5262 tantum
3577 5207 3770 5263 artifi-

2098 5298 2186 5350 είς)
2205 5301 2564 5362 cnnsiam.,ut
2583 5295 2755 5350 unica
2773 5293 3071 5368 syllabain
3091 5295 3282 5352 medio
3300 5312 3470 5352 versu
3489 5294 3769 5352 adhibita

2095 5403 2306 5442 sonum
2325 5387 2529 5440 reddat
2543 5384 2797 5440 similem
2814 5383 3049 5458 syllabis
3064 5383 3357 5441 claudenti
3367 5429 3381 5452 ,
3394 5388 3497 5442 aut
3510 5400 3620 5458 par
3629 5389 3768 5441 tan-

2093 5479 2219 5530 tum
2249 5473 2473 5548 syllaba
2502 5475 2754 5530 duorum
2782 5489 3062 5530 versuum
3106 5473 3280 5530 finem
3315 5478 3578 5546 occupet.
3601 5474 3760 5530 Cum

2090 5580 2244 5632 vero,
2261 5567 2326 5619 ut
2347 5580 2526 5636 supra
2545 5561 2734 5628 innui,
2756 5561 3042 5636 singulari
3067 5563 3336 5620 fortassis
3358 5561 3763 5635 appellatione

2089 5655 2322 5708 Leom'ni
2341 5668 2544 5708 versus
2576 5651 2616 5706 ii
2647 5651 2983 5707 dicerentur
3013 5653 3074 5708 in
3104 5651 3322 5724 quibus
3353 5651 3602 5724 gemina:
3631 5650 3759 5723 syl-

2086 5743 2232 5798 labae
2251 5741 2456 5813 longze,
2483 5742 2583 5795 aut
2601 5743 2741 5800 tres.
2761 5741 2808 5796 si
2843 5740 3168 5813 penultima
3191 5739 3383 5798 brevis
3405 5741 3575 5808 foret,
3599 5755 3758 5796 sono

2086 5829 2293 5904 aequali
2316 5829 2426 5886 sibi
2451 5829 2866 5902 responderent
2889 5831 2946 5886 in
2969 5831 3158 5888 medio
3177 5836 3235 5888 et
3258 5831 3370 5888 line
3392 5845 3620 5897 versus,
3647 5835 3760 5885 aut
