3946 6364
405 378 522 442 791
1143 381 1332 446 ΞιΕΟ.
1379 380 1456 444 XI
1500 380 1728 445 AUCT.
1773 379 1963 443 INCE‘

2282 379 2326 442 II
2370 379 2470 442 ET
2513 379 2813 443 SCRIP’P.
2861 385 3088 438 manu.
3333 397 3336 401 ~
3701 376 3840 438 792

406 511 630 602 Pariter
655 511 717 572 in
748 513 880 588 ejus
907 515 1204 588 epitaphio
1229 513 1443 588 legitur
1475 533 1488 572 :

839 630 975 694 ινο
1019 632 1304 694 GRAVIS
1345 632 1623 703 SORTE,
1668 629 2157 696 CRVDELITER
2199 627 2514 692 OBRVTE
2556 629 2856 706 MORTE,

840 721 1060 793 QVEM
1099 722 1334 784 TEGIT
1379 722 1553 783 HIEC
1596 720 1880 794 PETRA,
1927 720 2158 781 FELIX
2201 719 2594 780 HABEARIS
2639 719 2718 779 IN
2763 719 3078 793 IETHBA,
3129 721 3249 779 etc.

397 841 484 899 Ad
513 841 634 899 hac
659 841 719 900 in
749 841 1157 900 dissertatione
1202 860 1414 910 xxxvu,
1453 845 1528 898 De
1574 843 1852 915 hospital.,
1885 841 2044 899 evul-
2073 842 2130 910 Α
2157 841 2379 898 Datheo
2409 841 2917 914 archipresbytero
2948 857 3101 896 anno
3131 838 3348 897 Christi
3377 838 3508 895 787.
3537 843 3667 896 Duo
3698 853 3840 896 ver-

397 930 529 1005 g‘avi
555 931 954 992 fundationem
985 931 1424 1005 brepbotrophii
1454 933 1663 989 factam
1679 931 1986 988 Mediolani
2009 949 2043 987 a
2152 947 2255 988 sus
2287 930 2346 986 in
2367 929 2532 986 illius
2563 929 2706 987 aedis
2737 929 3068 1003 pavimento
3098 928 3368 1003 inscripti
3389 927 3676 1002 leguntur
3716 945 3735 983 :

841 1057 1148 1120 SANCTE
1190 1053 1578 1120 MEMENTO
1621 1057 1848 1132 DEVS,
1895 1057 2079 1128 QVIA
2124 1055 2496 1121 CONDIDIT
2539 1056 2717 1119 ISTE
2759 1055 3122 1118 DATHEVS

919 1147 1129 1209 HANC
1171 1147 1441 1209 AVLAM
1483 1145 1799 1208 MISERIS
1843 1146 2160 1208 AVXILIO
2204 1143 2516 1208 PVEBlS.

403 1278 684 1336 Prmstare
708 1295 824 1335 non
855 1295 1097 1352 possum
1121 1297 1274 1336 anno
1303 1279 1507 1336 eadem
1537 1281 1643 1336 787
1671 1279 1846 1336 hosce
1866 1278 2049 1335 versi-
2158 1277 2292 1334 simi
2323 1280 2516 1346 erunt,
2551 1277 2651 1335 sed
2678 1275 2956 1349 temporis
3007 1279 3146 1332 nota
3191 1277 3478 1344 carentes,
3518 1289 3734 1332 versus
3768 1277 3832 1332 in

403 1365 566 1424 culos
596 1366 780 1424 fuisse
810 1367 928 1424 illic
959 1367 1207 1441 scriptos
1239 1387 1252 1426 :
1288 1371 1546 1424 attamen
1591 1368 1766 1425 verba
1805 1367 1904 1425 illa
1951 1369 2052 1424 iste
2158 1366 2386 1424 musivo
2416 1365 2794 1439 scripti,quos
2828 1363 3142 1421 Panvinius
3185 1363 3415 1438 legebat
3464 1363 3528 1420 in
3558 1361 3832 1422 claustro

403 1455 639 1513 Datheus
667 1455 954 1513 viventem
985 1455 1154 1513 illum
1182 1457 1441 1514 indicare
1460 1457 1923 1522 videntur.Quod
1949 1457 2050 1512 ubi
2159 1455 2497 1512 monasterii
2529 1453 2938 1512 Lateranensis
2987 1468 3191 1512 exesos
3213 1453 3340 1526 jam
3371 1456 3548 1528 atque
3594 1453 3826 1512 caden-

400 1546 649 1614 statuas,
670 1545 798 1617 jam
818 1549 1290 1619 tenes,quantam
1309 1546 1724 1619 antiquitatem
1745 1546 2054 1619 prmferant
2161 1549 2254 1602 tes
2289 1562 2302 1601 :

395 1649 778 1708 versus,quos
806 1651 962 1692 nunc
989 1637 1256 1693 Lconinos
1268 1635 1746 1709 appellamus.Ita
1767 1635 2050 1708 antiquis-

838 1761 1292 1824 CANONICAM
1335 1761 1671 1825 FORMAM
1713 1760 2156 1834 SVMEN'I‘ES,
2199 1759 2461 1822 DICITE
2505 1759 2878 1833 NORMAM,

839 1851 1058 1924 QVAM
1101 1851 1546 1926 PROMISTIS,
1595 1850 1749 1912 HOC
1789 1849 2255 1912 CLAVSTBVM
2301 1849 2622 1922 QVANDO
2666 1849 3046 1912 PETISTIS.

398 1982 646 2056 Reliqua
672 1984 876 2040 eodem
907 1987 1188 2041 concentu
1204 1984 1642 2040 continuantur.
2073 1991 2122 2056 Β
2264 1984 2418 2054 Virgo
2432 1981 2700 2054 prudens,
2730 1983 2934 2050 sobria,
2959 1982 3154 2042 Joseoh
3179 1979 3528 2056 desponsata,

471 2072 747 2130 Pluribus
787 2073 1170 2146 congerendis
1186 2073 1562 2146 tcmpero.Ad
1594 2071 1836 2128 alteram
1865 2072 2044 2129 versi-
2261 2071 2353 2127 Ad
2379 2071 2614 2127 salutem
2641 2073 2891 2128 omnium
2918 2073 2980 2126 in
3007 2073 3320 2145 exemplum
3347 2071 3496 2141 data,

396 2163 612 2220 ﬁcandi
640 2162 924 2220 rationem
956 2163 1111 2234 quod
1160 2161 1387 2230 attinet,
1441 2161 1706 2218 videlicet
1750 2161 2043 2218 statuendi
2261 2159 2632 2232 Supernorum
2658 2163 2864 2218 civium
2891 2177 3110 2217 consors
3133 2161 3257 2234 jam
3283 2161 3536 2234 probata.

394 2268 653 2312 consona
677 2251 852 2308 verba
879 2251 942 2306 in
972 2251 1087 2307 fine
1108 2249 1477 2325 geminorum
1508 2266 1806 2317 versuum,
1855 2266 2044 2322 neque
2149 2249 2347 2320 Maria,
2376 2252 2606 2306 miseria
2634 2267 2730 2323 per
2759 2258 2810 2307 te
2841 2253 3194 2318 terminatur,

393 2340 492 2406 hic
521 2338 927 2398 desiderantur
953 2337 1220 2412 exempla
1267 2337 1440 2412 longe
1471 2341 1605 2395 ante
1635 2338 1843 2395 Leonis
1884 2339 2040 2396 Pari-
2256 2341 2322 2394 Et
2348 2339 2724 2396 misericordia
2749 2354 2846 2413 per
2875 2343 2926 2396 te
2954 2347 3260 2411 revocatur,
3291 2343 3401 2398 etc.

394 2429 609 2488 siensis
637 2432 887 2486 atatem.
921 2428 1179 2484 Profecto
1228 2426 1459 2484 circiter
1487 2445 1708 2485 annum
1740 2429 1900 2496 1055,
1933 2428 2042 2485 hoc
2149 2427 2300 2484 Audi
2319 2431 2378 2484 et
2405 2427 2534 2500 ejus
2563 2444 2800 2486 carmen
2828 2429 2920 2497 64,
2955 2429 3027 2485 ad
3058 2429 3329 2486 eamdem
3361 2429 3815 2488 sanctissimam

393 2523 486 2578 est
508 2521 744 2576 centum
765 2516 940 2574 annis
957 2519 1015 2572 et
1037 2515 1191 2572 ultra
1202 2515 1548 2589 priusquam
1571 2517 1680 2574 Leo
1713 2516 1810 2574 ille
1827 2534 2040 2574 nomen
2148 2515 2449 2590 Virginem
2485 2535 2498 2573 :

391 2623 568 2666 suum
589 2608 879 2665 Parnasso
909 2605 1092 2676 daret,
1129 2621 1335 2663 versus
1384 2605 1445 2661 in
1495 2605 1658 2663 Italia
1699 2607 2042 2664 conficiebat
2150 2605 2190 2662 0
2219 2607 2542 2662 miseratrix
2569 2636 2594 2648 -
2627 2622 2658 2662 o
2686 2606 3028 2663 dominatrix
3059 2637 3083 2648 -
3112 2609 3348 2680 pracipe
3374 2605 3545 2675 dictu,

387 2695 890 2754 celebratissimus
917 2693 1008 2750 vir
1037 2698 1274 2750 sanctus
1299 2695 1506 2752 Petrus
1527 2695 1814 2764 Damiani,
1839 2700 2042 2768 postea
2147 2696 2222 2750 Ne
2249 2695 2590 2752 (levastemur
2615 2725 2645 2738 -
2673 2711 2744 2752 ne
2774 2696 3084 2768 lapidemur
3113 2727 3139 2738 -
3167 2696 3461 2766 grandinis
3483 2698 3616 2770 ictu,
3648 2701 3764 2756 etc.

387 2783 677 2846 Ostiensis
703 2783 1036 2857 episcopus.
1067 2784 1256 2856 Atque
1302 2799 1373 2839 ex
1418 2799 1484 2840 eo
1532 2783 1820 2840 habemus
1852 2783 2041 2841 multa
2146 2787 2279 2839 Haec
2305 2783 2543 2840 videant
2571 2785 2673 2857 qui
2703 2785 3064 2842 contendunt
3084 2785 3337 2857 majores
3363 2789 3596 2844 nostros
3619 2803 3654 2844 a
3673 2803 3817 2860 pro-

387 2873 672 2943 carmina,
704 2873 956 2947 hymnos
987 2876 1044 2929 et
1091 2873 1399 2945 rhythmos
1447 2873 1592 2928 varii
1633 2873 1823 2942 metri,
1855 2891 2038 2946 eaque
2146 2873 2494 2930 vincialibus
2523 2873 2801 2932 didicisse
2848 2891 3024 2930 usum
3073 2875 3528 2932 consonantium
3569 2889 3810 2946 vocum,

388 2964 510 3022 fere
539 2965 750 3020 cuncta
777 2961 1052 3018 consonis
1081 2961 1322 3018 vocibus
1351 2965 1638 3018 contexta.
1670 2962 1779 3018 Sed
1811 2962 2042 3034 potissi-
2147 2963 2520 3020 Mabillonius
2549 2981 2785 3037 quoque
2814 2964 2874 3020 in
2913 2963 3235 3022 Annalibus
3257 2965 3650 3024 Benedictinis
3671 2967 3802 3040 epi-

389 3067 557 3110 mum
582 3050 1046 3107 considerandus
1075 3050 1248 3108 nobis
1284 3053 1373 3107 est
1401 3050 1529 3122 ejus
1557 3050 1844 3122 rhythmus
1876 3069 2038 3124 super
2145 3052 2413 3124 taphium
2444 3052 2919 3126 prodidit,adhuc
2950 3069 3242 3110 marmore
3273 3051 3666 3128 insculptum,
3704 3055 3809 3112 Al-

390 3139 736 3198 Salutatione
751 3139 1024 3209 angelica,
1057 3155 1218 3196 num.
1245 3139 1334 3209 63,
1368 3137 1426 3194 in
1459 3156 1574 3212 quo
1614 3140 1850 3213 perfecti
1893 3141 2036 3198 Leo-
2144 3141 2290 3198 berti
2323 3141 2552 3199 abbatis
2581 3142 3073 3216 Miciasensis,qui
3106 3159 3258 3200 anno
3289 3143 3430 3201 4036
3445 3147 3670 3202 natura
3689 3145 3799 3204 de-

390 3225 518 3286 nini
545 3243 750 3285 versus
777 3231 1112 3290 occurrunt.
1267 3279 1280 3293 ,
2145 3231 2336 3287 bitum
2366 3230 2557 3300 solvit,
2592 3249 2709 3288 non
2742 3231 2995 3289 absimili
3025 3249 3236 3290 vocum
3277 3232 3657 3294 collocatione
3679 3233 3804 3292 dis-

462 3318 590 3387 Ave,
622 3317 796 3376 David
821 3317 964 3390 ﬁlia,
993 3325 1184 3375 sancta
1211 3318 1414 3374 mundo
1444 3322 1595 3373 nata.
2144 3319 2392 3376 tinctum
2427 3338 2440 3377 :

829 3443 958 3506 HIC
998 3444 1238 3507 IACET
1279 3444 1736 3518 ALBERTVS,.
1785 3445 2172 3518 QVONDAM
2219 3447 2559 3508 REGALIA
2607 3447 3036 3521 SPERNENS,

817 3533 1194 3595 ‘PIWDENS
1238 3534 1498 3606 ATQVE
1542 3534 1739 3608 PIVS,
1786 3535 2114 3596 TANTVM
2160 3536 2583 3598 CCELESTIA
2623 3537 3009 3610 CERNENS,

822 3622 1071 3684 MVNDI
1118 3623 1456 3684 DlVl'l‘IAS
1500 3622 1660 3683 CVM
1705 3623 1994 3684 REGALI
2039 3624 2362 3686 DITIONE

822 3709 1218 3774 GEMETlCA
1261 3711 1557 3774 PRIMAS
1603 3712 1940 3774 SPBEVIT
1983 3713 2138 3775 PRO
2183 3714 2627 3788 RELIGIONE,
2674 3718 2795 3774 etc.

371 3862 644 3922 Florebat
669 3877 825 3918 anno
856 3861 996 3916 1095
1025 3860 1334 3918 Baldricus
1361 3861 1789 3918 Andecavensis
1825 3862 2026 3932 abbas,
2139 3863 2361 3921 Floruit
2379 3865 2582 3922 eodem
2605 3863 2814 3922 saeculo
2832 3862 3044 3920 Christi
3067 3862 3375 3920 undecimo
3405 3863 3633 3921 Gualdo
3662 3869 3800 3924 Cor-

372 3952 546 4024 cujus
573 3949 838 4007 carmina
863 3948 1046 4005 edidit
1076 3948 1155 4005 du
1177 3949 1711 4006 Chesniustom.IV
1741 3951 2018 4024 Scriptor.
2133 3953 2389 4010 beiensis
2439 3953 2788 4022 monachus,
2841 3951 2943 4026 qui
3005 3952 3201 4008 Vitam
3254 3952 3444 4009 sancti
3489 3954 3797 4013 Anscharii

371 4041 577 4098 Franc.
610 4036 676 4097 In
705 4037 800 4094 his
830 4039 1102 4111 quaedam
1141 4041 1490 4095 concentum
1540 4056 1749 4096 vocum
1800 4040 1860 4096 in
1911 4041 2023 4097 fine
2133 4043 2392 4116 episcopi
2421 4041 2986 4115 Hammaburgensis
3007 4045 3196 4098 metro
3227 4041 3546 4111 contexuit,
3577 4043 3798 4102 editam

370 4145 653 4188 versuum
679 4125 973 4185 exhibent.
1001 4127 1183 4184 Primi
1213 4128 1656 4200 epigrammatis
1676 4130 1798 4186 bini
1819 4147 2024 4188 versus
2132 4149 2168 4188 a
2197 4131 2523 4189 Lambecio.
2557 4135 2613 4188 Is
2644 4131 2705 4187 in
2733 4131 3073 4205 praefatione
3113 4130 3257 4188 lusit
3293 4130 3566 4189 versibus
3593 4134 3796 4192 eadem

375 4222 520 4278 sunt
544 4217 608 4275 hi
643 4235 656 4274 :
2135 4220 2296 4277 ﬁnali
2319 4222 2704 4279 consonantia
2735 4221 3051 4279 distinctis.
3076 4221 3162 4277 En
3193 4221 3498 4278 exordium
3533 4239 3548 4278 :

443 4310 508 4365 In
535 4307 715 4364 rotula
741 4306 908 4362 multi
932 4323 1060 4363 cum
1085 4306 1458 4364 sollicitudine
1478 4307 1712 4381 quadam
2202 4311 2370 4367 Dulce
2397 4314 2530 4379 tuis,
2564 4311 2803 4382 Albertc,
2832 4310 3014 4380 decus,
3039 4310 3210 4384 jubar
3238 4311 3648 4383 ignivaporum,

446 4395 674 4454 Dicendi
695 4397 897 4454 seriem
920 4412 1132 4468 semper
1157 4400 1441 4454 metantur
1469 4398 1537 4454 ab
1567 4398 1758 4466 Adam,
1791 4402 1900 4456 etc.
2203 4401 2462 4458 Ecclesiae
2493 4403 2686 4469 turris,
2717 4402 2876 4472 regni
2893 4399 3148 4456 diadema
3175 4399 3454 4468 decorum,
3498 4432 3504 4440 ο

376 4488 463 4544 Ita
501 4487 562 4542 in
606 4485 968 4544 carminibus
1013 4486 1083 4542 de
1131 4490 1316 4544 morte
1365 4487 1664 4544 Mathildis
1711 4488 2023 4545 abbatissae
2207 4490 2392 4546 Gloria
2415 4491 2764 4560 pontiﬁcum,
2787 4505 2978 4561 regum
3004 4489 3318 4546 venerabile
3346 4504 3575 4558 numen,

373 4574 797 4634 Condomensis
825 4590 978 4632 anno
1009 4575 1032 4632 l
1043 4575 1151 4634 0l2
1167 4576 1532 4650 compositis,
1554 4581 1612 4634 et
1635 4594 1668 4634 a
1697 4595 1878 4650 supra
1905 4577 2027 4633 lau-
2207 4579 2356 4647 Quod
2387 4578 2494 4633 tibi
2518 4581 2695 4634 mater
2721 4580 2830 4634 init
2863 4578 3106 4647 Corbeia,
3138 4593 3294 4634 sume
3310 4577 3585 4634 volumen.
3611 4581 3726 4635 etc.

371 4664 508 4723 dato
531 4663 868 4723 Mabillonio
887 4669 1048 4722 temo
1079 4665 1317 4738 quincto
1347 4665 1557 4722 Annal.
1592 4665 2020 4722 Benedictinor.
2133 4667 2278 4722 Vide
2311 4666 2486 4722 etiam
2516 4665 2881 4739 epitaphium
2917 4667 3069 4723 beati
3099 4666 3424 4734 Lanfranci,
3470 4666 3796 4740 archiepiso

371 4753 678 4829 evulgatis,
709 4754 865 4812 idem
896 4759 1215 4814 concentus
1245 4755 1502 4812 occurrit
1535 4772 1548 4811 :
2134 4754 2264 4827 copi
2290 4754 2728 4812 Cantuariensis
2757 4754 3145 4823 celeberrimi,
3196 4773 3232 4812 a
3277 4759 3482 4812 sancto
3520 4756 3796 4812 Anselmo

325 4833 330 4838 ’
373 4843 433 4900 Si
460 4845 718 4918 lam/mat
743 4845 1000 4918 cuiquam
1019 4845 1256 4901 cretestia
1283 4861 1457 4914 regna
1479 4851 1760 4916 pararent,
2134 4843 2339 4898 itidem
2368 4843 2806 4918 archiepiscopo
2836 4844 3068 4901 circiter
3097 4861 3318 4902 annum
3347 4845 3488 4902 4089
3510 4844 3799 4918 composi-

372 4933 698 5004 Defunctum
714 4949 1041 5007 quemquam
1066 4934 1116 4990 si
1133 4934 1388 4990 carmina
1407 4935 1594 4988 nostra
1605 4933 1886 5004 juvarent,
1911 4935 2018 4988 etc.
2133 4936 2283 4988 tum.
2307 4933 2391 4988 En
2423 4933 2646 5006 primos
2676 4950 2883 4990 versus
2919 4951 2932 4990 :

815 5057 1416 5121 ARCHIEPISCOPI
1461 5057 1620 5118 NON
1665 5059 2008 5121 DIVI'I‘IAS
2053 5059 2204 5120 NEC
2248 5059 2613 5122 HONORES

815 5145 1333 5208 LANFRANCVS
1379 5147 1662 5220 SVBIIT,
1708 5147 1858 5209 SED
1901 5148 2150 5210 CVRAS
2196 5149 2460 5221 ATQVE
2505 5149 2890 5212 LABORES.

817 5236 1076 5297 NATVS
1123 5235 1201 5296 IN
1245 5235 1527 5308 ITALIA,
1575 5236 1939 5298 PAPIENSI
1983 5237 2086 5297 DE
2135 5237 2500 5310 REGIONE,

817 5324 1121 5388 CIVIBVS
1165 5324 1555 5400 EGREGIIS,
1602 5326 1704 5386 ET
1750 5326 2114 5388 HONESTA
2155 5326 2653 5400 CONDITIONE,
2699 5330 2822 5388 etc.

375 5475 702 5549 Rhythmos
730 5487 964 5545 quoque
994 5469 1148 5527 Petri
1169 5471 1398 5530 abbatis
1417 5472 1819 5530 Cluniacensis
1842 5490 2029 5546 nuper
2056 5477 2103 5542 D
2204 5478 2412 5532 Lumen
2448 5475 2662 5532 clarum
2693 5507 2716 5518 -
2749 5475 3103 5532 tenebrarum
3130 5503 3155 5518 -
3185 5473 3404 5531 sedibus
3436 5471 3792 5546 resplenduit,

374 5567 729 5622 memoratos
756 5561 906 5618 vide.
939 5560 1095 5617 Inter
1123 5563 1360 5618 caeteros
1391 5561 1581 5620 unum
1630 5578 2025 5621 commemoro
2204 5565 2346 5620 Dum
2371 5564 2586 5620 salvare
2617 5595 2639 5604 -
2677 5579 2924 5621 recreare
2951 5595 2977 5608 -
3005 5564 3144 5638 quod
3163 5565 3368 5622 creavit
3395 5563 3570 5622 voluit
3597 5583 3616 5647 .-

445 5654 520 5708 De
549 5651 942 5708 resurrectione
968 5649 1207 5721 Domini,
1231 5649 1291 5706 in
1309 5667 1424 5723 quo
1457 5651 1516 5706 hi
1547 5668 1750 5710 versus
1786 5668 1798 5708 :
2207 5653 2346 5709 Hinc
2367 5655 2614 5712 Creator.
2651 5683 2674 5694 -
2705 5669 2776 5709 ne
2787 5663 3034 5726 peccator
3065 5685 3086 5698 -
3118 5658 3442 5720 moreretur,
3464 5654 3719 5721 moritur,
