3946 6364
142 378 295 443 ’793

312 512 484 587 Cujus
509 520 845 572 morte-nova
871 511 1147 570 sorte-vita
1173 510 1330 568 nobis
1359 510 1556 577 oritur,
1579 512 1688 565 etc.

169 605 273 661 Est
302 603 389 660 ibi
420 608 480 660 et
508 602 659 661 alius
690 602 1002 676 rhythmus
1032 600 1245 658 similis
1276 602 1337 655 in
1366 600 1623 656 honorem
1639 598 1825 654 Matris

167 694 541 762 Domini,sub
570 692 806 750 nomine
830 706 1012 765 prosa
1042 690 1392 748 editus.Haec
1422 691 1617 745 autem
1656 687 1823 743 circi-

167 788 259 840 ter
286 798 517 839 annum
546 782 763 839 Christi
791 782 934 838 “30
962 780 1179 853 scripta
1209 780 1385 836 fuere.
1435 778 1518 835 Ita
1568 776 1822 833 Joannes

166 874 505 930 Severanus
532 871 593 928 in
622 871 773 928 libro
801 871 1068 929 Memoriae
1096 886 1247 926 sacro
1273 869 1332 924 di
1357 867 1821 939 Roma,pag.314,

164 961 619 1036 inscriptionem
646 961 821 1018 refert
851 977 1004 1016 anno
1033 958 1195 1029 4128,
1230 958 1482 1031 positam
1512 955 1723 1011 Joauni
1754 956 1824 1010 de

166 1051 381 1108 Crema
406 1049 689 1107 cardinali
720 1050 780 1106 in
810 1048 979 1106 titulo
1011 1047 1210 1106 Sancti
1239 1044 1621 1120 Chrysogoni,
1655 1045 1825 1115 cujus

171 1156 307 1198 ecce
336 1141 518 1198 verba
551 1158 563 1195 :

465 1249 510 1303 Ο
549 1246 736 1303 ΒΟΝΕ
776 1244 1154 1301 SALVATOR

463 1316 769 1375 NOSTRE
806 1317 1103 1373 SALVTIS
1139 1314 1461 1381 AMATOR,

465 1390 607 1446 FILI
643 1389 733 1445 CH
742 1389 946 1444 RISTE
986 1388 1122 1452 DEI,

467 1461 697 1517 PARCE
736 1459 1176 1517 REDEMPTOR
1212 1458 1301 1523 EI,

172 1588 241 1646 Et
270 1587 430 1661 apud
456 1586 756 1645 Canisium
785 1584 1088 1657 Antiquar.
1126 1583 1375 1639 Lection.
1410 1586 1552 1638 tom.
1579 1580 1654 1637 III
1678 1582 1825 1651 part.

1490 372 1854 437 RHYTHMI
1893 372 2276 438 VETERES.

3463 371 3585 455 ιρι

1851 513 1907 582 Α
1934 524 1994 573 ιι,
2027 508 2244 565 noviss.
2278 506 2574 578 editionis,
2609 505 2874 566 carmina
2901 506 3179 582 leguntur
3225 506 3441 567 Metelli
3472 510 3579 568 Te-

1933 597 2261 671 gerseensis
2292 597 2585 666 monachi,
2620 597 2721 670 qui
2755 615 2908 654 anno
2940 598 3150 656 saltem
3184 599 3324 657 1160
3363 600 3579 668 ﬂoruit,

1933 685 2044 741 hoc
2068 690 2176 755 est,
2211 690 2344 743 ante
2377 686 2650 755 Leonem,
2697 687 2820 743 sive
2869 687 3152 743 Leonium
3199 687 3451 744 Gallum.
3502 688 3583 744 ibi

1936 774 2267 848 Rhythmici
2293 792 2498 832 versus
2530 775 2879 849 complures.
2908 776 3129 833 Paucos
3155 777 3294 833 audi
3318 795 3331 833 :

2042 865 2363 920 Laudabunt
2393 865 2498 920 alii
2525 866 2738 920 clarum
2764 882 2933 937 genus
2962 885 2980 922 :
3012 882 3077 923 ac
3102 868 3244 923 mihi
3271 868 3392 924 lene

2187 953 2393 1009 Christi
2410 955 2611 1025 jugum
2639 954 2732 1010 dat
2762 957 2925 1010 verba
2957 954 3248 1013 Camaenae.

2044 1042 2292 1115 Syderew
2313 1044 2518 1115 patria?
2544 1045 2686 1099 cives
2716 1045 2935 1099 abolere
2961 1044 3229 1110 studebat,

2188 1133 2292 1185 Per
2313 1147 2445 1202 quos
2467 1148 2661 1203 pacem
2689 1133 2851 1188 rebus
2878 1133 3126 1190 habebat.

2051 1221 2265 1277 Vivebat
2290 1221 2535 1276 scintilla
2564 1228 2766 1294 tamen,
2799 1224 3037 1294 frigente
3058 1223 3273 1294 favilla,

2190 1309 2421 1364 Tandem
2447 1314 2595 1365 mola
2612 1291 2811 1382 praeut
2837 1291 3006 1367 micat
3035 1291 3158 1378 illa,
3191 1314 3298 1366 etc.

1941 1400 2053 1456 Sed
2088 1398 2257 1471 longe
2303 1402 2435 1455 ante
2477 1398 2600 1454 haec
2646 1403 2913 1471 tempora
2960 1400 3270 1474 compositi
3320 1399 3590 1457 videntur

1940 1505 2058 1544 non
2089 1485 2390 1544 absimiles
2420 1488 2535 1544 duo
2565 1489 2896 1562 versus,qui
2922 1489 3133 1562 Capua:
3159 1488 3350 1546 adhuc
3380 1487 3585 1561 legun-

1940 1580 2039 1633 tur
2072 1595 2084 1632 :
3224 1588 3229 1595 ·

603 1729 745 1786 HOC
782 1729 944 1784 PlVS
982 1727 1355 1793 ANTISTES,
1396 1724 1609 1782 CLERI
1648 1723 1814 1789 LVX,
1857 1719 2049 1778 OTTO
2090 1720 2422 1789 PARAVIT,

604 1817 1099 1882 ECCLESI/EQVE
1135 1817 1391 1886 PATER,
1433 1815 1588 1885 RES,
1629 1812 1874 1888 MQRES
1912 1809 2442 1866 AMPLIFICAVIT.

170 1965 231 2023 Si
262 1964 572 2021 referenda
601 1961 902 2035 inscriptio
930 1965 1018 2018 est
1047 1961 1119 2017 ad
1160 1960 1430 2016 Ottouem
1484 1957 1828 2028 Capuanum
1859 1955 1906 2019 Β
1934 1950 2660 2008 Aunalib.Benedictin.ad
2694 1968 2913 2008 annum
2935 1953 3042 2008 707
3070 1952 3131 2008 in
3162 1953 3329 2009 theca
3350 1957 3588 2027 argento

174 2054 542 2128 episcopum,
575 2069 749 2126 quem
782 2052 889 2108 sub
922 2052 1097 2106 tinem
1139 2047 1336 2106 saeculi
1376 2044 1513 2101 noni
1562 2044 1829 2100 ﬂoruisse

177 2141 483 2218 Ughellius
504 2140 1017 2215 opinatur,iterum
1031 2138 1436 2194 confirmatam
1456 2133 1615 2189 vides
1631 2132 1834 2204 hujus-

181 2233 339 2289 modi
365 2248 644 2290 versuum
675 2228 1107 2301 antiquitatem.
1126 2226 1210 2282 Ita
1233 2221 1569 2281 Mabillonio
1600 2225 1748 2277 teste
1772 2220 1829 2274 in

1941 2044 2208 2097 contecta
2239 2040 2339 2096 ubi
2372 2039 2660 2097 collocata:
2697 2040 2970 2098 videntur
3015 2059 3168 2097 anno
3218 2041 3432 2099 Christi
3486 2043 3592 2100 946

1940 2129 2200 2202 reliquiae
2232 2130 2417 2186 sancti
2447 2129 2661 2186 Hidulfi
2695 2130 2972 2204 episcOpi,
3002 2130 3059 2186 hi
3082 2147 3287 2188 versus
3317 2129 3590 2206 legeban-

1940 2222 2039 2274 tur
2072 2236 2084 2274 :

608 2362 911 2428 QVORVM
950 2360 1248 2417 MVNERE
1290 2359 1439 2415 SVM
1479 2356 1646 2412 TALI
1684 2354 2037 2410 VESTITVS
2078 2353 2364 2409 HONORE

608 2452 808 2509 DIGNI
846 2448 1284 2507 REDDANTVR
1325 2446 1567 2505 DIVINO
1608 2444 1894 2501 SEMPER
1932 2443 2204 2498 AMORE.

180 2600 266 2657 Ita
295 2597 356 2654 in
372 2598 490 2653 ﬁne
520 2595 785 2653 Chronici
818 2593 1188 2652 Centulensis
1210 2592 1363 2664 apud
1394 2587 1741 2646 Dacherium
1770 2587 1830 2642 in

177 2687 489 2762 Spicilegio
520 2685 879 2758 Hariulphus
927 2684 1056 2755 ejus
1106 2680 1373 2739 Historia:
1422 2683 1642 2743 auctor,
1677 2693 1830 2733 anno

180 2779 320 2836 1088
349 2793 585 2833 carmen
616 2774 940 2847 subjunxit,
974 2773 1146 2847 cujus
1172 2788 1271 2828 eos
1303 2770 1524 2842 primos
1576 2770 1831 2824 tantum-

181 2867 357 2927 modo
388 2883 597 2924 versus
633 2884 646 2921 ε

324 2975 446 3031 Toto
473 2973 632 3030 corde
659 2988 776 3029 meo
804 2979 874 3039 te,
907 2969 1134 3027 Centula
1152 2974 1349 3035 mater,
1383 2966 1587 3030 amavi,

323 3064 573 3119 Traditus
602 3080 639 3118 a
661 3077 853 3135 puero,
888 3075 1012 3115 mea
1037 3058 1139 3114 sub
1173 3065 1223 3113 te
1255 3056 1394 3113 colla
1423 3054 1610 3126 liga-vi,
1646 3055 1755 3107 etc.

182 3178 417 3253 Reliqui
445 3180 652 3236 eodem
679 3193 887 3233 vocum
920 3176 1193 3232 contextu
1221 3170 1560 3244 procedunt.
1579 3167 1831 3224 Consule

181 3268 383 3339 etiam,
410 3268 459 3325 si
491 3267 670 3336 lubet,
697 3265 1065 3323 Wilielmum
1098 3258 1707 3323 Malmesburiensem,
1727 3256 1829 3329 qui

182 3374 420 3415 carnem
449 3357 665 3430 profert
692 3356 754 3411 in
783 3352 1127 3410 z‘Ethelstani
1153 3351 1306 3424 regis
1326 3348 1609 3404 honorem
1630 3344 1827 3402 condi-

2509 2586 2683 2641 Duxit
2712 2602 2872 2658 vagos

2508 2674 2590 2732 Ad
2616 2691 2858 2748 prwsepe
2884 2676 3127 2744 Domini,
3160 2678 3270 2732 etc.

1942 2816 2224 2872 Eumdem
2238 2820 2586 2873 concentum
2602 2834 2809 2873 vocum
2822 2822 3037 2875 caeteras
3052 2819 3302 2893 strophae
3312 2819 3588 2878 reddunt.

1938 2905 2069 2962 Alia
2099 2910 2750 2963 monumentaveterum
2762 2908 3024 2979 ejusdem
3038 2909 3271 2981 generis
3291 2913 3591 2982 praetereo,

1941 2995 2207 3051 dicturus
2237 2995 2472 3052 tandem
2505 3014 2599 3053 me
2631 2997 2720 3052 vix
2748 2997 2987 3070 assequi
3010 3014 3186 3071 posse
3215 3015 3320 3055 cur
3351 3001 3465 3056 Leo
3484 3000 3591 3056 Pa-

1941 3083 2209 3140 risiensis
2244 3085 2541 3157 poeta,qui
2565 3085 2796 3142 circiter
2826 3103 3045 3143 annum
3067 3087 3281 3145 Christi
3321 3089 3462 3144 1190
3490 3089 3594 3145 ﬂo-

1942 3173 2133 3229 ruisse
2162 3173 2662 3241 dicitur,Leoninos
2681 3191 2883 3232 versus
2909 3176 3270 3249 excogitasse
3296 3177 3594 3245 credatur,

1942 3264 2174 3336 quando
2195 3264 2464 3337 totlonge
2486 3263 2845 3337 antiquiores
2858 3265 3146 3322 habemus
3163 3265 3261 3338 qui
3284 3265 3595 3338 rhythmos

1939 3356 1996 3407 et
2025 3356 2209 3409 metra
2238 3352 2547 3409 condidere
2573 3354 2778 3410 eodem
2810 3354 2937 3427 ipso
2969 3371 3360 3412 consonarum
3379 3371 3588 3411 vocum

181 3447 515 3520 tum,longe
544 3450 715 3503 antea
744 3460 922 3517 quam
954 3447 1063 3498 Leo
1094 3437 1441 3497 Parisiensis
1472 3437 1827 3493 nasceretur.
1861 3444 1905 3510 α
1943 3440 2187 3498 artificio
2218 3457 2285 3496 ac
2314 3441 2554 3497 tinnitu.
2588 3442 2752 3498 Certe
2804 3460 2838 3497 a
2881 3443 3173 3500 sententia
3219 3441 3595 3515 Papebrochii

180 3535 349 3593 Illius
375 3535 672 3610 specimen
700 3534 912 3591 habeto
947 3549 959 3587 :

289 3644 460 3715 Regia
483 3645 768 3716 progenies
784 3640 1050 3714 produxit
1080 3637 1259 3694 nobile
1288 3639 1533 3699 stemma,

293 3734 430 3790 Cum
457 3734 692 3790 tenebris
717 3732 920 3789 nostris
948 3730 1141 3784 illuxit
1166 3724 1449 3798 splendida
1467 3739 1699 3794 gemma,
1721 3724 1830 3777 etc.

251 3859 400 3916 Vide
426 3858 603 3916 etiam
633 3854 987 3913 Radevicum
1018 3852 1190 3917 1ib.u,
1220 3851 1410 3922 cap.2,
1440 3846 1523 3904 De
1544 3844 1830 3902 Gest.Fri-

181 3949 440 4017 deriail,
476 3947 562 4003 uti
591 3950 649 4003 et
678 3943 913 4001 Henrici
940 3936 1470 4003 Huntindcuiensis
1500 3934 1715 3991 Histor.
1748 3934 1836 3990 Li-

178 4040 358 4097 brum
390 4037 683 4110 quintum,
715 4037 775 4092 et
804 4032 1076 4091 Scholam
1105 4028 1618 4092 Salernitanam,et
1648 4023 1831 4110 Gode-

184 4108 945 4189 frictum—Viterbiensemﬁt
974 4133 1210 4175 carmen
1240 4132 1275 4171 a
1303 4130 1396 4170 me
1416 4111 1751 4184 evulgatum
1773 4108 1833 4165 in

181 4215 471 4274 Chronico
498 4209 890 4277 Casauriensi,
922 4212 1072 4281 part.
1098 4225 1138 4263 ιι
1168 4204 1311 4261 tcmi
1344 4203 1393 4258 ll
1416 4203 1545 4257 Rer.
1581 4198 1831 4267 Italicar,

180 4322 321 4381 pag.
350 4305 480 4373 785,
510 4303 596 4360 uti
626 4306 684 4359 et
711 4297 1108 4375 praefationem
1141 4293 1325 4352 c1.viri
1356 4289 1572 4381 P.i’ezii
1605 4289 1664 4344 in
1694 4288 1837 4345 The-

182 4380 345 4454 saur.
377 4389 942 4450 Anecdotorum.Sed
974 4388 1032 4443 in
1064 4383 1273 4458 primis
1301 4380 1487 4438 recole
1509 4396 1635 4451 quas
1666 4381 1835 4434 antea

182 4482 402 4560 protuli
429 4498 462 4539 e
488 4478 890 4538 vetustissimo
935 4472 1361 4548 Antiphonaric
1410 4466 1831 4560 Benchcrensi;

183 4556 334 4631 nihil
381 4570 539 4629 enim
586 4569 669 4627 ibi
713 4568 1081 4625 desideratur
1111 4565 1182 4620 ad
1217 4560 1480 4619 Lecninae
1530 4556 1834 4615 cantilenae

180 4665 442 4722 metrum
470 4658 828 4717 absolutum.
859 4654 1290 4727 Autiquitatum
1330 4651 1570 4722 insuper
1604 4645 1835 4703 artiﬁcii

179 4753 366 4826 huius
392 4750 566 4824 longe
590 4749 901 4821 maiorem,
915 4761 1091 4816 quam
1121 4742 1292 4813 vulgo
1325 4735 1836 4826 credatur,conﬂr-

181 4819 374 4903 mabit
398 4819 655 4913 hymnus
688 4819 1335 4901 Hartmanni,monachi
1367 4823 1834 4895 Sau-Gallensis,
1867 4819 1913 4884 D

182 4937 348 4990 temo
370 4928 569 4987 XXVII
598 4924 937 4984 Bibliothec.
972 4923 1372 4992 Patrum,pag.
1403 4915 1669 4973 5t7.Jam
1690 4930 1835 4987 pra:-

183 5021 306 5079 dixi
339 5020 610 5079 ﬂoruisse
636 5016 807 5074 illum
839 5029 992 5069 anno
1020 5013 1144 5067 870.

794 5149 979 5206 Tribus
1009 5145 1200 5217 signis,

863 5240 968 5294 Deo
989 5235 1192 5307 dignis,

863 5327 989 5384 Dies
1018 5327 1125 5381 ista
1154 5322 1372 5378 colitur.

795 5418 920 5473 Tria
950 5418 1111 5487 signa

868 5504 1051 5561 Laude
1078 5502 1266 5574 digna,
1376 5508 1379 5511 '

868 5595 1041 5649 Caztus
1072 5592 1161 5648 hic
1184 5589 1551 5663 persequitur.

794 5684 967 5743 Stella
996 5682 1172 5755 Magos

1940 3530 2489 3602 discedendum,qui
2518 3530 2590 3586 ad
2624 3530 2778 3586 diem
2810 3549 2902 3587 nx
2933 3531 3069 3587 Maii
3101 3532 3159 3587 in
3191 3531 3324 3587 Vita
3375 3533 3589 3587 sanctae

1941 3617 2312 3673 Pudentianaa
2341 3622 2398 3673 et
2423 3618 2695 3675 Praxedis
2725 3635 2930 3676 versus
2951 3618 3309 3692 rhythmicos
3332 3619 3391 3675 in
3415 3619 3593 3675 eccle-

1941 3708 2030 3763 sia
2047 3710 2267 3762 Sanctae
2290 3707 2663 3764 Pudentianae
2686 3708 2871 3780 rejicit
2891 3709 2963 3765 ad
2980 3712 3245 3781 tempora
3267 3707 3590 3765 Innocentii

1941 3798 1991 3853 Il
2024 3814 2206 3868 papae,
2239 3795 2468 3853 circiter
2496 3814 2718 3853 annum
2748 3797 2909 3864 “30,
2940 3798 3092 3853 hanc
3139 3797 3425 3854 rationem
3457 3798 3594 3854 sub-

1932 3885 2145 3957 jiciens
2201 3902 2214 3940 :
2268 3884 2406 3941 Nam
2435 3888 2803 3943 Leoninorum
2855 3904 3114 3944 versuum
3159 3889 3388 3944 initium
3433 3901 3592 3945 nemo

1941 3974 2190 4032 eruditus
2218 3976 2407 4047 fecerit
2434 3977 2629 4032 saeculo
2660 3993 2739 4031 xu
2767 3978 3072 4049 antiquius.
3106 3976 3236 4032 Alia
3264 3975 3372 4033 erit
3399 3976 3459 4031 in
3490 3992 3592 4048 po-

1940 4068 2187 4136 sterum,
2220 4067 2285 4119 ut
2313 4065 2537 4137 opinor,
2572 4066 2937 4122 eruditorum
2969 4066 3191 4139 cpinio.

2015 4155 2200 4226 Atque
2229 4153 2351 4209 haec
2382 4155 2452 4211 de
2479 4154 2812 4226 rbythmica
2840 4159 3103 4211 veterum
3130 4153 3485 4228 poesi.Nuuc
3516 4153 3592 4211 ad

1944 4243 2230 4315 originem
2254 4260 2493 4316 pceseos
2513 4242 2725 4300 Italicae
2747 4244 3005 4318 vulgaris
3029 4260 3123 4300 me
3151 4240 3594 4299 converto.Nul-

1942 4332 2037 4387 lus
2066 4333 2375 4389 dubitandi
2405 4333 2569 4389 locus
2622 4338 2711 4389 est
2762 4334 2904 4405 quin
2955 4335 3147 4406 poesis
3187 4351 3222 4389 a
3261 4331 3594 4404 vulgarium

1943 4420 2281 4493 linguarum
2312 4423 2498 4492 poetis
2511 4422 3170 4491 adhibita,uativitatem
3190 4437 3360 4479 suam
3386 4421 3597 4477 debeat
3695 4425 3702 4431 '

1942 4511 2315 4581 antiquorum
2330 4510 2896 4583 rhythmicse.Neque
2908 4512 3237 4583 enimvulga
3247 4524 3339 4567 res
3354 4509 3591 4582 linguai,

1943 4597 2143 4655 Italica
2188 4598 2472 4666 videlicet,
2524 4599 2766 4668 Gallica,
2799 4600 3131 4672 Hispanica,
3163 4604 3298 4665 etc.,
3344 4597 3404 4652 in
3454 4613 3590 4652 con-

1942 4688 2208 4745 texendis
2238 4688 2505 4744 versibus
2534 4693 2799 4760 spectant
2829 4689 3007 4745 ullam
3032 4687 3391 4760 syllabarum
3413 4702 3594 4758 quan-

1943 4778 2192 4847 titatem,
2226 4776 2346 4833 sive
2376 4777 2711 4849 prosodiam
2743 4794 2756 4833 :
2791 4779 2948 4850 quod
2979 4777 3052 4834 ab
3085 4773 3591 4848 antiquis‘Grmcis

1944 4870 2002 4924 et
2024 4866 2239 4924 Latinis
2270 4866 2489 4923 factum
2505 4868 2700 4933 ‘est,Et
2728 4866 2997 4939 quamvis
3028 4864 3226 4923 Italica
3251 4863 3457 4938 lingua
3476 4863 3594 4920 duo

1943 4956 2253 5013 verborum
2284 4972 2499 5029 genera
2523 4958 2808 5031 praeferat,
2842 4956 3040 5014 brevia
3070 4970 3281 5027 nempe
3310 4958 3371 5011 et
3395 4952 3594 5027 longa,

1946 5049 2201 5102 attamen
2230 5045 2349 5101 haec
2379 5062 2586 5103 vocum
2606 5046 2904 5121 quantitas
2921 5046 2982 5103 in
3000 5043 3341 5119 penultimis
3360 5046 3594 5099 tantum

1946 5133 2186 5207 syllabis
2216 5134 2393 5202 sistit,
2427 5136 2477 5192 si
2502 5137 2677 5192 verba
2706 5136 2825 5193 sint
2850 5134 3170 5210 trisyllaba,
3202 5138 3339 5203 etc.;
3362 5148 3429 5190 ac
3457 5147 3596 5206 pra:-

1945 5228 2104 5280 terea
2132 5224 2295 5280 nulla
2321 5224 2532 5281 harum
2560 5226 2824 5283 brevium
2857 5230 2958 5283 aut
2983 5226 3294 5300 longarum
3325 5222 3473 5280 ratio
3498 5221 3597 5278 ha-

1946 5314 2138 5379 betur,
2199 5313 2313 5370 nisi
2362 5318 2651 5387 quantum
2694 5316 2888 5388 exigat
2931 5331 3142 5372 vocum
3193 5311 3491 5370 collocatio
3522 5309 3596 5365 ad

1947 5401 2277 5458 uberiorem
2309 5404 2543 5460 aurium
2573 5404 2932 5478 voluptatem
2961 5404 3022 5461 in
3058 5420 3232 5462 versu
3281 5399 3592 5459 audiendo.

1949 5491 2357 5548 Recentiorum
2389 5509 2525 5566 ergo
2556 5493 2819 5551 carmina
2847 5494 2993 5550 nihil
3026 5492 3181 5550 aliud
3232 5495 3372 5549 sunt
3417 5503 3594 5561 quam

1948 5580 2232 5653 rhythmi;
2280 5586 2338 5638 et
2385 5583 2885 5656 quemadmodum
2938 5582 3176 5657 plurimi
3221 5596 3291 5637 ex
3336 5575 3595 5648 antiquis

1948 5670 2242 5744 rhythmis
2254 5688 2567 5731 numerum
2578 5674 2987 5731 tantummodo
3001 5672 3216 5746 pedum
3230 5681 3334 5727 seu
3347 5664 3599 5742 syllaba-
