3946 6370
435 439 558 508 796

1175 438 1367 506 SEO.
1408 438 1490 504 XI
1531 439 1762 505 AUGT.
1806 429 2125 501 INCERTI
2167 433 2359 500 ANNI
2404 433 2518 520 ET_
2545 435 2846 508 SCBlP'l‘.
2889 445 3116 499 manu.

3735 435 3869 508 790

437 593 717 648 rum,non
746 593 882 636 vero
905 577 1188 650 temporis
1217 576 1680 634 observationem
1711 575 2079 648 quarebant;
2110 569 2167 639 Α
2195 589 2364 630 suam
2395 573 2566 630 debet
2589 571 2836 634 historia
2864 574 3076 632 Italica
3123 588 3388 649 poeseos,
3421 569 3485 631 in
3514 571 3860 633 Comment.

437 674 648 744 satque
677 667 890 724 artiﬁci
911 667 971 723 in
1004 666 1077 722 iis
1097 665 1473 724 conﬁciendis
1496 670 1621 723 erat
1635 664 1966 722 demulcere
1987 681 2086 720 au-

436 757 696 813 ditorum
721 772 893 812 aures
923 756 1178 827 quodam
1201 759 1861 826 concentu,erumpente
1877 771 1946 810 ex
1969 771 2086 808 una

437 845 820 920 dispositione
850 861 916 900 ac
945 845 1194 916 paritate
1210 844 1426 916 pedum
1444 843 1502 898 in
1521 843 1775 916 singulis
1795 843 2082 908 versibus,

433 935 590 990 idem
623 949 854 1005 quoque
885 949 919 988 a
945 931 1277 1004 vulgarium
1308 932 1643 1005 linguarum
1665 931 1846 1004 poetis
1866 931 2082 987 factum

433 1023 564 1080 fuit.
598 1023 787 1088 Quare
819 1038 954 1076 cum
982 1020 1239 1092 primum
1272 1019 1422 1080 Itali.
1455 1019 1626 1088 Galli,
1658 1026 1793 1086 etc.,
1835 1019 2083 1075 condere

433 1127 640 1168 versus
669 1115 986 1185 cmperunt,
1029 1109 1264 1182 propria
1309 1107 1534 1180 vulgari
1583 1107 1785 1184 lingua
1833 1112 2079 1175 utentes,

433 1201 610 1256 hosce
639 1198 1009 1272 appellarunt
1029 1199 1341 1270 rhythmos,
1375 1215 1503 1269 quas
1541 1215 1649 1252 vox
1695 1197 1850 1269 apud
1883 1195 2079 1266 Italos,

431 1287 651 1352 Gallos,
707 1285 924 1360 Anglos
970 1285 1240 1358 aliosque
1282 1285 1548 1358 populos,
1598 1285 1706 1341 levi
1756 1285 2080 1340 mutatione

432 1377 603 1443 facta,
638 1375 928 1448 appellata
959 1376 1087 1442 fuit,
1116 1381 1174 1431 et
1201 1375 1394 1430 adhuc
1424 1373 1754 1447 appellatur
1783 1374 2078 1430 rimu.Non

431 1483 524 1521 me
553 1464 705 1537 fugit
733 1481 838 1536 per
865 1481 1061 1520 vocem
1095 1464 1247 1519 hanc
1275 1464 1421 1518 rima
1443 1481 1560 1520 non
1593 1481 1627 1518 a
1657 1463 2078 1520 recentioribus

425 1554 788 1620 tantum,sed
818 1557 876 1608 et
903 1569 937 1608 a
967 1552 1324 1624 quibusdam
1346 1552 1607 1624 antiquis
1634 1551 1843 1608 italicae
1865 1552 2077 1622 linguas

427 1642 813 1715 scriptoribus
870 1641 1190 1715 signiﬁcari
1227 1649 1614 1712 ὸμοιοτόλιυτον,
1671 1658 1775 1697 seu
1821 1641 2080 1696 similiter

425 1731 642 1797 cadens,
710 1747 826 1803 quo
881 1729 1255 1802 potissimum
1325 1746 1466 1786 suos
1533 1747 1738 1786 versus
1813 1728 2078 1802 vulgares

427 1835 662 1890 quoque
719 1823 899 1890 poeta
955 1833 1164 1873 ornare
1227 1822 1673 1874 consueverunt.
1733 1817 1948 1873 Verum
2008 1833 2075 1874 ex

2194 666 2336 718 tom.
2370 663 2567 737 prim.,
2599 679 2726 738 cap.
2759 667 2812 733 2,
2843 663 3021 721 veluti
3051 681 3177 721 rem
3207 663 3681 721 evidentissimum
3737 669 3862 721 sta-

2195 751 2328 820 tuit,
2361 752 2586 831 Siculos
2615 769 2649 808 a
2669 751 3126 825 provincialibus
3156 753 3370 826 poetis,
3399 769 3655 826 quorum
3687 751 3865 810 Vitas

2193 841 2616 898 Nostradamus
2646 841 2897 914 scriptas
2926 841 3392 915 reliquit,utpote
3421 842 3524 914 qui
3557 847 3738 899 antea
3761 841 3868 898 ﬂo-

2194 946 2380 997 ruere,
2413 930 2744 987 universam
2787 947 3029 1002 poeseos
3075 931 3462 988 oeconomiam
3491 929 3680 988 fuisse
3723 947 3865 987 mu-

2191 1019 2494 1074 tuatos.Et
2525 1036 2722 1076 revera
2742 1018 3184 1092 provincialium
3216 1020 3480 1076 carmina
3511 1021 3628 1076 fere
3652 1020 3867 1076 omnia

2191 1107 2602 1189 complectitur
2629 1109 2922 1180 pretiosus
2953 1107 3216 1165 Estensis
3245 1107 3611 1164 bibliothecae
3665 1109 3858 1165 codex

2191 1212 2372 1252 manu
2404 1201 2674 1253 exaratus
2704 1213 2858 1252 anno
2908 1197 3065 1265 1254,
3119 1213 3338 1269 eosque
3387 1197 3661 1252 novimus
3707 1197 3857 1254 scri-

2190 1285 2381 1356 psisse
2409 1301 2613 1342 versus
2644 1285 2716 1340 ab
2747 1301 2901 1341 anno
2932 1287 3070 1342 illo
3101 1301 3288 1358 usque
3314 1285 3386 1341 ad
3418 1286 3698 1342 eumdem
3741 1303 3862 1342 an-

2190 1391 2354 1443 num,
2389 1391 2523 1430 cum
2553 1383 2755 1430 contra
2805 1373 3136 1430 Italicorum
3187 1379 3494 1446 poetarum
3523 1374 3853 1448 vestigium

2188 1465 2280 1518 vix
2311 1466 2442 1535 post
2467 1479 2686 1518 annum
2708 1461 2922 1519 Christi
2947 1463 3088 1519 1200
3105 1479 3260 1518 nunc
3275 1463 3864 1536 inveniamus,atque

2185 1568 2390 1608 eorum
2422 1557 2698 1623 praeterea
2724 1551 2960 1622 pauculi
2979 1551 3491 1624 versus,incompti
3513 1553 3762 1608 omnino
3792 1569 3865 1609 ac

2187 1642 2382 1709 rudes,
2417 1641 2707 1697 nascentis
2745 1657 2988 1712 poeseos
3037 1640 3344 1696 infantiam
3393 1639 3665 1713 prodant.
3715 1640 3864 1698 Cla-

2187 1728 2458 1785 rissimus
2491 1735 2687 1785 autem
2732 1728 3122 1786 Fontaninius
3161 1728 3220 1784 in
3253 1728 3354 1784 lib.
3389 1729 3579 1802 primo
3609 1729 3695 1786 De
3727 1729 3859 1786 elo-

2185 1822 2386 1889 quent.
2420 1817 2634 1886 Italic.,
2658 1835 2786 1890 cap.
2813 1819 2848 1872 7
2877 1822 2935 1874 et
2966 1821 3260 1890 sequent.,
3291 1817 3857 1887 ostendit,Brunetti

425 1906 797 1963 institutione
825 1923 936 1962 sua
963 1905 1380 1977 rhythmus,seu
1415 1907 1580 1973 rima,
1605 1912 1830 1978 coeptus
1859 1912 1949 1962 est
1977 1924 2076 1962 no-
2105 1943 2152 2008 Β
2187 1906 2378 1963 Latini
2407 1906 2753 1964 auctoritate
2801 1907 3006 1974 fretus,
3039 1905 3341 1980 vulgarem
3391 1905 3855 1964 Provincialium

428 1994 642 2050 minari
675 1994 898 2066 integer
925 2011 1129 2050 versus
1159 1993 1436 2066 vulgaris,
1471 2011 1573 2050 seu
1612 2011 1868 2064 carmen,
1901 1999 2078 2066 atque
2105 1993 2152 2008 ⁵’
2185 2013 2288 2052 seu
2330 1995 2685 2055 Francorum
2724 1995 2988 2069 linguam
3037 2012 3190 2052 anno
3241 1995 3382 2052 4260
3423 1995 3606 2053 fuisse
3633 1997 3691 2052 la
3746 1998 3857 2070 piu

429 2081 739 2156 poema.ad
767 2081 1153 2138 imitationem
1185 2081 1593 2154 rhythmorum
1625 2082 1961 2139 Latinorum
1987 2081 2073 2138 lu-

427 2171 762 2239 cubratum,
793 2173 864 2226 de
893 2171 1110 2242 quibus
1140 2170 1424 2228 hactenus
1453 2171 1826 2243 egimus.Hac
1851 2172 1924 2228 de
1944 2189 2076 2228 cau-

425 2275 494 2314 sa
522 2258 832 2315 Petrarcha
859 2258 1072 2314 cecinit
1098 2275 1110 2314 :

606 2375 718 2440 Voi,
751 2373 834 2430 ch’
861 2375 1120 2430 ascoltate
1149 2375 1208 2428 in
1233 2377 1388 2431 Rime
1423 2389 1611 2446 sparse
1635 2376 1675 2430 il
1704 2391 1888 2432 suone.

419 2480 589 2548 Nam,
624 2482 689 2535 ut
713 2496 894 2554 supra
921 2497 990 2536 ex
1021 2479 1270 2536 Othlono
1299 2479 1575 2549 vidimus,
1591 2482 1850 2537 similiter
1875 2481 2073 2539 cadens

420 2569 562 2626 olim
592 2567 996 2642 appellabatur
1022 2585 1318 2625 consonum
1349 2569 1592 2638 verbum,
1625 2587 1726 2626 seu
1767 2587 2070 2626 consonan-

417 2661 499 2714 tia
529 2662 807 2726 vocum,ut
835 2659 1121 2714 Antonius
1143 2659 1213 2714 de
1235 2659 1374 2714 Tom
1383 2675 1456 2732 po
1479 2659 2071 2733 testatur.Scriptoris

418 2747 600 2820 hujus
631 2746 846 2802 librum
877 2746 1067 2802 adhuc
1087 2745 1216 2802 luce
1237 2749 1616 2816 carentem,et
1637 2748 1695 2802 in
1717 2746 2072 2806 bibliotheca

419 2835 651 2892 Estensi
682 2851 747 2890 ac
777 2834 1162 2892 Ambrosiuna
1181 2838 1679 2908 asservatum,ego
1695 2835 1820 2906 jam
1845 2837 2068 2892 dudum

423 2923 742 2980 memoravi
773 2922 877 2977 lib.
909 2921 1120 2995 primo,
1155 2939 1279 2994 cap.
1311 2923 1366 2989 3,
1398 2922 1477 2978 De
1507 2923 1744 2995 perfect.
1764 2925 1923 2997 pocsi
1956 2925 2068 2982 Ita-

424 3012 544 3080 lic.,
579 3010 748 3083 cujus
777 3009 871 3066 his
900 3009 1106 3066 titulus
1139 3027 1154 3066 :
1188 3010 1411 3066 Summa
1439 3013 1576 3067 artis
1603 3011 1903 3086 rhythmici
1946 3015 2067 3070 vul-

421 3102 572 3174 garis
627 3098 958 3166 dictaminis,
1012 3101 1302 3172 composita
1349 3100 1418 3156 ab
1466 3101 1702 3158 Antonio
1749 3101 1814 3158 de
1855 3104 2064 3176 Tempo,

423 3187 624 3262 judice,
650 3189 765 3245 cive
793 3178 1073 3258 Paduano,
1105 3188 1175 3244 ad
1224 3188 1498 3246 illustrem
1521 3191 1828 3263 principem
1877 3192 2064 3248 Atber-

424 3288 543 3334 tum
588 3277 652 3378 de
681 3277 1122 3378 lassula._Anno
1152 3279 1552 3378 Domini_i31i?.
1601 3282 1682 3335 Ac
1733 3280 1976 3378 proinde
2015 3282 2067 3338 is
2097 3309 2142 3378 ο

421 3365 685 3424 carmina
715 3366 1036 3424 Petrarcha:
1075 3384 1183 3423 sua
1231 3366 1634 3424 lucubratione
1663 3371 1978 3442 praecessit.
2012 3372 2066 3426 Is

420 3471 558 3530 ergo
589 3457 964 3530 rhythmorum
1013 3457 1327 3530 vulgarium
1369 3461 1574 3530 septem
1617 3474 1814 3531 genera
1845 3476 2066 3516 enume-

419 3553 527 3614 rat,
559 3553 826 3615 sonetum,
857 3545 1138 3615 battatam,
1170 3549 1481 3602 cantionem
1509 3551 1811 3614 extensum,
1843 3551 1952 3604 etc.
1987 3549 2068 3605 Ex

419 3651 534 3707 quo
563 3634 724 3691 vides
752 3633 1114 3690 carminibus
1136 3634 1282 3708 ipsis
1302 3651 1516 3690 nomen
1545 3635 1795 3708 rhythmi
1812 3637 2067 3694 inditum

419 3723 854 3780 fuisse.Rursus
884 3723 983 3779 ille
1012 3723 1216 3780 scribit
1243 3723 1302 3778 in
1334 3725 1495 3780 rubr.
1528 3741 1547 3779 ι
1580 3741 1594 3780 :
1631 3725 1931 3798 Rhythmus
1953 3726 2069 3782 vul-

416 3813 567 3886 garis
599 3819 690 3886 est
731 3828 901 3884 genus
941 3812 1210 3884 quoddam
1254 3812 1588 3882 dictaminis,
1646 3817 1756 3870 etc.
1793 3815 2070 3871 Litteralis

419 3901 708 3974 rhythmus
737 3901 817 3973 (id
851 3905 937 3955 est
969 3901 1229 3974 Latinus)
1249 3901 1556 3957 secundum
1584 3905 1974 3974 grammaticos
1991 3907 2069 3960 est

419 4003 721 4046 consonans
746 3990 958 4062 paritas
985 3989 1347 4062 syllabarum,
1373 3998 1515 4046 certo
1559 4007 1786 4047 numero
1827 4007 2066 4065 compre-

421 4078 736 4135 hcnsarum.
769 4079 836 4132 Et
862 4077 1048 4134 eadem
1076 4078 1358 4150 dispositio
1386 4078 1534 4135 cadit
1581 4082 1638 4134 in
1689 4081 1926 4152 quolibet
1953 4082 2069 4138 vul-

418 4168 546 4240 gari
571 4167 846 4240 rhythmo,
875 4169 1150 4240 pra’cipue
1197 4169 1259 4222 in
1305 4176 1452 4224 motu
1479 4170 1740 4240 confecto,
1772 4173 1880 4226 etc.
1914 4171 2070 4229 Infra

421 4256 622 4314 subdit
657 4273 668 4311 :
703 4257 943 4326 Quilibet
971 4257 1259 4329 rhythmus
1283 4255 1479 4313 habeat
1504 4259 1696 4314 saltem
1733 4275 1903 4314 unam
1945 4276 2070 4316 con-

419 4333 734 4401 sonantiam
763 4363 888 4401 cum
913 4345 1168 4412 dictione,
1195 4363 1310 4420 quis
1341 4347 1544 4403 habeat
1591 4347 1869 4404 diversum
1901 4351 2070 4422 signi-

419 4435 665 4507 ﬁcatum.
695 4438 804 4490 etc.
835 4437 983 4488 Sunt
1013 4433 1090 4488 ibi
1122 4438 1317 4490 tamen
1344 4439 1402 4490 et
1432 4435 1545 4491 alia
1575 4435 1701 4492 loca
1748 4436 1806 4492 in
1851 4437 2068 4510 quibus

419 4521 669 4596 rhythmi
696 4538 803 4578 vox
833 4522 985 4578 idem
1020 4521 1349 4596 signiﬁcare
1377 4523 1608 4580 videtur
1623 4541 1688 4581 ac
1709 4526 1879 4582 nobis
1899 4529 2064 4582 rima.

420 4613 533 4670 Sed
565 4612 961 4686 quandonam,
990 4616 1048 4668 et
1077 4613 1232 4686 apud
1262 4630 1410 4686 quos
1441 4616 1578 4670 nata
1608 4614 1807 4671 Italica
1837 4615 2068 4689 poesis?

419 4702 698 4760 Omnium
729 4701 1094 4758 eruditorum
1121 4700 1342 4759 calculo
1366 4702 1492 4774 jam
1515 4703 1814 4760 firmatum
1845 4702 2073 4776 est,pri-

421 4807 549 4847 mos
579 4791 638 4847 in
671 4790 839 4848 Italia
866 4789 1092 4848 Siculos
1139 4791 1441 4866 vulgarem
1487 4791 1774 4864 linguam,
1807 4792 2071 4848 Italicam

421 4868 1055 4954 nimirum,usurpasse
1086 4881 1156 4937 ad
1189 4881 1525 4938 condendos
1555 4883 1922 4948 versus.Quas
1948 4898 2072 4938 om-

423 4963 602 5022 nium‘
620 4968 1020 5025 vetustissima
1042 4974 1310 5042 poemata
1350 4967 1562 5026 Italico:
1603 4968 1818 5042 linguai
1867 4985 2072 5042 super-

424 5060 585 5125 sunt,
612 5055 824 5112 Siculis
851 5050 1038 5128 poetis
1065 5058 1425 5114 tribuuntur.
1479 5057 1614 5113 lnsu
1625 5073 1724 5130 per
1765 5057 2075 5114 Petrarcha

424 5145 484 5200 in
513 5144 819 5219 Triumph.
853 5147 1072 5217 Amor.,
1103 5163 1229 5220 cap.
1266 5149 1319 5214 4,
1353 5146 1582 5203 Italicos
1626 5149 1828 5219 poetas
1875 5163 2070 5202 recen-

424 5249 563 5292 sens
595 5239 1013 5292 commemorat
1045 5238 1066 5291 i
1096 5237 1370 5293 Sicilimzi.

621 5352 728 5408 Ohe
752 5355 848 5425 fur
873 5355 966 5425 gia
985 5354 1188 5426 primi,
1217 5369 1246 5408 ο
1275 5353 1430 5424 quivi
1459 5368 1592 5408 cran
1621 5349 1686 5407 de
1704 5365 1876 5406 semo.

495 5457 801 5516 Undevero
813 5458 992 5515 Siculi
1009 5457 1316 5515 hauserint
1338 5473 1611 5514 versuum
1638 5473 1706 5514 ac
1736 5461 2068 5530 poematum

419 5547 750 5619 vulgarium
782 5549 1352 5616 formam,usumque
1373 5546 1822 5603 consonantium
1844 5563 2070 5618 vocum,

363 5700 368 5704 δ
422 5641 595 5692 antea
621 5635 985 5708 disputatum
1017 5641 1108 5691 est
1135 5635 1286 5690 inter
1316 5634 1547 5696 Italicos
1577 5635 1854 5692 eruditos.
1887 5635 2073 5693 Joan-
2128 5647 2135 5660 ‘

427 5739 531 5785 nes
560 5723 778 5780 Marius
807 5722 1397 5792 Crescimbenius,cui
1422 5741 1600 5797 supra
1622 5729 1859 5783 czeteros
1880 5724 2071 5785 lucem

2182 2085 2484 2142 dileltevole
2513 2101 2541 2140 e
2567 2085 2623 2140 lu
2641 2087 2744 2157 piu
2771 2083 3121 2152 comune,che
3143 2085 3277 2140 tutti
3304 2085 3387 2154 gli
3415 2085 3552 2142 altri
3587 2085 3858 2157 linguaq-

2183 2176 2243 2244 gi
2257 2191 2344 2243 ;ac
2373 2178 2680 2247 propterea
2704 2173 2862 2230 illius
2893 2173 3184 2230 sententia
3209 2177 3299 2229 est
3327 2189 3444 2228 non
3467 2171 3660 2229 solum
3683 2189 3758 2230 ex
3781 2190 3859 2230 ea

2184 2262 2388 2336 lingua
2418 2262 2594 2320 Italos
2637 2263 2932 2319 derivasse
2961 2269 3147 2318 artem
3195 2252 3605 2335 rhythmorum
3635 2260 3852 2334 vulga-

2182 2352 2358 2419 rium,
2384 2352 2486 2408 sed
2516 2353 2694 2408 etiam
2724 2351 2822 2407 che
2868 2351 2926 2408 la
2968 2351 3161 2422 lingua
3201 2351 3536 2406 Provenzale
3569 2351 3628 2406 in
3659 2351 3850 2407 realta

2178 2444 2244 2511 fu
2289 2441 2481 2496 mallre
2509 2442 2570 2496 in
2596 2457 2738 2510 gran
2767 2444 2924 2512 parte
2973 2438 3102 2495 dell’
3143 2440 3388 2496 Italiana
3432 2439 3568 2511 dopo
3598 2439 3640 2494 il
3668 2440 3854 2496 secolo

2177 2528 2780 2601 undecimo.Equidem
2812 2527 3083 2602 suspicor
3105 2527 3522 2584 Fontaninium
3539 2527 3846 2584 neminem

2179 2623 2300 2674 tam
2348 2617 2576 2675 enormi
2609 2617 2913 2673 sententias
2960 2615 3423 2672 consentientem
3466 2615 3850 2686 habiturum,

2178 2724 2521 2780 quanquam
2572 2711 2632 2762 et
2676 2703 2968 2762 \‘archius
3025 2703 3344 2773 censuerit,
3390 2703 3846 2762 Provincialium

2178 2795 2442 2869 linguam
2475 2805 2708 2852 matrem
2739 2811 2946 2867 magna
2972 2811 3042 2852 ea:
3067 2798 3224 2866 parte
3249 2795 3424 2866 fuisse
3451 2793 3662 2874 Italicae
3711 2801 3852 2868 post

2177 2902 2401 2941 annum
2434 2886 2590 2942 1200.
2627 2885 2825 2956 Neque
2870 2884 3028 2940 enim
3078 2888 3200 2939 tam
3248 2899 3378 2940 sero
3419 2883 3682 2953 emersit,
3717 2889 3842 2941 sta-

2177 2980 2422 3046 tumque
2452 2973 2672 3046 accepit
2701 2971 2902 3030 Italica
2929 2971 3280 3045 linguazimo
3297 2972 3418 3029 haec
3448 2989 3486 3028 a
3505 2972 3848 3030 Provincia-

2179 3062 2334 3120 libus
2366 3062 2601 3118 nonnisi
2623 3078 2811 3134 pauca
2833 3060 3114 3118 vocabula
3137 3061 3475 3134 accepit,uti
3488 3062 3616 3133 jam
3640 3060 3842 3134 palam

2175 3151 2395 3208 factum
2427 3154 2516 3208 est
2543 3167 2724 3224 supra
2751 3151 2812 3207 in
2837 3150 3257 3208 Dissertatione
3295 3167 3453 3207 χχχιι
3501 3149 3564 3208 de
3617 3149 3848 3222 Origine

2177 3241 2404 3314 Linguae
2452 3241 2676 3298 Italicae.
2725 3240 2791 3296 Et
2846 3255 3185 3312 quanquam
3247 3237 3468 3296 multas
3526 3255 3696 3297 voces
3764 3255 3836 3295 ex

2174 3330 2532 3387 Francorum
2579 3334 2682 3386 aut
2726 3327 3178 3386 Provincialium
3208 3327 3411 3400 lingua
3457 3328 3518 3385 in
3559 3327 3833 3385 Italicam

2178 3419 2466 3492 migrasse
2493 3418 2790 3486 daremus,
2821 3434 2934 3474 non
2968 3421 3280 3491 propterea
3299 3418 3441 3490 jura
3489 3417 3696 3474 matris
3748 3416 3840 3473 illi

2177 3507 2490 3565 tribuenda
2519 3509 2726 3564 forent.
2761 3507 3006 3564 Huetius
3056 3507 3202 3580 ipse,
3251 3507 3338 3562 vir
3385 3505 3838 3580 spectatissima:

2177 3596 2545 3665 eruditionis,
2579 3595 2715 3652 licet
2744 3594 2966 3663 Gallus,
2989 3595 3050 3652 in
3089 3595 3190 3652 lib.
3225 3595 3306 3652 Do
3333 3595 3543 3670 origin.
3577 3594 3830 3652 fabular.

2178 3687 2556 3754 Romanens.,
2588 3689 2820 3742 nostros
2853 3685 3004 3740 ridet
3047 3685 3202 3758 quod
3253 3684 3436 3741 nimia
3485 3683 3837 3742 liberalitate

2179 3775 2396 3832 multas
2429 3773 2643 3848 linguai
2675 3777 2885 3831 nostris
2933 3791 3102 3831 voces
3153 3773 3613 3831 Provincialibus
3655 3773 3836 3830 veluti

2178 3867 2446 3938 acceptas
2477 3864 2752 3930 referant,
2787 3879 2936 3936 quas
2967 3867 3164 3920 tamen
3213 3879 3349 3920 cum
3401 3861 3487 3920 illi
3542 3867 3668 3920 tum
3713 3879 3832 3920 non

2179 3953 2342 4010 Latio
2372 3952 2676 4009 debemus.
2709 3951 2984 4025 Exempla
3011 3957 3069 4008 et
3097 3968 3202 4024 ego
3233 3951 3404 4008 attuli
3446 3951 3508 4008 in
3559 3951 3716 4009 notis
3761 3950 3835 4008 ad

2177 4042 2442 4100 carmina
2470 4040 2672 4098 Italica
2701 4041 3042 4097 Petrarcha.
3078 4039 3336 4113 Denique
3365 4057 3465 4098 eos
3494 4041 3672 4097 etiam
3719 4041 3835 4098 im-

2177 4129 2442 4205 probavit
2469 4134 2682 4187 Dantes
2709 4128 2997 4202 Aligerius
3029 4130 3089 4192 in
3117 4130 3410 4200 Convivio,
3443 4129 3545 4202 qui
3589 4129 3836 4186 Provin-

2177 4219 2416 4278 cialium
2447 4217 2712 4292 linguam
2743 4217 2954 4275 Italicas
2973 4218 3661 4291 praeferebantﬂzeterum
3676 4219 3834 4291 quod

2177 4314 2268 4366 est
2296 4309 2369 4366 ad
2397 4307 2741 4364 Italicorum
2771 4307 3017 4379 possim,
3037 4323 3153 4363 non
3186 4306 3292 4363 abs
3323 4323 3385 4362 re
3413 4305 3834 4379 Marius.Equi-

2179 4397 2536 4466 cola,Petrus
2568 4395 2845 4464 Bemhus,
2877 4394 3219 4467 Speronius,
3245 4393 3835 4468 Sansovinus,atque,

2180 4490 2245 4543 ut
2261 4485 2410 4544 alios
2437 4484 2709 4542 omittam
2722 4482 3090 4556 ,praalaudati
3121 4482 3593 4540 Crescimbenius
3611 4487 3672 4540 et
3689 4483 3840 4541 Fon-

2177 4573 2440 4631 taninius
2471 4571 2740 4628 arbitrati
2769 4571 3224 4646 sunt,originem
3259 4571 3432 4628 istius
3457 4587 3492 4628 a
3510 4570 3836 4628 Provincia-

2101 4678 2148 4744 D
2178 4663 2326 4720 lium
2356 4659 2684 4717 imitatione
2713 4675 2844 4718 esse
2887 4659 3128 4718 omnino
3174 4659 3608 4718 arcessendam.
3644 4659 3839 4718 Liceat

2179 4755 2379 4808 tamen
2402 4752 2460 4806 et
2488 4747 2634 4805 mihi
2664 4749 2876 4806 addere
2909 4767 2922 4806 :
2954 4748 3012 4806 id
3048 4749 3288 4823 quidem
3315 4749 3436 4806 veri
3464 4746 3681 4818 simile,
3727 4749 3836 4806 mi-

2184 4839 2342 4896 nimo
2361 4853 2493 4894 vero
2515 4840 2739 4894 certum
2761 4837 3046 4895 oeseJam
3069 4838 3318 4912 produxi
3340 4836 3442 4896 lib.
3471 4837 3684 4911 primo,
3709 4853 3836 4912 cap.

2180 4929 2236 4998 3,
2267 4926 2422 4984 Delta
2446 4927 2685 4999 perfetta
2711 4927 2920 4998 poesia,
2949 4927 3128 4984 verba
3155 4925 3502 4996 Petrarcha,
3529 4941 3660 4998 quas
3708 4942 3835 4982 rur-

2181 5033 2288 5074 sus
2332 5015 2428 5072 hic
2475 5014 2900 5073 consideranda
2945 5015 3208 5072 veniunt.
3262 5019 3328 5072 In
3379 5012 3716 5088 prafatione
3763 5014 3836 5070 ad

2181 5104 2458 5178 epistolas
2486 5121 2625 5161 suas
2655 5102 2978 5161 familiares
3016 5105 3089 5160 de
3140 5103 3308 5161 libris
3339 5120 3374 5160 a
3401 5119 3466 5161 se
3495 5102 3837 5176 compositis

2181 5194 2279 5250 ille
2307 5192 2824 5266 agens,rhythmos
2853 5193 3032 5249 etiam
3061 5192 3292 5267 vulgari
3319 5192 3522 5267 lingua
3543 5209 3580 5249 a
3599 5191 3838 5250 selucu—

2181 5285 2378 5340 bratos
2408 5283 2570 5340 hisce
2601 5283 2790 5340 verbis
2821 5283 3102 5340 describit
3133 5301 3147 5340 :
3177 5284 3320 5340 Pars
3348 5281 3656 5340 mulcendis
3689 5282 3839 5354 vulgi

2179 5373 2412 5429 auribus
2439 5375 2672 5440 intenta,
2703 5374 2818 5428 suis
2849 5379 2901 5428 et
2940 5373 3062 5445 ipsa
3109 5373 3317 5444 legibus
3358 5371 3630 5429 utebatur.
3681 5371 3836 5446 Quod

2179 5477 2348 5533 genus
2377 5462 2524 5535 apud
2569 5461 2776 5518 Siculos
2823 5463 2914 5531 (ut
2958 5463 3115 5534 fama
3156 5465 3257 5532 est)
3309 5477 3422 5518 non
3469 5459 3664 5516 multis
3707 5464 3832 5517 ante

2178 5552 2400 5609 saeculis
2431 5557 2704 5618 renatum,
2721 5551 2872 5605 brevi
2897 5566 2998 5623 per
3025 5565 3241 5608 omnem
3269 5550 3489 5608 Italiam
3519 5564 3584 5605 ac
3614 5549 3826 5621 longius

2177 5640 2425 5696 manavit
2470 5655 2490 5693 :
2539 5637 2687 5710 apud
2716 5636 3026 5695 Graecorum
3071 5640 3206 5696 olim
3245 5655 3310 5696 ac
3336 5639 3663 5695 Latinorum
3689 5641 3829 5695 vetu-

2180 5729 2446 5787 stissimos
2478 5727 2843 5791 celebratum;
2872 5727 3147 5802 siquidem
3191 5732 3241 5786 et
3288 5730 3557 5787 Romanos
3590 5727 3828 5802 vulgares
