3946 6378
390 388 509 452 799

1126 382 1319 450 SEO.
1367 385 1449 450 XI
1491 384 1720 450 AUCT.
1766 380 2086 447 INCERTI
2130 380 2321 445 ANNI
2364 381 2465 446 ΕΤ
2510 380 2807 445 SCPIPT.
2858 388 3083 440 ’AAEZU.

3692 377 3834 442 800

390 494 879 595 antiquissimum
907 535 1036 577 esse
1065 520 1220 592 apud
1250 534 1380 577 eam
1406 523 1640 594 gentem
1657 515 2036 593 rhythmandi
2063 518 2120 586 Α
2147 514 2365 590 populo
2394 482 2651 573 ediscere
2676 515 2852 572 etiam
2875 515 3043 572 licuit
3069 513 3545 588 Siculis,quando
3566 479 3833 571 consen-

390 627 639 681 morem,
673 624 850 683 quem
877 610 1069 669 adhuc
1101 609 1374 677 retinent,
1403 614 1462 666 et
1489 609 1711 666 celebre
1756 607 1868 664 fuit
1895 606 2036 664 olim

393 718 599 760 eorum
624 715 837 757 nomen
854 716 884 756 e
902 699 1230 759 litterarum
1261 698 1870 771 studiis,multumque
1890 712 2044 754 com-

392 790 596 847 mercii
626 789 711 846 eis
739 791 865 845 erat
894 805 1029 844 cum
1058 788 1385 861 Europaeis,
1410 805 1475 845 ac
1519 787 1805 861 praecipue
1857 786 2040 842 Italis.

392 878 681 936 Fortassis
712 880 769 934 et
798 878 870 932 ab
902 878 987 933 eis
1018 878 1352 950 accepimus
1381 878 1571 934 varias
1612 892 1889 933 versuum
1928 877 2041 931 for-

393 985 544 1037 mas,
579 984 728 1040 quas
756 966 1037 1024 describit
1066 966 1350 1039 Agapitus
1379 983 1413 1021 a
1440 965 1602 1022 Valle
1650 966 2043 1022 Flemmarum

391 1056 584 1114 ordin.
616 1055 825 1113 Minor.
858 1055 919 1110 in
950 1054 1147 1111 libello
1195 1055 1277 1111 De
1323 1059 1445 1111 arte
1496 1054 1739 1110 metrica
1764 1054 2040 1111 Arabum.

392 1146 609 1203 Praeter
637 1144 794 1216 alios,
822 1145 952 1216 ejus
981 1143 1173 1216 gentis
1197 1143 1378 1201 libros
1400 1143 1458 1198 in
1483 1144 1636 1199 hanc
1656 1159 1777 1199 rem
1800 1141 2044 1199 celebris

392 1240 482 1292 est
542 1236 824 1290 tractatus
873 1232 1050 1289 Bader
1126 1232 1320 1288 Aldini
1372 1232 1712 1290 Damaniani
1774 1232 2045 1303 principis

387 1327 676 1396 poetarum
703 1321 859 1393 apud
879 1320 1228 1393 Arahes,qui
1251 1324 1515 1377 accurate
1535 1321 1607 1375 de
1629 1337 1739 1377 usu
1761 1320 2044 1391 rhythmo-

391 1429 519 1468 rum
544 1409 1077 1482 scripsit.Antiquis
1111 1426 1242 1465 vero
1274 1407 1504 1466 saeculis
1523 1412 1658 1481 post
1683 1409 1956 1464 abactum
1975 1424 2044 1463 ex

390 1499 561 1557 Italia
587 1502 921 1554 Graecorum
949 1497 1284 1570 imperium,
1312 1498 1569 1553 Arabum
1595 1497 1862 1554 doctrina
1885 1501 2042 1554 tanto

391 1587 551 1645 Italis
578 1587 641 1643 in
672 1586 889 1643 honore
920 1586 1053 1655 fuit,
1077 1591 1142 1644 ut
1170 1586 1209 1641 ii
1241 1586 1530 1658 praecipue
1559 1585 1888 1643 litterarum
1919 1603 2059 1643 max

389 1677 561 1751 gistri
592 1678 1000 1745 censerentur;
1034 1675 1189 1748 quod
1214 1680 1272 1731 et
1289 1676 1873 1731 commemorandum
1898 1675 2042 1731 mihi

390 1766 502 1823 erit
526 1765 679 1822 infra
699 1764 760 1820 in
781 1763 1204 1821 Dissertatione
1231 1781 1363 1821 xuv
1379 1764 1444 1820 de
1465 1765 1777 1821 litterarum
1796 1767 2039 1836 fortuna.

390 1856 559 1917 Addo
589 1870 707 1911 non
738 1853 921 1909 levem
953 1853 1124 1909 nobis
1146 1854 1488 1926 suspicandi
1511 1869 1751 1910 causam
1773 1852 2040 1926 praeberi,

388 1944 610 2002 Arabes
641 1960 675 1999 a
703 1941 1101 2000 vetustissimo
1133 1941 1346 2015 populo
1368 1942 1611 1999 Judaico
1632 1941 2039 2015 rhythmorum

391 2037 578 2091 artem
609 2036 667 2089 et
697 2048 870 2089 usum
902 2032 1137 2087 edoctos
1165 2030 1564 2102 tuisse.Supra
1582 2030 1840 2087 vidimus
1863 2031 2041 2087 dicte-

390 2123 547 2181 rium
577 2120 896 2188 mulierum
927 2120 1300 2176 Hebraearum
1332 2120 1392 2175 in
1422 2119 1560 2176 Saul
1583 2136 1765 2176 causa
1791 2120 2047 2180 victoria:

392 2231 427 2269 a
454 2211 634 2268 David
665 2209 880 2267 relatae.
914 2208 998 2266 lbi
1029 2208 1414 2265 consonantia
1439 2226 1669 2265 vocum.
1720 2209 1839 2265 Hac
1883 2209 1954 2265 de
1984 2225 2045 2266 re

392 2300 715 2373 disputatio
748 2300 1007 2372 proxime
1036 2297 1346 2370 praeteritis
1377 2298 1546 2354 annis
1566 2298 1752 2371 viguit
1772 2297 1924 2353 inter
1943 2298 2044 2353 do-

390 2390 728 2448 ctissimum
749 2388 941 2445 virum
970 2386 1232 2444 Blasium
1262 2386 1619 2457 Garofolum,
1639 2404 1706 2444 ac
1737 2386 1883 2443 alios
1912 2403 2045 2443 eru-

391 2479 566 2539 ditos.
605 2479 768 2546 Quod
818 2477 971 2547 novi,
1002 2476 1367 2551 Augustinus
1412 2476 1780 2549 Eugubinus,
1830 2474 2047 2532 Meibo-

393 2568 910 2635 mius,’Ludovicus
940 2565 1231 2639 Capellus,
1265 2564 1543 2635 Clericus,
1576 2565 1842 2635 Huetius,
1866 2569 1923 2621 et
1950 2564 2046 2620 alii

393 2656 890 2727 sensere,Judaeos
908 2656 981 2711 ab
1000 2653 1429 2728 antiquissimis
1450 2653 1678 2711 saeculis
1698 2657 2046 2711 concentum

396 2746 557 2804 hunc
585 2746 900 2803 verborum
933 2760 1249 2817 usurpasse
1269 2743 1328 2800 in
1350 2743 1474 2800 suis
1497 2742 2049 2817 carminibus,hym-

399 2835 517 2901 nis,
550 2838 608 2891 et
637 2832 902 2890 canticis.
961 2832 1148 2898 Quid?
1207 2834 1359 2905 quod
1419 2833 1832 2890 Fourmontius
1873 2832 1938 2887 V.
1971 2832 2043 2888 cl.

395 2921 638 2981 Parisiis
670 2938 822 2978 anno
854 2922 994 2982 471ιι
1025 2921 1495 2978 dissert‘ationem
1526 2922 1712 2978 edidit
1741 2922 1802 2978 in
1843 2923 2046 2979 eadem

397 3013 545 3070 urbe
570 3011 725 3085 typis
744 3011 1093 3084 impressam
1117 3011 1339 3067 tom.VI
1359 3011 1640 3067 Memoires
1660 3011 1727 3067 de
1755 3011 2046 3068 l’Academ.

402 3101 495 3157 des
551 3101 921 3172 Inscriptions.
985 3099 1067 3156 Ibi
1123 3116 1254 3172 pag.
1324 3101 1423 3155 160
1479 3098 1667 3155 multa
1723 3099 2048 3155 eruditione

397 3188 738 3256 ostendit,in
767 3188 1007 3262 poeticis
1037 3188 1205 3246 libris
1235 3188 1462 3245 Veteris
1490 3188 1850 3244 Testamenti
1890 3189 1939 3260 ej
1950 3205 2045 3244 us-

2151 606 2263 663 tire
2295 605 2574 674 nolimus,
2599 606 2672 661 ab
2701 604 2948 663 Arabica
2971 608 3141 680 gente
3162 621 3261 663 eos
3286 605 3583 678 accepisse
3609 603 3830 678 vulga-

2152 695 2309 752 rium
2341 695 2670 751 carminum
2703 694 3346 769 artem.Rhythmorum
3380 695 3640 768 profecto
3683 692 3827 750 vul—

2152 786 2276 859 gari
2307 784 2511 858 lingua
2532 784 2899 841 conditorum
2922 786 3077 858 apud
3097 788 3301 858 gentes
3324 782 3829 857 septentrionales

2154 873 2449 946 antiquior
2470 878 2561 930 est
2586 890 2730 931 usus
2755 890 2934 946 quam
2959 872 3409 930 Provincialium
3428 876 3485 929 et
3503 871 3825 929 Italorum.

2153 962 2484 1019 Ostendunt
2534 962 2807 1018 Germani
2856 961 3168 1037 Evangelia
3216 962 3491 1034 rhythmis
3531 963 3833 1020 Πιθοιίδώ

2153 1066 2185 1108 e
2212 1050 2413 1111 Latino
2445 1051 2675 1108 reddita
2716 1068 2820 1123 per
2869 1051 3163 1108 Otfridum
3194 1050 3554 1109 monachum
3584 1051 3833 1109 circiter

2154 1152 2375 1197 annum
2423 1141 2557 1210 880;
2611 1157 2738 1213 quae
2794 1140 3020 1197 cantica
3064 1141 3340 1197 brevibus
3387 1140 3697 1199 versiculis
3754 1140 3827 1197 in

2152 1246 2320 1287 voces
2349 1233 2738 1286 consonantes
2761 1229 3168 1287 desinentibus
3194 1233 3483 1287 constant.
3498 1230 3629 1286 Alia
3669 1247 3825 1303 quo-

2153 1336 2265 1391 que
2295 1319 2561 1390 ejusdem
2607 1318 2838 1391 generis
2884 1321 3155 1391 poemata
3201 1318 3297 1375 ille
3344 1318 3636 1390 procudit,
3688 1336 3825 1392 qua:

2154 1407 2346 1465 adhuc
2377 1425 2518 1464 mss.
2552 1412 2856 1464 servantur
2909 1407 2968 1463 in
3024 1406 3453 1480 antiquissimis
3506 1406 3826 1465 codicibus

2152 1496 2423 1553 Caesareis
2467 1495 2937 1552 Vindobonensis
2993 1496 3360 1553 bibliothecae
3392 1513 3459 1553 ac
3488 1496 3825 1565 Vaticana,

2152 1585 2271 1641 imo
2299 1584 2455 1658 typis
2486 1586 2665 1642 etiam
2695 1585 2871 1642 aeneis
2921 1602 2956 1641 a
3011 1585 3236 1642 Joanne
3283 1585 3565 1643 Schiltero
3595 1585 3831 1643 tradita

2152 1678 2438 1746 prostant.
2471 1674 2620 1731 Sunt
2649 1678 2705 1731 et
2733 1673 2848 1731 alia
2873 1674 3030 1748 apud
3058 1674 3271 1743 Danos,
3304 1675 3826 1733 Suecos’caiteros-

2152 1778 2267 1835 que
2299 1763 2621 1820 Germanos
2649 1764 2779 1836 ejus
2809 1763 3039 1836 generis
3067 1764 3472 1821 vetustissima
3521 1764 3823 1827 carmina.

2152 1852 2436 1925 Georgius
2467 1851 2670 1909 itidem
2701 1852 3189 1920 Hickesius,inter
3213 1852 3529 1910 Britannos
3562 1870 3822 1911 summa

2152 1940 2240 1996 vir
2268 1940 2635 2008 eruditionis,
2668 1940 2728 1997 in
2759 1940 3043 1997 Thesaur.
3078 1939 3330 2014 linguar.
3365 1945 3544 1998 veter.
3573 1947 3819 2016 septen-

2151 2029 2385 2086 trional.
2420 2046 2760 2103 quanquam
2791 2030 3028 2098 scribat,
3046 2030 3108 2086 in
3137 2030 3572 2103 antiquissimis
3593 2032 3826 2107 Anglo-

2153 2119 2449 2175 Saxonum
2478 2117 3181 2193 pseudo-rhythmos,hoc
3212 2122 3302 2177 est
3327 2121 3376 2176 le
3404 2122 3828 2191 rime,minime

2154 2207 2396 2281 reperiri
2450 2226 2462 2263 :
2524 2212 2780 2265 attamen
2830 2224 2959 2281 cap.
3012 2211 3081 2264 24
3142 2208 3548 2267 Grammaticas
3596 2210 3827 2284 Anglo-

2154 2297 2363 2354 Saxon.
2394 2298 2720 2371 specimina
2750 2298 2917 2354 affert
2946 2298 3298 2368 carminum,
3332 2316 3462 2371 qua
3493 2298 3622 2371 ipse
3652 2302 3825 2357 semi-

2156 2386 2427 2443 Saxonica
2447 2385 2826 2459 appellat,ubi
2848 2387 3110 2443 similiter
3136 2388 3334 2444 cadens
3355 2388 3628 2458 occurrit,
3638 2388 3823 2463 quale

2156 2475 2215 2531 in
2234 2476 2403 2533 nobis
2424 2476 2485 2532 in
2507 2476 2622 2532 ﬁne
2639 2492 2915 2532 versuum
2937 2476 3553 2550 usurpatur.Usserius
3576 2495 3824 2551 quoque

2156 2581 2281 2638 cap.
2318 2566 2407 2635 17,
2441 2581 2573 2638 pag.
2607 2566 2730 2635 450,
2761 2566 3108 2638 Antiquitat.
3160 2566 3423 2624 Britann.
3473 2566 3706 2636 eccles.,
3749 2584 3827 2625 ex

2154 2654 2288 2710 Vita
2315 2653 2469 2711 beati
2498 2654 2664 2711 Albei
2695 2653 2818 2710 haec
2850 2654 3018 2711 aﬁ‘ert
3046 2671 3058 2710 :
3090 2655 3222 2711 Inde
3244 2660 3464 2712 sanctus
3502 2658 3824 2727 Patricius,

2158 2743 2564 2818 archipontifex
2608 2748 2659 2801 et
2711 2749 2978 2817 patronus
3025 2747 3194 2801 totius
3242 2747 3545 2815 Hiberniae,
3598 2763 3827 2805 versum

2155 2843 2463 2907 sequentem
2505 2835 2715 2890 Scotica
2766 2835 2983 2905 lingua,
3014 2836 3176 2908 quasi
3222 2835 3493 2909 quoddam
3528 2837 3829 2897 oraculum

2159 2924 2295 2992 legis
2324 2926 2560 2996 vigorem
2590 2923 2815 2991 habens,
2846 2926 3108 2980 cantavit.
3143 2926 3313 2994 Quem
3342 2916 3559 2983 versum
3584 2928 3826 2999 familia

2158 3012 2345 3069 Sancti
2382 3014 2537 3070 Albei
2565 3021 2617 3069 et
2640 3014 2863 3085 familia
2899 3015 3090 3071 Sancti
3118 3015 3347 3071 Declani
3390 3016 3691 3072 noluerunt
3714 3032 3826 3089 pro

2154 3118 2209 3159 se
2244 3103 2329 3158 vel
2359 3103 2787 3176 rhythmice,seu
2815 3105 3037 3160 metrice
3068 3106 3130 3160 in
3160 3106 3416 3161 Latinum
3444 3114 3813 3175 vertercmus;

2156 3190 2249 3247 sed
2276 3192 2504 3264 majoris
2532 3192 2875 3248 auctoritatis
2902 3193 2956 3248 ei
2983 3192 3351 3251 conciliandae
3395 3195 3597 3265 gratia,
3652 3195 3831 3252 illum

398 3278 558 3336 modi
588 3283 933 3336 concentum
966 3280 1026 3334 in
1059 3279 1174 3336 fine
1200 3293 1477 3336 versuum
1510 3278 2047 3334 occurrere.Exem-
2078 3264 2122 3333 C
2155 3281 2380 3353 proprio
2409 3288 2463 3337 et
2486 3283 2744 3352 genuino,
2792 3297 2895 3352 quo
2942 3284 3362 3354 pronuntiatum
3382 3264 3434 3339 et
3458 3285 3829 3355 compositum

397 3366 512 3442 plis
534 3384 731 3442 parco.

468 3459 605 3525 Quae
664 3456 765 3513 ubi
820 3460 1153 3513 statuamus
1198 3456 1325 3527 jam
1385 3457 1544 3528 patet
1593 3455 2045 3512 consonantium

394 3563 605 3604 vocum
637 3563 813 3603 usum
844 3546 904 3602 in
933 3545 1410 3617 versibus,supra
1438 3561 1616 3618 quam
1646 3544 1820 3618 vulgo
1849 3546 2046 3602 creda-

396 3641 513 3703 tur,
539 3636 712 3709 longe
742 3635 1225 3708 antiquissimum
1255 3637 1613 3706 esse,utpote
1643 3634 1743 3707 qui
1777 3633 2049 3692 aJudaeis

397 3726 454 3783 in
485 3728 661 3799 Syros
690 3728 747 3780 et
776 3725 995 3781 Arabes
1026 3722 1265 3779 ﬂuxisse
1294 3721 1541 3780 videtur.
1575 3724 1791 3781 Deinde
1819 3741 1888 3781 ex
1907 3726 2046 3781 Ara-

397 3816 540 3872 bum
571 3817 743 3886 gente
770 3812 887 3869 veri
918 3812 1149 3868 videtur
1177 3811 1371 3868 simile
1400 3812 1561 3885 ipsos
1592 3814 1921 3870 Occidentis
1944 3830 2049 3886 po-

397 3903 568 3977 pulos
599 3905 786 3958 artem
816 3902 968 3957 hanc
999 3900 1295 3971 didicisse,
1328 3900 1440 3958 nisi
1466 3904 1732 3959 eamdem
1764 3921 1799 3960 a
1818 3902 2051 3976 populis

399 3987 956 4062 septentrionalibus
987 3992 1159 4044 antea
1188 3988 1519 4045 didicerint.
1552 3991 1699 4046 Nam
1728 3994 1788 4047 et
1817 3992 1889 4047 ad
1920 3991 2051 4048 illos

398 4079 460 4134 in
491 4077 652 4135 hisce
683 4076 1106 4150 investigandis
1128 4076 1328 4135 oculos
1357 4082 1768 4137 convertemus
1800 4083 2047 4152 oportet.

400 4167 564 4224 Certe
595 4170 729 4240 post
756 4166 976 4222 Arabes
996 4165 1311 4239 imperium
1334 4166 1541 4223 Siciliae
1567 4169 1862 4241 arripuere
1879 4170 2054 4227 comi-

400 4261 509 4325 tes,
542 4255 722 4312 duces
753 4272 819 4310 ac
851 4270 1014 4327 reges
1065 4255 1452 4312 Northmanni
1513 4275 1526 4313 :
1572 4274 1716 4331 gens
1763 4276 1971 4334 nempe
2021 4279 2055 4317 a

402 4344 594 4418 gelido
626 4344 1029 4415 Septentrione
1059 4345 1198 4401 olim
1228 4344 1287 4400 in
1320 4345 1592 4415 Galliam,
1625 4365 1689 4404 ac
1718 4350 1958 4407 demum
1993 4351 2053 4406 in

403 4434 675 4506 Magnam
693 4433 1348 4507 Britanniam,Apuliam
1372 4439 1547 4509 atque
1566 4436 1823 4495 Siciliam
1846 4440 2052 4513 elfusa,

403 4521 800 4579 dominatione
828 4523 902 4579 iis
934 4523 994 4579 in
1027 4522 1168 4580 locis
1199 4523 1517 4581 fortissime
1548 4528 1937 4586 constabilita.
1968 4530 2052 4586 Ad

2154 3374 2233 3428 est
2260 3386 2296 3425 a
2322 3372 2506 3427 sancto
2535 3371 2801 3438 Patricio,
2830 3369 3112 3437 idiomate,
3139 3387 3241 3443 pro
3269 3371 3537 3442 dignitate
3578 3374 3831 3446 profere-

2156 3475 2279 3516 mus
2307 3460 2369 3515 in
2397 3458 2747 3516 mediumJta
2773 3460 2977 3517 Scotice
3007 3461 3233 3516 canitur
3261 3461 3362 3517 ille
3388 3477 3570 3519 versus
3600 3480 3621 3517 :

2297 3548 2452 3604 Ailbe
2480 3549 2653 3616 amat,
2685 3550 2877 3605 Patrio
2898 3551 3141 3618 Muman,
3166 3566 3255 3606 mo
3277 3551 3415 3622 gach
3438 3550 3565 3606 rath

2302 3638 2535 3693 Theclan
2562 3639 2752 3694 Patric
2780 3638 3062 3706 Nandeisi,
3094 3657 3165 3709 ag
3194 3639 3414 3696 theclan
3440 3656 3506 3711 go
3538 3640 3700 3697 brath

2158 3727 2243 3783 Ad
2275 3725 2397 3782 haec
2426 3725 2807 3784 Mabillonius
2836 3732 2978 3785 tom.
3015 3728 3091 3784 III
3118 3728 3327 3784 Annal.
3360 3728 3822 3799 Benedictinor.,

2158 3832 2292 3890 pag.
2342 3817 2468 3885 684,
2516 3817 2787 3890 producit
2834 3815 3177 3890 rhythmum
3236 3817 3555 3874 Teutonica
3615 3818 3831 3893 lingua

2160 3905 2578 3975 confectum,in
2611 3922 2725 3979 quo
2754 3907 3028 3963 eumdem
3055 3923 3265 3965 vocum
3298 3911 3654 3964 concentum
3673 3907 3832 3966 inve-

2160 3995 2310 4051 nies.
2343 3995 2473 4051 Haec
2499 3994 2777 4067 profecto,
2806 3994 2965 4052 ultra
3004 4013 3184 4069 quam
3216 3995 3388 4052 multi
3417 3995 3538 4054 sint
3567 3996 3830 4070 opinati,

2161 4082 2573 4156 rhythmorum
2592 4084 2925 4157 vulgarium
2949 4084 3361 4158 antiquitatem
3384 4085 3599 4159 oppido
3627 4102 3826 4143 seram

2161 4172 2667 4230 evincunt.Franci
2696 4174 2831 4247 ipsi,
2863 4177 3178 4247 antequam
3210 4173 3661 4233 Provincialium
3689 4192 3829 4249 poe-

2159 4266 2357 4320 tarum
2387 4262 2679 4320 celebrata
2715 4264 2922 4320 cohors
2952 4269 3273 4339 emergeret
3303 4264 3596 4337 ejusmodi
3618 4282 3828 4323 versus

2162 4352 2540 4410 elucubrasse
2567 4353 2856 4411 videntur.
2890 4353 3120 4410 Bulaeus
3176 4355 3235 4409 in
3286 4353 3500 4411 Hister.
3554 4354 3824 4411 Univers.

2162 4441 2528 4498 Paris.refert
2558 4441 2925 4515 epitaphium
2954 4443 3190 4499 Gallicis
3220 4442 3515 4516 rhythmis
3539 4442 3827 4500 Frodoar-

2164 4532 2237 4587 do
2269 4530 2540 4587 Remensi
2574 4530 2854 4588 historico
2888 4532 3167 4604 positum,
3192 4532 3291 4604 qui
3324 4548 3476 4588 anno
3505 4532 3614 4586 965
3645 4533 3824 4589 ﬁnem

402 4628 625 4707 annum
648 4628 835 4686 usque
849 4614 1536 4707 1_09}_Northmannorum
1566 4631 1772 4707 regum
1792 4618 2053 4690 potentia
2082 4642 2129 4707 D
2159 4618 2390 4676 vivendi
2422 4619 2576 4675 fecit.
2608 4620 2764 4676 Duos
2803 4623 3035 4677 tantum
3085 4637 3287 4678 versus
3336 4620 3629 4679 delibatos
3680 4621 3819 4678 inde

402 4718 470 4758 ac
518 4702 688 4759 sedes
737 4703 889 4776 apud
941 4702 1170 4761 Siculos
1208 4705 1561 4777 perduravit.
1596 4706 1680 4767 Ab
1713 4706 1823 4763 hoc
1852 4713 2050 4765 autem
2082 4702 2119 4707 ⁷
2161 4708 2381 4780 accipe.

1156 4846 1425 4912 VEQVIT
1464 4848 1691 4904 CASTE
1733 4848 1980 4921 CLERC,
2024 4850 2164 4906 BON
2205 4849 2449 4917 MOINE,
2492 4851 2810 4908 MEILLEV
2846 4839 3051 4922 ABBE,

1363 4937 1457 4993 ET
1498 4936 1824 4994 D’AGAPIT
1863 4938 1954 4994 LY
1992 4939 2271 4997 ROMAIN
2313 4940 2451 4997 FVT
2496 4927 2711 5011 AVBE,
2751 4944 2859 4997 etc.

406 5058 568 5113 Idem
624 5056 998 5115 Mabillonius
1047 5058 1106 5114 in
1156 5063 1280 5116 Act.
1339 5061 1602 5117 Sanctor.
1665 5062 2055 5135 Benedictin.,

406 5145 630 5204 Saeculo
657 5164 713 5213 v,
746 5146 854 5203 hos
883 5164 1087 5204 versus
1118 5165 1229 5206 non
1259 5151 1414 5223 longe
1443 5152 1510 5207 ab
1558 5151 1674 5207 illis
1723 5154 2055 5225 temporibus

405 5237 636 5307 scriptos
661 5238 718 5292 et
744 5236 871 5308 ipse
902 5236 1237 5295 arbitratur.
1269 5241 1436 5312 Apud
1487 5257 1587 5297 eos
1641 5241 1719 5298 sit
1770 5242 1935 5299 ﬁdes.
1971 5243 2057 5298 En

407 5340 545 5398 ergo
563 5325 717 5382 unde
738 5324 977 5382 alteram
1001 5344 1265 5384 normam
1282 5328 1614 5403 vulgarium
1646 5330 2056 5404 rhythmorum

407 5414 643 5471 haurire
671 5415 966 5488 potuerint
993 5416 1191 5487 Siculi,
1223 5434 1292 5473 ex
1330 5419 1752 5477 Northmannis
1795 5419 2060 5477 videlicet

403 5503 609 5561 Siciliae
641 5502 751 5577 ipsi
804 5506 1251 5579 imperantibus,
1293 5510 1395 5563 aut
1440 5526 1508 5565 ex
1556 5509 1688 5567 aliis
1736 5509 2056 5568 Germaniae

406 5593 662 5667 populis,
695 5600 1011 5669 antequam
1045 5600 1224 5669 poetas
1256 5596 1317 5652 in
1346 5596 1645 5656 Provincia
1672 5600 1893 5657 famam
1935 5598 2057 5656 suis

409 5683 771 5742 carminibus
819 5685 932 5742 sibi
980 5689 1324 5759 quaererent.
1375 5687 1732 5749 Francorum
1763 5692 1960 5749 autem
1991 5706 2059 5748 ac

2167 5066 2768 5137 Germanorum,adde
2781 5069 2838 5122 et
2854 5066 3267 5123 Britannorum
3282 5082 3474 5125 mores
3487 5069 3543 5123 et
3554 5064 3827 5141 linguam

2165 5155 2557 5213 Northmanni
2577 5156 2758 5229 probe
2782 5156 3153 5227 edocti,hunc
3174 5156 3352 5213 etiam
3379 5171 3623 5230 poeseos
3645 5172 3824 5214 usum

2166 5244 2225 5300 in
2275 5244 2534 5302 Siciliam
2584 5244 2874 5302 invexisse
2952 5263 3068 5303 non
3134 5245 3428 5302 immerito
3485 5245 3823 5303 credantur.

2167 5336 2533 5407 Quantopere
2562 5351 2693 5391 vero
2723 5335 3013 5407 ejusmodi
3036 5335 3332 5409 rhythmis
3353 5333 3681 5392 oblectatus
3699 5335 3824 5391 fue-

2166 5422 2242 5478 rit
2272 5423 2503 5480 circiter
2530 5440 2752 5481 annum
2784 5423 3002 5482 Christi
3035 5424 3141 5482 HO
3171 5423 3501 5483 Gaufredus
3545 5422 3822 5481 Malater-

2167 5530 2251 5582 ra,
2303 5512 2493 5587 patria
2531 5514 2949 5584 Nortmannus,
2995 5515 3097 5572 sed
3148 5516 3360 5573 naviter
3404 5515 3605 5588 factus.
3665 5514 3821 5573 Sicu-

2167 5604 2274 5670 lus,
2307 5620 2487 5677 supra
2517 5603 2705 5660 innui.
