3946 6362
118 382 228 482 eo:

1434 377 1798 492 RHY'I‘IIMI
1844 428 2233 493 VETERES.

3434 431 3554 491 802

184 554 276 611 Ad
302 550 631 643 vulgarium
648 552 984 614 Italicorum
1003 558 1332 617 carminum
1354 560 1602 619 formam
1626 564 1780 635 quod
1810 564 1863 632 Α
1894 564 2197 636 propterea
2226 565 2483 621 evadunt
2528 561 2979 643 dodecasyllabi,
3031 561 3298 632 ejusdem
3348 565 3545 620 tamen

118 642 350 712 attinet,
381 642 633 704 ne'hanc
651 647 891 720 quidem
922 665 1159 706 necesse
1189 650 1300 706 fuit
1331 654 1396 707 ut
1418 650 1598 708 Siculi
1622 656 1785 709 caete-

116 734 290 806 rique
321 732 506 790 Italici
538 752 574 791 a
600 735 1065 794 Provincialibus
1103 739 1292 812 poetis
1350 744 1783 797 mutuarentur.

116 818 593 881 Crescimbenius
636 822 737 882 lib.
786 827 977 899 primo
1020 827 1233 885 Hister.
1285 828 1508 902 vulgar.
1543 846 1784 904 poeseos

118 911 441 985 scripserat
476 930 489 967 :
520 914 644 983 Egli
672 916 700 970 ἐ
747 916 940 971 rhiara
970 931 1133 986 ‘cosa,
1193 918 1293 973 che
1348 918 1787 975 l’endecasillabo

116 1002 343 1075 volgare
369 1018 543 1059 venne
570 1005 631 1059 in
660 1005 823 1061 Italia
852 1006 999 1063 delia
1031 1010 1327 1064 Provenm.
1369 1010 1588 1064 Verum
1637 1008 1784 1081 ipse,

121 1108 180 1150 re
205 1090 559 1166 diligentius
590 1093 877 1166 inspecta,
909 1094 983 1152 ab
1023 1096 1314 1168 ejusmodi
1364 1096 1635 1170 opinione
1666 1097 1785 1153 dis-

122 1180 303 1238 cessit
332 1182 394 1237 in
424 1185 816 1240 Commentar.
849 1183 953 1241 lib.
986 1184 1199 1258 primo,
1240 1203 1368 1260 cap.
1424 1186 1651 1259 quinto,
1683 1185 1785 1242 ubi

123 1268 342 1326 diserte
372 1269 589 1327 fatetur
616 1288 680 1328 se
699 1288 933 1345 quoque
963 1289 1278 1346 agnoscere
1300 1273 1635 1331 Italicorum
1664 1290 1787 1330 ver-

122 1376 224 1416 sus
253 1359 685 1417 eximitatione
742 1361 1085 1418 Latinorum
1143 1363 1486 1436 processise.
1529 1364 1594 1418 Id
1650 1379 1783 1419 vero

125 1450 261 1503 ante
289 1445 464 1503 illum
493 1447 719 1504 erudite
750 1450 1059 1506 adnotarat
1088 1454 1287 1507 noster
1309 1450 1699 1507 Castelvetrus
1729 1453 1786 1506 et

122 1536 385 1593 Jacobus
414 1537 746 1594 Maz'zonius
776 1537 877 1595 lib.
911 1556 971 1607 ιι,
1005 1556 1133 1613 cap.
1165 1541 1254 1607 33,
1284 1540 1343 1595 in
1393 1539 1633 1613 Apolog.
1676 1540 1787 1596 Co-

124 1622 307 1681 mmd.
341 1626 568 1682 Dantis.
600 1628 761 1684 Addo
811 1644 915 1701 ego
947 1645 1061 1684 non
1094 1646 1122 1684 e
1151 1629 1351 1684 metris
1400 1632 1627 1684 tantum
1658 1646 1785 1702 per-

125 1714 417 1787 fectisque
440 1715 780 1772 Latinorum
801 1717 1066 1773 versibus
1083 1717 1329 1773 derivari
1352 1717 1612 1791 potuisse
1636 1718 1789 1774 Itali-

127 1796 335 1861 corum
363 1803 634 1874 formam,
669 1805 770 1861 sed
804 1805 980 1862 etiam
1002 1805 1400 1878 exincomptis
1426 1806 1787 1879 rudibusque

128 1908 338 1950 eorum
358 1893 713 1966 rbythmis.J
719 1910 814 1950 am
834 1912 1012 1968 supra
1038 1895 1351 1965 ostendi,et
1371 1895 1532 1953 nullo
1555 1897 1786 1970 negotio

128 1981 495 2039 luculentius
552 1983 857 2039 ostendere
916 2001 1122 2041 rursus
1179 2002 1435 2057 possem,
1484 1985 1787 2059 rhythmos

130 2070 377 2129 Latinos
401 2071 585 2129 fuisse
606 2074 965 2145 compositos
987 2066 1417 2147 tetrasyllabos,
1445 2075 1794 2149 pentasylla-

128 2161 257 2230 bos,
283 2164 423 2232 etc.,
447 2178 665 2241 eosque
688 2160 861 2235 longe
892 2166 1028 2220 ante
1050 2166 1315 2235 tempora
1335 2168 1638 2236 poetarum
1663 2164 1795 2220 Pro-

128 2249 500 2307 vincialium.
534 2250 646 2307 Sed
669 2251 797 2324 jam
828 2250 971 2307 satis
1002 2268 1294 2325 superque
1314 2252 1661 2309 Dissertatio
1682 2253 1797 2309 ista

133 2338 411 2396 excrevit.
444 2339 632 2405 Quare
678 2357 864 2395 unum
923 2357 1263 2414 persequar,
1310 2357 1547 2398 versum
1587 2341 1796 2398 videli-

132 2432 220 2485 cet
246 2427 956 2502 hendecasyllabum,quo
985 2430 1361 2503 potissimum
1387 2431 1585 2487 Italica
1603 2431 1796 2504 poesis

133 2517 485 2587 delectatur,
518 2518 904 2591 praeterquam
937 2519 1091 2590 quod
1128 2520 1280 2592 apud
1300 2523 1527 2576 Graecos
1559 2524 1615 2575 et
1642 2520 1796 2576 Lati-

134 2623 239 2664 nos
298 2607 573 2677 occurrit,
622 2624 655 2663 a
705 2607 1146 2681 rhythmopoeiis
1197 2611 1373 2667 etiam
1424 2627 1491 2665 ac
1540 2610 1797 2665 metricis

136 2695 329 2769 poetis
359 2695 659 2753 excultum
711 2696 915 2764 fuisse,
975 2697 1114 2752 dum
1177 2698 1482 2753 barbarica
1537 2702 1801 2771 tempora

138 2785 411 2842 ﬂuerent.
446 2784 603 2840 Inter
636 2785 822 2841 Goera
847 2784 1158 2842 Walafridi
1180 2786 1505 2854 Strabonis,
1530 2788 1699 2857 cujus
1714 2791 1801 2843 est

138 2873 303 2930 fama
330 2872 578 2930 celebris
611 2873 761 2931 inter
801 2875 1116 2946 scriptores
1148 2875 1344 2931 saeculi
1378 2876 1537 2944 noni,
1589 2876 1804 2949 legitur

143 2962 414 3036 ejusdem
437 2960 535 3035 pia
554 2964 755 3033 oratio,
777 2980 807 3019 e
829 2980 944 3035 quo
967 2963 1281 3020 nonnullos
1302 2980 1506 3021 versus
1520 2965 1765 3038 decerpo
1787 2984 1798 3021 :

367 3071 408 3127 0
436 3085 623 3126 rerum
651 3070 815 3127 Sator
843 3072 1090 3127 omnium
1114 3071 1408 3139 tremenda,
1516 3144 1519 3147 _

362 3160 506 3215 Dum
528 3177 717 3232 poenas
746 3162 923 3217 crucis
954 3162 1213 3216 innocens
1245 3160 1440 3227 luisti;

361 3248 424 3303 In
455 3265 558 3320 quo
588 3250 671 3304 nil
701 3251 816 3304 nisi
844 3250 1083 3321 repperis
1110 3251 1355 3316 ruinam,
1389 3255 1498 3304 etc.

140 3364 200 3421 in
230 3362 331 3420 his
359 3380 476 3420 non
506 3367 741 3420 tantum
773 3365 973 3437 pedes,
1004 3366 1103 3421 sed
1138 3370 1194 3419 et
1253 3382 1563 3421 numerum
1617 3365 1798 3423 habes

141 3451 619 3598 hendeclasyllabi
652 3452 834 3509 Italici
868 3470 880 3508 :
916 3455 1070 3526 quod
1105 3458 1160 3509 et
1191 3452 1475 3527 contingit
1510 3454 1569 3509 in
1620 3454 1796 3511 Hora-

142 3543 307 3598 tiano
338 3543 356 3598 i
385 3542 441 3598 lo
472 3560 485 3598 :

142 3543 307 3600 tiano
338 3542 441 3600 illo
472 3560 485 3599 :

358 3653 492 3708 Jam
520 3652 653 3706 satis
683 3652 846 3706 terris
868 3652 1032 3721 nivis,
1067 3653 1229 3722 atque
1256 3650 1410 3716 dirae,
1440 3654 1547 3706 etc.

145 3767 213 3823 Et
243 3766 528 3839 quoniam
560 3767 752 3839 poesis
779 3771 980 3823 nostra
1028 3784 1132 3840 pro
1182 3767 1456 3841 spondcco
1506 3765 1801 3839 dactylum

147 3854 428 3912 adhibere
449 3859 640 3928 potest
661 3855 719 3911 in
744 3856 858 3911 fine
878 3855 1221 3929 hujusmodi
1241 3855 1642 3929 versuum,qui
1665 3858 1805 3913 tunc

1894 654 2176 726 temporis
2207 657 2381 727 atque
2438 652 2933 727 hendecasyllabi,
2966 652 3260 708 sdruccioli
3288 651 3485 708 Italice
3519 670 3553 709 a

1896 742 2067 799 nobis
2099 742 2372 817 appellati
2408 743 2683 815 (quorum
2714 743 3018 798 inventum
3050 740 3245 798 nescio
3276 757 3382 797 cur
3409 741 3555 797 Var-

1897 830 2067 888 chius
2092 832 2151 887 in
2173 831 2498 889 Herculano
2521 831 2792 888 tribuerit
2807 829 3552 903 Sannazario),eorumdem

1893 936 2169 977 versuum
2203 921 2498 995 specimen
2531 937 2601 977 ex
2624 920 2814 995 ipsius
2834 919 3146 976 Walafridi
3178 918 3541 987 carminibus

1897 1026 2067 1067 ΕΚΘΓο
2094 1029 2107 1067 Ζ

2108 1145 2335 1215 Legistis
2360 1146 2616 1201 meminit
2643 1152 2822 1200 vestra
2848 1146 3121 1215 sagacitas

2108 1235 2175 1289 At
2202 1235 2390 1289 multis
2418 1241 2625 1305 egomet
2652 1234 2903 1289 sordibus
2932 1233 3162 1299 obsitus,

2108 1323 2319 1378 Donari
2347 1323 2567 1378 veniam
2588 1322 2745 1378 credo
2774 1322 3074 1390 sagaciter,
3101 1324 3210 1377 etc.

1895 1452 2046 1508 Sane
2078 1451 2137 1508 in
2168 1452 2328 1509 hisce
2357 1452 2733 1526 antiquorum
2765 1450 3274 1525 hendecasyllabis
3305 1467 3437 1508 raro
3454 1439 3559 1529 de-

1896 1542 2265 1615 prendendas
2295 1541 2728 1598 collocationem
2753 1545 3102 1597 accentuum
3133 1540 3409 1613 (posature
3452 1555 3559 1595 nos

1907 1630 2181 1698 dicimus)
2202 1631 2261 1686 in
2283 1630 2546 1687 Versibus
2567 1630 2784 1686 Italicis
2801 1629 3032 1686 facilem
3046 1633 3219 1702 atque
3239 1631 3556 1701 patentem.

1895 1720 2162 1775 Attamen
2195 1735 2328 1775 cum
2360 1719 2534 1792 primi
2560 1723 2736 1791 poetae
2759 1718 3030 1791 vulgares
3048 1717 3316 1774 versibus
3336 1733 3551 1790 pauca-

1896 1825 2028 1864 rum
2060 1807 2416 1881 syllabarum
2447 1809 2735 1880 praecipue
2756 1823 2993 1880 operam
3012 1808 3240 1878 darent,
3271 1823 3339 1863 ac
3360 1811 3563 1887 postea

1894 1914 2130 1955 versum
2161 1897 2573 1969 conquirerent
2602 1896 2693 1952 cui
2727 1895 2949 1969 aliquid
2984 1895 3317 1967 maiestatis
3337 1912 3407 1951 ex
3435 1893 3567 1968 plu-

1902 1987 2056 2043 rium
2088 1986 2445 2059 syllabarum
2469 2004 2643 2043 cursu
2664 1985 2981 2055 accederet,
3012 1984 3243 2042 nullum
3274 1983 3550 2057 aptiorem

1901 2077 2170 2133 invenere
2202 2093 2380 2149 quam
2410 2074 2984 2147 hendecasyllabum,
3002 2075 3122 2131 sive
3154 2074 3203 2130 is
3233 2089 3303 2131 ex
3332 2073 3561 2130 duobus

1904 2165 2265 2222 brevioribus
2294 2164 2560 2221 versibus
2590 2165 2896 2233 conﬂetur,
2929 2163 3048 2220 sive
3079 2162 3192 2221 alio
3214 2162 3421 2220 ordine
3439 2179 3566 2219 coa-

1904 2254 2126 2323 lescat;
2167 2253 2328 2310 illius
2360 2257 2557 2309 autem
2588 2248 2923 2325 exemplum
2957 2253 3111 2325 apud
3145 2251 3563 2325 rhythmorum

1904 2342 2216 2415 scriptores
2246 2342 2481 2399 obvium
2511 2341 2790 2397 habuere.
2821 2341 3008 2412 Atque
3038 2341 3133 2396 hic
3165 2338 3385 2412 publici
3406 2337 3564 2410 juris

1906 2432 2126 2487 factum
2157 2430 2284 2487 volo
2332 2429 2673 2503 rhythmum
2731 2429 3017 2485 hactenus
3064 2428 3194 2484 luce
3242 2430 3560 2494 carentem,

1907 2521 2076 2592 cujus
2109 2520 2465 2576 mentionem
2521 2518 2626 2575 feci
2657 2517 2718 2573 in
2766 2517 3182 2573 Dissertatione
3210 2532 3229 2571 ι
3257 2514 3322 2571 de
3349 2515 3561 2572 exteris

1905 2610 2172 2682 gentibus.
2209 2609 2355 2665 Eum
2385 2607 2670 2679 descripsi
2716 2623 2822 2680 ego
2853 2623 2882 2661 e
2906 2604 3306 2662 vetustissimo
3365 2602 3564 2660 codice

1910 2716 2021 2755 ms.
2056 2697 2293 2770 capituli
2323 2697 2740 2754 canonicorum
2773 2693 3220 2751 Mutinensium.
3252 2693 3403 2749 Tum
3430 2709 3559 2765 quaa

1910 2788 2262 2862 praecedunt,
2293 2789 2421 2842 tum
2466 2784 2787 2858 antiquitas
2835 2783 3070 2853 codicis,
3106 2784 3251 2839 satis
3300 2781 3564 2838 indicant

1910 2877 2107 2950 ipsum
2129 2876 2312 2932 fuisse
2331 2874 2722 2947 compositum
2741 2874 2851 2930 sub
2870 2873 3107 2929 initium
3130 2870 3327 2929 saeculi
3349 2870 3564 2927 decimi

1912 2983 1945 3023 a
1969 2964 2197 3023 Christo
2229 2970 2365 3021 nato
2390 2980 2404 3020 :
2439 2981 2554 3036 quo
2582 2968 2865 3035 tempore,
2898 2964 2963 3017 ut
2993 2961 3072 3016 ibi
3100 2961 3374 3034 przefatus
3403 2975 3561 3027 sum,

1914 3054 2173 3128 Hungari
2205 3058 2288 3109 tot
2320 3052 2738 3126 impressiones
2786 3052 2844 3105 in
2878 3050 3127 3119 Italiam,
3160 3054 3219 3106 et
3260 3047 3565 3122 presertim

1858 3206 1863 3211 ,
1914 3144 1974 3199 in
2028 3144 2388 3199 Mutinenses
2440 3138 3109 3212 fecere.Dodecasyllabi
3157 3142 3298 3195 sunt
3336 3153 3564 3205 versus,

1915 3233 2040 3299 sed,
2056 3231 2338 3303 temporis
2356 3231 2577 3286 ratione
2590 3232 3125 3301 computata,pares
3137 3225 3569 3299 hendecasylla-

1829 3309 1872 3376 C
1911 3322 2022 3377 bis.
2056 3321 2210 3376 Inter
2240 3320 2401 3392 ipsos
2432 3322 2626 3375 autem
2657 3318 2943 3389 quosdam
2974 3316 3191 3372 sentias
3218 3317 3300 3371 ita
3332 3318 3563 3371 contex-

1906 3415 2018 3476 tos,
2053 3415 2117 3465 ut
2147 3408 2495 3464 familiarem
2523 3407 2581 3463 in
2605 3406 2676 3461 iis
2700 3410 2990 3462 texturam
3019 3422 3084 3460 ac
3106 3421 3318 3460 sonum
3342 3406 3567 3459 nostro‘

1909 3515 2040 3554 rum
2072 3514 2348 3554 versuum
2381 3496 2808 3569 deprehendas.
2839 3495 2922 3549 Ad
2956 3494 3078 3548 hzec
3110 3492 3326 3566 singuli
3357 3507 3565 3547 versus

1911 3587 2131 3659 aliquid
2165 3584 2403 3642 Leonini
2433 3584 2770 3657 praeferunt,
2803 3599 2940 3637 cum
2970 3582 3029 3636 in
3062 3598 3238 3637 unam
3271 3580 3565 3637 eamdem-

1911 3694 2024 3750 que
2053 3674 2307 3731 vocalem
2340 3691 2406 3730 ac
2436 3674 2561 3746 pari
2593 3668 2876 3729 consentu
2899 3670 3195 3728 desinant.
3219 3670 3307 3725 Tu
3337 3668 3567 3740 experi-

1911 3768 2178 3822 mentum
2212 3764 2407 3820 facito.

1011 4002 3561 4031 Μ

1523 4168 2216 4265 RHYTHMUS

737 4374 1050 4439 Canendus
1080 4375 1364 4439 militibus
1394 4375 1746 4439 Mutinensis
1773 4374 1942 4437 urbis
1969 4373 2305 4437 custodibus
2334 4372 2574 4434 circiter
2601 4389 2822 4432 annum
2851 4370 2996 4432 925.

1645 4544 2071 4558 α*-

438 4641 484 4699 0
513 4646 575 4699 tu
607 4643 708 4716 qui
740 4660 936 4700 servas
967 4644 1147 4701 armis
1179 4644 1291 4701 ista
1322 4644 1556 4714 moenia,

366 4731 497 4787 Noli
527 4732 800 4804 dormire,
834 4748 1061 4802 moneo,
1094 4733 1196 4790 sed
1228 4733 1420 4806 vigila.

367 4820 520 4877 Dum
552 4821 764 4878 Hector
800 4821 941 4895 vigil
1000 4821 1220 4877 exstitit
1249 4822 1308 4877 in
1341 4824 1534 4895 Troja,

366 4908 493 4965 Non
525 4926 653 4967 eam
685 4910 839 4982 cepit
868 4909 1238 4966 fraudulenta
1269 4910 1503 4966 Graecia.

370 4997 566 5055 Prima
596 4999 792 5071 quiete
824 4998 1149 5054 dormiente
1181 4999 1375 5069 Troja,

368 5086 603 5145 Laxavit
633 5088 815 5145 Sinon
847 5086 1023 5143 fallax
1052 5086 1305 5143 claustra
1334 5088 1572 5166 perfida.

373 5176 482 5233 Per
510 5177 713 5234 funem
742 5177 909 5250 lapsa
937 5176 1225 5234 occultata
1256 5177 1492 5250 agmina

371 5264 660 5323 Invadunt
690 5267 894 5322 urbem
923 5270 981 5322 et
1001 5265 1324 5322 incendunt
1352 5265 1633 5339 Pergama

370 5354 548 5428 Vigili
569 5372 706 5413 voce
736 5356 858 5412 avis
892 5372 1063 5412 anser
1091 5354 1342 5411 candida

372 5444 617 5517 Fugavit
644 5444 841 5502 Gallos
868 5462 937 5501 ex
965 5458 1096 5501 arce
1124 5443 1401 5500 Romulea
1427 5463 1439 5513 ;

372 5534 483 5590 Pro
513 5550 633 5607 qua
658 5534 870 5591 virtute
901 5534 1050 5590 facta
1079 5536 1169 5591 est
1196 5537 1488 5607 argentea,

372 5624 444 5679 Et
472 5640 507 5679 a
534 5624 814 5681 Romanis
846 5625 1087 5682 adorata
1116 5626 1183 5679 ut
1211 5624 1339 5679 dea.

250 5794 267 5803 ‘
375 5712 493 5776 Nos
524 5713 834 5775 adoremus
864 5714 1019 5773 celsa
1048 5712 1263 5773 Christi
1294 5713 1561 5787 numina,

1840 4649 1887 4714 D

2134 4639 2221 4697 Illi
2254 4655 2468 4696 canora
2495 4638 2705 4693 demus
2734 4638 2935 4691 nostra
2957 4630 3171 4704 jubila.

2127 4729 2293 4786 Illius
2325 4743 2540 4800 magna
2568 4725 2658 4781 fisi
2690 4725 2800 4779 sub
2831 4720 3116 4786 custodia,

2126 4820 2257 4875 Haec
2284 4817 2593 4891 vigilantes
2618 4811 2944 4885 jubilemus
2973 4807 3256 4865 carmina.

2203 4907 2426 4975 Divina,
2456 4903 2659 4960 mundi
2693 4919 2792 4957 rex
2821 4899 3068 4965 Christe,
3100 4893 3369 4951 custodia
3426 4946 3444 4962 _

2130 4998 2251 5053 Sub
2283 5001 2384 5052 tua
2415 5011 2580 5050 serva
2609 4992 2730 5047 haec
2760 4993 2952 5045 castra
2981 4984 3197 5060 vigilia.

2130 5088 2216 5142 Tu
2248 5101 2455 5141 murus
2486 5083 2605 5139 tuis
2637 5081 2721 5139 sic
2751 5074 3245 5152 inexpugnabilis,

2131 5174 2225 5230 Sic
2257 5170 2512 5228 inimicis
2542 5170 2730 5226 hostis
2762 5172 2824 5224 tu
2856 5163 3159 5224 terribilis.

2131 5264 2212 5319 Te
2241 5261 2539 5335 vigilante,
2575 5258 2738 5315 nulla
2766 5264 2933 5314 nocet
2962 5254 3155 5324 fortia,

2133 5352 2240 5418 Qui
2271 5355 2482 5407 cuncta
2511 5350 2681 5423 fugas
2713 5344 2916 5421 procul
2948 5360 3114 5402 arma
3145 5338 3376 5399 bellica.

2132 5442 2219 5497 Tu
2250 5440 2415 5513 cinge
2445 5439 2567 5494 haec
2599 5442 2815 5506 nostra,
2851 5434 3096 5501 Christe,
3129 5428 3478 5493 munimina,

2130 5530 2456 5587 Defendens
2486 5545 2555 5585 ea
2583 5531 2686 5585 tua
2716 5525 2849 5583 forti
2882 5524 3105 5590 lancea,

2132 5620 2346 5676 Sancta
2377 5618 2579 5687 Maria,
2613 5617 2798 5673 Mater
2824 5612 3039 5671 Christi
3071 5606 3398 5683 splendida.

2136 5706 2268 5772 Haec
2301 5723 2437 5770 cum
2467 5709 2711 5778 Joanne,
2745 5706 3087 5772 Theotocos,
3120 5698 3411 5777 impetra:
