  <div class='ocr_page' id='page_1' title='image "/cluster/home/n/w/nwhite01/storage/ocr_20150623/151/umn.31951002477444s/479.png"; bbox 0 0 3946 6392; ppageno 0'>
   <div class='ocr_carea' id='block_1_1' title="bbox 392 334 514 399">
    <p class='ocr_par' dir='ltr' id='par_1_1' title="bbox 392 334 514 399">
     <span class='ocr_line' id='line_1_1' title="bbox 392 334 514 399; baseline 0 -1"><span class='ocrx_word' id='word_1_1' title='bbox 392 334 514 399; x_wconf 86' lang='grc'>803</span> 
     </span>
    </p>
   </div>
   <div class='ocr_carea' id='block_1_2' title="bbox 607 466 1893 540">
    <p class='ocr_par' dir='ltr' id='par_1_2' title="bbox 607 466 1893 540">
     <span class='ocr_line' id='line_1_2' title="bbox 607 466 1893 540; baseline -0.002 -16"><span class='ocrx_word' id='word_1_2' title='bbox 607 468 866 532; x_wconf 91' lang='lat' dir='ltr'>Quorum</span> <span class='ocrx_word' id='word_1_3' title='bbox 896 466 992 523; x_wconf 92' lang='lat' dir='ltr'>hic</span> <span class='ocrx_word' id='word_1_4' title='bbox 1025 473 1229 524; x_wconf 86' lang='lat' dir='ltr'>sancta</span> <span class='ocrx_word' id='word_1_5' title='bbox 1254 483 1603 524; x_wconf 83' lang='lat' dir='ltr'>veneramur</span> <span class='ocrx_word' id='word_1_6' title='bbox 1631 467 1893 540; x_wconf 83' lang='lat' dir='ltr'>pignora,</span> 
     </span>
    </p>
   </div>
   <div class='ocr_carea' id='block_1_3' title="bbox 605 557 1870 630">
    <p class='ocr_par' dir='ltr' id='par_1_3' title="bbox 605 557 1870 630">
     <span class='ocr_line' id='line_1_3' title="bbox 605 557 1870 630; baseline -0.002 -16"><span class='ocrx_word' id='word_1_7' title='bbox 605 559 677 614; x_wconf 91' lang='lat' dir='ltr'>Et</span> <span class='ocrx_word' id='word_1_8' title='bbox 705 557 920 630; x_wconf 88' lang='lat' dir='ltr'>quibus</span> <span class='ocrx_word' id='word_1_9' title='bbox 948 557 1062 612; x_wconf 90' lang='lat' dir='ltr'>ista</span> <span class='ocrx_word' id='word_1_10' title='bbox 1091 560 1231 613; x_wconf 90' lang='lat' dir='ltr'>sunt</span> <span class='ocrx_word' id='word_1_11' title='bbox 1258 561 1488 614; x_wconf 89' lang='lat' dir='ltr'>sacrata</span> <span class='ocrx_word' id='word_1_12' title='bbox 1507 557 1752 612; x_wconf 87' lang='lat' dir='ltr'>numina</span> <span class='ocrx_word' id='word_1_13' title='bbox 1772 557 1870 628; x_wconf 61' lang='grc' dir='ltr'>(Δ).</span> 
     </span>
    </p>
   </div>
   <div class='ocr_carea' id='block_1_4' title="bbox 605 644 1816 712">
    <p class='ocr_par' dir='ltr' id='par_1_4' title="bbox 605 644 1816 712">
     <span class='ocr_line' id='line_1_4' title="bbox 605 644 1816 712; baseline -0.002 -11"><span class='ocrx_word' id='word_1_14' title='bbox 605 648 728 712; x_wconf 87' lang='lat' dir='ltr'>Quo</span> <span class='ocrx_word' id='word_1_15' title='bbox 759 647 906 702; x_wconf 91' lang='lat' dir='ltr'>duce</span> <span class='ocrx_word' id='word_1_16' title='bbox 933 645 1140 702; x_wconf 83' lang='lat' dir='ltr'>victrix</span> <span class='ocrx_word' id='word_1_17' title='bbox 1170 650 1259 701; x_wconf 89' lang='lat' dir='ltr'>est</span> <span class='ocrx_word' id='word_1_18' title='bbox 1289 646 1345 700; x_wconf 92' lang='lat' dir='ltr'>in</span> <span class='ocrx_word' id='word_1_19' title='bbox 1379 644 1532 702; x_wconf 90' lang='lat' dir='ltr'>bello</span> <span class='ocrx_word' id='word_1_20' title='bbox 1562 646 1816 712; x_wconf 78' lang='lat' dir='ltr'>dextera,</span> 
     </span>
    </p>
   </div>
   <div class='ocr_carea' id='block_1_5' title="bbox 605 733 1628 806">
    <p class='ocr_par' dir='ltr' id='par_1_5' title="bbox 605 733 1628 806">
     <span class='ocr_line' id='line_1_5' title="bbox 605 733 1628 806; baseline -0.002 -14"><span class='ocrx_word' id='word_1_21' title='bbox 605 738 676 792; x_wconf 87' lang='lat' dir='ltr'>Et</span> <span class='ocrx_word' id='word_1_22' title='bbox 707 737 831 792; x_wconf 89' lang='lat' dir='ltr'>sine</span> <span class='ocrx_word' id='word_1_23' title='bbox 861 733 988 806; x_wconf 91' lang='lat' dir='ltr'>ipso</span> <span class='ocrx_word' id='word_1_24' title='bbox 1022 733 1168 789; x_wconf 84' lang='lat' dir='ltr'>nihil</span> <span class='ocrx_word' id='word_1_25' title='bbox 1199 733 1628 806; x_wconf 81' lang='lat' dir='ltr'>valentjacula.</span> 
     </span>
    </p>
   </div>
   <div class='ocr_carea' id='block_1_6' title="bbox 673 821 1871 894">
    <p class='ocr_par' dir='ltr' id='par_1_6' title="bbox 673 821 1871 894">
     <span class='ocr_line' id='line_1_6' title="bbox 673 821 1871 894; baseline 0 -16"><span class='ocrx_word' id='word_1_26' title='bbox 673 823 860 879; x_wconf 84' lang='lat' dir='ltr'>Fortis</span> <span class='ocrx_word' id='word_1_27' title='bbox 883 824 1184 894; x_wconf 84' lang='lat' dir='ltr'>juventus,</span> <span class='ocrx_word' id='word_1_28' title='bbox 1209 822 1396 878; x_wconf 88' lang='lat' dir='ltr'>virtus</span> <span class='ocrx_word' id='word_1_29' title='bbox 1421 823 1611 878; x_wconf 84' lang='lat' dir='ltr'>audax</span> <span class='ocrx_word' id='word_1_30' title='bbox 1641 821 1871 888; x_wconf 88' lang='lat' dir='ltr'>bellica,</span> 
     </span>
    </p>
   </div>
   <div class='ocr_carea' id='block_1_7' title="bbox 606 911 1814 984">
    <p class='ocr_par' dir='ltr' id='par_1_7' title="bbox 606 911 1814 984">
     <span class='ocr_line' id='line_1_7' title="bbox 606 911 1814 984; baseline 0 -16"><span class='ocrx_word' id='word_1_31' title='bbox 606 918 814 968; x_wconf 86' lang='lat' dir='ltr'>Vestra</span> <span class='ocrx_word' id='word_1_32' title='bbox 843 927 946 984; x_wconf 91' lang='lat' dir='ltr'>per</span> <span class='ocrx_word' id='word_1_33' title='bbox 975 927 1176 970; x_wconf 87' lang='lat' dir='ltr'>muros</span> <span class='ocrx_word' id='word_1_34' title='bbox 1205 911 1524 968; x_wconf 78' lang='lat' dir='ltr'>audiantur</span> <span class='ocrx_word' id='word_1_35' title='bbox 1550 913 1814 968; x_wconf 82' lang='lat' dir='ltr'>carmina</span> 
     </span>
    </p>
   </div>
   <div class='ocr_carea' id='block_1_8' title="bbox 601 999 1574 1072">
    <p class='ocr_par' dir='ltr' id='par_1_8' title="bbox 601 999 1574 1072">
     <span class='ocr_line' id='line_1_8' title="bbox 601 999 1574 1072; baseline -0.003 -14"><span class='ocrx_word' id='word_1_36' title='bbox 601 1002 671 1058; x_wconf 92' lang='lat' dir='ltr'>Et</span> <span class='ocrx_word' id='word_1_37' title='bbox 699 1001 778 1058; x_wconf 90' lang='lat' dir='ltr'>sit</span> <span class='ocrx_word' id='word_1_38' title='bbox 807 999 867 1056; x_wconf 92' lang='lat' dir='ltr'>in</span> <span class='ocrx_word' id='word_1_39' title='bbox 898 1000 1082 1057; x_wconf 88' lang='lat' dir='ltr'>armis</span> <span class='ocrx_word' id='word_1_40' title='bbox 1112 999 1334 1057; x_wconf 89' lang='lat' dir='ltr'>alterna</span> <span class='ocrx_word' id='word_1_41' title='bbox 1357 999 1574 1072; x_wconf 84' lang='lat' dir='ltr'>vigilia,</span> 
     </span>
    </p>
   </div>
   <div class='ocr_carea' id='block_1_9' title="bbox 600 1087 1819 1147">
    <p class='ocr_par' dir='ltr' id='par_1_9' title="bbox 600 1087 1819 1147">
     <span class='ocr_line' id='line_1_9' title="bbox 600 1087 1819 1147; baseline -0.004 0"><span class='ocrx_word' id='word_1_42' title='bbox 600 1092 682 1147; x_wconf 87' lang='lat' dir='ltr'>Ne</span> <span class='ocrx_word' id='word_1_43' title='bbox 715 1091 876 1146; x_wconf 85' lang='lat' dir='ltr'>fraus</span> <span class='ocrx_word' id='word_1_44' title='bbox 907 1087 1141 1145; x_wconf 88' lang='lat' dir='ltr'>hostilis</span> <span class='ocrx_word' id='word_1_45' title='bbox 1172 1088 1293 1145; x_wconf 61' lang='lat' dir='ltr'>haec</span> <span class='ocrx_word' id='word_1_46' title='bbox 1319 1088 1556 1145; x_wconf 88' lang='lat' dir='ltr'>invadat</span> <span class='ocrx_word' id='word_1_47' title='bbox 1585 1089 1819 1145; x_wconf 71' lang='lat' dir='ltr'>moenia.</span> 
     </span>
    </p>
   </div>
   <div class='ocr_carea' id='block_1_10' title="bbox 602 1175 1660 1250">
    <p class='ocr_par' dir='ltr' id='par_1_10' title="bbox 602 1175 1660 1250">
     <span class='ocr_line' id='line_1_10' title="bbox 602 1175 1660 1250; baseline -0.006 -13"><span class='ocrx_word' id='word_1_48' title='bbox 602 1178 863 1236; x_wconf 85' lang='lat' dir='ltr'>Resultet</span> <span class='ocrx_word' id='word_1_49' title='bbox 883 1177 1026 1234; x_wconf 85' lang='lat' dir='ltr'>echo</span> <span class='ocrx_word' id='word_1_50' title='bbox 1048 1194 1242 1234; x_wconf 88' lang='lat' dir='ltr'>comes</span> <span class='ocrx_word' id='word_1_51' title='bbox 1266 1193 1279 1232; x_wconf 88' lang='lat'><strong>:</strong></span> <span class='ocrx_word' id='word_1_52' title='bbox 1311 1177 1434 1245; x_wconf 86' lang='lat' dir='ltr'>Eia,</span> <span class='ocrx_word' id='word_1_53' title='bbox 1465 1175 1660 1250; x_wconf 88' lang='lat' dir='ltr'>vigila.</span> 
     </span>
    </p>
   </div>
   <div class='ocr_carea' id='block_1_11' title="bbox 597 1265 1674 1339">
    <p class='ocr_par' dir='ltr' id='par_1_11' title="bbox 597 1265 1674 1339">
     <span class='ocr_line' id='line_1_11' title="bbox 597 1265 1674 1339; baseline -0.005 -14"><span class='ocrx_word' id='word_1_54' title='bbox 597 1269 707 1325; x_wconf 90' lang='lat' dir='ltr'>Per</span> <span class='ocrx_word' id='word_1_55' title='bbox 727 1283 928 1324; x_wconf 90' lang='lat' dir='ltr'>muros</span> <span class='ocrx_word' id='word_1_56' title='bbox 948 1266 1040 1323; x_wconf 89' lang='lat' dir='ltr'>eia</span> <span class='ocrx_word' id='word_1_57' title='bbox 1068 1267 1225 1322; x_wconf 86' lang='lat' dir='ltr'>dicat</span> <span class='ocrx_word' id='word_1_58' title='bbox 1253 1265 1394 1322; x_wconf 87' lang='lat' dir='ltr'><strong>echo</strong></span> <span class='ocrx_word' id='word_1_59' title='bbox 1421 1283 1434 1322; x_wconf 93' lang='lat'><strong>:</strong></span> <span class='ocrx_word' id='word_1_60' title='bbox 1465 1265 1674 1339; x_wconf 72' lang='lat' dir='ltr'>Vigila.</span> 
     </span>
    </p>
   </div>
   <div class='ocr_carea' id='block_1_12' title="bbox 455 1443 2031 1516">
    <p class='ocr_par' dir='ltr' id='par_1_12' title="bbox 455 1443 2031 1516">
     <span class='ocr_line' id='line_1_12' title="bbox 455 1443 2031 1516; baseline -0.004 -12"><span class='ocrx_word' id='word_1_61' title='bbox 455 1444 863 1504; x_wconf 87' lang='lat' dir='ltr'>Dissertationi</span> <span class='ocrx_word' id='word_1_62' title='bbox 884 1444 1020 1500; x_wconf 86' lang='lat' dir='ltr'>huic</span> <span class='ocrx_word' id='word_1_63' title='bbox 1047 1447 1404 1516; x_wconf 82' lang='lat' dir='ltr'>postremam</span> <span class='ocrx_word' id='word_1_64' title='bbox 1438 1459 1680 1498; x_wconf 89' lang='lat' dir='ltr'>manum</span> <span class='ocrx_word' id='word_1_65' title='bbox 1709 1443 2031 1516; x_wconf 84' lang='lat' dir='ltr'>imponam,</span> 
     </span>
    </p>
   </div>
   <div class='ocr_carea' id='block_1_13' title="bbox 382 1531 2034 1609">
    <p class='ocr_par' dir='ltr' id='par_1_13' title="bbox 382 1531 2034 1609">
     <span class='ocr_line' id='line_1_13' title="bbox 382 1531 2034 1609; baseline -0.004 -16"><span class='ocrx_word' id='word_1_66' title='bbox 382 1535 702 1609; x_wconf 89' lang='lat' dir='ltr'>colophone</span> <span class='ocrx_word' id='word_1_67' title='bbox 732 1532 928 1590; x_wconf 90' lang='lat' dir='ltr'>addito</span> <span class='ocrx_word' id='word_1_68' title='bbox 951 1549 1066 1589; x_wconf 93' lang='lat' dir='ltr'>non</span> <span class='ocrx_word' id='word_1_69' title='bbox 1084 1531 1344 1606; x_wconf 87' lang='lat' dir='ltr'>vulgaris</span> <span class='ocrx_word' id='word_1_70' title='bbox 1364 1532 1554 1605; x_wconf 85' lang='lat' dir='ltr'>pretii,</span> <span class='ocrx_word' id='word_1_71' title='bbox 1575 1531 1850 1605; x_wconf 85' lang='lat' dir='ltr'>rhythmo</span> <span class='ocrx_word' id='word_1_72' title='bbox 1872 1549 2034 1586; x_wconf 88' lang='lat' dir='ltr'>nem-</span> 
     </span>
    </p>
   </div>
   <div class='ocr_carea' id='block_1_14' title="bbox 380 1620 2036 1700">
    <p class='ocr_par' dir='ltr' id='par_1_14' title="bbox 380 1620 2036 1700">
     <span class='ocr_line' id='line_1_14' title="bbox 380 1620 2036 1700; baseline -0.004 -17"><span class='ocrx_word' id='word_1_73' title='bbox 380 1643 453 1700; x_wconf 88' lang='lat' dir='ltr'>pe</span> <span class='ocrx_word' id='word_1_74' title='bbox 477 1625 756 1683; x_wconf 90' lang='lat' dir='ltr'>historico</span> <span class='ocrx_word' id='word_1_75' title='bbox 783 1622 1073 1695; x_wconf 84' lang='lat' dir='ltr'>evulgato,</span> <span class='ocrx_word' id='word_1_76' title='bbox 1105 1638 1280 1694; x_wconf 87' lang='lat' dir='ltr'>quem</span> <span class='ocrx_word' id='word_1_77' title='bbox 1325 1638 1395 1677; x_wconf 85' lang='lat' dir='ltr'>ex</span> <span class='ocrx_word' id='word_1_78' title='bbox 1423 1621 1787 1692; x_wconf 77' lang='lat' dir='ltr'>eodemipso</span> <span class='ocrx_word' id='word_1_79' title='bbox 1839 1620 2036 1676; x_wconf 90' lang='lat' dir='ltr'>codice</span> 
     </span>
    </p>
   </div>
   <div class='ocr_carea' id='block_1_15' title="bbox 378 1708 2037 1782">
    <p class='ocr_par' dir='ltr' id='par_1_15' title="bbox 378 1708 2037 1782">
     <span class='ocr_line' id='line_1_15' title="bbox 378 1708 2037 1782; baseline -0.004 -11"><span class='ocrx_word' id='word_1_80' title='bbox 378 1713 780 1772; x_wconf 88' lang='lat' dir='ltr'>vetustissimo</span> <span class='ocrx_word' id='word_1_81' title='bbox 828 1711 1069 1782; x_wconf 86' lang='lat' dir='ltr'>capituli</span> <span class='ocrx_word' id='word_1_82' title='bbox 1124 1711 1541 1766; x_wconf 89' lang='lat' dir='ltr'>canonicorum</span> <span class='ocrx_word' id='word_1_83' title='bbox 1584 1708 2037 1778; x_wconf 81' lang='lat' dir='ltr'>Veronensium,</span> 
     </span>
    </p>
   </div>
   <div class='ocr_carea' id='block_1_16' title="bbox 379 1798 2035 1869">
    <p class='ocr_par' dir='ltr' id='par_1_16' title="bbox 379 1798 2035 1869">
     <span class='ocr_line' id='line_1_16' title="bbox 379 1798 2035 1869; baseline -0.005 -8"><span class='ocrx_word' id='word_1_84' title='bbox 379 1805 536 1861; x_wconf 89' lang='lat' dir='ltr'>unde</span> <span class='ocrx_word' id='word_1_85' title='bbox 569 1803 715 1860; x_wconf 83' lang='lat' dir='ltr'>alter</span> <span class='ocrx_word' id='word_1_86' title='bbox 740 1803 818 1858; x_wconf 86' lang='lat' dir='ltr'>De</span> <span class='ocrx_word' id='word_1_87' title='bbox 867 1801 1124 1855; x_wconf 74' lang='lat' dir='ltr'>laudibus</span> <span class='ocrx_word' id='word_1_88' title='bbox 1155 1799 1448 1854; x_wconf 78' lang='lat' dir='ltr'>Mediolani</span> <span class='ocrx_word' id='word_1_89' title='bbox 1489 1798 1874 1869; x_wconf 87' lang='lat' dir='ltr'>depromptus</span> <span class='ocrx_word' id='word_1_90' title='bbox 1924 1801 2035 1864; x_wconf 87' lang='lat' dir='ltr'>est,</span> 
     </span>
    </p>
   </div>
   <div class='ocr_carea' id='block_1_17' title="bbox 377 1885 2035 1964">
    <p class='ocr_par' dir='ltr' id='par_1_17' title="bbox 377 1885 2035 1964">
     <span class='ocr_line' id='line_1_17' title="bbox 377 1885 2035 1964; baseline -0.005 -15"><span class='ocrx_word' id='word_1_91' title='bbox 377 1891 736 1964; x_wconf 88' lang='lat' dir='ltr'>descriptum</span> <span class='ocrx_word' id='word_1_92' title='bbox 770 1890 841 1945; x_wconf 87' lang='lat' dir='ltr'>ad</span> <span class='ocrx_word' id='word_1_93' title='bbox 875 1905 968 1944; x_wconf 85' lang='lat' dir='ltr'>me</span> <span class='ocrx_word' id='word_1_94' title='bbox 999 1887 1160 1942; x_wconf 83' lang='lat' dir='ltr'>misit</span> <span class='ocrx_word' id='word_1_95' title='bbox 1189 1903 1370 1958; x_wconf 86' lang='lat' dir='ltr'>supra</span> <span class='ocrx_word' id='word_1_96' title='bbox 1409 1885 1683 1941; x_wconf 86' lang='lat' dir='ltr'>laudatus</span> <span class='ocrx_word' id='word_1_97' title='bbox 1727 1885 2035 1940; x_wconf 89' lang='lat' dir='ltr'>Bartholo-</span> 
     </span>
    </p>
   </div>
   <div class='ocr_carea' id='block_1_18' title="bbox 377 1974 2028 2050">
    <p class='ocr_par' dir='ltr' id='par_1_18' title="bbox 377 1974 2028 2050">
     <span class='ocr_line' id='line_1_18' title="bbox 377 1974 2028 2050; baseline -0.007 -11"><span class='ocrx_word' id='word_1_98' title='bbox 377 1999 560 2038; x_wconf 67' lang='lat' dir='ltr'>mteus</span> <span class='ocrx_word' id='word_1_99' title='bbox 587 1975 1002 2050; x_wconf 85' lang='lat' dir='ltr'>Campagnola,</span> <span class='ocrx_word' id='word_1_100' title='bbox 1037 1974 1239 2029; x_wconf 88' lang='lat' dir='ltr'>multis</span> <span class='ocrx_word' id='word_1_101' title='bbox 1263 1974 1446 2030; x_wconf 78' lang='lat' dir='ltr'>titulis</span> <span class='ocrx_word' id='word_1_102' title='bbox 1473 1975 1546 2028; x_wconf 86' lang='lat' dir='ltr'>de</span> <span class='ocrx_word' id='word_1_103' title='bbox 1575 1989 1667 2028; x_wconf 90' lang='lat' dir='ltr'>me</span> <span class='ocrx_word' id='word_1_104' title='bbox 1687 1974 1834 2030; x_wconf 87' lang='lat' dir='ltr'>bene</span> <span class='ocrx_word' id='word_1_105' title='bbox 1859 1974 2028 2030; x_wconf 89' lang='lat' dir='ltr'>meri-</span> 
     </span>
    </p>
   </div>
   <div class='ocr_carea' id='block_1_19' title="bbox 375 2061 2026 2130">
    <p class='ocr_par' dir='ltr' id='par_1_19' title="bbox 375 2061 2026 2130">
     <span class='ocr_line' id='line_1_19' title="bbox 375 2061 2026 2130; baseline -0.006 -2"><span class='ocrx_word' id='word_1_106' title='bbox 375 2076 492 2128; x_wconf 87' lang='lat' dir='ltr'>tus.</span> <span class='ocrx_word' id='word_1_107' title='bbox 523 2073 691 2125; x_wconf 85' lang='lat' dir='ltr'>Anno</span> <span class='ocrx_word' id='word_1_108' title='bbox 721 2064 934 2120; x_wconf 70' lang='lat' dir='ltr'>Christi</span> <span class='ocrx_word' id='word_1_109' title='bbox 963 2065 1063 2119; x_wconf 83' lang='grc'>871</span> <span class='ocrx_word' id='word_1_110' title='bbox 1110 2061 1338 2118; x_wconf 76' lang='lat' dir='ltr'>italiam</span> <span class='ocrx_word' id='word_1_111' title='bbox 1369 2065 1574 2130; x_wconf 89' lang='lat' dir='ltr'>totam,</span> <span class='ocrx_word' id='word_1_112' title='bbox 1626 2063 1745 2118; x_wconf 90' lang='lat' dir='ltr'>imo</span> <span class='ocrx_word' id='word_1_113' title='bbox 1790 2067 1858 2118; x_wconf 70' lang='lat' dir='ltr'>et-</span> <span class='ocrx_word' id='word_1_114' title='bbox 1894 2063 2026 2119; x_wconf 90' lang='lat' dir='ltr'>reli-</span> 
     </span>
    </p>
   </div>
   <div class='ocr_carea' id='block_1_20' title="bbox 377 2150 2026 2233">
    <p class='ocr_par' dir='ltr' id='par_1_20' title="bbox 377 2150 2026 2233">
     <span class='ocr_line' id='line_1_20' title="bbox 377 2150 2026 2233; baseline -0.005 -18"><span class='ocrx_word' id='word_1_115' title='bbox 377 2176 562 2233; x_wconf 85' lang='lat' dir='ltr'>quum</span> <span class='ocrx_word' id='word_1_116' title='bbox 577 2159 934 2214; x_wconf 83' lang='lat' dir='ltr'>Francorum</span> <span class='ocrx_word' id='word_1_117' title='bbox 949 2150 1286 2224; x_wconf 88' lang='lat' dir='ltr'>imperium,</span> <span class='ocrx_word' id='word_1_118' title='bbox 1301 2151 1596 2206; x_wconf 87' lang='lat' dir='ltr'>concussit</span> <span class='ocrx_word' id='word_1_119' title='bbox 1614 2151 1918 2208; x_wconf 89' lang='lat' dir='ltr'>detestand</span> <span class='ocrx_word' id='word_1_120' title='bbox 1929 2169 2026 2206; x_wconf 90' lang='lat' dir='ltr'>um</span> 
     </span>
    </p>
   </div>
   <div class='ocr_carea' id='block_1_21' title="bbox 377 2239 2030 2313">
    <p class='ocr_par' dir='ltr' id='par_1_21' title="bbox 377 2239 2030 2313">
     <span class='ocr_line' id='line_1_21' title="bbox 377 2239 2030 2313; baseline -0.005 -9"><span class='ocrx_word' id='word_1_121' title='bbox 377 2247 608 2304; x_wconf 84' lang='lat' dir='ltr'>facinus</span> <span class='ocrx_word' id='word_1_122' title='bbox 637 2241 894 2312; x_wconf 87' lang='lat' dir='ltr'>Aldegisi</span> <span class='ocrx_word' id='word_1_123' title='bbox 926 2239 1206 2313; x_wconf 83' lang='lat' dir='ltr'>principis</span> <span class='ocrx_word' id='word_1_124' title='bbox 1224 2239 1632 2306; x_wconf 88' lang='lat' dir='ltr'>Beneventani,</span> <span class='ocrx_word' id='word_1_125' title='bbox 1665 2241 1764 2312; x_wconf 89' lang='lat' dir='ltr'>qui</span> <span class='ocrx_word' id='word_1_126' title='bbox 1789 2241 2030 2296; x_wconf 91' lang='lat' dir='ltr'>Ludovi-</span> 
     </span>
    </p>
   </div>
   <div class='ocr_carea' id='block_1_22' title="bbox 376 2328 2028 2404">
    <p class='ocr_par' dir='ltr' id='par_1_22' title="bbox 376 2328 2028 2404">
     <span class='ocr_line' id='line_1_22' title="bbox 376 2328 2028 2404; baseline -0.004 -12"><span class='ocrx_word' id='word_1_127' title='bbox 376 2351 514 2392; x_wconf 89' lang='lat' dir='ltr'>cum</span> <span class='ocrx_word' id='word_1_128' title='bbox 539 2333 588 2388; x_wconf 90' lang='lat' dir='ltr'>ll</span> <span class='ocrx_word' id='word_1_129' title='bbox 608 2335 965 2404; x_wconf 80' lang='lat' dir='ltr'>Augustum,</span> <span class='ocrx_word' id='word_1_130' title='bbox 989 2345 1328 2401; x_wconf 86' lang='lat' dir='ltr'>quanquam</span> <span class='ocrx_word' id='word_1_131' title='bbox 1353 2333 1435 2384; x_wconf 87' lang='lat' dir='ltr'>tot</span> <span class='ocrx_word' id='word_1_132' title='bbox 1447 2328 1750 2385; x_wconf 84' lang='lat' dir='ltr'>beneﬁciis</span> <span class='ocrx_word' id='word_1_133' title='bbox 1782 2330 1842 2384; x_wconf 89' lang='lat' dir='ltr'>in</span> <span class='ocrx_word' id='word_1_134' title='bbox 1867 2329 2028 2402; x_wconf 90' lang='lat' dir='ltr'>ipsos</span> 
     </span>
    </p>
   </div>
   <div class='ocr_carea' id='block_1_23' title="bbox 377 2416 2026 2490">
    <p class='ocr_par' dir='ltr' id='par_1_23' title="bbox 377 2416 2026 2490">
     <span class='ocr_line' id='line_1_23' title="bbox 377 2416 2026 2490; baseline -0.003 -11"><span class='ocrx_word' id='word_1_135' title='bbox 377 2425 812 2479; x_wconf 84' lang='lat' dir='ltr'>Beneventanus</span> <span class='ocrx_word' id='word_1_136' title='bbox 833 2417 1059 2474; x_wconf 80' lang='lat' dir='ltr'>collatis</span> <span class='ocrx_word' id='word_1_137' title='bbox 1077 2416 1381 2486; x_wconf 88' lang='lat' dir='ltr'>illustrem,</span> <span class='ocrx_word' id='word_1_138' title='bbox 1407 2421 1610 2490; x_wconf 89' lang='lat' dir='ltr'>utpote</span> <span class='ocrx_word' id='word_1_139' title='bbox 1631 2417 1732 2490; x_wconf 91' lang='lat' dir='ltr'>qui</span> <span class='ocrx_word' id='word_1_140' title='bbox 1759 2422 2026 2474; x_wconf 88' lang='lat' dir='ltr'>Sarrace-</span> 
     </span>
    </p>
   </div>
   <div class='ocr_carea' id='block_1_24' title="bbox 377 2506 2022 2582">
    <p class='ocr_par' dir='ltr' id='par_1_24' title="bbox 377 2506 2022 2582">
     <span class='ocr_line' id='line_1_24' title="bbox 377 2506 2022 2582; baseline -0.003 -15"><span class='ocrx_word' id='word_1_141' title='bbox 377 2511 521 2567; x_wconf 72' lang='lat' dir='ltr'>nicte</span> <span class='ocrx_word' id='word_1_142' title='bbox 548 2508 737 2582; x_wconf 79' lang='lat' dir='ltr'>gentis</span> <span class='ocrx_word' id='word_1_143' title='bbox 767 2524 988 2563; x_wconf 84' lang='lat' dir='ltr'>cornua</span> <span class='ocrx_word' id='word_1_144' title='bbox 1045 2506 1312 2579; x_wconf 83' lang='lat' dir='ltr'>fregerat,</span> <span class='ocrx_word' id='word_1_145' title='bbox 1345 2507 1592 2578; x_wconf 90' lang='lat' dir='ltr'>ejusque</span> <span class='ocrx_word' id='word_1_146' title='bbox 1649 2506 1911 2562; x_wconf 86' lang='lat' dir='ltr'>acinaces</span> <span class='ocrx_word' id='word_1_147' title='bbox 1953 2525 2022 2562; x_wconf 83' lang='lat' dir='ltr'>ex</span> 
     </span>
    </p>
   </div>
   <div class='ocr_carea' id='block_1_25' title="bbox 378 2595 2022 2670">
    <p class='ocr_par' dir='ltr' id='par_1_25' title="bbox 378 2595 2022 2670">
     <span class='ocr_line' id='line_1_25' title="bbox 378 2595 2022 2670; baseline -0.004 -13"><span class='ocrx_word' id='word_1_148' title='bbox 378 2616 581 2657; x_wconf 88' lang='lat' dir='ltr'>eorum</span> <span class='ocrx_word' id='word_1_149' title='bbox 603 2597 810 2670; x_wconf 83' lang='lat' dir='ltr'>jugulo</span> <span class='ocrx_word' id='word_1_150' title='bbox 841 2599 1144 2664; x_wconf 87' lang='lat' dir='ltr'>averterat,</span> <span class='ocrx_word' id='word_1_151' title='bbox 1177 2611 1360 2650; x_wconf 83' lang='lat' dir='ltr'>ausus</span> <span class='ocrx_word' id='word_1_152' title='bbox 1415 2601 1504 2650; x_wconf 88' lang='lat' dir='ltr'>est</span> <span class='ocrx_word' id='word_1_153' title='bbox 1555 2595 1838 2652; x_wconf 87' lang='lat' dir='ltr'>seditione</span> <span class='ocrx_word' id='word_1_154' title='bbox 1869 2611 2022 2650; x_wconf 82' lang='lat' dir='ltr'>com-</span> 
     </span>
    </p>
   </div>
   <div class='ocr_carea' id='block_1_26' title="bbox 380 2683 2030 2760">
    <p class='ocr_par' dir='ltr' id='par_1_26' title="bbox 380 2683 2030 2760">
     <span class='ocr_line' id='line_1_26' title="bbox 380 2683 2030 2760; baseline -0.002 -16"><span class='ocrx_word' id='word_1_155' title='bbox 380 2693 538 2745; x_wconf 88' lang='lat' dir='ltr'>mota</span> <span class='ocrx_word' id='word_1_156' title='bbox 568 2685 1074 2760; x_wconf 84' lang='lat' dir='ltr'>comprehendere,</span> <span class='ocrx_word' id='word_1_157' title='bbox 1107 2688 1163 2739; x_wconf 87' lang='lat' dir='ltr'>et</span> <span class='ocrx_word' id='word_1_158' title='bbox 1193 2683 1248 2738; x_wconf 89' lang='lat' dir='ltr'>in</span> <span class='ocrx_word' id='word_1_159' title='bbox 1277 2683 1603 2740; x_wconf 90' lang='lat' dir='ltr'>custodiam</span> <span class='ocrx_word' id='word_1_160' title='bbox 1627 2685 2030 2740; x_wconf 85' lang='lat' dir='ltr'>tradere.Sunt</span> 
     </span>
    </p>
   </div>
   <div class='ocr_carea' id='block_1_27' title="bbox 379 2772 2030 2850">
    <p class='ocr_par' dir='ltr' id='par_1_27' title="bbox 379 2772 2030 2850">
     <span class='ocr_line' id='line_1_27' title="bbox 379 2772 2030 2850; baseline -0.003 -17"><span class='ocrx_word' id='word_1_161' title='bbox 379 2777 479 2850; x_wconf 91' lang='lat' dir='ltr'>qui</span> <span class='ocrx_word' id='word_1_162' title='bbox 510 2776 810 2832; x_wconf 85' lang='lat' dir='ltr'>hominem</span> <span class='ocrx_word' id='word_1_163' title='bbox 834 2779 1129 2839; x_wconf 80' lang='lat' dir='ltr'>excusant,</span> <span class='ocrx_word' id='word_1_164' title='bbox 1155 2772 1502 2845; x_wconf 86' lang='lat' dir='ltr'>culpamque</span> <span class='ocrx_word' id='word_1_165' title='bbox 1523 2773 1583 2829; x_wconf 92' lang='lat' dir='ltr'>in</span> <span class='ocrx_word' id='word_1_166' title='bbox 1619 2773 1812 2844; x_wconf 85' lang='lat' dir='ltr'>ipsum</span> <span class='ocrx_word' id='word_1_167' title='bbox 1835 2777 2030 2846; x_wconf 75' lang='lat' dir='ltr'>Augu-</span> 
     </span>
    </p>
   </div>
   <div class='ocr_carea' id='block_1_28' title="bbox 451 2900 927 2975">
    <p class='ocr_par' dir='ltr' id='par_1_28' title="bbox 451 2900 927 2975">
     <span class='ocr_line' id='line_1_28' title="bbox 451 2900 927 2975; baseline -0.011 -19"><span class='ocrx_word' id='word_1_168' title='bbox 451 2902 528 2975; x_wconf 72' lang='grc'>(4)</span> <span class='ocrx_word' id='word_1_169' title='bbox 555 2903 640 2956; x_wconf 86' lang='lat' dir='ltr'>An</span> <span class='ocrx_word' id='word_1_170' title='bbox 677 2900 885 2955; x_wconf 76' lang='lat' dir='ltr'>muenia</span> <span class='ocrx_word' id='word_1_171' title='bbox 902 2901 927 2951; x_wconf 75' lang='lat'>.9</span> 
     </span>
    </p>
   </div>
   <div class='ocr_carea' id='block_1_29' title="bbox 1125 328 3076 398">
    <p class='ocr_par' dir='ltr' id='par_1_29' title="bbox 1125 328 3076 398">
     <span class='ocr_line' id='line_1_29' title="bbox 1125 328 3076 398; baseline -0.004 -1"><span class='ocrx_word' id='word_1_172' title='bbox 1125 329 1315 397; x_wconf 64' lang='lat' dir='ltr'>SIEC.</span> <span class='ocrx_word' id='word_1_173' title='bbox 1362 333 1444 398; x_wconf 87' lang='lat' dir='ltr'>XI</span> <span class='ocrx_word' id='word_1_174' title='bbox 1487 331 1714 398; x_wconf 84' lang='lat' dir='ltr'>AUCT.</span> <span class='ocrx_word' id='word_1_175' title='bbox 1760 333 2080 396; x_wconf 79' lang='lat' dir='ltr'>INCERTI</span> <span class='ocrx_word' id='word_1_176' title='bbox 2125 331 2314 396; x_wconf 86' lang='lat' dir='ltr'>ANNI</span> <span class='ocrx_word' id='word_1_177' title='bbox 2357 332 2462 394; x_wconf 90' lang='lat' dir='ltr'><strong>ET</strong></span> <span class='ocrx_word' id='word_1_178' title='bbox 2506 328 2805 398; x_wconf 78' lang='lat' dir='ltr'>SGRIPT&#39;</span> <span class='ocrx_word' id='word_1_179' title='bbox 2851 343 3076 391; x_wconf 72' lang='lat' dir='ltr'>’AAEzn.</span> 
     </span>
    </p>
   </div>
   <div class='ocr_carea' id='block_1_30' title="bbox 2070 465 3818 540">
    <p class='ocr_par' dir='ltr' id='par_1_30' title="bbox 2070 465 3818 540">
     <span class='ocr_line' id='line_1_30' title="bbox 2070 465 3818 540; baseline 0.001 -18"><span class='ocrx_word' id='word_1_180' title='bbox 2070 468 2116 534; x_wconf 81' lang='grc' dir='ltr'><strong>Α</strong></span> <span class='ocrx_word' id='word_1_181' title='bbox 2151 471 2308 522; x_wconf 89' lang='lat' dir='ltr'>stum</span> <span class='ocrx_word' id='word_1_182' title='bbox 2323 468 2570 539; x_wconf 89' lang='lat' dir='ltr'>ejusque</span> <span class='ocrx_word' id='word_1_183' title='bbox 2587 468 2717 539; x_wconf 91' lang='lat' dir='ltr'>conj</span> <span class='ocrx_word' id='word_1_184' title='bbox 2727 482 2898 540; x_wconf 88' lang='lat' dir='ltr'>ugem</span> <span class='ocrx_word' id='word_1_185' title='bbox 2913 467 3278 540; x_wconf 88' lang='lat' dir='ltr'>rejiciunt,ut</span> <span class='ocrx_word' id='word_1_186' title='bbox 3294 465 3818 540; x_wconf 86' lang='lat' dir='ltr'>exErcbemperto,</span> 
     </span>
    </p>
   </div>
   <div class='ocr_carea' id='block_1_31' title="bbox 3637 293 3823 397">
    <p class='ocr_par' dir='ltr' id='par_1_31' title="bbox 3637 293 3823 397">
     <span class='ocr_line' id='line_1_31' title="bbox 3637 293 3823 397; baseline -0.011 0"><span class='ocrx_word' id='word_1_187' title='bbox 3637 293 3640 301; x_wconf 68' lang='grc'><strong>’</strong></span> <span class='ocrx_word' id='word_1_188' title='bbox 3688 333 3823 397; x_wconf 73' lang='grc' dir='ltr'>θοι</span> 
     </span>
    </p>
   </div>
   <div class='ocr_carea' id='block_1_32' title="bbox 2153 555 3822 630">
    <p class='ocr_par' dir='ltr' id='par_1_32' title="bbox 2153 555 3822 630">
     <span class='ocr_line' id='line_1_32' title="bbox 2153 555 3822 630; baseline 0 -18"><span class='ocrx_word' id='word_1_189' title='bbox 2153 573 2221 612; x_wconf 87' lang='lat' dir='ltr'>ex</span> <span class='ocrx_word' id='word_1_190' title='bbox 2257 555 2586 613; x_wconf 86' lang='lat' dir='ltr'>Annalibus</span> <span class='ocrx_word' id='word_1_191' title='bbox 2635 555 2986 613; x_wconf 88' lang='lat' dir='ltr'>Bertinianis</span> <span class='ocrx_word' id='word_1_192' title='bbox 3019 560 3078 612; x_wconf 90' lang='lat' dir='ltr'>et</span> <span class='ocrx_word' id='word_1_193' title='bbox 3104 573 3174 612; x_wconf 81' lang='lat' dir='ltr'>ex</span> <span class='ocrx_word' id='word_1_194' title='bbox 3201 557 3506 630; x_wconf 78' lang='lat' dir='ltr'>Anonymo</span> <span class='ocrx_word' id='word_1_195' title='bbox 3548 555 3822 614; x_wconf 86' lang='lat' dir='ltr'>Salerni-</span> 
     </span>
    </p>
   </div>
   <div class='ocr_carea' id='block_1_33' title="bbox 2152 643 3821 718">
    <p class='ocr_par' dir='ltr' id='par_1_33' title="bbox 2152 643 3821 718">
     <span class='ocr_line' id='line_1_33' title="bbox 2152 643 3821 718; baseline 0 -18"><span class='ocrx_word' id='word_1_196' title='bbox 2152 649 2311 710; x_wconf 86' lang='lat' dir='ltr'>tano,</span> <span class='ocrx_word' id='word_1_197' title='bbox 2344 662 2378 700; x_wconf 91' lang='lat' dir='ltr'>a</span> <span class='ocrx_word' id='word_1_198' title='bbox 2407 661 2500 700; x_wconf 90' lang='lat' dir='ltr'>me</span> <span class='ocrx_word' id='word_1_199' title='bbox 2529 644 2684 701; x_wconf 89' lang='lat' dir='ltr'>edito</span> <span class='ocrx_word' id='word_1_200' title='bbox 2733 647 2882 718; x_wconf 88' lang='lat' dir='ltr'>part.</span> <span class='ocrx_word' id='word_1_201' title='bbox 2913 661 2952 699; x_wconf 81' lang='grc' dir='ltr'><strong>ιι</strong></span> <span class='ocrx_word' id='word_1_202' title='bbox 2997 643 3141 699; x_wconf 91' lang='lat' dir='ltr'>tomi</span> <span class='ocrx_word' id='word_1_203' title='bbox 3171 645 3222 700; x_wconf 87' lang='lat' dir='ltr'>ll</span> <span class='ocrx_word' id='word_1_204' title='bbox 3261 644 3393 701; x_wconf 77' lang='lat' dir='ltr'>lter.</span> <span class='ocrx_word' id='word_1_205' title='bbox 3447 643 3821 712; x_wconf 84' lang='lat' dir='ltr'>Italicarum,</span> 
     </span>
    </p>
   </div>
   <div class='ocr_carea' id='block_1_34' title="bbox 2151 732 3820 806">
    <p class='ocr_par' dir='ltr' id='par_1_34' title="bbox 2151 732 3820 806">
     <span class='ocr_line' id='line_1_34' title="bbox 2151 732 3820 806; baseline 0 -17"><span class='ocrx_word' id='word_1_206' title='bbox 2151 732 2460 789; x_wconf 87' lang='lat' dir='ltr'>sudlucere</span> <span class='ocrx_word' id='word_1_207' title='bbox 2492 737 2702 805; x_wconf 90' lang='lat' dir='ltr'>potest.</span> <span class='ocrx_word' id='word_1_208' title='bbox 2734 733 2805 788; x_wconf 88' lang='lat' dir='ltr'>Et</span> <span class='ocrx_word' id='word_1_209' title='bbox 2833 749 3031 788; x_wconf 87' lang='lat' dir='ltr'>revera</span> <span class='ocrx_word' id='word_1_210' title='bbox 3059 745 3196 789; x_wconf 87' lang='lat' dir='ltr'>cum</span> <span class='ocrx_word' id='word_1_211' title='bbox 3227 733 3502 806; x_wconf 86' lang='lat' dir='ltr'>Adelgiso</span> <span class='ocrx_word' id='word_1_212' title='bbox 3533 733 3682 789; x_wconf 89' lang='lat' dir='ltr'>nihil</span> <span class='ocrx_word' id='word_1_213' title='bbox 3721 735 3820 789; x_wconf 91' lang='lat' dir='ltr'>in-</span> 
     </span>
    </p>
   </div>
   <div class='ocr_carea' id='block_1_35' title="bbox 2149 821 3824 890">
    <p class='ocr_par' dir='ltr' id='par_1_35' title="bbox 2149 821 3824 890">
     <span class='ocr_line' id='line_1_35' title="bbox 2149 821 3824 890; baseline 0.002 -14"><span class='ocrx_word' id='word_1_214' title='bbox 2149 825 2372 878; x_wconf 89' lang='lat' dir='ltr'>tentare</span> <span class='ocrx_word' id='word_1_215' title='bbox 2405 827 2608 878; x_wconf 89' lang='lat' dir='ltr'>contra</span> <span class='ocrx_word' id='word_1_216' title='bbox 2637 821 2912 877; x_wconf 93' lang='lat' dir='ltr'>Ludovici</span> <span class='ocrx_word' id='word_1_217' title='bbox 2943 821 3120 877; x_wconf 88' lang='lat' dir='ltr'>vitam</span> <span class='ocrx_word' id='word_1_218' title='bbox 3173 821 3410 878; x_wconf 84' lang='lat' dir='ltr'>animus</span> <span class='ocrx_word' id='word_1_219' title='bbox 3469 821 3672 890; x_wconf 85' lang='lat' dir='ltr'>fuerit,</span> <span class='ocrx_word' id='word_1_220' title='bbox 3707 823 3824 879; x_wconf 87' lang='lat' dir='ltr'>sed</span> 
     </span>
    </p>
   </div>
   <div class='ocr_carea' id='block_1_36' title="bbox 2146 909 3824 980">
    <p class='ocr_par' dir='ltr' id='par_1_36' title="bbox 2146 909 3824 980">
     <span class='ocr_line' id='line_1_36' title="bbox 2146 909 3824 980; baseline 0.001 -14"><span class='ocrx_word' id='word_1_221' title='bbox 2146 911 2418 966; x_wconf 90' lang='lat' dir='ltr'>timorem</span> <span class='ocrx_word' id='word_1_222' title='bbox 2449 910 2857 966; x_wconf 89' lang='lat' dir='ltr'>tantummodo</span> <span class='ocrx_word' id='word_1_223' title='bbox 2889 927 2954 966; x_wconf 92' lang='lat' dir='ltr'>ac</span> <span class='ocrx_word' id='word_1_224' title='bbox 2979 910 3097 965; x_wconf 83' lang='lat' dir='ltr'>vim</span> <span class='ocrx_word' id='word_1_225' title='bbox 3129 909 3180 966; x_wconf 90' lang='lat' dir='ltr'>ei</span> <span class='ocrx_word' id='word_1_226' title='bbox 3202 909 3435 980; x_wconf 87' lang='lat' dir='ltr'>inferre,</span> <span class='ocrx_word' id='word_1_227' title='bbox 3467 914 3536 966; x_wconf 88' lang='lat' dir='ltr'>ut</span> <span class='ocrx_word' id='word_1_228' title='bbox 3563 925 3638 967; x_wconf 85' lang='lat' dir='ltr'>ex</span> <span class='ocrx_word' id='word_1_229' title='bbox 3665 912 3824 968; x_wconf 82' lang='lat' dir='ltr'>urbe</span> 
     </span>
    </p>
   </div>
   <div class='ocr_carea' id='block_1_37' title="bbox 2148 997 3823 1072">
    <p class='ocr_par' dir='ltr' id='par_1_37' title="bbox 2148 997 3823 1072">
     <span class='ocr_line' id='line_1_37' title="bbox 2148 997 3823 1072; baseline 0.001 -17"><span class='ocrx_word' id='word_1_230' title='bbox 2148 1005 2206 1055; x_wconf 86' lang='lat' dir='ltr'>et</span> <span class='ocrx_word' id='word_1_231' title='bbox 2225 999 2461 1071; x_wconf 79' lang='lat' dir='ltr'>regione</span> <span class='ocrx_word' id='word_1_232' title='bbox 2493 999 2901 1055; x_wconf 87' lang='lat' dir='ltr'>Beneventana</span> <span class='ocrx_word' id='word_1_233' title='bbox 2925 999 3246 1065; x_wconf 85' lang='lat' dir='ltr'>excederet,</span> <span class='ocrx_word' id='word_1_234' title='bbox 3280 997 3611 1072; x_wconf 82' lang='lat' dir='ltr'>excogitare</span> <span class='ocrx_word' id='word_1_235' title='bbox 3633 997 3823 1056; x_wconf 82' lang='lat' dir='ltr'>liceat</span> 
     </span>
    </p>
   </div>
   <div class='ocr_carea' id='block_1_38' title="bbox 2148 1086 3819 1160">
    <p class='ocr_par' dir='ltr' id='par_1_38' title="bbox 2148 1086 3819 1160">
     <span class='ocr_line' id='line_1_38' title="bbox 2148 1086 3819 1160; baseline 0.002 -18"><span class='ocrx_word' id='word_1_236' title='bbox 2148 1105 2261 1142; x_wconf 86' lang='lat' dir='ltr'>non</span> <span class='ocrx_word' id='word_1_237' title='bbox 2295 1087 2551 1143; x_wconf 86' lang='lat' dir='ltr'>defuisse</span> <span class='ocrx_word' id='word_1_238' title='bbox 2581 1086 2841 1160; x_wconf 88' lang='lat' dir='ltr'>aliquam</span> <span class='ocrx_word' id='word_1_239' title='bbox 2864 1087 3042 1160; x_wconf 76' lang='lat' dir='ltr'>justas</span> <span class='ocrx_word' id='word_1_240' title='bbox 3061 1087 3159 1142; x_wconf 74' lang='lat' dir='ltr'>iraa</span> <span class='ocrx_word' id='word_1_241' title='bbox 3189 1103 3452 1159; x_wconf 88' lang='lat' dir='ltr'>causam,</span> <span class='ocrx_word' id='word_1_242' title='bbox 3475 1090 3578 1144; x_wconf 87' lang='lat' dir='ltr'>aut</span> <span class='ocrx_word' id='word_1_243' title='bbox 3595 1103 3819 1146; x_wconf 85' lang='lat' dir='ltr'>ansam</span> 
     </span>
    </p>
   </div>
   <div class='ocr_carea' id='block_1_39' title="bbox 2146 1173 3815 1250">
    <p class='ocr_par' dir='ltr' id='par_1_39' title="bbox 2146 1173 3815 1250">
     <span class='ocr_line' id='line_1_39' title="bbox 2146 1173 3815 1250; baseline -0.001 -20"><span class='ocrx_word' id='word_1_244' title='bbox 2146 1175 2396 1248; x_wconf 83' lang='lat' dir='ltr'>principi</span> <span class='ocrx_word' id='word_1_245' title='bbox 2427 1175 2852 1232; x_wconf 88' lang='lat' dir='ltr'>Beneventano.</span> <span class='ocrx_word' id='word_1_246' title='bbox 2898 1178 3168 1232; x_wconf 84' lang='lat' dir='ltr'>Attamen</span> <span class='ocrx_word' id='word_1_247' title='bbox 3209 1175 3298 1232; x_wconf 89' lang='lat' dir='ltr'>vir</span> <span class='ocrx_word' id='word_1_248' title='bbox 3343 1191 3515 1233; x_wconf 90' lang='lat' dir='ltr'>nemo</span> <span class='ocrx_word' id='word_1_249' title='bbox 3553 1177 3670 1233; x_wconf 88' lang='lat' dir='ltr'>fuit</span> <span class='ocrx_word' id='word_1_250' title='bbox 3705 1173 3815 1250; x_wconf 88' lang='lat' dir='ltr'>qui</span> 
     </span>
    </p>
   </div>
   <div class='ocr_carea' id='block_1_40' title="bbox 2146 1263 3817 1338">
    <p class='ocr_par' dir='ltr' id='par_1_40' title="bbox 2146 1263 3817 1338">
     <span class='ocr_line' id='line_1_40' title="bbox 2146 1263 3817 1338; baseline 0.001 -17"><span class='ocrx_word' id='word_1_251' title='bbox 2146 1281 2262 1321; x_wconf 91' lang='lat' dir='ltr'>non</span> <span class='ocrx_word' id='word_1_252' title='bbox 2294 1264 2606 1332; x_wconf 89' lang='lat' dir='ltr'>horruerit,</span> <span class='ocrx_word' id='word_1_253' title='bbox 2643 1265 2889 1321; x_wconf 86' lang='lat' dir='ltr'>audiens</span> <span class='ocrx_word' id='word_1_254' title='bbox 2922 1269 3008 1321; x_wconf 87' lang='lat' dir='ltr'>tot</span> <span class='ocrx_word' id='word_1_255' title='bbox 3037 1263 3367 1338; x_wconf 90' lang='lat' dir='ltr'>opprobriis</span> <span class='ocrx_word' id='word_1_256' title='bbox 3397 1269 3710 1322; x_wconf 88' lang='lat' dir='ltr'>oneratum</span> <span class='ocrx_word' id='word_1_257' title='bbox 3743 1283 3817 1322; x_wconf 89' lang='lat' dir='ltr'>ac</span> 
     </span>
    </p>
   </div>
   <div class='ocr_carea' id='block_1_41' title="bbox 2143 1353 3818 1428">
    <p class='ocr_par' dir='ltr' id='par_1_41' title="bbox 2143 1353 3818 1428">
     <span class='ocr_line' id='line_1_41' title="bbox 2143 1353 3818 1428; baseline 0.001 -18"><span class='ocrx_word' id='word_1_258' title='bbox 2143 1354 2345 1410; x_wconf 86' lang='lat' dir='ltr'>dolose</span> <span class='ocrx_word' id='word_1_259' title='bbox 2367 1359 2629 1426; x_wconf 88' lang='lat' dir='ltr'>captum,</span> <span class='ocrx_word' id='word_1_260' title='bbox 2655 1359 2720 1408; x_wconf 92' lang='lat' dir='ltr'>ut</span> <span class='ocrx_word' id='word_1_261' title='bbox 2741 1353 2894 1410; x_wconf 89' lang='lat' dir='ltr'>idem</span> <span class='ocrx_word' id='word_1_262' title='bbox 2916 1353 3368 1426; x_wconf 82' lang='lat' dir='ltr'>Erchempertus</span> <span class='ocrx_word' id='word_1_263' title='bbox 3391 1354 3818 1428; x_wconf 78' lang='lat' dir='ltr'>scribit,Augu-</span> 
     </span>
    </p>
   </div>
   <div class='ocr_carea' id='block_1_42' title="bbox 2147 1443 3816 1511">
    <p class='ocr_par' dir='ltr' id='par_1_42' title="bbox 2147 1443 3816 1511">
     <span class='ocr_line' id='line_1_42' title="bbox 2147 1443 3816 1511; baseline 0.002 -13"><span class='ocrx_word' id='word_1_264' title='bbox 2147 1451 2290 1499; x_wconf 84' lang='lat' dir='ltr'>stum</span> <span class='ocrx_word' id='word_1_265' title='bbox 2321 1444 2730 1498; x_wconf 83' lang='lat' dir='ltr'>sanctissimum</span> <span class='ocrx_word' id='word_1_266' title='bbox 2763 1444 2963 1511; x_wconf 78' lang='lat' dir='ltr'>virum,</span> <span class='ocrx_word' id='word_1_267' title='bbox 3001 1443 3328 1498; x_wconf 81' lang='lat' dir='ltr'>salvatorem</span> <span class='ocrx_word' id='word_1_268' title='bbox 3370 1443 3586 1506; x_wconf 80' lang='lat' dir='ltr'>scilicet</span> <span class='ocrx_word' id='word_1_269' title='bbox 3631 1445 3816 1500; x_wconf 80' lang='lat' dir='ltr'>Bene-</span> 
     </span>
    </p>
   </div>
   <div class='ocr_carea' id='block_1_43' title="bbox 2142 1533 3820 1605">
    <p class='ocr_par' dir='ltr' id='par_1_43' title="bbox 2142 1533 3820 1605">
     <span class='ocr_line' id='line_1_43' title="bbox 2142 1533 3820 1605; baseline 0.002 -19"><span class='ocrx_word' id='word_1_270' title='bbox 2142 1536 2390 1587; x_wconf 71' lang='lat' dir='ltr'>ventanae</span> <span class='ocrx_word' id='word_1_271' title='bbox 2417 1533 2732 1604; x_wconf 58' lang='lat' dir='ltr'>provincia,</span> <span class='ocrx_word' id='word_1_272' title='bbox 2765 1533 3058 1588; x_wconf 76' lang='lat' dir='ltr'>Beneventi</span> <span class='ocrx_word' id='word_1_273' title='bbox 3085 1533 3240 1604; x_wconf 81' lang='lat' dir='ltr'>infra</span> <span class='ocrx_word' id='word_1_274' title='bbox 3266 1533 3476 1588; x_wconf 72' lang='lat' dir='ltr'>moenia</span> <span class='ocrx_word' id='word_1_275' title='bbox 3523 1533 3820 1605; x_wconf 74' lang='lat' dir='ltr'>degentem</span> 
     </span>
    </p>
   </div>
   <div class='ocr_carea' id='block_1_44' title="bbox 2144 1619 3817 1692">
    <p class='ocr_par' dir='ltr' id='par_1_44' title="bbox 2144 1619 3817 1692">
     <span class='ocr_line' id='line_1_44' title="bbox 2144 1619 3817 1692; baseline 0.002 -17"><span class='ocrx_word' id='word_1_276' title='bbox 2144 1637 2209 1676; x_wconf 87' lang='lat' dir='ltr'>ac</span> <span class='ocrx_word' id='word_1_277' title='bbox 2235 1637 2422 1678; x_wconf 73' lang='lat' dir='ltr'>secure</span> <span class='ocrx_word' id='word_1_278' title='bbox 2442 1623 2820 1692; x_wconf 79' lang='lat' dir='ltr'>quiescentem.</span> <span class='ocrx_word' id='word_1_279' title='bbox 2844 1619 3005 1676; x_wconf 88' lang='lat' dir='ltr'>Hanc</span> <span class='ocrx_word' id='word_1_280' title='bbox 3021 1625 3217 1676; x_wconf 89' lang='lat' dir='ltr'>tamen</span> <span class='ocrx_word' id='word_1_281' title='bbox 3241 1621 3615 1677; x_wconf 86' lang='lat' dir='ltr'>sanctitatem</span> <span class='ocrx_word' id='word_1_282' title='bbox 3647 1621 3817 1679; x_wconf 84' lang='lat' dir='ltr'>infra</span> 
     </span>
    </p>
   </div>
   <div class='ocr_carea' id='block_1_45' title="bbox 2144 1707 3818 1781">
    <p class='ocr_par' dir='ltr' id='par_1_45' title="bbox 2144 1707 3818 1781">
     <span class='ocr_line' id='line_1_45' title="bbox 2144 1707 3818 1781; baseline 0.001 -17"><span class='ocrx_word' id='word_1_283' title='bbox 2144 1708 2203 1764; x_wconf 94' lang='lat' dir='ltr'>in</span> <span class='ocrx_word' id='word_1_284' title='bbox 2237 1711 2440 1764; x_wconf 91' lang='lat' dir='ltr'>eodem</span> <span class='ocrx_word' id='word_1_285' title='bbox 2472 1709 2760 1764; x_wconf 87' lang='lat' dir='ltr'>Ludovico</span> <span class='ocrx_word' id='word_1_286' title='bbox 2800 1709 3046 1764; x_wconf 88' lang='lat' dir='ltr'>minime</span> <span class='ocrx_word' id='word_1_287' title='bbox 3075 1709 3342 1781; x_wconf 86' lang='lat' dir='ltr'>agnoscit</span> <span class='ocrx_word' id='word_1_288' title='bbox 3395 1707 3672 1766; x_wconf 82' lang='lat' dir='ltr'>laudatus</span> <span class='ocrx_word' id='word_1_289' title='bbox 3704 1710 3818 1766; x_wconf 86' lang='lat' dir='ltr'>Er-</span> 
     </span>
    </p>
   </div>
   <div class='ocr_carea' id='block_1_46' title="bbox 2147 1796 3815 1871">
    <p class='ocr_par' dir='ltr' id='par_1_46' title="bbox 2147 1796 3815 1871">
     <span class='ocr_line' id='line_1_46' title="bbox 2147 1796 3815 1871; baseline 0.001 -19"><span class='ocrx_word' id='word_1_290' title='bbox 2147 1798 2536 1870; x_wconf 84' lang='lat' dir='ltr'>chempertus.</span> <span class='ocrx_word' id='word_1_291' title='bbox 2573 1802 2692 1854; x_wconf 81' lang='lat' dir='ltr'>Hoc</span> <span class='ocrx_word' id='word_1_292' title='bbox 2722 1815 2857 1870; x_wconf 78' lang='lat' dir='ltr'>ergo</span> <span class='ocrx_word' id='word_1_293' title='bbox 2917 1797 3144 1854; x_wconf 82' lang='lat' dir='ltr'>facinus</span> <span class='ocrx_word' id='word_1_294' title='bbox 3175 1803 3376 1854; x_wconf 88' lang='lat' dir='ltr'>auctor</span> <span class='ocrx_word' id='word_1_295' title='bbox 3424 1796 3690 1871; x_wconf 84' lang='lat' dir='ltr'>rhythmi</span> <span class='ocrx_word' id='word_1_296' title='bbox 3721 1797 3815 1855; x_wconf 82' lang='lat' dir='ltr'>al-</span> 
     </span>
    </p>
   </div>
   <div class='ocr_carea' id='block_1_47' title="bbox 2145 1886 3817 1959">
    <p class='ocr_par' dir='ltr' id='par_1_47' title="bbox 2145 1886 3817 1959">
     <span class='ocr_line' id='line_1_47' title="bbox 2145 1886 3817 1959; baseline 0.003 -19"><span class='ocrx_word' id='word_1_297' title='bbox 2145 1887 2436 1958; x_wconf 86' lang='lat' dir='ltr'>phabetici</span> <span class='ocrx_word' id='word_1_298' title='bbox 2470 1903 2574 1942; x_wconf 90' lang='lat' dir='ltr'>seu</span> <span class='ocrx_word' id='word_1_299' title='bbox 2607 1886 2954 1954; x_wconf 88' lang='lat' dir='ltr'>abecedarii,</span> <span class='ocrx_word' id='word_1_300' title='bbox 2988 1903 3142 1940; x_wconf 88' lang='lat' dir='ltr'>nunc</span> <span class='ocrx_word' id='word_1_301' title='bbox 3163 1886 3494 1959; x_wconf 86' lang='lat' dir='ltr'>evulgandi,</span> <span class='ocrx_word' id='word_1_302' title='bbox 3517 1887 3817 1945; x_wconf 86' lang='lat' dir='ltr'>describit</span> 
     </span>
    </p>
   </div>
   <div class='ocr_carea' id='block_1_48' title="bbox 2145 1974 3813 2047">
    <p class='ocr_par' dir='ltr' id='par_1_48' title="bbox 2145 1974 3813 2047">
     <span class='ocr_line' id='line_1_48' title="bbox 2145 1974 3813 2047; baseline 0.001 -17"><span class='ocrx_word' id='word_1_303' title='bbox 2145 1975 2513 2047; x_wconf 80' lang='lat' dir='ltr'>synchronus</span> <span class='ocrx_word' id='word_1_304' title='bbox 2535 1975 2820 2046; x_wconf 78' lang='lat' dir='ltr'>profecto,</span> <span class='ocrx_word' id='word_1_305' title='bbox 2844 1980 2904 2029; x_wconf 88' lang='lat' dir='ltr'>ut</span> <span class='ocrx_word' id='word_1_306' title='bbox 2934 1992 3026 2031; x_wconf 89' lang='lat' dir='ltr'>res</span> <span class='ocrx_word' id='word_1_307' title='bbox 3051 1980 3108 2030; x_wconf 90' lang='lat' dir='ltr'>et</span> <span class='ocrx_word' id='word_1_308' title='bbox 3139 1974 3394 2032; x_wconf 89' lang='lat' dir='ltr'>narratio</span> <span class='ocrx_word' id='word_1_309' title='bbox 3415 1976 3542 2047; x_wconf 89' lang='lat' dir='ltr'>ipsa</span> <span class='ocrx_word' id='word_1_310' title='bbox 3567 1977 3813 2046; x_wconf 86' lang='lat' dir='ltr'>suadet,</span> 
     </span>
    </p>
   </div>
   <div class='ocr_carea' id='block_1_49' title="bbox 2137 2062 3818 2138">
    <p class='ocr_par' dir='ltr' id='par_1_49' title="bbox 2137 2062 3818 2138">
     <span class='ocr_line' id='line_1_49' title="bbox 2137 2062 3818 2138; baseline 0.002 -20"><span class='ocrx_word' id='word_1_311' title='bbox 2137 2064 2237 2119; x_wconf 87' lang='lat' dir='ltr'>sed</span> <span class='ocrx_word' id='word_1_312' title='bbox 2261 2063 2435 2119; x_wconf 90' lang='lat' dir='ltr'>simul</span> <span class='ocrx_word' id='word_1_313' title='bbox 2451 2065 2738 2119; x_wconf 86' lang='lat' dir='ltr'>sermonis</span> <span class='ocrx_word' id='word_1_314' title='bbox 2750 2062 2938 2119; x_wconf 89' lang='lat' dir='ltr'>Latini</span> <span class='ocrx_word' id='word_1_315' title='bbox 2959 2063 3584 2138; x_wconf 71' lang='lat' dir='ltr'>imperitissimusEgo</span> <span class='ocrx_word' id='word_1_316' title='bbox 3604 2063 3818 2138; x_wconf 77' lang='lat' dir='ltr'>rhyth-</span> 
     </span>
    </p>
   </div>
   <div class='ocr_carea' id='block_1_50' title="bbox 2137 2151 3812 2224">
    <p class='ocr_par' dir='ltr' id='par_1_50' title="bbox 2137 2151 3812 2224">
     <span class='ocr_line' id='line_1_50' title="bbox 2137 2151 3812 2224; baseline 0.001 -16"><span class='ocrx_word' id='word_1_317' title='bbox 2137 2169 2300 2208; x_wconf 88' lang='lat' dir='ltr'>mum</span> <span class='ocrx_word' id='word_1_318' title='bbox 2324 2151 2740 2224; x_wconf 82' lang='lat' dir='ltr'>ipsum,qualis</span> <span class='ocrx_word' id='word_1_319' title='bbox 2761 2152 2820 2208; x_wconf 92' lang='lat' dir='ltr'>in</span> <span class='ocrx_word' id='word_1_320' title='bbox 2845 2153 3164 2209; x_wconf 85' lang='lat' dir='ltr'>ms.codice</span> <span class='ocrx_word' id='word_1_321' title='bbox 3183 2152 3504 2209; x_wconf 85' lang='lat' dir='ltr'>Veronensi</span> <span class='ocrx_word' id='word_1_322' title='bbox 3525 2153 3812 2221; x_wconf 85' lang='lat' dir='ltr'>habetur,</span> 
     </span>
    </p>
   </div>
   <div class='ocr_carea' id='block_1_51' title="bbox 2137 2239 3813 2314">
    <p class='ocr_par' dir='ltr' id='par_1_51' title="bbox 2137 2239 3813 2314">
     <span class='ocr_line' id='line_1_51' title="bbox 2137 2239 3813 2314; baseline 0.002 -18"><span class='ocrx_word' id='word_1_323' title='bbox 2137 2239 2584 2296; x_wconf 86' lang='lat' dir='ltr'>accuratissime</span> <span class='ocrx_word' id='word_1_324' title='bbox 2613 2240 2994 2314; x_wconf 89' lang='lat' dir='ltr'>descriptum,</span> <span class='ocrx_word' id='word_1_325' title='bbox 3030 2257 3103 2297; x_wconf 88' lang='lat' dir='ltr'>ne</span> <span class='ocrx_word' id='word_1_326' title='bbox 3147 2257 3266 2298; x_wconf 90' lang='lat' dir='ltr'>una</span> <span class='ocrx_word' id='word_1_327' title='bbox 3312 2241 3553 2314; x_wconf 89' lang='lat' dir='ltr'>quidem</span> <span class='ocrx_word' id='word_1_328' title='bbox 3603 2239 3813 2300; x_wconf 79' lang='lat' dir='ltr'>littera</span> 
     </span>
    </p>
   </div>
   <div class='ocr_carea' id='block_1_52' title="bbox 2136 2329 3808 2400">
    <p class='ocr_par' dir='ltr' id='par_1_52' title="bbox 2136 2329 3808 2400">
     <span class='ocr_line' id='line_1_52' title="bbox 2136 2329 3808 2400; baseline 0.003 -16"><span class='ocrx_word' id='word_1_329' title='bbox 2136 2330 2476 2395; x_wconf 88' lang='lat' dir='ltr'>immutata,</span> <span class='ocrx_word' id='word_1_330' title='bbox 2507 2329 2710 2386; x_wconf 85' lang='lat' dir='ltr'>lectori</span> <span class='ocrx_word' id='word_1_331' title='bbox 2741 2331 2951 2386; x_wconf 88' lang='lat' dir='ltr'>sistere</span> <span class='ocrx_word' id='word_1_332' title='bbox 2997 2331 3248 2400; x_wconf 88' lang='lat' dir='ltr'>decrevi,</span> <span class='ocrx_word' id='word_1_333' title='bbox 3297 2330 3596 2388; x_wconf 86' lang='lat' dir='ltr'>distinctis</span> <span class='ocrx_word' id='word_1_334' title='bbox 3641 2333 3808 2388; x_wconf 88' lang='lat' dir='ltr'>dun-</span> 
     </span>
    </p>
   </div>
   <div class='ocr_carea' id='block_1_53' title="bbox 2137 2418 3811 2490">
    <p class='ocr_par' dir='ltr' id='par_1_53' title="bbox 2137 2418 3811 2490">
     <span class='ocr_line' id='line_1_53' title="bbox 2137 2418 3811 2490; baseline 0.002 -16"><span class='ocrx_word' id='word_1_335' title='bbox 2137 2423 2296 2474; x_wconf 77' lang='lat' dir='ltr'>taxat</span> <span class='ocrx_word' id='word_1_336' title='bbox 2324 2419 2610 2487; x_wconf 84' lang='lat' dir='ltr'>versibus,</span> <span class='ocrx_word' id='word_1_337' title='bbox 2647 2419 2704 2474; x_wconf 91' lang='lat' dir='ltr'>in</span> <span class='ocrx_word' id='word_1_338' title='bbox 2737 2435 2848 2475; x_wconf 91' lang='lat' dir='ltr'>ms.</span> <span class='ocrx_word' id='word_1_339' title='bbox 2882 2418 3234 2490; x_wconf 89' lang='lat' dir='ltr'>indiscretis,</span> <span class='ocrx_word' id='word_1_340' title='bbox 3257 2423 3324 2475; x_wconf 90' lang='lat' dir='ltr'>ut</span> <span class='ocrx_word' id='word_1_341' title='bbox 3351 2419 3460 2476; x_wconf 90' lang='lat' dir='ltr'>hoc</span> <span class='ocrx_word' id='word_1_342' title='bbox 3479 2436 3654 2476; x_wconf 89' lang='lat' dir='ltr'>onere</span> <span class='ocrx_word' id='word_1_343' title='bbox 3687 2418 3811 2477; x_wconf 87' lang='lat' dir='ltr'>cla-</span> 
     </span>
    </p>
   </div>
   <div class='ocr_carea' id='block_1_54' title="bbox 2138 2506 3809 2566">
    <p class='ocr_par' dir='ltr' id='par_1_54' title="bbox 2138 2506 3809 2566">
     <span class='ocr_line' id='line_1_54' title="bbox 2138 2506 3809 2566; baseline 0.002 -5"><span class='ocrx_word' id='word_1_344' title='bbox 2138 2507 2440 2562; x_wconf 91' lang='lat' dir='ltr'>rissimum</span> <span class='ocrx_word' id='word_1_345' title='bbox 2470 2506 2867 2563; x_wconf 88' lang='lat' dir='ltr'>marchionem</span> <span class='ocrx_word' id='word_1_346' title='bbox 2901 2507 3196 2562; x_wconf 82' lang='lat' dir='ltr'>Mall‘eium</span> <span class='ocrx_word' id='word_1_347' title='bbox 3227 2506 3434 2564; x_wconf 87' lang='lat' dir='ltr'>levem.</span> <span class='ocrx_word' id='word_1_348' title='bbox 3467 2508 3577 2564; x_wconf 92' lang='lat' dir='ltr'>Sed</span> <span class='ocrx_word' id='word_1_349' title='bbox 3610 2512 3671 2564; x_wconf 88' lang='lat' dir='ltr'>et</span> <span class='ocrx_word' id='word_1_350' title='bbox 3701 2507 3809 2566; x_wconf 87' lang='lat' dir='ltr'>ille</span> 
     </span>
    </p>
   </div>
   <div class='ocr_carea' id='block_1_55' title="bbox 2139 2595 3804 2668">
    <p class='ocr_par' dir='ltr' id='par_1_55' title="bbox 2139 2595 3804 2668">
     <span class='ocr_line' id='line_1_55' title="bbox 2139 2595 3804 2668; baseline 0.002 -17"><span class='ocrx_word' id='word_1_351' title='bbox 2139 2595 2231 2651; x_wconf 90' lang='lat' dir='ltr'>hic</span> <span class='ocrx_word' id='word_1_352' title='bbox 2260 2597 2437 2652; x_wconf 86' lang='lat' dir='ltr'>etiam</span> <span class='ocrx_word' id='word_1_353' title='bbox 2470 2595 2746 2668; x_wconf 85' lang='lat' dir='ltr'>inspiciat</span> <span class='ocrx_word' id='word_1_354' title='bbox 2775 2595 2948 2651; x_wconf 86' lang='lat' dir='ltr'>velim</span> <span class='ocrx_word' id='word_1_355' title='bbox 2980 2602 3123 2667; x_wconf 89' lang='lat' dir='ltr'>quot</span> <span class='ocrx_word' id='word_1_356' title='bbox 3153 2597 3472 2663; x_wconf 87' lang='lat' dir='ltr'>erroribus,</span> <span class='ocrx_word' id='word_1_357' title='bbox 3528 2597 3804 2655; x_wconf 85' lang='lat' dir='ltr'>abundet</span> 
     </span>
    </p>
   </div>
   <div class='ocr_carea' id='block_1_56' title="bbox 2139 2683 3804 2761">
    <p class='ocr_par' dir='ltr' id='par_1_56' title="bbox 2139 2683 3804 2761">
     <span class='ocr_line' id='line_1_56' title="bbox 2139 2683 3804 2761; baseline 0.002 -21"><span class='ocrx_word' id='word_1_358' title='bbox 2139 2685 2456 2740; x_wconf 84' lang='lat' dir='ltr'>frustulum</span> <span class='ocrx_word' id='word_1_359' title='bbox 2489 2684 2644 2740; x_wconf 89' lang='lat' dir='ltr'>istud</span> <span class='ocrx_word' id='word_1_360' title='bbox 2679 2683 3067 2756; x_wconf 87' lang='lat' dir='ltr'>antiquitatis,</span> <span class='ocrx_word' id='word_1_361' title='bbox 3115 2685 3325 2757; x_wconf 86' lang='lat' dir='ltr'>partim</span> <span class='ocrx_word' id='word_1_362' title='bbox 3371 2685 3618 2754; x_wconf 85' lang='lat' dir='ltr'>auctori,</span> <span class='ocrx_word' id='word_1_363' title='bbox 3666 2703 3804 2761; x_wconf 84' lang='lat' dir='ltr'>par-</span> 
     </span>
    </p>
   </div>
   <div class='ocr_carea' id='block_1_57' title="bbox 2137 2770 3794 2840">
    <p class='ocr_par' dir='ltr' id='par_1_57' title="bbox 2137 2770 3794 2840">
     <span class='ocr_line' id='line_1_57' title="bbox 2137 2770 3794 2840; baseline 0 -12"><span class='ocrx_word' id='word_1_364' title='bbox 2137 2773 2272 2840; x_wconf 76' lang='lat' dir='ltr'>cixn,</span> <span class='ocrx_word' id='word_1_365' title='bbox 2305 2777 2532 2829; x_wconf 90' lang='lat' dir='ltr'>vetusto</span> <span class='ocrx_word' id='word_1_366' title='bbox 2559 2771 2796 2828; x_wconf 89' lang='lat' dir='ltr'>librario</span> <span class='ocrx_word' id='word_1_367' title='bbox 2827 2773 3178 2829; x_wconf 85' lang='lat' dir='ltr'>tribuendis.</span> <span class='ocrx_word' id='word_1_368' title='bbox 3783 2770 3794 2775; x_wconf 70' lang='grc'><em>”</em></span> 
     </span>
    </p>
   </div>
   <div class='ocr_carea' id='block_1_58' title="bbox 1743 3131 2434 3224">
    <p class='ocr_par' dir='ltr' id='par_1_58' title="bbox 1743 3131 2434 3224">
     <span class='ocr_line' id='line_1_58' title="bbox 1743 3131 2434 3224; baseline 0 0"><span class='ocrx_word' id='word_1_369' title='bbox 1743 3131 2434 3224; x_wconf 82' lang='lat' dir='ltr'>BHYTHMUS</span> 
     </span>
    </p>
   </div>
   <div class='ocr_carea' id='block_1_59' title="bbox 375 3326 3795 3412">
    <p class='ocr_par' dir='ltr' id='par_1_59' title="bbox 375 3326 3795 3412">
     <span class='ocr_line' id='line_1_59' title="bbox 375 3326 3795 3412; baseline -0.002 -12"><span class='ocrx_word' id='word_1_370' title='bbox 375 3337 467 3401; x_wconf 84' lang='lat' dir='ltr'>De</span> <span class='ocrx_word' id='word_1_371' title='bbox 515 3331 815 3396; x_wconf 84' lang='lat' dir='ltr'>Ludovico</span> <span class='ocrx_word' id='word_1_372' title='bbox 864 3329 935 3392; x_wconf 91' lang='grc' dir='ltr'>ῙΙ</span> <span class='ocrx_word' id='word_1_373' title='bbox 989 3331 1347 3409; x_wconf 74' lang='lat' dir='ltr'>imperatore</span> <span class='ocrx_word' id='word_1_374' title='bbox 1402 3347 1514 3410; x_wconf 85' lang='lat' dir='ltr'>per</span> <span class='ocrx_word' id='word_1_375' title='bbox 1568 3326 1877 3412; x_wconf 69' lang='lat' dir='ltr'>Adelclcim</span> <span class='ocrx_word' id='word_1_376' title='bbox 1905 3373 1920 3402; x_wconf 90' lang='lat'>,</span> <span class='ocrx_word' id='word_1_377' title='bbox 1963 3347 2065 3389; x_wconf 85' lang='lat' dir='ltr'>seu</span> <span class='ocrx_word' id='word_1_378' title='bbox 2093 3327 2466 3412; x_wconf 64' lang='grc' dir='ltr'>Δᾼαῖρῖρίειιτη</span> <span class='ocrx_word' id='word_1_379' title='bbox 2491 3375 2509 3412; x_wconf 75' lang='lat'>,</span> <span class='ocrx_word' id='word_1_380' title='bbox 2567 3328 2896 3391; x_wconf 76' lang='lat' dir='ltr'>Beneventi</span> <span class='ocrx_word' id='word_1_381' title='bbox 2935 3329 3267 3412; x_wconf 70' lang='lat' dir='ltr'>principem</span> <span class='ocrx_word' id='word_1_382' title='bbox 3297 3376 3312 3404; x_wconf 87' lang='lat'>,</span> <span class='ocrx_word' id='word_1_383' title='bbox 3371 3336 3544 3411; x_wconf 80' lang='lat' dir='ltr'>capto</span> <span class='ocrx_word' id='word_1_384' title='bbox 3571 3373 3586 3403; x_wconf 94' lang='lat'>,</span> <span class='ocrx_word' id='word_1_385' title='bbox 3630 3347 3795 3392; x_wconf 85' lang='lat' dir='ltr'>com-</span> 
     </span>
    </p>
   </div>
   <div class='ocr_carea' id='block_1_60' title="bbox 1608 3408 3768 3491">
    <p class='ocr_par' dir='ltr' id='par_1_60' title="bbox 1608 3408 3768 3491">
     <span class='ocr_line' id='line_1_60' title="bbox 1608 3408 3768 3491; baseline -0.002 -23"><span class='ocrx_word' id='word_1_386' title='bbox 1608 3409 1836 3491; x_wconf 85' lang='lat' dir='ltr'>positus</span> <span class='ocrx_word' id='word_1_387' title='bbox 1881 3427 2039 3470; x_wconf 86' lang='lat' dir='ltr'>anno</span> <span class='ocrx_word' id='word_1_388' title='bbox 2087 3408 2200 3471; x_wconf 80' lang='grc'>871</span> <span class='ocrx_word' id='word_1_389' title='bbox 2254 3408 2362 3470; x_wconf 88' lang='lat' dir='ltr'>aut</span> <span class='ocrx_word' id='word_1_390' title='bbox 2405 3410 2546 3470; x_wconf 78' lang='lat'>872.</span> <span class='ocrx_word' id='word_1_391' title='bbox 2936 3408 2951 3410; x_wconf 74' lang='grc'><strong><em>“</em></strong></span> <span class='ocrx_word' id='word_1_392' title='bbox 3134 3408 3152 3412; x_wconf 68' lang='grc'><strong>⁷</strong></span> <span class='ocrx_word' id='word_1_393' title='bbox 3440 3408 3455 3464; x_wconf 77' lang='grc' dir='ltr'>ἶ</span> <span class='ocrx_word' id='word_1_394' title='bbox 3765 3458 3768 3459; x_wconf 35' lang='grc' dir='ltr'><em>ν</em></span> 
     </span>
    </p>
   </div>
   <div class='ocr_carea' id='block_1_61' title="bbox 765 3646 2416 3721">
    <p class='ocr_par' dir='ltr' id='par_1_61' title="bbox 765 3646 2416 3721">
     <span class='ocr_line' id='line_1_61' title="bbox 765 3646 2416 3721; baseline -0.003 -12"><span class='ocrx_word' id='word_1_395' title='bbox 765 3652 996 3721; x_wconf 82' lang='lat' dir='ltr'>Audite,</span> <span class='ocrx_word' id='word_1_396' title='bbox 1029 3664 1234 3703; x_wconf 91' lang='lat' dir='ltr'>omnes</span> <span class='ocrx_word' id='word_1_397' title='bbox 1267 3647 1411 3702; x_wconf 82' lang='lat' dir='ltr'>lines</span> <span class='ocrx_word' id='word_1_398' title='bbox 1439 3651 1628 3712; x_wconf 63' lang='lat' dir='ltr'>terrae,</span> <span class='ocrx_word' id='word_1_399' title='bbox 1663 3646 1739 3718; x_wconf 87' lang='lat'>(5)</span> <span class='ocrx_word' id='word_1_400' title='bbox 1773 3662 1966 3702; x_wconf 89' lang='lat' dir='ltr'>errore</span> <span class='ocrx_word' id='word_1_401' title='bbox 1992 3663 2126 3702; x_wconf 91' lang='lat' dir='ltr'>cum</span> <span class='ocrx_word' id='word_1_402' title='bbox 2156 3647 2416 3714; x_wconf 87' lang='lat' dir='ltr'>tristitia,</span> 
     </span>
    </p>
   </div>
   <div class='ocr_carea' id='block_1_62' title="bbox 908 3735 2324 3804">
    <p class='ocr_par' dir='ltr' id='par_1_62' title="bbox 908 3735 2324 3804">
     <span class='ocr_line' id='line_1_62' title="bbox 908 3735 2324 3804; baseline -0.001 -12"><span class='ocrx_word' id='word_1_403' title='bbox 908 3737 1088 3804; x_wconf 89' lang='lat' dir='ltr'>Quale</span> <span class='ocrx_word' id='word_1_404' title='bbox 1117 3735 1312 3792; x_wconf 89' lang='lat' dir='ltr'>scelus</span> <span class='ocrx_word' id='word_1_405' title='bbox 1343 3735 1465 3790; x_wconf 86' lang='lat' dir='ltr'>fuid</span> <span class='ocrx_word' id='word_1_406' title='bbox 1497 3735 1716 3791; x_wconf 87' lang='lat' dir='ltr'>factum</span> <span class='ocrx_word' id='word_1_407' title='bbox 1749 3735 2071 3792; x_wconf 89' lang='lat' dir='ltr'>Benevento</span> <span class='ocrx_word' id='word_1_408' title='bbox 2100 3736 2324 3792; x_wconf 89' lang='lat' dir='ltr'>civitas.</span> 
     </span>
    </p>
   </div>
   <div class='ocr_carea' id='block_1_63' title="bbox 907 3825 2608 3900">
    <p class='ocr_par' dir='ltr' id='par_1_63' title="bbox 907 3825 2608 3900">
     <span class='ocr_line' id='line_1_63' title="bbox 907 3825 2608 3900; baseline 0 -18"><span class='ocrx_word' id='word_1_409' title='bbox 907 3825 1278 3882; x_wconf 90' lang='lat' dir='ltr'>Lhuduicum</span> <span class='ocrx_word' id='word_1_410' title='bbox 1311 3825 1808 3896; x_wconf 89' lang='lat' dir='ltr'>comprenderunt</span> <span class='ocrx_word' id='word_1_411' title='bbox 1835 3829 2059 3894; x_wconf 87' lang='lat' dir='ltr'>sancto,</span> <span class='ocrx_word' id='word_1_412' title='bbox 2091 3825 2188 3898; x_wconf 89' lang='lat' dir='ltr'>pio</span> <span class='ocrx_word' id='word_1_413' title='bbox 2218 3827 2480 3900; x_wconf 86' lang='lat' dir='ltr'>Augusto</span> <span class='ocrx_word' id='word_1_414' title='bbox 2511 3827 2608 3900; x_wconf 90' lang='lat'>(6).</span> 
     </span>
    </p>
   </div>
   <div class='ocr_carea' id='block_1_64' title="bbox 764 3913 2298 3974">
    <p class='ocr_par' dir='ltr' id='par_1_64' title="bbox 764 3913 2298 3974">
     <span class='ocr_line' id='line_1_64' title="bbox 764 3913 2298 3974; baseline -0.001 -1"><span class='ocrx_word' id='word_1_415' title='bbox 764 3914 1154 3974; x_wconf 88' lang='lat' dir='ltr'>Beneventani</span> <span class='ocrx_word' id='word_1_416' title='bbox 1185 3930 1247 3970; x_wconf 90' lang='lat' dir='ltr'>se</span> <span class='ocrx_word' id='word_1_417' title='bbox 1276 3913 1614 3968; x_wconf 89' lang='lat' dir='ltr'>adunarunt</span> <span class='ocrx_word' id='word_1_418' title='bbox 1643 3914 1716 3968; x_wconf 88' lang='lat' dir='ltr'>ad</span> <span class='ocrx_word' id='word_1_419' title='bbox 1749 3929 1934 3969; x_wconf 90' lang='lat' dir='ltr'>unum</span> <span class='ocrx_word' id='word_1_420' title='bbox 1965 3914 2298 3972; x_wconf 87' lang='lat' dir='ltr'>consilium.</span> 
     </span>
    </p>
   </div>
   <div class='ocr_carea' id='block_1_65' title="bbox 909 3999 2404 4076">
    <p class='ocr_par' dir='ltr' id='par_1_65' title="bbox 909 3999 2404 4076">
     <span class='ocr_line' id='line_1_65' title="bbox 909 3999 2404 4076; baseline 0.001 -18"><span class='ocrx_word' id='word_1_421' title='bbox 909 4001 1199 4058; x_wconf 84' lang='lat' dir='ltr'>Adalferio</span> <span class='ocrx_word' id='word_1_422' title='bbox 1231 4001 1306 4072; x_wconf 82' lang='lat'>(7)</span> <span class='ocrx_word' id='word_1_423' title='bbox 1339 3999 1706 4072; x_wconf 90' lang='lat' dir='ltr'>loquebatur,</span> <span class='ocrx_word' id='word_1_424' title='bbox 1739 4004 1796 4056; x_wconf 88' lang='lat' dir='ltr'>et</span> <span class='ocrx_word' id='word_1_425' title='bbox 1823 4001 2095 4058; x_wconf 90' lang='lat' dir='ltr'>dicebant</span> <span class='ocrx_word' id='word_1_426' title='bbox 2120 4004 2365 4076; x_wconf 89' lang='lat' dir='ltr'>principi</span> <span class='ocrx_word' id='word_1_427' title='bbox 2391 4023 2404 4060; x_wconf 90' lang='lat'>:</span> 
     </span>
    </p>
   </div>
   <div class='ocr_carea' id='block_1_66' title="bbox 912 4090 2468 4164">
    <p class='ocr_par' dir='ltr' id='par_1_66' title="bbox 912 4090 2468 4164">
     <span class='ocr_line' id='line_1_66' title="bbox 912 4090 2468 4164; baseline 0.001 -18"><span class='ocrx_word' id='word_1_428' title='bbox 912 4093 972 4146; x_wconf 86' lang='lat' dir='ltr'>Si</span> <span class='ocrx_word' id='word_1_429' title='bbox 997 4105 1097 4146; x_wconf 85' lang='lat' dir='ltr'>nos</span> <span class='ocrx_word' id='word_1_430' title='bbox 1117 4105 1242 4144; x_wconf 88' lang='lat' dir='ltr'>eum</span> <span class='ocrx_word' id='word_1_431' title='bbox 1271 4090 1458 4145; x_wconf 82' lang='lat' dir='ltr'>vivum</span> <span class='ocrx_word' id='word_1_432' title='bbox 1483 4091 1813 4158; x_wconf 85' lang='lat' dir='ltr'>dimitemus,</span> <span class='ocrx_word' id='word_1_433' title='bbox 1855 4098 1996 4150; x_wconf 82' lang='lat' dir='ltr'>certe</span> <span class='ocrx_word' id='word_1_434' title='bbox 2021 4107 2120 4148; x_wconf 82' lang='lat' dir='ltr'>nos</span> <span class='ocrx_word' id='word_1_435' title='bbox 2145 4095 2468 4164; x_wconf 72' lang='lat' dir='ltr'>peribimus.</span> 
     </span>
    </p>
   </div>
   <div class='ocr_carea' id='block_1_67' title="bbox 807 4179 2408 4254">
    <p class='ocr_par' dir='ltr' id='par_1_67' title="bbox 807 4179 2408 4254">
     <span class='ocr_line' id='line_1_67' title="bbox 807 4179 2408 4254; baseline 0 -16"><span class='ocrx_word' id='word_1_436' title='bbox 807 4182 960 4238; x_wconf 83' lang='lat' dir='ltr'>Cclus</span> <span class='ocrx_word' id='word_1_437' title='bbox 990 4179 1064 4252; x_wconf 91' lang='lat'>(8)</span> <span class='ocrx_word' id='word_1_438' title='bbox 1097 4193 1360 4250; x_wconf 85' lang='lat' dir='ltr'>magnum</span> <span class='ocrx_word' id='word_1_439' title='bbox 1381 4180 1726 4250; x_wconf 59' lang='lat' dir='ltr'>prwparavit</span> <span class='ocrx_word' id='word_1_440' title='bbox 1752 4181 1812 4235; x_wconf 85' lang='lat' dir='ltr'>in</span> <span class='ocrx_word' id='word_1_441' title='bbox 1842 4182 2004 4236; x_wconf 84' lang='lat' dir='ltr'>istam</span> <span class='ocrx_word' id='word_1_442' title='bbox 2027 4184 2367 4254; x_wconf 81' lang='lat' dir='ltr'>provintiam</span> <span class='ocrx_word' id='word_1_443' title='bbox 2389 4203 2408 4238; x_wconf 88' lang='lat'><strong><em>:</em></strong></span> 
     </span>
    </p>
   </div>
   <div class='ocr_carea' id='block_1_68' title="bbox 910 4265 2673 4344">
    <p class='ocr_par' dir='ltr' id='par_1_68' title="bbox 910 4265 2673 4344">
     <span class='ocr_line' id='line_1_68' title="bbox 910 4265 2673 4344; baseline 0.003 -20"><span class='ocrx_word' id='word_1_444' title='bbox 910 4271 1158 4338; x_wconf 79' lang='lat' dir='ltr'>Regnum</span> <span class='ocrx_word' id='word_1_445' title='bbox 1189 4265 1265 4337; x_wconf 88' lang='grc'>(9)</span> <span class='ocrx_word' id='word_1_446' title='bbox 1291 4266 1540 4322; x_wconf 70' lang='lat' dir='ltr'>nostrum</span> <span class='ocrx_word' id='word_1_447' title='bbox 1568 4269 1726 4324; x_wconf 83' lang='lat' dir='ltr'>nobis</span> <span class='ocrx_word' id='word_1_448' title='bbox 1757 4269 1900 4326; x_wconf 83' lang='lat' dir='ltr'>tollit</span> <span class='ocrx_word' id='word_1_449' title='bbox 1930 4288 1949 4324; x_wconf 85' lang='grc'><strong>.·</strong></span> <span class='ocrx_word' id='word_1_450' title='bbox 1974 4287 2072 4328; x_wconf 85' lang='lat' dir='ltr'>nos</span> <span class='ocrx_word' id='word_1_451' title='bbox 2099 4273 2258 4328; x_wconf 85' lang='lat' dir='ltr'>habet</span> <span class='ocrx_word' id='word_1_452' title='bbox 2281 4289 2380 4344; x_wconf 85' lang='lat' dir='ltr'>pro</span> <span class='ocrx_word' id='word_1_453' title='bbox 2410 4273 2673 4329; x_wconf 82' lang='lat' dir='ltr'>nihilum.</span> 
     </span>
    </p>
   </div>
   <div class='ocr_carea' id='block_1_69' title="bbox 907 4355 2654 4435">
    <p class='ocr_par' dir='ltr' id='par_1_69' title="bbox 907 4355 2654 4435">
     <span class='ocr_line' id='line_1_69' title="bbox 907 4355 2654 4435; baseline 0.002 -22"><span class='ocrx_word' id='word_1_454' title='bbox 907 4357 1100 4413; x_wconf 81' lang='lat' dir='ltr'>Plures</span> <span class='ocrx_word' id='word_1_455' title='bbox 1127 4355 1144 4425; x_wconf 93' lang='lat'>(</span> <span class='ocrx_word' id='word_1_456' title='bbox 1161 4356 1239 4424; x_wconf 90' lang='lat' dir='ltr'>lO)</span> <span class='ocrx_word' id='word_1_457' title='bbox 1266 4355 1420 4410; x_wconf 86' lang='lat' dir='ltr'>mala</span> <span class='ocrx_word' id='word_1_458' title='bbox 1443 4355 1600 4410; x_wconf 85' lang='lat' dir='ltr'>nobis</span> <span class='ocrx_word' id='word_1_459' title='bbox 1625 4359 1774 4428; x_wconf 84' lang='lat' dir='ltr'>fecit.</span> <span class='ocrx_word' id='word_1_460' title='bbox 1809 4359 2028 4414; x_wconf 83' lang='lat' dir='ltr'>Rectum</span> <span class='ocrx_word' id='word_1_461' title='bbox 2057 4364 2155 4423; x_wconf 82' lang='lat' dir='ltr'>est,</span> <span class='ocrx_word' id='word_1_462' title='bbox 2186 4370 2245 4416; x_wconf 84' lang='lat' dir='ltr'>ut</span> <span class='ocrx_word' id='word_1_463' title='bbox 2277 4361 2494 4418; x_wconf 70' lang='grc' dir='ltr'>πιονίαά</span> <span class='ocrx_word' id='word_1_464' title='bbox 2519 4364 2566 4432; x_wconf 83' lang='lat' dir='ltr'>(l</span> <span class='ocrx_word' id='word_1_465' title='bbox 2586 4366 2654 4435; x_wconf 82' lang='grc' dir='ltr'>Ι).</span> 
     </span>
    </p>
   </div>
   <div class='ocr_carea' id='block_1_70' title="bbox 803 4444 2214 4520">
    <p class='ocr_par' dir='ltr' id='par_1_70' title="bbox 803 4444 2214 4520">
     <span class='ocr_line' id='line_1_70' title="bbox 803 4444 2214 4520; baseline -0.001 -14"><span class='ocrx_word' id='word_1_466' title='bbox 803 4448 1206 4520; x_wconf 89' lang='lat' dir='ltr'>Deposuerunt</span> <span class='ocrx_word' id='word_1_467' title='bbox 1235 4449 1434 4499; x_wconf 87' lang='lat' dir='ltr'>sancto</span> <span class='ocrx_word' id='word_1_468' title='bbox 1458 4444 1570 4516; x_wconf 85' lang='lat' dir='ltr'>(t2)</span> <span class='ocrx_word' id='word_1_469' title='bbox 1601 4446 1695 4518; x_wconf 93' lang='lat' dir='ltr'>pio</span> <span class='ocrx_word' id='word_1_470' title='bbox 1720 4447 1791 4503; x_wconf 89' lang='lat' dir='ltr'>de</span> <span class='ocrx_word' id='word_1_471' title='bbox 1822 4464 1928 4504; x_wconf 89' lang='lat' dir='ltr'>suo</span> <span class='ocrx_word' id='word_1_472' title='bbox 1960 4449 2176 4505; x_wconf 88' lang='lat' dir='ltr'>Palatio</span> <span class='ocrx_word' id='word_1_473' title='bbox 2202 4467 2214 4516; x_wconf 89' lang='lat'><strong>;</strong></span> 
     </span>
    </p>
   </div>
   <div class='ocr_carea' id='block_1_71' title="bbox 906 4532 2387 4610">
    <p class='ocr_par' dir='ltr' id='par_1_71' title="bbox 906 4532 2387 4610">
     <span class='ocr_line' id='line_1_71' title="bbox 906 4532 2387 4610; baseline 0 -18"><span class='ocrx_word' id='word_1_474' title='bbox 906 4533 1192 4592; x_wconf 83' lang='lat' dir='ltr'>Adell‘crio</span> <span class='ocrx_word' id='word_1_475' title='bbox 1222 4532 1390 4588; x_wconf 89' lang='lat' dir='ltr'>illum</span> <span class='ocrx_word' id='word_1_476' title='bbox 1423 4533 1672 4590; x_wconf 76' lang='lat' dir='ltr'>ducebat</span> <span class='ocrx_word' id='word_1_477' title='bbox 1699 4553 1887 4610; x_wconf 85' lang='lat' dir='ltr'>usque</span> <span class='ocrx_word' id='word_1_478' title='bbox 1917 4538 1989 4594; x_wconf 89' lang='lat' dir='ltr'>ad</span> <span class='ocrx_word' id='word_1_479' title='bbox 2017 4537 2338 4594; x_wconf 87' lang='lat' dir='ltr'>Pretorium</span> <span class='ocrx_word' id='word_1_480' title='bbox 2375 4557 2387 4593; x_wconf 90' lang='lat'><strong>:</strong></span> 
     </span>
    </p>
   </div>
   <div class='ocr_carea' id='block_1_72' title="bbox 767 4623 2554 4698">
    <p class='ocr_par' dir='ltr' id='par_1_72' title="bbox 767 4623 2554 4698">
     <span class='ocr_line' id='line_1_72' title="bbox 767 4623 2554 4698; baseline -0.001 -16"><span class='ocrx_word' id='word_1_481' title='bbox 767 4685 774 4692; x_wconf 92' lang='lat'><em>_</em></span> <span class='ocrx_word' id='word_1_482' title='bbox 905 4626 1008 4682; x_wconf 89' lang='lat' dir='ltr'>Ille</span> <span class='ocrx_word' id='word_1_483' title='bbox 1040 4641 1168 4680; x_wconf 87' lang='lat' dir='ltr'>vero</span> <span class='ocrx_word' id='word_1_484' title='bbox 1199 4623 1388 4697; x_wconf 87' lang='lat' dir='ltr'>gaude</span> <span class='ocrx_word' id='word_1_485' title='bbox 1417 4623 1527 4695; x_wconf 87' lang='grc'>(13)</span> <span class='ocrx_word' id='word_1_486' title='bbox 1559 4623 1750 4682; x_wconf 81' lang='lat' dir='ltr'>visum</span> <span class='ocrx_word' id='word_1_487' title='bbox 1781 4631 2061 4698; x_wconf 89' lang='lat' dir='ltr'>tanquam</span> <span class='ocrx_word' id='word_1_488' title='bbox 2093 4625 2166 4682; x_wconf 93' lang='lat' dir='ltr'>ad</span> <span class='ocrx_word' id='word_1_489' title='bbox 2199 4625 2554 4682; x_wconf 73' lang='lat' dir='ltr'>mar-tirium.</span> 
     </span>
    </p>
   </div>
   <div class='ocr_carea' id='block_1_73' title="bbox 798 4712 2580 4786">
    <p class='ocr_par' dir='ltr' id='par_1_73' title="bbox 798 4712 2580 4786">
     <span class='ocr_line' id='line_1_73' title="bbox 798 4712 2580 4786; baseline -0.004 -10"><span class='ocrx_word' id='word_1_490' title='bbox 798 4718 1076 4776; x_wconf 73' lang='lat' dir='ltr'>Exierunt</span> <span class='ocrx_word' id='word_1_491' title='bbox 1109 4714 1220 4786; x_wconf 84' lang='grc'>(14)</span> <span class='ocrx_word' id='word_1_492' title='bbox 1251 4712 1402 4767; x_wconf 89' lang='lat' dir='ltr'>Sado</span> <span class='ocrx_word' id='word_1_493' title='bbox 1434 4717 1492 4767; x_wconf 88' lang='lat' dir='ltr'>et</span> <span class='ocrx_word' id='word_1_494' title='bbox 1523 4712 1775 4769; x_wconf 89' lang='lat' dir='ltr'>Saducto</span> <span class='ocrx_word' id='word_1_495' title='bbox 1803 4715 1918 4784; x_wconf 84' lang='grc'>(15)</span> <span class='ocrx_word' id='word_1_496' title='bbox 1948 4713 2284 4769; x_wconf 89' lang='lat' dir='ltr'>inoviabant</span> <span class='ocrx_word' id='word_1_497' title='bbox 2315 4713 2580 4784; x_wconf 89' lang='lat' dir='ltr'>imperio.</span> 
     </span>
    </p>
   </div>
   <div class='ocr_carea' id='block_1_74' title="bbox 908 4801 2132 4877">
    <p class='ocr_par' dir='ltr' id='par_1_74' title="bbox 908 4801 2132 4877">
     <span class='ocr_line' id='line_1_74' title="bbox 908 4801 2132 4877; baseline -0.002 -17"><span class='ocrx_word' id='word_1_498' title='bbox 908 4807 976 4861; x_wconf 86' lang='lat' dir='ltr'>Et</span> <span class='ocrx_word' id='word_1_499' title='bbox 1003 4805 1129 4877; x_wconf 87' lang='lat' dir='ltr'>ipse</span> <span class='ocrx_word' id='word_1_500' title='bbox 1155 4805 1353 4858; x_wconf 84' lang='lat' dir='ltr'>sancte</span> <span class='ocrx_word' id='word_1_501' title='bbox 1384 4801 1518 4874; x_wconf 91' lang='lat' dir='ltr'>pius</span> <span class='ocrx_word' id='word_1_502' title='bbox 1547 4801 1865 4872; x_wconf 88' lang='lat' dir='ltr'>incipiebat</span> <span class='ocrx_word' id='word_1_503' title='bbox 1895 4801 2086 4858; x_wconf 88' lang='lat' dir='ltr'>dicere</span> <span class='ocrx_word' id='word_1_504' title='bbox 2119 4819 2132 4857; x_wconf 92' lang='lat'><strong>:</strong></span> 
     </span>
    </p>
   </div>
   <div class='ocr_carea' id='block_1_75' title="bbox 468 4954 1334 5029">
    <p class='ocr_par' dir='ltr' id='par_1_75' title="bbox 468 4954 1334 5029">
     <span class='ocr_line' id='line_1_75' title="bbox 468 4954 1334 5029; baseline -0.02 -7"><span class='ocrx_word' id='word_1_505' title='bbox 468 4963 524 5029; x_wconf 85' lang='lat'>5)</span> <span class='ocrx_word' id='word_1_506' title='bbox 558 4962 891 5029; x_wconf 81' lang='lat' dir='ltr'>Legendum</span> <span class='ocrx_word' id='word_1_507' title='bbox 923 4954 1334 5029; x_wconf 75' lang='lat' dir='ltr'>plitp__horrore.</span> 
     </span>
    </p>
   </div>
   <div class='ocr_carea' id='block_1_76' title="bbox 446 4965 2025 5110">
    <p class='ocr_par' dir='ltr' id='par_1_76' title="bbox 446 4965 2025 5110">
     <span class='ocr_line' id='line_1_76' title="bbox 468 4965 1334 5029; baseline -0.018 -7"><span class='ocrx_word' id='word_1_508' title='bbox 468 4965 504 5022; x_wconf 87' lang='grc'>5</span> <span class='ocrx_word' id='word_1_509' title='bbox 558 4966 632 5020; x_wconf 83' lang='lat' dir='ltr'>Le</span> <span class='ocrx_word' id='word_1_510' title='bbox 676 4965 891 5020; x_wconf 88' lang='lat' dir='ltr'>endum</span> <span class='ocrx_word' id='word_1_511' title='bbox 923 4965 1061 5029; x_wconf 89' lang='lat' dir='ltr'>puto</span> <span class='ocrx_word' id='word_1_512' title='bbox 1095 4965 1334 5010; x_wconf 80' lang='lat' dir='ltr'>horrore.</span> 
     </span>
     <span class='ocr_line' id='line_1_77' title="bbox 446 4965 2025 5110; baseline -0.007 10"><span class='ocrx_word' id='word_1_513' title='bbox 446 4965 524 5110; x_wconf 53' lang='lat' dir='ltr'>l6?</span> <span class='ocrx_word' id='word_1_514' title='bbox 555 4979 870 5110; x_wconf 54' lang='lat' dir='ltr'>sileamus</span> <span class='ocrx_word' id='word_1_515' title='bbox 900 5025 1109 5110; x_wconf 57' lang='lat' dir='ltr'>Melici}</span> <span class='ocrx_word' id='word_1_516' title='bbox 1139 5021 1674 5110; x_wconf 52' lang='grc' dir='ltr'>εεπμδείρμπρηςιηφ.</span> <span class='ocrx_word' id='word_1_517' title='bbox 1696 5025 1804 5110; x_wconf 47' lang='lat' dir='ltr'>est.</span> <span class='ocrx_word' id='word_1_518' title='bbox 1839 5022 2025 5110; x_wconf 58' lang='lat' dir='ltr'>ar:-</span> 
     </span>
    </p>
   </div>
   <div class='ocr_carea' id='block_1_77' title="bbox 371 5093 2024 5166">
    <p class='ocr_par' dir='ltr' id='par_1_77' title="bbox 371 5093 2024 5166">
     <span class='ocr_line' id='line_1_78' title="bbox 371 5093 2024 5166; baseline -0.01 0"><span class='ocrx_word' id='word_1_519' title='bbox 371 5093 475 5165; x_wconf 71' lang='lat' dir='ltr'>stio</span> <span class='ocrx_word' id='word_1_520' title='bbox 501 5093 876 5164; x_wconf 65' lang='lat' dir='ltr'>scribendum</span> <span class='ocrx_word' id='word_1_521' title='bbox 906 5099 1032 5156; x_wconf 89' lang='lat' dir='ltr'>erit.</span> <span class='ocrx_word' id='word_1_522' title='bbox 1065 5097 1175 5154; x_wconf 89' lang='lat' dir='ltr'>Sed</span> <span class='ocrx_word' id='word_1_523' title='bbox 1208 5095 1281 5150; x_wconf 90' lang='lat' dir='ltr'>iis</span> <span class='ocrx_word' id='word_1_524' title='bbox 1313 5093 1542 5166; x_wconf 84' lang='lat' dir='ltr'>legibus</span> <span class='ocrx_word' id='word_1_525' title='bbox 1589 5097 1810 5148; x_wconf 89' lang='lat' dir='ltr'>veteres</span> <span class='ocrx_word' id='word_1_526' title='bbox 1840 5093 2024 5166; x_wconf 88' lang='lat' dir='ltr'>rigide</span> 
     </span>
    </p>
   </div>
   <div class='ocr_carea' id='block_1_78' title="bbox 373 5167 1443 5238">
    <p class='ocr_par' dir='ltr' id='par_1_78' title="bbox 373 5167 1443 5238">
     <span class='ocr_line' id='line_1_79' title="bbox 373 5167 1443 5238; baseline -0.017 -2"><span class='ocrx_word' id='word_1_527' title='bbox 373 5197 436 5238; x_wconf 87' lang='lat' dir='ltr'>se</span> <span class='ocrx_word' id='word_1_528' title='bbox 467 5175 851 5234; x_wconf 84' lang='lat' dir='ltr'>obstrinxisse</span> <span class='ocrx_word' id='word_1_529' title='bbox 882 5170 1124 5226; x_wconf 90' lang='lat' dir='ltr'>minime</span> <span class='ocrx_word' id='word_1_530' title='bbox 1153 5167 1443 5238; x_wconf 75' lang='lat' dir='ltr'>videntur.</span> 
     </span>
    </p>
   </div>
   <div class='ocr_carea' id='block_1_79' title="bbox 464 5235 2018 5319">
    <p class='ocr_par' dir='ltr' id='par_1_79' title="bbox 464 5235 2018 5319">
     <span class='ocr_line' id='line_1_80' title="bbox 464 5235 2018 5319; baseline -0.009 -14"><span class='ocrx_word' id='word_1_531' title='bbox 464 5249 522 5319; x_wconf 89' lang='lat'>7)</span> <span class='ocrx_word' id='word_1_532' title='bbox 553 5246 886 5319; x_wconf 79' lang='lat' dir='ltr'>Adalferius,</span> <span class='ocrx_word' id='word_1_533' title='bbox 918 5257 1071 5319; x_wconf 89' lang='lat' dir='ltr'>unus</span> <span class='ocrx_word' id='word_1_534' title='bbox 1102 5255 1134 5319; x_wconf 85' lang='lat' dir='ltr'>_e</span> <span class='ocrx_word' id='word_1_535' title='bbox 1176 5235 1530 5312; x_wconf 88' lang='lat' dir='ltr'>primatibus</span> <span class='ocrx_word' id='word_1_536' title='bbox 1579 5235 2018 5292; x_wconf 89' lang='lat' dir='ltr'>Beneventanis.</span> 
     </span>
    </p>
   </div>
   <div class='ocr_carea' id='block_1_80' title="bbox 467 5316 1218 5439">
    <p class='ocr_par' dir='ltr' id='par_1_80' title="bbox 467 5316 1218 5439">
     <span class='ocr_line' id='line_1_81' title="bbox 467 5316 1218 5439; baseline -0.015 -63"><span class='ocrx_word' id='word_1_537' title='bbox 467 5316 522 5439; x_wconf 75' lang='grc'>8)</span> <span class='ocrx_word' id='word_1_538' title='bbox 556 5319 664 5400; x_wconf 75' lang='lat' dir='ltr'>Pro</span> <span class='ocrx_word' id='word_1_539' title='bbox 689 5316 886 5386; x_wconf 71' lang='lat' dir='ltr'>scelus,</span> <span class='ocrx_word' id='word_1_540' title='bbox 923 5317 987 5370; x_wconf 90' lang='lat' dir='ltr'>ut</span> <span class='ocrx_word' id='word_1_541' title='bbox 1005 5316 1174 5439; x_wconf 60' lang='lat' dir='ltr'>Buta.</span> <span class='ocrx_word' id='word_1_542' title='bbox 1207 5381 1218 5392; x_wconf 36' lang='grc' dir='ltr'>υ</span> 
     </span>
     <span class='ocr_line' id='line_1_82' title="bbox 467 5385 1218 5439; baseline -0.005 0"><span class='ocrx_word' id='word_1_543' title='bbox 467 5393 501 5439; x_wconf 80' lang='grc' dir='ltr'><em>Ω</em></span> <span class='ocrx_word' id='word_1_544' title='bbox 551 5389 695 5439; x_wconf 75' lang='lat' dir='ltr'>Vnde</span> <span class='ocrx_word' id='word_1_545' title='bbox 724 5385 975 5439; x_wconf 84' lang='lat' dir='ltr'>Annales</span> <span class='ocrx_word' id='word_1_546' title='bbox 1051 5387 1218 5439; x_wconf 81' lang='lat' dir='ltr'>ertlm</span> 
     </span>
    </p>
   </div>
   <div class='ocr_carea' id='block_1_81' title="bbox 465 5377 2022 5450">
    <p class='ocr_par' dir='ltr' id='par_1_81' title="bbox 465 5377 2022 5450">
     <span class='ocr_line' id='line_1_83' title="bbox 465 5377 2022 5450; baseline -0.016 -3"><span class='ocrx_word' id='word_1_547' title='bbox 465 5377 522 5450; x_wconf 68' lang='lat'>9)</span> <span class='ocrx_word' id='word_1_548' title='bbox 551 5389 695 5446; x_wconf 88' lang='lat' dir='ltr'>Vide</span> <span class='ocrx_word' id='word_1_549' title='bbox 724 5377 975 5445; x_wconf 76' lang='lat' dir='ltr'>Annales</span> <span class='ocrx_word' id='word_1_550' title='bbox 1005 5377 1391 5446; x_wconf 87' lang='lat' dir='ltr'>Bertinianos,</span> <span class='ocrx_word' id='word_1_551' title='bbox 1421 5381 1479 5433; x_wconf 85' lang='lat' dir='ltr'>et</span> <span class='ocrx_word' id='word_1_552' title='bbox 1506 5377 1876 5450; x_wconf 73' lang='lat' dir='ltr'>Anonymum</span> <span class='ocrx_word' id='word_1_553' title='bbox 1911 5377 2022 5434; x_wconf 79' lang='lat' dir='ltr'>Sa-</span> 
     </span>
    </p>
   </div>
   <div class='ocr_carea' id='block_1_82' title="bbox 371 5463 737 5521">
    <p class='ocr_par' dir='ltr' id='par_1_82' title="bbox 371 5463 737 5521">
     <span class='ocr_line' id='line_1_84' title="bbox 371 5463 737 5521; baseline -0.014 -1"><span class='ocrx_word' id='word_1_554' title='bbox 371 5463 737 5521; x_wconf 81' lang='lat' dir='ltr'>lernitatum.</span> 
     </span>
    </p>
   </div>
   <div class='ocr_carea' id='block_1_83' title="bbox 468 5525 1820 5603">
    <p class='ocr_par' dir='ltr' id='par_1_83' title="bbox 468 5525 1820 5603">
     <span class='ocr_line' id='line_1_85' title="bbox 468 5525 1820 5603; baseline -0.013 -10"><span class='ocrx_word' id='word_1_555' title='bbox 468 5535 555 5603; x_wconf 87' lang='grc'>10)</span> <span class='ocrx_word' id='word_1_556' title='bbox 585 5534 799 5602; x_wconf 87' lang='lat' dir='ltr'>Plures,</span> <span class='ocrx_word' id='word_1_557' title='bbox 834 5527 1024 5603; x_wconf 84' lang='lat' dir='ltr'>scribe</span> <span class='ocrx_word' id='word_1_558' title='bbox 1050 5525 1236 5603; x_wconf 83' lang='lat' dir='ltr'>plura_.</span> <span class='ocrx_word' id='word_1_559' title='bbox 1387 5589 1427 5603; x_wconf 42' lang='lat' dir='ltr'><strong>ﬁ</strong></span> <span class='ocrx_word' id='word_1_560' title='bbox 1464 5588 1474 5602; x_wconf 44' lang='lat'>.</span> <span class='ocrx_word' id='word_1_561' title='bbox 1552 5589 1564 5603; x_wconf 47' lang='lat'><strong><em>.</em></strong></span> <span class='ocrx_word' id='word_1_562' title='bbox 1651 5589 1664 5603; x_wconf 81' lang='lat'><em>_</em></span> <span class='ocrx_word' id='word_1_563' title='bbox 1809 5590 1820 5603; x_wconf 43' lang='lat'><strong>&#39;</strong></span> 
     </span>
    </p>
   </div>
   <div class='ocr_carea' id='block_1_84' title="bbox 443 5535 1878 5694">
    <p class='ocr_par' dir='ltr' id='par_1_84' title="bbox 443 5535 1878 5694">
     <span class='ocr_line' id='line_1_86' title="bbox 468 5535 1820 5603; baseline -0.024 -10"><span class='ocrx_word' id='word_1_564' title='bbox 468 5537 535 5593; x_wconf 87' lang='grc'>10</span> <span class='ocrx_word' id='word_1_565' title='bbox 585 5535 799 5602; x_wconf 86' lang='lat' dir='ltr'>Plures,</span> <span class='ocrx_word' id='word_1_566' title='bbox 834 5535 1024 5586; x_wconf 82' lang='lat' dir='ltr'>scribe</span> <span class='ocrx_word' id='word_1_567' title='bbox 1050 5535 1236 5598; x_wconf 81' lang='lat' dir='ltr'>plura.</span> <span class='ocrx_word' id='word_1_568' title='bbox 1464 5588 1474 5602; x_wconf 42' lang='lat'><strong><em>.</em></strong></span> <span class='ocrx_word' id='word_1_569' title='bbox 1809 5590 1820 5603; x_wconf 42' lang='lat'><strong>&#39;</strong></span> 
     </span>
     <span class='ocr_line' id='line_1_87' title="bbox 443 5535 1878 5694; baseline -0.018 -22"><span class='ocrx_word' id='word_1_570' title='bbox 443 5535 558 5694; x_wconf 47' lang='lat' dir='ltr'>ill)</span> <span class='ocrx_word' id='word_1_571' title='bbox 589 5605 652 5670; x_wconf 86' lang='lat' dir='ltr'>Id</span> <span class='ocrx_word' id='word_1_572' title='bbox 674 5609 763 5670; x_wconf 80' lang='lat' dir='ltr'>est</span> <span class='ocrx_word' id='word_1_573' title='bbox 789 5601 1014 5672; x_wconf 80' lang='lat' dir='ltr'>mortat,</span> <span class='ocrx_word' id='word_1_574' title='bbox 1046 5610 1181 5656; x_wconf 87' lang='lat' dir='ltr'>cum</span> <span class='ocrx_word' id='word_1_575' title='bbox 1212 5593 1366 5652; x_wconf 85' lang='lat' dir='ltr'>bona</span> <span class='ocrx_word' id='word_1_576' title='bbox 1387 5589 1668 5653; x_wconf 77' lang='lat' dir='ltr'>Prisciani</span> <span class='ocrx_word' id='word_1_577' title='bbox 1692 5606 1878 5657; x_wconf 72' lang='lat' dir='ltr'>venia,</span> 
     </span>
    </p>
   </div>
   <div class='ocr_carea' id='block_1_85' title="bbox 505 5249 522 5474">
    <p class='ocr_par' dir='ltr' id='par_1_85' title="bbox 505 5249 522 5474">
     <span class='ocr_line' id='line_1_88' title="bbox 505 5249 522 5474; baseline 0 0"><span class='ocrx_word' id='word_1_578' title='bbox 505 5249 522 5474; x_wconf 73' lang='grc' dir='ltr'><em>ξ</em></span> 
     </span>
    </p>
   </div>
   <div class='ocr_carea' id='block_1_86' title="bbox 2044 4929 3662 5026">
    <p class='ocr_par' dir='ltr' id='par_1_86' title="bbox 2044 4929 3662 5026">
     <span class='ocr_line' id='line_1_89' title="bbox 2044 4929 3662 5026; baseline 0.002 -21"><span class='ocrx_word' id='word_1_579' title='bbox 2044 4929 2086 4994; x_wconf 78' lang='lat' dir='ltr'>C</span> <span class='ocrx_word' id='word_1_580' title='bbox 2196 4952 2309 5023; x_wconf 86' lang='lat' dir='ltr'>(l2)</span> <span class='ocrx_word' id='word_1_581' title='bbox 2339 4953 2446 5008; x_wconf 90' lang='lat' dir='ltr'>Pro</span> <span class='ocrx_word' id='word_1_582' title='bbox 2475 4957 2728 5026; x_wconf 65' lang='lat' dir='ltr'>sanctum</span> <span class='ocrx_word' id='word_1_583' title='bbox 2750 4956 2924 5026; x_wconf 87' lang='lat' dir='ltr'>pium,</span> <span class='ocrx_word' id='word_1_584' title='bbox 2959 4955 3017 5010; x_wconf 93' lang='lat' dir='ltr'>id</span> <span class='ocrx_word' id='word_1_585' title='bbox 3048 4959 3140 5011; x_wconf 90' lang='lat' dir='ltr'>est</span> <span class='ocrx_word' id='word_1_586' title='bbox 3178 4954 3530 5012; x_wconf 89' lang='lat' dir='ltr'>Ludovicum</span> <span class='ocrx_word' id='word_1_587' title='bbox 3577 4955 3662 5009; x_wconf 83' lang='lat' dir='ltr'>Au</span> 
     </span>
    </p>
   </div>
   <div class='ocr_carea' id='block_1_87' title="bbox 2134 4971 3782 5099">
    <p class='ocr_par' dir='ltr' id='par_1_87' title="bbox 2134 4971 3782 5099">
     <span class='ocr_line' id='line_1_90' title="bbox 2196 4971 3780 5080; baseline 0.002 -74"><span class='ocrx_word' id='word_1_588' title='bbox 2196 4971 2309 5023; x_wconf 66' lang='lat' dir='ltr'>(re)</span> <span class='ocrx_word' id='word_1_589' title='bbox 2339 4971 2446 5008; x_wconf 73' lang='lat' dir='ltr'>rro</span> <span class='ocrx_word' id='word_1_590' title='bbox 2475 4971 2722 5008; x_wconf 72' lang='lat' dir='ltr'>sanctum</span> <span class='ocrx_word' id='word_1_591' title='bbox 2750 4971 2924 5026; x_wconf 78' lang='lat' dir='ltr'>pium,</span> <span class='ocrx_word' id='word_1_592' title='bbox 2959 4971 3017 5010; x_wconf 84' lang='grc' dir='ltr'>ια</span> <span class='ocrx_word' id='word_1_593' title='bbox 3048 4971 3140 5011; x_wconf 80' lang='lat' dir='ltr'>est</span> <span class='ocrx_word' id='word_1_594' title='bbox 3180 4971 3530 5012; x_wconf 78' lang='lat' dir='ltr'>Luaokum</span> <span class='ocrx_word' id='word_1_595' title='bbox 3577 4971 3780 5080; x_wconf 66' lang='lat' dir='ltr'>augu-</span> 
     </span>
     <span class='ocr_line' id='line_1_91' title="bbox 2134 5024 3782 5099; baseline 0.002 -21"><span class='ocrx_word' id='word_1_596' title='bbox 2134 5028 2312 5099; x_wconf 77' lang='lat' dir='ltr'>stum,</span> <span class='ocrx_word' id='word_1_597' title='bbox 2325 5041 2510 5099; x_wconf 65' lang='lat' dir='ltr'>quem</span> <span class='ocrx_word' id='word_1_598' title='bbox 2537 5024 3056 5099; x_wconf 77' lang='lat' dir='ltr'>etErchempertus</span> <span class='ocrx_word' id='word_1_599' title='bbox 3071 5029 3476 5084; x_wconf 84' lang='lat' dir='ltr'>sanctissimum</span> <span class='ocrx_word' id='word_1_600' title='bbox 3503 5025 3674 5099; x_wconf 87' lang='lat' dir='ltr'>appel</span> <span class='ocrx_word' id='word_1_601' title='bbox 3702 5030 3782 5082; x_wconf 90' lang='lat' dir='ltr'>at.</span> 
     </span>
    </p>
   </div>
   <div class='ocr_carea' id='block_1_88' title="bbox 2203 5095 2942 5166">
    <p class='ocr_par' dir='ltr' id='par_1_88' title="bbox 2203 5095 2942 5166">
     <span class='ocr_line' id='line_1_92' title="bbox 2203 5095 2942 5166; baseline 0.004 -17"><span class='ocrx_word' id='word_1_602' title='bbox 2203 5097 2228 5162; x_wconf 93' lang='lat'>(</span> <span class='ocrx_word' id='word_1_603' title='bbox 2239 5095 2510 5166; x_wconf 84' lang='lat' dir='ltr'>l3)Forte,</span> <span class='ocrx_word' id='word_1_604' title='bbox 2535 5095 2777 5166; x_wconf 81' lang='lat' dir='ltr'>gaudens</span> <span class='ocrx_word' id='word_1_605' title='bbox 2808 5095 2942 5152; x_wconf 72' lang='lat' dir='ltr'>ibat.</span> 
     </span>
    </p>
   </div>
   <div class='ocr_carea' id='block_1_89' title="bbox 2202 5165 3786 5240">
    <p class='ocr_par' dir='ltr' id='par_1_89' title="bbox 2202 5165 3786 5240">
     <span class='ocr_line' id='line_1_93' title="bbox 2202 5165 3786 5240; baseline 0.002 -19"><span class='ocrx_word' id='word_1_606' title='bbox 2202 5165 2313 5238; x_wconf 85' lang='grc'>(14)</span> <span class='ocrx_word' id='word_1_607' title='bbox 2345 5167 2504 5236; x_wconf 88' lang='lat' dir='ltr'>Sado,</span> <span class='ocrx_word' id='word_1_608' title='bbox 2532 5165 2642 5240; x_wconf 68' lang='lat' dir='ltr'>seu</span> <span class='ocrx_word' id='word_1_609' title='bbox 2673 5167 2908 5240; x_wconf 84' lang='lat' dir='ltr'>Sadoan,</span> <span class='ocrx_word' id='word_1_610' title='bbox 2941 5169 3182 5240; x_wconf 82' lang='lat' dir='ltr'>Sugdan,</span> <span class='ocrx_word' id='word_1_611' title='bbox 3224 5169 3497 5240; x_wconf 9' lang='lat' dir='ltr'>princeps,</span> <span class='ocrx_word' id='word_1_612' title='bbox 3539 5171 3786 5225; x_wconf 87' lang='lat' dir='ltr'>Sarace-</span> 
     </span>
    </p>
   </div>
   <div class='ocr_carea' id='block_1_90' title="bbox 2131 5239 3785 5312">
    <p class='ocr_par' dir='ltr' id='par_1_90' title="bbox 2131 5239 3785 5312">
     <span class='ocr_line' id='line_1_94' title="bbox 2131 5239 3785 5312; baseline 0.002 -20"><span class='ocrx_word' id='word_1_613' title='bbox 2131 5254 2339 5294; x_wconf 86' lang='lat' dir='ltr'>norum</span> <span class='ocrx_word' id='word_1_614' title='bbox 2369 5243 2510 5312; x_wconf 85' lang='lat' dir='ltr'>tunc</span> <span class='ocrx_word' id='word_1_615' title='bbox 2531 5239 2839 5312; x_wconf 82' lang='lat' dir='ltr'>Beneventi</span> <span class='ocrx_word' id='word_1_616' title='bbox 2865 5239 3159 5312; x_wconf 82' lang='lat' dir='ltr'>captivus.</span> <span class='ocrx_word' id='word_1_617' title='bbox 3199 5239 3409 5297; x_wconf 86' lang='lat' dir='ltr'>Narrat</span> <span class='ocrx_word' id='word_1_618' title='bbox 3428 5239 3606 5312; x_wconf 85' lang='lat' dir='ltr'>etiam</span> <span class='ocrx_word' id='word_1_619' title='bbox 3633 5242 3785 5312; x_wconf 81' lang='lat' dir='ltr'>Ano-</span> 
     </span>
    </p>
   </div>
   <div class='ocr_carea' id='block_1_91' title="bbox 2131 5310 3785 5383">
    <p class='ocr_par' dir='ltr' id='par_1_91' title="bbox 2131 5310 3785 5383">
     <span class='ocr_line' id='line_1_95' title="bbox 2131 5310 3785 5383; baseline 0.004 -21"><span class='ocrx_word' id='word_1_620' title='bbox 2131 5325 2342 5379; x_wconf 80' lang='lat' dir='ltr'>nvmus</span> <span class='ocrx_word' id='word_1_621' title='bbox 2369 5310 2772 5383; x_wconf 81' lang='lat' dir='ltr'>Salernitanus</span> <span class='ocrx_word' id='word_1_622' title='bbox 2823 5310 2965 5383; x_wconf 79' lang='lat' dir='ltr'>ejus</span> <span class='ocrx_word' id='word_1_623' title='bbox 2991 5311 3236 5370; x_wconf 89' lang='lat' dir='ltr'>consilio</span> <span class='ocrx_word' id='word_1_624' title='bbox 3279 5313 3351 5368; x_wconf 90' lang='lat' dir='ltr'>ad</span> <span class='ocrx_word' id='word_1_625' title='bbox 3395 5311 3503 5368; x_wconf 90' lang='lat' dir='ltr'>hoc</span> <span class='ocrx_word' id='word_1_626' title='bbox 3554 5311 3785 5368; x_wconf 83' lang='lat' dir='ltr'>facinus</span> 
     </span>
    </p>
   </div>
   <div class='ocr_carea' id='block_1_92' title="bbox 2128 5381 2848 5455">
    <p class='ocr_par' dir='ltr' id='par_1_92' title="bbox 2128 5381 2848 5455">
     <span class='ocr_line' id='line_1_96' title="bbox 2128 5381 2848 5455; baseline 0.003 -19"><span class='ocrx_word' id='word_1_627' title='bbox 2128 5397 2301 5455; x_wconf 90' lang='lat' dir='ltr'>usum</span> <span class='ocrx_word' id='word_1_628' title='bbox 2334 5397 2462 5455; x_wconf 77' lang='lat' dir='ltr'>esse</span> <span class='ocrx_word' id='word_1_629' title='bbox 2491 5381 2848 5455; x_wconf 85' lang='lat' dir='ltr'>Adelgisum.</span> 
     </span>
    </p>
   </div>
   <div class='ocr_carea' id='block_1_93' title="bbox 2199 5453 3777 5526">
    <p class='ocr_par' dir='ltr' id='par_1_93' title="bbox 2199 5453 3777 5526">
     <span class='ocr_line' id='line_1_97' title="bbox 2199 5453 3777 5526; baseline 0.001 -18"><span class='ocrx_word' id='word_1_630' title='bbox 2199 5453 2565 5526; x_wconf 76' lang='lat' dir='ltr'>(l5)Saducto</span> <span class='ocrx_word' id='word_1_631' title='bbox 2595 5453 2934 5526; x_wconf 74' lang='lat' dir='ltr'>inoviabant.</span> <span class='ocrx_word' id='word_1_632' title='bbox 2963 5453 3132 5518; x_wconf 88' lang='lat' dir='ltr'>Quid.</span> <span class='ocrx_word' id='word_1_633' title='bbox 3155 5455 3247 5510; x_wconf 91' lang='lat' dir='ltr'>hic</span> <span class='ocrx_word' id='word_1_634' title='bbox 3277 5455 3653 5511; x_wconf 87' lang='lat' dir='ltr'>scribendum</span> <span class='ocrx_word' id='word_1_635' title='bbox 3675 5453 3777 5522; x_wconf 89' lang='lat' dir='ltr'>sit,</span> 
     </span>
    </p>
   </div>
   <div class='ocr_carea' id='block_1_94' title="bbox 2127 5524 3778 5603">
    <p class='ocr_par' dir='ltr' id='par_1_94' title="bbox 2127 5524 3778 5603">
     <span class='ocr_line' id='line_1_98' title="bbox 2127 5524 3778 5603; baseline 0.003 -25"><span class='ocrx_word' id='word_1_636' title='bbox 2127 5524 2332 5603; x_wconf 73' lang='lat' dir='ltr'>majori</span> <span class='ocrx_word' id='word_1_637' title='bbox 2363 5524 2480 5603; x_wconf 76' lang='lat' dir='ltr'>otio</span> <span class='ocrx_word' id='word_1_638' title='bbox 2511 5525 2838 5603; x_wconf 31' lang='lat' dir='ltr'>fruentib‘us</span> <span class='ocrx_word' id='word_1_639' title='bbox 2869 5526 3253 5585; x_wconf 88' lang='lat' dir='ltr'>divinandum</span> <span class='ocrx_word' id='word_1_640' title='bbox 3287 5527 3574 5603; x_wconf 86' lang='lat' dir='ltr'>relinquo.</span> <span class='ocrx_word' id='word_1_641' title='bbox 3623 5526 3778 5584; x_wconf 85' lang='lat' dir='ltr'>Num</span> 
     </span>
    </p>
   </div>
   <div class='ocr_carea' id='block_1_95' title="bbox 2126 5541 2821 5681">
    <p class='ocr_par' dir='ltr' id='par_1_95' title="bbox 2126 5541 2821 5681">
     <span class='ocr_line' id='line_1_99' title="bbox 2127 5541 2821 5581; baseline 0.004 -3"><span class='ocrx_word' id='word_1_642' title='bbox 2127 5541 2222 5579; x_wconf 88' lang='lat' dir='ltr'>ma</span> <span class='ocrx_word' id='word_1_643' title='bbox 2249 5541 2332 5581; x_wconf 77' lang='lat' dir='ltr'>0P1</span> <span class='ocrx_word' id='word_1_644' title='bbox 2363 5541 2480 5581; x_wconf 86' lang='grc' dir='ltr'>οιιο</span> <span class='ocrx_word' id='word_1_645' title='bbox 2511 5541 2821 5581; x_wconf 73' lang='grc' dir='ltr'>ῐῐουεηιιουε</span> 
     </span>
     <span class='ocr_line' id='line_1_100' title="bbox 2126 5541 2821 5681; baseline -0.003 -25"><span class='ocrx_word' id='word_1_646' title='bbox 2126 5541 2543 5678; x_wconf 55' lang='grc' dir='ltr'>ᾳαίιοὺυίαὺαηι</span> <span class='ocrx_word' id='word_1_647' title='bbox 2571 5597 2821 5681; x_wconf 74' lang='lat' dir='ltr'>imperio.</span> 
     </span>
    </p>
   </div>
  </div>
