3946 6358
98 310 219 373 805
1409 309 1773 377 RHYTHMI
1818 310 2203 379 VETERES.
3387 318 3508 384 806

604 442 894 517 Tamquam
915 446 983 501 ad
1014 446 1282 502 latronem
1309 448 1534 502 venistis
1562 464 1689 501 cum
1715 447 1916 517 gladiis
1948 457 1997 503 et
2026 450 2268 520 fustibus

461 534 585 590 Fuit
595 535 719 606 jam
742 552 977 607 namque
1006 543 1236 608 tempus,
1267 552 1360 591 vos
1382 536 1639 592 allevavit
1668 536 1779 607 (16)
1812 538 1874 592 in
1900 538 2153 593 omnibus
2179 556 2192 594 :

611 622 759 679 Modo
786 639 911 681 vero
938 626 1259 681 surrexistis
1288 625 1545 681 adversus
1573 640 1658 680 me
1683 626 1996 681 concilium.

601 712 787 768 Nescio
812 727 912 785 pro
937 713 1049 784 (l7)
1080 713 1212 785 quid
1239 728 1465 770 causam
1492 714 1659 769 vultis
1685 728 1772 768 me
1795 714 2052 770 occidere.

458 797 747 857 Generacio
769 801 1009 857 crudelis
1038 802 1152 871 (l8)
1182 803 1308 858 veni
1336 801 1660 871 interﬁcere,

601 889 836 946 Ecclesie
865 906 968 962 que
994 892 1196 947 sanctis
1224 891 1322 945 Dei
1352 891 1510 945 venio
1537 890 1786 961 diligere.

607 977 889 1047 Sanguine
918 980 1043 1035 veni
1071 978 1372 1047 vindicare,
1406 978 1550 1050 quod
1575 995 1738 1050 super
1768 982 1974 1034 terram
2001 981 2157 1050 fusus
2184 988 2280 1036 est.

463 1064 704 1123 Kalidus
727 1066 844 1133 ille,
867 1071 1145 1124 temtator
1169 1067 1280 1140 (19)
1304 1070 1497 1123 ratum
1529 1068 1720 1139 adque
1750 1068 1987 1125 nomine

610 1154 894 1212 Coronam
931 1155 1160 1228 imperii
1192 1156 1305 1212 sibi
1337 1155 1397 1211 in
1429 1160 1605 1227 caput
1626 1159 1801 1228 ponet
1830 1156 1943 1228 (20)
1974 1160 2033 1213 et
2063 1156 2289 1213 dicebat
2319 1157 2535 1231 populo
2563 1176 2575 1214 :

602 1244 732 1300 Eme
758 1260 945 1300 sumus
972 1246 1270 1315 imperator
1299 1262 1318 1298 :
1349 1259 1572 1315 possum
1601 1245 1714 1316 (21)
1744 1234 1892 1300 vobis
1919 1262 2121 1318 regere.

465 1332 605 1388 Leto
627 1331 823 1387 animo
853 1330 1105 1387 habebat
1135 1332 1249 1404 (22)
1279 1332 1351 1387 de
1382 1331 1483 1387 illo
1510 1348 1624 1405 quo
1655 1333 1886 1388 fecerat.

603 1423 649 1475 A
674 1419 956 1476 Demonio
986 1421 1101 1491 (23)
1133 1424 1391 1487 vexatur,
1426 1422 1495 1476 ad
1523 1425 1738 1476 terram
1770 1420 2077 1477 ceciderat.

602 1508 879 1563 Exierunt
910 1508 1107 1563 multae
1138 1513 1345 1564 turmae
1374 1509 1568 1564 videre
1600 1507 1910 1564 mirabilia.

471 1597 719 1671 Magnus
751 1597 1032 1652 Dominus
1061 1599 1172 1669 (24)
1201 1598 1373 1652 Jesns
1403 1597 1669 1651 Christus
1697 1596 1976 1668 iudicavit
1996 1598 2312 1669 judicium.

612 1684 795 1740 Multa
826 1701 968 1757 gens
1000 1701 1326 1758 pagnorum
1359 1686 1477 1739 exit
1502 1686 1559 1739 in
1593 1688 1704 1756 (25)
1736 1685 2022 1751 Calabria,

614 1774 801 1845 Super
830 1773 941 1845 (26)
972 1773 1210 1829 Salerno
1246 1779 1631 1846 pervenerunt
1660 1774 1957 1846 possidere
1985 1775 2224 1830 Civitas.

464 1862 733 1918 Juratum
765 1862 878 1934 (27)
899 1865 957 1917 et
987 1863 1058 1916 ad
1090 1864 1290 1917 sancte
1320 1861 1420 1917 Dei
1451 1861 1694 1933 reliquie

610 1955 739 2023 Ipse
767 1965 1010 2023 regnum
1040 1950 1494 2020 defendendum,
1527 1954 1582 2005 et
1613 1950 1797 2007 alium
1829 1950 2139 2023 requirere.

167 2102 289 2171 (16)
318 2102 427 2174 Pro
460 2103 712 2157 allevavi.
749 2102 1036 2158 Beneﬁcia
1067 2101 1263 2156 innuit
1310 2100 1368 2156 in
1403 2102 1760 2157 Beneventa-
1910 2173 1915 2174 7
1943 2104 2057 2174 (271i)
2093 2102 2420 2158 Scriberem
2450 2104 2697 2171 domnus,
2735 2111 2798 2160 ut
2850 2123 3128 2162 mensura
3150 2107 3361 2174 prioris
3391 2124 3516 2164 ver-

108 2172 494 2250 no_s_co_ll_ata.
565 2243 576 2250 _
659 2244 703 2250 __
999 2243 1031 2250 _
1108 2243 1139 2250 __
1871 2172 2040 2250 siculi
2065 2174 2280 2250 rectius
2309 2176 2968 2250 propederet._b'cdlcges
2992 2172 3518 2250 syllabarumvideo

208 2245 290 2322 l2)
313 2243 626 2322 Elegantia
659 2243 961 2322 Tulliana».
996 2243 1196 2299 Scribe
1223 2260 1324 2322 pro
1357 2259 1460 2315 qua
1491 2260 1675 2322 causa.
1745 2319 1752 2322 7
1871 2243 2007 2322 alibi
2030 2243 2359 2322 neglectas.
2396 2245 2779 2302 Scribcndum
2833 2243 3064 2321 quoque
3116 2250 3263 2305 foret
3301 2249 3518 2322 judical

202 2314 292 2386 18)
342 2314 485 2373 Veni
533 2314 702 2370 illum
750 2314 1096 2379 interficere,
1156 2314 1257 2386 qui
1305 2314 1419 2369 huc
1465 2315 1641 2377 venit,
1693 2319 1762 2370 ut
1855 2314 2159 2380 judicium:

104 2385 384 2442 ecclesias
414 2390 649 2442 sanctas
680 2386 777 2441 Dei
813 2385 1298 2458 eSaracenorum
1322 2387 1468 2458 jugo
1490 2386 1755 2458 eriperet.
1940 2388 2055 2456 (25)
2089 2387 2197 2458 Pro
2229 2403 2259 2441 e
2288 2386 2573 2443 Calabria.

104 2458 377 2529 Hostium
395 2463 632 2514 tuorum
655 2457 1026 2529 sanguinem.
1046 2458 1147 2529 qui
1172 2474 1348 2529 super
1360 2457 1757 2513 terraml'usus
1906 2528 1911 2529 7
1939 2461 2054 2529 (26)
2095 2457 2347 2513 Exeunte
2360 2475 2541 2529 supra
2563 2464 2883 2514 memorato
2905 2475 3058 2515 anno
3078 2463 3179 2516 871
3205 2460 3514 2523 Salernum

105 2535 214 2597 est,
245 2528 380 2585 veni
410 2529 724 2585 vindicare.
886 2598 900 2600 _
939 2599 980 2600 77
1012 2534 1021 2535 ’
1184 2598 1195 2600 7
1239 2528 1263 2600 ς
1306 2598 1314 2600 _
1866 2528 2171 2584 obsidione
2205 2528 2478 2600 pressum
2517 2534 2606 2584 est
2655 2546 2685 2584 u
2716 2530 3042 2599 Saracenis,
3095 2549 3273 2600 quam
3295 2532 3516 2591 solvere

150 2549 214 2597 il,
245 2549 380 2585 veni
410 2549 724 2585 vmaicare.
754 2572 759 2575 .
1866 2549 2171 2584 0081010118
2205 2549 2478 2600 pressum
2517 2549 2606 2584 est.
2655 2549 2685 2584 a
2716 2549 3042 2599 Saracenis,
3137 2549 3273 2587 nam
3295 2549 3514 2591 scivere

150 2600 291 2673 (19)
323 2600 731 2673 Quisteutator
758 2598 1087 2673 iste?_Num
1117 2598 1447 2673 Adelgisus,
1499 2615 1575 2673 an
1622 2603 1753 2673 Seo-
1865 2600 2104 2653 demum
2122 2599 2301 2673 coacti
2321 2603 2477 2673 sunt,
2489 2549 3197 2673 regressoadvcrsusiﬁos
3225 2603 3514 2660 Ludovico

105 2668 241 2738 ἀπ’
273 2668 379 2727 'aut
402 2671 552 2727 alius
584 2670 933 2743 quisquam?
960 2669 1198 2725 Noctem
1226 2668 1443 2725 faciunt
1464 2671 1637 2727 verba
1657 2670 1755 2725 illa
1864 2674 2148 2732 Augusto.
2181 2670 2292 2743 Pro
2319 2668 2594 2743 possidere
2623 2672 2936 2727 scriberem
2966 2673 3227 2730 obsidere.

102 2746 481 2817 ratu-inatque
508 2742 628 2815 [pro
684 2742 866 2813 atque]
894 2742 1134 2797 nomine.
1901 2744 2047 2817 7(27)
2078 2742 2332 2817 Stropha
2361 2742 2485 2817 haec
2516 2749 2786 2817 spectans
2817 2744 2890 2817 ad
2914 2743 3191 2817 litteram!
3212 2761 3392 2817 supra
3422 2747 3518 2802 de-

195 2758 293 2798 um
320 2758 481 2814 atque
509 2758 628 2815 [pro
684 2758 866 2813 atque]
894 2758 1134 2797 nomme.
1933 2758 2047 2812 (21)
2078 2758 2332 2867 mrogna
2364 2758 2485 2797 nam
2516 2758 2786 2814 spectans
2817 2758 2890 2798 aa
2914 2758 3191 2800 llttemml
3212 2761 3392 2817 supra
3422 2758 3513 2802 de-

195 2814 639 2897 297)P'ro_ponit.7
825 2884 864 2897 Μ
1018 2882 1054 2897 77
1104 2882 1138 2897 μ
1358 2885 1366 2895 _
1864 2813 2195 2897 sideratur.‘
2226 2883 2239 2895 θ
2259 2813 2412 2895 escio
2440 2830 2519 2894 an
2550 2830 2657 2869 suo
2696 2815 2820 2897 loco
2845 2814 2921 2869 sit
2939 2815 3513 2897 restituenda._\fidaf

194 2882 291 2953 21)
320 2882 525 2957 Latine
556 2885 756 2957 volens
784 2884 987 2939 eil'erre
1018 2882 1279 2957 Italicum
1314 2885 1366 2938 vi
1387 2900 1549 2957 passo
1569 2900 1755 2955 regere
1864 2888 2167 2957 turautem
2183 2883 2460 2957 hicinnui
2473 2892 2910 2957 sacramentum
2929 2902 3046 2957 quo
3064 2903 3194 2942 sese
3208 2887 3518 2944 obstrinxit

104 2954 519 3031 ignoravit,7an
551 2955 698 3012 illud
731 2954 1133 3011 viuccusalivo
1157 2954 1531 3028 responderet
1556 2954 1752 3028 potius
1865 2954 2211 3031 Ludovicus,
2242 2971 2297 3031 se
2324 2954 2629 3010 vindictam
2659 2956 2903 3031 aliquam
2932 2954 3001 3012 ex
3023 2957 3322 3025 calumnia,
3355 2975 3518 3031 quam

107 3026 285 3100 quam
313 3027 537 3100 dativo.
1003 3097 1012 3100 _
1206 3099 1213 3100 7
1556 3026 1575 3100 ξ
1611 3097 1629 3100 _
1862 3028 2001 3100 trino
2041 3026 2372 3100 patiebatur,
2428 3042 2715 3098 nunquam
2751 3026 3091 3091 ‘exaturum,
3140 3034 3224 3100 ut
3312 3026 3516 3085 scribit

173 3098 289 3182 (22)
321 3098 428 3154 Pro
484 3099 692 3167 abibat,
723 3103 788 3153 ut
812 3102 972 3169 puto,
999 3097 1166 3153 latus
1184 3099 1254 3153 de
1276 3096 1397 3163 illo,
1422 3097 1577 3170 quod
1603 3097 1749 3154 fece-
1864 3096 2417 3182 Begin'o.nC¢eterum
2449 3096 2778 3182 mancapst
2807 3100 2926 3154 haec
2973 3099 3248 3182 stropha,7
3281 3106 3352 3182 et_
3393 3100 3517 3156 alia;

112 3167 351 3245 rat._'__
408 3240 463 3245 __
534 3239 546 3245 Α
702 3244 707 3245 7
815 3167 828 3169 “
880 3240 900 3245 Α
1006 3239 1018 3245 _
1174 3240 1236 3245 77
1276 3239 1290 3245 _
1331 3239 1388 3245 __
1439 3167 1458 3170 “
1530 3239 1540 3245 _
1861 3167 3516 3245 integra;fortassedesiderantur:nequeenimrhythmus

176 3240 291 3315 (2_3)
311 3237 379 3315 E_t
407 3240 501 3296 hic
532 3239 855 3315 incertum,
876 3239 1123 3315 fueritne
1156 3239 1424 3296 Adelcbis
1454 3239 1746 3312 princeps,
1859 3256 1963 3311 per
1990 3237 2268 3311 reliquias
2301 3238 2351 3295 al
2361 3239 2598 3312 phabeti
2627 3239 2855 3297 litteras
2888 3237 3281 3315 progreditur.

108 3311 464 3380 an’Seodan,
493 3316 734 3368 vexatus
763 3328 797 3367 a
825 3311 1131 3367 daemonio.

735 3596 1249 3690 CARMEN
1294 3596 1482 3689 ’ΒΕ
1547 3596 2018 3691 JOSEPH
2092 3596 2889 3689 PATRIARCHA

247 3802 464 3874 (Edidit
493 3806 558 3858 D.
590 3801 849 3866 ΟΖΑΝΑΜ,
886 3806 1213 3860 Documents
1243 3803 1444 3858 inedits
1466 3818 1608 3874 pour
1633 3804 1809 3858 servir
1835 3803 1869 3857 ὰ
1899 3802 2163 3858 l’hisloire
2190 3801 2254 3857 de
2284 3801 2502 3869 l’Italie,
2546 3803 2681 3869 etc.,
2714 3818 2770 3874 p.
2799 3802 2887 3870 46,
2919 3817 2987 3858 ex
3019 3799 3144 3857 cod.
3177 3799 3365 3857 Vatic.

1598 4028 2012 4047 ἡ

248 3880 253 3884 ’
1673 3892 1729 3929 n.
1762 3875 1921 3929 3325.

172 4188 418 4264 Joseph,
448 4187 566 4246 Deo
596 4188 868 4245 amabilis
1273 4190 1353 4244 Ac
1384 4188 1432 4245 si
1461 4187 1561 4244 Dei
1594 4186 1825 4261 negotio
1850 4206 1863 4256 ;
2448 4186 2657 4244 Necem
2691 4186 2857 4253 ferte,
2888 4190 2953 4242 ut
2977 4190 3178 4258 pareat

106 4277 262 4334 Patri
298 4274 490 4335 dulcis
519 4283 576 4335 et
605 4278 841 4347 habilis,
1277 4278 1588 4334 Fraternus
1618 4276 1763 4332 livor
1794 4274 1989 4332 invido
2446 4277 2533 4332 An
2555 4276 2777 4349 juvarit
2806 4275 2961 4348 quod
2986 4274 3305 4331 somniat...
3337 4295 3366 4325 »

104 4366 253 4425 Puer
280 4367 534 4425 formose
556 4367 773 4423 indolis
1274 4366 1532 4421 Advertit
1561 4366 1662 4421 sed
1696 4365 1803 4421 hoc
1827 4366 2023 4421 animo
2609 4365 2851 4438 Culpam
2883 4365 3068 4420 vitant
3093 4362 3350 4431 sceleris,

106 4456 171 4511 Et
187 4456 377 4530 gratie
408 4456 853 4530 multiplicisl...
1346 4455 1561 4528 Joseph
1594 4455 1751 4510 domi
1782 4454 2065 4522 residens,
2445 4454 2526 4509 Ne
2554 4454 2945 4509 criminentur
2973 4453 3301 4525 sanguinis,

168 4546 318 4602 Hinc
348 4545 461 4618 ipsi
491 4561 638 4602 nova
664 4546 895 4601 somnia
1272 4544 1372 4601 Rei
1403 4543 1621 4617 private
1651 4543 1981 4616 providens,
2439 4544 2683 4612 Sumpto
2715 4542 2905 4613 pondo
2928 4540 3326 4609 nurnismatis,

97 4634 212 4691 Celi
244 4636 595 4708 premebant
622 4636 837 4704 sidera,
1270 4633 1521 4690 Jubetur
1549 4648 1684 4688 mox
1712 4630 1962 4687 invisere
2441 4629 2535 4684 Sic
2568 4629 2832 4683 vendunt
2858 4628 3262 4700 Agarenicis...

95 4724 181 4780 Ad
202 4722 388 4781 futuri
417 4723 656 4792 indicia,
1271 4726 1564 4779 Cunctane
1595 4724 1801 4795 gerant
1828 4734 2167 4793 prospere...
2616 4716 2885 4789 Segardus
2914 4716 3012 4773 hoc
3039 4716 3312 4773 dielamen
3347 4715 3501 4791 fecit.

99 4811 215 4886 Ipsi
248 4812 422 4886 quasi
445 4813 805 4886 supplicia...
1342 4810 1457 4867 Nec
1485 4827 1652 4868 mora
1685 4828 1698 4867 :
1729 4813 1796 4866 ut
1824 4808 2192 4882 conspiciunt

166 4901 437 4959 Intentus
463 4904 554 4959 est
583 4902 846 4976 auspicio
1271 4924 1297 4952 «
1331 4901 1416 4956 En
1438 4899 1791 4969 Somniator,
1822 4898 1987 4956 aiunt
2018 4916 2038 4953 :
