3946 6364
403 359 514 444 eu
1188 468 1190 470 τ
1591 385 1781 448 εΑῑο.
1824 382 1903 448 XI
1952 381 2262 450 MONUM.
2309 383 2622 450 LITURG.
3696 363 3821 445 me

401 515 620 588 pariter
666 516 859 574 omnis
909 517 1172 589 ecclesia,
1241 523 1350 575 etc.
1381 519 1589 576 —Sed
1659 537 1772 576 non
1849 521 2046 576 minus
2076 525 2132 590 Α
2225 521 2280 590 _5.
2321 519 2630 576 Fulserunt
2677 519 2960 576 immania
3005 521 3171 575 nocte
3228 516 3422 574 media
3472 517 3822 590 pastoribus

407 601 758 677 Radaspona
787 605 959 668 beata
987 622 1114 680 quae
1145 610 1294 664 nutu
1325 624 1538 681 supero
1568 608 1860 666 translata
1901 625 2058 665 nunc
2165 607 2410 678 lumina,

407 707 546 749 ossa
571 691 747 750 habet
767 694 990 764 eadem,
1015 699 1127 752 etc.
1220 690 1225 695 ’
1959 729 1964 734 -
2233 699 2286 775 6.
2321 698 2472 753 Dum
2498 698 2695 755 fovent
2725 715 2833 754 sua
2863 713 3075 770 pecora
3110 697 3306 754 subito
3366 695 3564 753 divina
3608 697 3822 772 praeci-

831 781 976 839 XIII.
1003 785 1081 841 De
1107 785 1160 840 8.
1171 785 1360 857 jacobo
1384 803 1473 858 ap.
1505 786 1647 859 (Pr.)
2166 786 2337 859 piunt
2364 785 2621 842 monita:

479 868 678 926 Gaude
698 869 912 928 Christi
933 869 1173 946 sponsa,
1195 874 1358 948 virgo
1381 879 1566 930 mater
1611 873 1890 944 Ecclesia,
1945 879 2054 930 etc.
2235 877 2286 930 7.
2323 876 2425 930 Est
2453 875 2746 932 immensa
2774 875 2832 930 in
2864 874 3007 932 caelo
3036 874 3244 948 gloria,
3279 891 3390 948 pax
3421 877 3478 931 et
3507 873 3568 930 in
3619 879 3819 931 terra:

691 959 842 1017 XIII.
872 962 936 1018 In
963 967 1153 1020 octava
1181 965 1492 1020 Nativitatis
1521 965 1761 1020 Domini.
2235 961 2289 1016 8.
2323 961 2508 1018 Natus
2539 960 2694 1018 alma
2718 961 2941 1036 virgine
2971 961 3070 1034 qui
3101 966 3290 1019 exstat
3319 965 3454 1018 ante
3486 960 3725 1018 saecula.

478 1047 696 1117 Gaude,
727 1047 912 1105 Maria
938 1051 1100 1125 virgo
1134 1051 1234 1108 Dei
1255 1051 1524 1126 genitrix,
1568 1070 1695 1126 qua:
1749 1051 2058 1125 promissis
2236 1051 2289 1104 9.
2322 1050 2412 1104 Sic
2441 1065 2576 1122 ergo
2607 1049 2736 1106 coeli
2773 1053 3002 1107 caterva
3031 1049 3318 1106 altissime
3340 1050 3534 1122 jubila

413 1135 698 1194 Gabrielis
727 1155 829 1211 spe
860 1139 1068 1196 devota
1097 1141 1415 1210 credidisti,
1451 1145 1559 1198 etc.
2241 1139 2326 1193 10.
2361 1137 2433 1193 Ut
2459 1142 2622 1196 tanto
2653 1155 2862 1195 canore
2889 1143 3104 1195 tremat
3133 1138 3250 1195 alta
3278 1137 3395 1212 poli
3427 1139 3728 1196 machina.

762 1226 905 1283 XIV.
947 1231 1008 1284 In
1037 1238 1226 1286 octava
1252 1231 1507 1286 Paschali
1533 1231 1695 1303 (Pr.).
2241 1227 2328 1282 11.
2361 1230 2666 1283 Contracta
2694 1232 2834 1284 sunt
2860 1227 3106 1300 imperia
3125 1227 3315 1284 hostis
3343 1227 3780 1286 crudelissima.

481 1313 613 1371 Hec
641 1318 732 1370 est
761 1320 967 1372 sancta
993 1317 1362 1376 sollemnitas
1411 1318 1891 1389 Sollemnitatum,
1945 1321 2056 1374 etc.
2240 1317 2327 1370 12.
2357 1314 2628 1371 Humana
2659 1320 3012 1388 concrepant
3042 1319 3252 1373 cuncta
3281 1317 3456 1373 deum
3487 1321 3695 1373 natum
3728 1317 3820 1374 in-

843 1404 962 1460 XV.
993 1407 1154 1462 Feria
1179 1412 1334 1462 sexta
1365 1409 1424 1463 in
1453 1407 1623 1464 Albis.
2169 1408 2344 1460 terra.

478 1490 534 1548 Is
563 1490 664 1564 qui
695 1493 861 1564 prius
890 1494 1160 1551 habitum
1193 1495 1402 1552 mortis
1431 1496 1641 1566 induit,
1661 1499 1770 1552 etc.
2243 1493 2328 1548 13.
2361 1492 2477 1548 Pax
2506 1492 2566 1547 in
2595 1496 2752 1548 terra
2805 1493 3050 1562 reddita,
3101 1510 3258 1550 nunc
3305 1492 3576 1550 laetentur
3621 1495 3826 1551 omnia

811 1581 953 1639 XVI.
985 1585 1045 1639 In
1075 1591 1263 1664 octava
1291 1587 1637 1656 Epiphania.
2169 1581 2288 1638 nati
2325 1598 2433 1664 rer
2452 1580 2706 1636 exordia.

477 1679 596 1734 Iste
621 1670 748 1732 dies
780 1672 1026 1730 celebris
1059 1661 1307 1742 constat,
1341 1679 1448 1729 etc.
2246 1671 2330 1724 14.
2366 1661 2544 1724 Sonet
2573 1672 2631 1724 et
2657 1685 2760 1740 per
2787 1668 2988 1725 omnia
3016 1669 3126 1725 hac
3157 1669 3217 1724 in
3248 1670 3344 1726 die
3371 1668 3560 1744 gloria
3573 1687 3719 1728 voce

645 1763 815 1820 XVII.
853 1763 1139 1819 Dominica
1162 1766 1280 1832 post
1308 1766 1554 1818 octavam
1576 1762 1818 1818 Pascha.
2171 1757 2328 1813 clara
2359 1757 2610 1813 reddita.
3283 1769 3288 1774 '

479 1842 751 1911 Judicem
803 1867 910 1906 nos
959 1849 1390 1922 inspicientem,
1461 1853 1664 1924 crypta
1730 1850 1922 1906 cordis
1987 1848 2060 1904 ri-
2093 1885 2139 1951 B
2245 1847 2330 1902 15.
2363 1845 2528 1951 Solus
2556 1845 2663 1945 qui
2684 1849 2882 1951 tuetur
2908 1848 3127 1913 omnia,

411 1945 696 2011 mantem,
729 1944 837 1998 etc.
2093 1933 2139 1951 ¹¹
2243 1936 2328 1988 16.
2363 1933 2536 1990 Solus
2565 1933 2666 2006 qui
2697 1935 2984 2008 gubernat
3015 1934 3232 2004 omnia,

946 2026 1148 2082 XVIII.
1181 2027 1382 2082 Eadem
1408 2027 1516 2085 die.
2239 2023 2327 2076 17.
2361 2021 2493 2093 Ipse
2524 2039 2634 2076 sua
2664 2023 2886 2094 pietate
2915 2022 3098 2080 salvet
3125 2023 3324 2081 omnia
3353 2028 3559 2097 pacata
3585 2041 3791 2100 regna.

486 2119 642 2176 Laeta
668 2119 866 2174 mente
893 2131 1176 2172 canamus
1205 2115 1453 2172 Domino
1481 2121 1702 2185 nostro,
1733 2121 1842 2174 etc.
2589 2111 2759 2179 XXV,
2791 2117 2870 2168 De
2898 2113 2956 2169 S.
2991 2114 3159 2169 Cruce
3185 2114 3254 2171 Μ.
3279 2113 3398 2182 Η.)

447 2195 452 2200 ’
921 2203 1055 2260 XIX.
1085 2205 1160 2261 De
1185 2209 1247 2262 s.
1280 2206 1526 2262 Nicolao,
2236 2197 2402 2254 Nunc
2433 2199 2624 2254 crucis
2654 2198 2812 2254 alma
2838 2204 3011 2256 canta
3037 2201 3270 2274 gaudia,
3304 2206 3411 2258 cto.

487 2294 684 2352 Laude
714 2283 1212 2366 condignissimus
1242 2292 1368 2349 dies
1397 2309 1596 2349 annua
1625 2293 1816 2350 reddit
1845 2293 2060 2367 gaudia
2657 2287 2934 2346 XXVI.De
2963 2289 3018 2344 8.
3054 2290 3333 2346 Trinitate.

411 2383 741 2458 praesentia,
773 2387 882 2439 etc.
2237 2377 2514 2449 Prompta
2533 2382 2728 2432 mente
2749 2393 3032 2434 canamus
3052 2377 3326 2434 Trinitati
3349 2377 3688 2446 individuis,
3713 2386 3834 2440 etc.

832 2475 954 2526 XX.
989 2473 1150 2527 Feria
1181 2473 1376 2542 quinta
1412 2473 1474 2526 in
1504 2471 1680 2528 Albis.
2451 2465 2677 2522 XXVII.
2709 2467 2992 2523 Dominica
3017 2472 3138 2539 post
3164 2469 3566 2525 Ascensionem.

481 2561 710 2619 Laudes
741 2560 989 2618 Domino
1021 2560 1288 2617 concinat
1319 2559 1481 2618 orbis
1516 2562 1732 2634 ubique
1762 2564 1921 2617 totus
1962 2559 2062 2632 qui
2160 2600 2171 2606 -
2243 2553 2427 2618 Quam
2455 2553 2607 2610 mira
2639 2559 2796 2610 sunt.
2831 2555 3006 2623 Delia,
3039 2559 3143 2612 tua
3173 2560 3462 2629 portenta,
3495 2563 3604 2615 etc.

417 2650 601 2724 gratis
631 2653 720 2705 est
749 2648 1052 2718 liberatus,
1085 2654 1194 2704 etc.
2615 2643 2854 2699 XXVIII.
2887 2644 2961 2699 De
2991 2643 3044 2704 8.
3081 2645 3390 2702 Benedicto.

662 2739 679 2751 '
869 2737 1010 2792 XXI.
1043 2739 1117 2792 De
1143 2739 1199 2793 S.
1233 2740 1592 2796 Emmeramo,
1871 2761 1877 2768 ο
2245 2731 2352 2796 Qui
2384 2731 2692 2787 Benedicto
2723 2733 2938 2805 cupitis
2970 2733 3086 2789 huc
3115 2733 3306 2790 festivi
3339 2735 3574 2802 currite,
3609 2740 3726 2803 etc,

491 2827 720 2882 Laudes
751 2826 1000 2882 Domino
1031 2829 1233 2882 nostro
1263 2828 1742 2884 nostraconcinat
1762 2827 2069 2885 harmonia
2499 2820 2698 2876 XXIX-
2731 2823 2790 2876 Ιη
2826 2822 3187 2879 translatione
3200 2822 3256 2878 S.
3281 2823 3533 2894 Quirini.

419 2930 486 2970 ac
522 2913 706 2986 patris
736 2912 1070 2980 venerandi,
1104 2915 1212 2968 etc.
2254 2911 2520 2966 Romana
2551 2908 2733 2982 stirpe
2762 2909 3040 2976 Quirinus
3072 2916 3431 2984 procreatus,
3463 2917 3577 2970 etc.

655 2999 828 3056 XXII.
857 3001 1146 3056 Dominica
1170 3010 1294 3072 post
1321 3005 1564 3058 octavam
1590 3004 1837 3061 Pascha.
2489 2997 2740 3055 XXX-De
2766 2999 3233 3072 A88umpti0ne.3-
3271 3001 3325 3057 ν.
3362 3001 3448 3064 (Π.
3473 3002 3564 3074 Η)
3663 3024 3668 3031 ’

477 3089 645 3146 'Laus
676 3087 782 3144 tibi
813 3089 907 3158 sit,
940 3107 973 3145 ο
1002 3089 1191 3146 fidelis
1224 3090 1402 3158 Deus,
1435 3095 1550 3147 etc.
2250 3087 2418 3144 Salve
2448 3091 2614 3160 porta
2646 3091 2936 3160 perpetua
2968 3087 3118 3146 lucis
3148 3088 3396 3162 fulgida,
3418 3095 3529 3146 etc.

879 3175 1066 3234 XXIII.
1099 3179 1176 3234 De
1200 3195 1306 3234 uno
1333 3185 1594 3252 martyre.
2114 3250 2123 3252 Α
2535 3175 2716 3232 XXXI.
2751 3181 2833 3233 De
2861 3176 2916 3232 8.
2943 3179 3201 3234 Mauritio
3225 3177 3314 3240 (Μ.
3337 3179 3453 3251 11.)

493 3264 662 3322 Miles
707 3265 918 3340 inclyte
965 3267 1275 3324 fortissimi
1317 3250 1738 3342 regis—Christi
1796 3287 1904 3328 nos
1969 3271 2065 3327 ad-
2094 3250 2138 3318 α
2249 3265 2442 3322 Sancti
2469 3264 2606 3321 belli
2628 3265 2992 3322 celebremus
3015 3250 3543 3340 triumphum,etc.

411 3355 578 3427 juva,
611 3359 720 3412 etc.
2662 3353 2873 3410 XXXII.
2906 3357 2980 3411 De
3008 3355 3336 3428 virginibus.

511 3443 705 3500 XXIV.
729 3445 793 3501 In
818 3446 1108 3502 nativitate
1138 3447 1360 3504 Domini
1387 3447 1457 3503 ad
1483 3448 1622 3520 galli
1649 3453 1874 3506 cantum
1900 3451 1997 3522 (5),
2253 3442 2481 3500 Scalam
2497 3443 2568 3498 ad
2581 3443 2762 3499 cmlos
2775 3443 3110 3500 subrectam
3123 3445 3430 3501 tormentis
3444 3445 3701 3504 cinctam
3722 3451 3840 3504 etc.

487 3535 540 3589 1.
574 3533 719 3590 Nato
751 3539 970 3590 canunt
1005 3537 1206 3592 omnia
1234 3535 1486 3592 Domino
1518 3537 1610 3610 pie
1641 3539 1880 3612 agmina

2607 3531 2856 3588 XXXIII.
2889 3534 3097 3588 Diebus
3123 3535 3446 3602 Dominicis,

485 3625 540 3677 2.
574 3621 918 3696 Syllabatim
953 3628 1231 3681 neumata
1262 3627 1710 3698 perstringendo
1733 3629 2030 3697 organica.
2251 3621 2426 3678 Stans
2444 3637 2478 3676 a
2498 3618 2668 3694 longe
2681 3620 2779 3692 qui
2795 3620 3050 3693 plurima
3069 3623 3423 3696 perpetravit
3442 3623 3704 3681 facinora
3715 3629 3832 3682 etc.

467 3713 544 3768 ‘3.
579 3710 708 3768 Haec
741 3712 868 3768 dies
916 3717 1147 3771 sacrata
1201 3713 1261 3770 in
1311 3732 1428 3786 qua
1473 3731 1621 3772 nova
1667 3720 1806 3772 sunt
1854 3716 2025 3788 gaudi

2015 3716 2073 3772 ia
2469 3709 2712 3764 XXXIV.
2742 3711 2806 3765 In
2837 3710 3206 3767 Decotlatione
3232 3711 3290 3767 8.
3321 3713 3573 3768 Joannis.

419 3800 643 3856 mundo
675 3799 842 3872 plene
873 3801 1086 3858 dedita.
1403 3811 1406 3814 '
2249 3797 2560 3853 Summum
2585 3814 2905 3870 praeconem
2924 3798 3140 3856 Christi
3161 3798 3828 3861 collaudemuslaatietc.

489 3889 542 3942 4.
575 3888 694 3944 Hac
725 3893 892 3945 nocte
922 3890 1199 3962 prmcelsa
1228 3891 1486 3948 intonuit
1513 3896 1571 3948 et
1600 3891 1788 3966 gloria
1819 3892 1878 3948 in
1926 3909 2066 3950 voce
2673 3887 2879 3942 XXXV.
2913 3889 2988 3944 De
3014 3889 3372 3960 martyribus.

422 3975 705 4048 angelica.
2241 3976 2497 4032 Turbam
2508 3974 2846 4032 bellicosam
2860 3991 3035 4048 quam
3055 3976 3156 4033 Dei
3168 3993 3286 4034 non
3297 3979 3833 4040 verentesservietc.

493 4189 663 4263 Capit
685 4189 786 4246 hoc
805 4193 974 4248 etiam
999 4195 1202 4248 secreta
1232 4197 1466 4249 tractare
1499 4193 1923 4267 omnimodisque
1968 4211 2062 4252 ex-
2172 4189 2600 4267 Christophori
2622 4190 2721 4267 M._
2749 4205 2923 4267 quem
2977 4205 3406 4267 commemoare
3435 4190 3710 4267 solebant
3725 4209 3822 4267 ac.

1500 4263 1756 4336 [βιοῖ-τινε,
1827 4260 1846 4267 ’
2173 4261 2363 4336 solent
2389 4260 2658 4318 catholici
2707 4260 2978 4317 homines
3024 4262 3058 4335 ἱ]

2271 4265 2363 4318 ent
2389 4260 2658 4318 catholici
2707 4260 2978 4317 homines
3024 4262 3155 4335 ipsa
3203 4261 3313 4318 hac
3359 4262 3606 4336 apostoli
3661 4265 3829 4320 festi-

490 4333 740 4406 Qualiter
759 4335 963 4406 valeret
976 4350 1170 4406 corpus
1181 4333 1680 4391 sandissimiobtin
1687 4333 1774 4392 ere
1786 4338 2058 4406 Dionysii.
2171 4333 2222 4389 vi
2231 4338 2368 4406 tate.

485 4397 566 4465 λιι
588 4409 701 4465 hzc
718 4405 884 4460 multi
906 4397 1288 4478 respondentes
1303 4408 1478 4462 multa
1498 4423 1668 4478 eaque
1685 4411 1841 4492 varia
1859 4397 2062 4466 dabant
2241 4406 2320 4528 S5)
2351 4404 2660 4486 Reperitur
2688 4421 2861 4476 prosa
2890 4405 2948 4460 in
2979 4404 3106 4460 cod.
3139 4404 3294 4460 Mon.
3325 4406 3362 4460 6
3389 4408 3446 4462 et
3493 4405 3620 4462 cod.
3672 4405 3823 4464 bibl.

1625 4481 1909 4528 Imnszlm:
2173 4475 2250 4528 Pa
2277 4480 2336 4528 at
2363 4475 2612 4528 Vindob.
2646 4492 2706 4528 n.
2739 4475 2878 4528 1845
2909 4474 3010 4528 fol.
3056 4477 3128 4528 47
3173 4492 3226 4528 a.
3273 4492 3344 4528 ex
3391 4493 3508 4528 auo
3560 4492 3823 4528 commu-

1625 4481 1909 4546 [consilia;
2173 4474 2707 4549 Palat_Vi_ndob.__nI
2739 4474 3010 4549 l_8_45_fol.
3056 4477 3128 4549 [£7
3173 4492 3226 4546 a,
3273 4492 3344 4532 ex
3391 4493 3508 4549 quo
3560 4492 3825 4549 commu-

480 4551 589 4608 Sed
611 4557 899 4622 postremo,
913 4548 1137 4619 quidam
1169 4590 1182 4604 .
1228 4593 1238 4622 .
1289 4592 1300 4605 .
1347 4591 1359 4604 .
1390 4593 1419 4622 γ.
1634 4545 1637 4546 ⁷
2173 4547 2390 4622 nicavit
2422 4545 2736 4622 lectoribus
2749 4546 3031 4622 _Wol_il_us.
3063 4548 3236 4604 Extat
3263 4545 3498 4622 quoque
3519 4547 3681 4622 apud
3705 4548 3826 4622 Clig

473 4617 810 4706 (4)‘I‘Iihjlin
887 4617 996 4706 hoc
1037 4621 1320 4706 ‘carmine
1384 4621 1721 4706 legiturnde
1767 4623 2060 4706 Hispa'nco
2172 4617 2518 4706 chtovfeum.
2582 4617 2644 4674 In
2711 4617 3050 4675 Missalihus
3116 4617 3422 4692 nusquam
3475 4617 3826 4694 investigavi

405 4692 612 4766 Jacobi
641 4692 963 4766 itinerevel
1019 4693 1091 4746 de
1138 4693 1377 4766 ossibus
1425 4692 1554 4766 ejus
1601 4692 2061 4766 Compostellam
2173 4701 2429 4744 carmen.

399 4764 734 4825 translatis.
771 4761 994 4821 Ultima:
1027 4763 1278 4838 strophae
1311 4761 1674 4822 mentionem
1702 4761 2054 4838 injiciunts.
