3946 6362
390 381 514 443 sis
1190 356 1200 372 ‘
1578 376 1765 441 sae.
1809 374 1889 441 χι
1933 376 2242 442 MONUM.
2290 374 2603 441 eruac.

395 516 812 574 Constantinus
840 520 980 572 tunc
1008 518 1330 589 Augustus.

396 605 676 662 Hortatus
705 604 931 661 Christo
952 605 1206 673 credere,

398 693 658 750 Renatus
686 697 776 750 est
796 693 1168 766 baptismate.

469 784 652 849 Quem
683 787 747 839 ut
774 781 963 838 livinit
999 781 1333 847 chrismate,

394 873 444 929 A
472 872 674 929 morbo
704 870 1033 944 elephantie

397 961 500 1017 Est
528 961 881 1017 emundatus
913 958 1092 1026 illico,

397 1050 629 1114 Virtute
658 1049 848 1105 sancti
872 1048 1144 1122 Spiritus.

617 1173 856 1212 HYMNUS
894 1174 934 1211 Il
973 1172 1228 1211 EJUSDEM
1268 1170 1464 1211 SANCTI
1506 1170 1827 1209 SYLVESTRI.
2071 1151 2122 1215 Α

508 1245 661 1301 Voce
681 1245 943 1315 jocunda
972 1260 1312 1300 resonemus
1342 1259 1567 1310 omnes,

510 1332 805 1389 Laudibus
836 1330 1055 1387 sanctis
1086 1331 1349 1386 studium
1380 1332 1652 1396 ferentes,

510 1421 681 1477 Urbis
713 1436 952 1476 romane
982 1418 1344 1475 modulando
1376 1425 1602 1491 patrem

687 1508 880 1565 Laude
910 1508 1291 1582 Sylvestrum.

2732 505 2974 563 Advexit
2998 504 3105 560 celi
3132 500 3400 559 Domino.

2806 595 3039 667 Nosque
3060 610 3095 649 a
3124 591 3312 664 culpis
3342 589 3592 646 nexibus

2731 684 2899 741 Eruit
2930 682 3054 739 suis
3084 680 3376 755 precibus,

2738 774 2845 838 Qui
2878 790 2981 845 pro
3011 769 3294 828 Tonantis
3320 767 3508 843 gloria

2735 862 2874 934 Ejus
2904 876 3187 917 canamus
3216 874 3432 915 annua.

2802 950 2919 1006 Deo
2947 948 3117 1022 patri.
3164 990 3177 1002 .
3222 989 3236 1002 .
3284 989 3297 1002 .

1636 514 1857 570 Dehinc
1886 519 2087 568 contra
2116 511 2519 568 incommodus

1565 602 1885 659 Judeorum
1916 599 2297 674 philosophos

1564 690 1646 747 De
1665 689 1863 746 celesti
1886 688 2163 762 mysterio

1565 778 1797 835 Bellans
1826 779 1964 835 vicit
1996 776 2346 849 intrepidus.

1638 867 1785 924 Nam
1816 865 2086 922 draconis
2116 864 2372 937 pestiferi

1563 956 1838 1012 Sevitiam
1871 953 2247 1025 compescuit,

1566 1047 1636 1102 Et
1660 1042 1910 1119 populos
1940 1043 2278 1098 innumeros

2265 1148 2597 1203 Exhorrens
2626 1148 2928 1219 Augustus
2958 1148 3077 1201 tam
3110 1144 3368 1200 immane
3397 1140 3614 1209 scelus,

2260 1238 2428 1293 Letas
2459 1235 2687 1293 remisit
2716 1252 2847 1291 cum
2883 1237 3217 1306 matresque
3248 1231 3427 1298 natis,

2261 1326 2550 1382 Omnibus
2581 1324 2749 1380 donis
2781 1340 2889 1379 sua
2918 1322 3131 1395 pietate

2440 1413 2756 1469 Commoda
2786 1412 2916 1467 vite.

2259 1503 2458 1558 Gratia
2486 1502 2698 1558 Christi
2729 1518 2859 1557 vere
2890 1500 3232 1573 inspiratus,

3677 362 3803 441 816

510 1598 612 1654 Hic
642 1598 775 1670 pius
807 1601 1007 1669 pastor
1035 1597 1228 1669 gregis
1259 1601 1436 1669 atque
1466 1601 1643 1664 tutor,

511 1688 631 1742 Lux
660 1686 770 1741 fuit
797 1686 967 1752 cecis,
997 1685 1362 1758 baculusque
1390 1687 1638 1752 claudis,

509 1780 588 1831 Ac
619 1776 789 1846 signa
818 1774 954 1829 fecit
983 1774 1348 1845 paradisiaca

689 1862 949 1918 Plurima
977 1862 1169 1919 terris.

514 1951 621 2016 Qui
650 1949 805 2007 viam
836 1951 1062 2006 cunctis
1093 1952 1483 2008 rectissimam
1515 1952 1635 2023 (sic)
1680 1950 2049 2017 monstravit,

512 2042 794 2097 Percusso
824 2040 945 2111 regi
976 2039 1168 2095 reddit
1196 2039 1530 2108 sanitatem,

514 2129 680 2185 Unde
709 2132 1013 2184 cernentes
1043 2145 1308 2185 meruere
1333 2129 1526 2185 cordis

697 2220 939 2272 Cernere
966 2215 1182 2273 lumen.

517 2309 763 2364 Summa
791 2306 1074 2361 virtutum
1106 2306 1289 2379 viguit
1318 2323 1419 2379 per
1450 2306 1643 2379 ipsum

516 2394 778 2464 Claritas,
809 2397 1086 2450 cunctum
1118 2395 1400 2451 radiando
1430 2397 1719 2451 mundum
1753 2411 1767 2452 :

515 2488 595 2540 Ac
627 2484 783 2539 sicca
811 2484 987 2539 corda
1015 2484 1222 2555 rigavit
1252 2484 1418 2541 ﬁdele
1450 2486 1571 2557 (sic)

693 2572 906 2628 Christi
938 2571 1186 2628 lavacro.

517 2662 760 2719 Animas
793 2660 1011 2718 multas
1042 2663 1346 2732 conjunxit
1374 2662 1716 2735 angelorum

516 2749 790 2815 Ecclesie,
822 2754 1055 2821 cetumq
1068 2769 1137 2805 ue
1162 2751 1511 2822 Dominique
1546 2751 1830 2823 templum

517 2843 599 2895 Ac
631 2838 1008 2894 decemcordo
1038 2838 1277 2895 reboare
1307 2838 1504 2910 nablo,

695 2927 934 2982 Noctem
965 2926 1085 2997 (sic)
1118 2926 1414 2999 diemque.

521 3015 721 3071 Gloria
748 3013 904 3069 Patri
937 3030 1278 3071 resonemus
1303 3033 1528 3087 omnes,

521 3106 591 3161 Et
622 3103 746 3171 tibi,
781 3107 978 3159 sancte
1008 3102 1211 3161 Genite
1242 3121 1513 3176 superne,

521 3200 664 3250 Cum
697 3193 912 3264 quibus
943 3197 1181 3248 sanctus
1213 3194 1388 3250 simul
1420 3200 1477 3250 et
1503 3200 1729 3250 creator

703 3281 954 3353 Spiritus
976 3287 1195 3354 regnet.

633 3386 870 3425 HYMNUS
908 3387 971 3425 lli
1010 3386 1265 3428 EJUSDEM
1305 3387 1500 3429 SANCTI
1540 3388 1862 3429 SYLVESTRI.

525 3458 774 3528 Christe,
806 3476 906 3515 rex
936 3476 1160 3532 regum,
1191 3462 1545 3533 gubernator
1575 3478 1805 3534 magne,

520 3548 708 3606 Patris
736 3547 1011 3604 immensi
1043 3549 1274 3606 soboles
1306 3550 1599 3623 perennis,

520 3637 866 3712 Supplicum
897 3642 1028 3693 vota
1052 3639 1387 3711 pariterque
1416 3641 1560 3697 odas

693 3722 935 3799 Suscipe
966 3727 1244 3785 clemens.

516 3818 601 3872 Tu
630 3816 813 3888 proba
842 3814 1049 3870 mundi
1080 3817 1366 3889 noxiaque
1393 3820 1648 3890 tergens,

517 3906 766 3975 Insuper
795 3902 944 3957 miro
978 3903 1212 3960 radians
1243 3905 1575 3977 splendore,

515 3991 731 4048 Tribue
761 3982 1017 4046 clemens
1047 3991 1327 4047 bonitatis
1359 3992 1515 4049 dona

692 4077 961 4135 Preclara
991 4077 1120 4134 celi.

513 4168 555 4224 E
588 4167 804 4241 quibus
836 4167 1088 4223 summis
1117 4185 1465 4224 veneramur
1495 4170 1740 4238 almum,

516 4256 665 4312 Urbs
697 4272 913 4328 magna
942 4256 1111 4312 nobis
1133 4256 1309 4313 decus
1340 4257 1449 4313 hoc
1478 4260 1787 4327 concessit,

516 4346 670 4401 Gens
700 4344 1095 4400 Romanorum
1129 4346 1311 4418 patris
1342 4346 1549 4403 mundi
1580 4352 1701 4404 tota

693 4436 914 4489 Cuncta
945 4450 1047 4506 per
1076 4436 1296 4492 orbem.

517 4522 623 4590 Qui
655 4527 969 4596 postquam
992 4524 1213 4580 sanctis
1246 4531 1336 4582 est
1362 4527 1637 4600 profusus
1671 4528 1864 4594 undis,

520 4611 752 4669 Sanctis
782 4612 1045 4668 imbutus
1072 4612 1399 4688 litterisque
1427 4616 1652 4687 doctus,

511 4702 731 4774 Spiritu
762 4701 989 4758 fervens
1018 4702 1262 4759 Domino
1284 4705 1534 4775 jubante
1567 4707 1690 4777 (sic)

689 4790 937 4847 Cumula
967 4807 1202 4864 semper
1231 4794 1330 4865 (1).

513 4881 593 4935 Te
623 4884 776 4936 recte
806 4880 1058 4951 parchus
1091 4886 1256 4953 pater
1285 4888 1545 4951 sanctus,
1579 4882 1844 4956 inquam,

514 4992 541 5017 «
575 4966 762 5025 Stulte
792 4968 900 5025 hac
934 4975 1099 5025 nocte
1131 4970 1388 5027 animam
1418 4972 1619 5028 eil‘abis
1656 4990 1667 5027 :

515 5056 702 5120 Quare
733 5073 848 5111 non
869 5073 1067 5114 cessas
1098 5075 1265 5131 poena
1296 5060 1556 5116 cruciare

688 5145 902 5201 Christi
932 5146 1220 5202 cultores?
1254 5170 1281 5197 ››

514 5233 843 5308 Statimque
873 5243 1071 5308 pastor
1101 5240 1410 5294 sanctitate
1443 5238 1658 5311 dignus

515 5324 758 5380 Romani
795 5326 1028 5380 tandem
1056 5326 1255 5399 populi
1289 5326 1530 5393 electus,

511 5413 758 5487 Tyranni
792 5431 927 5471 seva
958 5415 1196 5471 latitans
1229 5416 1468 5472 secessit

689 5504 807 5559 Suo
829 5521 964 5560 cum
997 5504 1171 5560 clero.

509 5645 585 5726 (1)
617 5645 802 5704 Locus
833 5647 1167 5722 corruptus,
1201 5648 1267 5705 ut
1296 5644 1393 5705 alii
1424 5645 1569 5707 bene
1598 5645 1792 5706 multi.

2266 1593 2467 1647 Petrus
2498 1591 2844 1647 cum’Paulo
2877 1590 3105 1644 monuit
3134 1587 3361 1660 piscina

2263 1685 2563 1752 Aquarum
2588 1681 2746 1735 unda
2776 1678 3162 1750 medendique
3210 1677 3322 1733 sibi

2443 1769 2615 1825 Salus
2649 1768 2929 1841 requirat.

2266 1857 2466 1914 Presul
2497 1862 2734 1913 vocatur
2762 1856 2962 1930 pepuli
2996 1854 3305 1929 benignus,

2264 1946 2551 2013 Placidus,
2584 1946 2839 2002 clemens
2867 1944 3173 2016 extititque
3202 1943 3376 2017 regis,

2266 2035 2424 2091 Illico
2454 2036 2677 2092 sanctis
2707 2034 3053 2090 monstravit
3080 2032 3341 2106 loquoris
3370 2032 3493 2105 (sic)

2444 2125 2670 2179 Virtute
2698 2123 2932 2179 Christi.

2268 2212 2532 2269 Predicat
2559 2212 2787 2268 Christo
2817 2210 3102 2267 famulare
3132 2211 3385 2283 plebem,

2268 2300 2536 2357 Allevans
2567 2316 2797 2356 merens
2826 2300 3052 2355 dudum
3085 2299 3422 2366 exortando,

2266 2390 2583 2447 Commoda
2611 2394 2880 2462 prestans
2902 2388 3125 2461 jugiter
3155 2388 3377 2456 ﬁdeles,

2446 2481 2690 2550 Semper
2718 2478 2958 2534 orando.

2271 2569 2479 2640 Sicque
2504 2568 2745 2623 devotus
2771 2566 3035 2623 veritatis
3067 2566 3218 2624 facta

2271 2657 2542 2712 Crebrius
2574 2657 2821 2723 donans,
2856 2654 3195 2711 famulando
3226 2653 3345 2728 poli

2270 2746 2398 2801 Vite
2427 2752 2485 2801 et
2514 2761 2758 2817 regnum
2786 2744 3000 2800 meruit
3026 2744 3282 2799 beatum.

2449 2834 2736 2890 Scandere
2767 2833 2980 2889 clarus.

2273 2924 2497 2979 Gaudet
2518 2922 2769 2996 insignis
2794 2938 2902 2977 sua
2932 2920 3098 2994 plebs
3128 2923 3356 2977 sacrata

2273 3013 2533 3069 Romana
2556 3011 2791 3084 plaudet
2820 3014 3093 3067 renovata
3121 3009 3316 3075 undis,

2273 3104 2428 3168 Quos
2456 3100 2577 3156 tuis
2602 3100 2822 3156 sanctis
2853 3098 3079 3156 meritis
3111 3098 3388 3170 antiquis.

2452 3190 2737 3246 Fraudem
2766 3190 3046 3245 devastat.

2273 3280 2478 3335 Faveto
2505 3294 2708 3334 omnes
2732 3277 2839 3332 tibi
2870 3277 3206 3343 servientes,

2273 3366 2469 3423 Hostis
2491 3358 2733 3439 maligni
2766 3366 3081 3439 quatiendo
3113 3366 3370 3435 fraudes,

2274 3458 2572 3522 Quatenus
2604 3456 2799 3512 cuncti
2828 3471 3162 3512 mereamur
3190 3472 3381 3512 veram

2451 3549 2694 3602 Cernere
2724 3543 2937 3600 lucem.

2274 3635 2596 3703 Poscimus,
2632 3633 2783 3689 alme
2814 3634 3065 3690 nimium
3095 3635 3283 3702 beate,

2274 3726 2382 3781 Pro
2414 3723 2583 3781 nobis
2613 3740 2714 3778 ora
2743 3722 3056 3779 Dominum
3090 3723 3349 3796 rogando

2269 3814 2343 3871 Ut
2372 3812 2576 3870 mundi
2610 3811 2767 3868 mala
2785 3811 3085 3869 valeamus
3117 3829 3322 3869 omnes

2450 3901 2667 3958 Pellere
2698 3900 2919 3974 procul.
2994 3972 3009 3986 ,

2269 3993 2357 4049 Sit
2382 3991 2486 4048 tibi
2517 3991 2667 4059 laus,
2700 3990 2957 4047 Trinitas
2984 3991 3297 4059 immensa,

2272 4082 2333 4138 In
2350 4098 2484 4154 Δ(ῃιο
2514 4080 2734 4137 exultat
2762 4096 2915 4135 nunc
2947 4079 3054 4136 celi
3072 4084 3333 4145 caterva,

2269 4140 2448 4226 Nobis
2480 4172 2544 4225 ut
2575 4168 2756 4224 dones
2786 4166 3153 4240 gratiamque
3180 4140 3378 4224 veram

2446 4262 2687 4330 Semper
2705 4256 2764 4311 in
2797 4273 2988 4311 evum.

2375 4363 2613 4403 HYMNUS
2652 4362 2846 4401 SANCTI
2888 4362 3147 4402 sava-mm
3186 4360 3420 4402 ABBATIS
3460 4346 3561 4418 (2).

2268 4437 2568 4492 Canticum
2597 4434 2790 4491 laudis
2819 4435 3066 4491 Domino
3098 4438 3392 4500 canentes,

2269 4526 2434 4581 Hunc
2458 4525 2615 4579 diem
2648 4523 2862 4580 festum
2892 4523 3255 4580 celebremus
3289 4540 3520 4592 omnes,

2269 4616 2423 4679 Quos
2453 4612 2763 4669 Severinus
2794 4612 3118 4686 penetravit
3148 4612 3341 4670 almus

2449 4700 2612 4758 Celsa
2643 4700 2931 4774 polorum.

2269 4790 2409 4857 Quis
2439 4789 2586 4863 stylo
2604 4791 2765 4848 dives
2795 4792 3225 4865 modulansqne
3253 4791 3492 4869 plectro,

2271 4883 2489 4935 Cuncta
2519 4879 2821 4953 signorum
2856 4880 3135 4953 replicare
3166 4880 3374 4954 possit,

2270 4973 2390 5036 Que
2419 4972 2623 5042 potens
2654 4968 2920 5027 Christus
2950 4971 3163 5027 studiis
3191 4970 3407 5043 opimis

2445 5058 2704 5114 Contulit
2733 5060 2862 5131 ejus
2883 5059 2910 5113 ?

2271 5148 2512 5204 luc'itus
2547 5152 2705 5203 vates
2731 5148 3098 5221 nimiumque
3129 5148 3286 5216 felix,

2268 5237 2477 5310 Sepius
2505 5238 2599 5293 cui
2629 5235 2780 5293 Deus
2810 5236 3122 5293 intimabat

2265 5327 2425 5382 Tunc
2458 5326 2529 5382 ad
2561 5326 2824 5398 oppressi
2855 5325 3056 5400 populi
3087 5325 3341 5384 salutem

2447 5415 2632 5471 Multa
2659 5416 2875 5471 futura.

2270 5504 2415 5561 Voce
2444 5519 2692 5577 presaga
2720 5504 2963 5575 laqueos
2988 5503 3280 5561 latronum

2270 5645 2347 5722 (2)
2379 5645 2522 5705 Vide
2551 5643 2813 5703 Bolland.
2848 5646 2919 5704 ad
2952 5647 3106 5704 diem
3136 5663 3236 5706 VIII
3265 5647 3396 5707 Jan.
