3946 6380
125 399 247 479 δη
384 419 391 426 ·
602 386 603 397 ‘
1377 409 1635 475 mm
1677 410 2281 478 ECCLESIASTICL
3412 417 3535 481 eis

226 536 421 612 Atque
449 533 771 613 pradonum
801 536 1106 598 machinas
1138 544 1428 611 retexens,
1796 550 1854 620 Α
1989 543 2293 603 Fratribus
2325 560 2521 603 coram
2552 545 2823 620 precibus
2852 546 3124 622 peractis,

227 626 415 686 Valde
443 629 673 686 tutabat
699 628 941 687 monitis
968 631 1239 705 supernis
1987 634 2168 692 Morte
2200 636 2447 703 devicta,
2480 636 2668 693 redire
2698 638 2881 694 fecisti
2916 639 2989 695 ad

375 718 602 792 Oppida
630 718 804 776 fessa.
2124 724 2349 781 Gaudia
2370 725 2500 781 vitae

226 807 410 865 Dulce
439 808 700 866 solamen
731 808 967 865 miseris
994 809 1359 877 ministrans,
1987 812 2197 877 Cereus
2228 813 2468 870 ﬂamma
2500 814 2634 870 fidei
2665 821 2963 872 cremante

227 897 539 953 Horridam
569 900 795 971 pestem
825 897 999 954 famis
1030 899 1385 971 amputavit;
1984 902 2191 974 Arguit
2219 906 2459 959 sanctus
2491 907 2656 974 pater
2685 904 2950 962 inﬁdeles
2987 924 3000 961 :

228 986 488 1043 Barbara
516 985 715 1060 plures
746 986 971 1044 feritate
998 988 1186 1045 victor
1985 991 2221 1063 Nosque
2252 991 2371 1064 (sic)
2403 991 2816 1049 ﬂammescunt
2843 993 3085 1054 Deitatis
3115 996 3248 1071 igne

369 1074 553 1133 Solvit
584 1075 655 1132 ab
685 1075 872 1133 hoste.
2125 1078 2337 1153 Algida
2365 1080 2558 1136 corda.
2918 1125 2922 1128 .

225 1165 435 1240 Magne
464 1165 782 1236 confessor,
815 1164 1058 1222 humilis
1089 1166 1390 1240 magister,
1985 1168 2166 1238 Cujus
2198 1167 2268 1223 ad
2303 1168 2481 1223 funus
2510 1167 2749 1225 veniens
2785 1175 3102 1242 sacratum,

222 1254 311 1310 Tu
342 1254 582 1327 quidem
616 1270 883 1311 normam
914 1255 1219 1335 monachis
1249 1255 1482 1312 dedisti.
1986 1254 2183 1310 Mutus
2214 1255 2437 1328 accepit
2464 1256 2737 1312 modulos
2768 1256 3018 1331 loquele,

224 1342 381 1401 Callo
409 1344 821 1400 demonstrans
850 1343 1044 1400 sobrio
1075 1360 1356 1418 sequaces
1984 1343 2165 1399 Cecus
2195 1344 2418 1399 exultat
2447 1345 2647 1415 procul
2678 1347 3050 1406 ambulantes

368 1430 659 1487 Scandere
689 1430 902 1487 celum.
2126 1431 2371 1489 Cernere
2401 1436 2590 1488 notos.

223 1519 288 1577 In
316 1519 436 1576 tuis
468 1519 688 1576 sanctis
721 1520 997 1578 manibus
1028 1520 1265 1590 refulsit,
1984 1521 2275 1594 Neapolis,
2308 1521 2497 1594 gaude
2527 1521 2801 1578 redimita
2830 1523 3017 1594 festis,

222 1607 444 1666 Celitus
472 1607 695 1675 lumen,
729 1610 1099 1683 retinensque
1122 1610 1301 1667 crevit
1984 1608 2203 1665 Plaude
2230 1609 2502 1665 celestem
2533 1609 2792 1667 retinens
2823 1617 3157 1684 patronum,

220 1698 309 1755 Ad
341 1701 476 1754 tuos
501 1697 752 1754 haustus
783 1697 894 1755 olei
924 1698 1245 1773 liquamen,
1985 1701 2166 1765 Quem
2196 1699 2303 1754 tibi
2332 1714 2634 1755 summum
2666 1700 2844 1758 decus
2877 1707 2932 1757 et
2952 1704 3235 1775 juvamen

369 1787 570 1843 Fontis
599 1788 671 1843 ad
698 1786 904 1843 instar.
2127 1787 2388 1849 Prestitit
2418 1792 2638 1843 auctor.

222 1876 551 1933 Condolens
581 1881 822 1933 cunctos
847 1877 1052 1950 inopes
1083 1878 1330 1946 fovebat,
1799 1920 1848 1987 B
1986 1877 2175 1949 Hujus
2203 1894 2236 1933 ο
2268 1876 2526 1933 clemens
2558 1877 2751 1933 meriti
2777 1879 3031 1949 Creator,

223 1967 248 1987 τ
275 1966 558 1987 unus.--
595 1983 806 1987 ﬂ---“
1189 1982 1396 1987 wh---
1987 1966 2237 1987 ηιηε---
2276 1966 2442 1987 μυ-
2472 1965 2815 1987 --,ε,μμμ
2965 1973 2988 1987 ..

223 1966 560 2040 Languidos
591 1983 831 2039 sanans,
863 1966 1154 2023 relevabat
1181 1982 1350 2040 egros
1386 1984 1398 2023 :
1800 1965 1848 1987 ”
1987 1966 2245 2024 Gloriam
2276 1966 2444 2023 nobis
2472 1965 2824 2039 veniamque
2849 1973 3065 2039 confer,

220 2056 427 2113 Omnis
456 2056 737 2112 accedens
769 2056 1064 2113 salubrem
1099 2056 1387 2113 medelam
1984 2057 2107 2124 Quo
2136 2056 2222 2112 tui
2254 2053 2449 2112 cultus
2477 2070 2656 2128 super
2683 2061 2843 2115 astra
2872 2074 3107 2135 semper

365 2145 628 2219 Sumpsit
656 2146 728 2201 ab
758 2144 875 2200 illo.
2129 2146 2283 2203 Luce
2315 2149 2600 2206 fruamur.

219 2236 427 2308 Tuque
456 2233 756 2307 Sylvinum
788 2232 977 2290 loculo
998 2234 1316 2305 jaceutem,

208 2357 449 2399 HYMNUS
487 2357 684 2398 sum
715 2357 889 2397 meo:
921 2358 1070 2397 ma—
1283 2340 1483 2400 Dactis
1509 2341 1739 2398 refulsit
1766 2342 1972 2400 incolis
2463 2347 2656 2402 Tuum
2687 2348 2889 2404 fovens
2921 2363 3124 2404 carum
3154 2346 3279 2404 solo

500 2447 664 2488 rvms
695 2431 793 2502 (3).
1287 2431 1652 2504 Evangelista
1680 2432 1915 2489 nobilis.
2468 2437 2654 2493 Habes
2684 2440 3116 2509 patronamque
3145 2436 3297 2510 polo.

185 2522 426 2579 Festum
454 2520 609 2577 beati
639 2519 912 2592 martyris
1364 2521 1702 2594 Spargendo
1731 2520 1887 2594 plebi
1918 2521 2114 2578 lucida
2536 2527 2636 2595 Te,
2668 2526 2881 2593 Marce,
2913 2528 3045 2581 voto
3077 2524 3328 2598 supplici

110 2610 255 2668 Odis
284 2608 546 2666 colamus
577 2608 870 2677 consonis,
1291 2610 1479 2666 Verbo
1506 2610 1713 2667 salutis
1745 2614 2060 2684 spermata,
2464 2612 2663 2687 Culpis
2694 2630 2969 2687 rogamus
3000 2606 3229 2687 perditi,

112 2699 300 2764 Quem
331 2698 496 2756 misit
523 2698 650 2754 orbi
679 2696 920 2770 provida
1290 2699 1399 2755 Pro
1430 2699 1604 2773 Regis
1630 2699 1731 2757 alti
1763 2701 1999 2757 nomine
2462 2702 2603 2758 Tuis
2632 2703 2883 2776 benigne
2910 2701 3156 2760 servulis

111 2789 290 2862 Regis
319 2805 577 2861 superna
602 2787 815 2861 gratia.
1292 2789 1382 2846 Fit
1412 2789 1709 2846 laureatas
1739 2790 2026 2864 sanguine
2059 2809 2070 2846 :
2465 2793 2621 2848 Laxa
2648 2792 2871 2848 malum
2900 2791 3275 2865 peccaminis.

186 2879 353 2934 Hunc
382 2878 442 2933 in
475 2875 775 2950 quaternis
801 2874 1062 2933 vultibus
1361 2880 1541 2951 Cujus
1571 2880 1817 2936 sacratis
1848 2880 2093 2936 artubus
2535 2883 2625 2938 Sit
2654 2882 2926 2939 Trinitati
2957 2881 3161 2957 gloria,

111 2968 407 3041 Propheta
435 2967 731 3040 quondam
763 2959 1027 3039 p'rescius
1290 2968 1512 3024 Salutis
1539 2971 1741 3025 auctor
1769 2969 2056 3039 omnium,
2466 2973 2534 3027 Et
2562 2971 2692 3027 laus
2722 2971 2960 3028 honoris
2991 2971 3267 3039 maxime,

112 3057 277 3113 Vidit
302 3056 492 3113 leonis
520 3054 726 3112 inclita
1289 3056 1558 3113 Christus
1590 3059 1868 3114 moderno
1898 3062 2160 3132 tempore
2465 3060 2585 3124 Que
2617 3062 2717 3116 dat
2746 3078 3021 3117 coronam
3052 3061 3295 3134 martyri

111 3145 549 3218 Mysteriarchis
573 3146 693 3216 (sic)
726 3144 997 3201 formula.
1288 3147 1548 3218 Compsit
1578 3146 1771 3203 solum
1802 3148 2129 3204 Germanic.
2465 3151 2629 3206 Nunc
2660 3156 2717 3207 et
2748 3167 2850 3223 per
2879 3167 3049 3207 omne
3080 3140 3366 3207 seculum.

183 3235 401 3291 Missus
431 3250 683 3308 superno
715 3250 955 3291 munere
1362 3235 1563 3292 Letare
1594 3235 1729 3292 felix
1752 3237 1960 3311 Augia,
3174 3241 3377 3296 Amen.

109 3328 295 3384 Terra
322 3326 384 3381 in
408 3324 776 3391 Alexandria,
1288 3325 1518 3382 Honore
1548 3329 1709 3382 tanto
1740 3327 1994 3399 predita;

410 3448 648 3488 HvMNus
677 3449 718 3487 ιι
751 3448 1004 3488 muscam
1038 3449 1235 3487 SANCTI
1266 3449 1460 3487 MARCI.
1786 3434 1830 3501 α
1914 3429 2184 3490 Ἐνυοιυε
2215 3436 2284 3489 ad
2321 3432 2437 3490 alta
2464 3434 2614 3491 vexit
2644 3433 2779 3489 felix
2809 3433 3018 3489 horrea

251 3522 386 3577 Jam
415 3538 573 3578 nunc
603 3537 706 3593 per
735 3537 907 3577 omne
937 3520 1037 3575 lux
1068 3520 1318 3593 refulget
1348 3520 1635 3589 seculum,
2014 3520 2229 3577 Christi
2262 3523 2473 3578 dicavit
2507 3541 2639 3578 mox
2669 3523 2750 3578 ibi
2784 3522 3111 3589 ecclesiam,

187 3616 307 3666 Lux
335 3609 457 3678 illa,
494 3610 682 3666 Patris
712 3609 866 3666 lucet
894 3627 1007 3681 que
1037 3611 1108 3665 de
1137 3609 1304 3673 solio,
1943 3609 2088 3664 Nam
2121 3610 2571 3666 fundamentum
2603 3610 2739 3666 fidei
2771 3610 3161 3667 fortissimum

183 3700 305 3763 Que
334 3700 486 3765 fons,
519 3699 701 3772 origo,
735 3698 1011 3771 splendor
1041 3699 1190 3755 lucis
1220 3716 1416 3766 aurae,
1944 3697 2170 3753 Fixcrat
2202 3716 2383 3754 unum
2418 3704 2638 3771 petram
2673 3716 2851 3771 super
2878 3698 3227 3772 lympidam,

185 3789 534 3860 Habensque
563 3805 794 3860 semper
824 3788 1025 3844 lumen
1057 3786 1419 3855 iudeﬁcieus,
1944 3789 2066 3852 Qua
2096 3787 2313 3844 flumen
2346 3789 2576 3843 undans
2610 3805 2713 3844 nec
2743 3792 3050 3844 ventorum
3084 3786 3334 3843 fulmina

180 3876 381 3933 Celurn
412 3879 664 3940 serenat,
698 3892 900 3932 arcens
934 3875 1139 3931 mundi
1169 3875 1458 3931 tenebras.
1944 3877 2231 3942 Quassare
2263 3882 2529 3949 possunt,
2562 3882 2850 3934 torrentes
2882 3894 2987 3933 nec
3018 3875 3232 3949 pluvie.

254 3966 445 4038 Hujus
475 3968 700 4021 sacrato
729 3964 877 4020 lucis
900 3965 971 4019 de
1000 3964 1324 4020 vibramine
2015 3965 2234 4021 Deinde
2267 3984 2470 4022 rursus
2502 3982 2637 4022 cum
2664 3982 2879 4023 corona
2903 3982 3173 4022 remeans

184 4054 457 4125 Suscepit
484 4052 707 4110 almum
739 4053 966 4109 radium
996 4053 1109 4108 sub
1140 4056 1373 4124 pectore
1943 4053 2176 4109 Athleta
2204 4053 2437 4121 Christi,
2461 4058 2698 4127 compta
2726 4053 2991 4127 pulchris
3019 4053 3182 4122 liliis,

182 4145 436 4213 Marcus,
469 4144 676 4200 beatus
709 4143 908 4198 doctor
936 4141 1329 4213 evangelicus,
1380 4156 1393 4167 ‘
1944 4141 2306 4215 Mixtumque
2337 4142 2571 4216 palmis,
2603 4143 2769 4200 lauro
2800 4147 2979 4216 atque
3007 4142 3223 4201 rosulis

179 4234 392 4290 Factus
420 4231 678 4299 lucerna,
712 4248 911 4288 amore
936 4230 1083 4286 tanti
1114 4229 1382 4296 luminis,
1948 4230 2219 4286 Portabat
2249 4233 2513 4304 gaudens
2543 4231 2813 4289 diadema
2839 4233 3072 4300 vertice,

179 4321 408 4377 Ardens
433 4319 656 4392 fugavit
685 4320 866 4377 seculi
895 4318 1230 4391 caliginem.
1946 4324 2255 4391 ingressus
2283 4321 2489 4378 urbem
2526 4322 2770 4378 Romam
2800 4322 3025 4380 Christo
3055 4320 3285 4378 comite.

253 4411 489 4482 Septem
520 4408 810 4465 columnis
845 4425 962 4463 una
991 4408 1061 4463 de
1088 4407 1446 4475 candidulis,
2018 4407 2120 4463 His
2154 4409 2234 4463 ita
2266 4408 2465 4480 gestis,
2502 4411 2692 4482 pergit
2723 4409 3130 4467 Alexandriam
3167 4428 3179 4465 :

178 4499 388 4556 Aureis
417 4502 642 4572 septem
674 4514 858 4554 unum
884 4498 955 4552 de
985 4495 1375 4564 candelabris,
1950 4497 2160 4552 Sancto
2194 4496 2450 4567 repletus
2483 4497 2690 4570 spiritu
2724 4498 3035 4565 latissimo,

178 4587 491 4661 Cingitque
522 4592 709 4643 totum
741 4586 1031 4642 mundum
1064 4584 1219 4641 claro
1252 4584 1472 4653 sidere;
1952 4585 2120 4640 Fines
2150 4602 2254 4657 per
2283 4603 2486 4642 omnes
2509 4585 2731 4658 jugiter
2761 4587 3165 4658 Memphiticos

177 4676 575 4734 Ecclesiarum
615 4675 821 4732 nititur
851 4675 960 4731 sub
992 4673 1266 4742 culmine,
1952 4673 2139 4729 Patris
2170 4674 2452 4729 tremendi
2488 4675 2825 4746 predicabat
2850 4674 3086 4730 unicum

179 4767 486 4823 Sustentat
515 4765 628 4820 alte
659 4765 1041 4820 fundamenta
1071 4763 1308 4820 fabrice.
1801 4801 1849 4864 Β
1953 4764 2194 4819 Venisse
2229 4762 2430 4817 mundi
2467 4779 2569 4835 pro
2603 4762 2791 4818 salute
2822 4761 3054 4818 Filium.

253 4857 553 4922 Quantum
584 4854 740 4927 quod
771 4853 911 4910 olim
942 4853 1165 4909 viderat
1191 4851 1475 4920 Ezechiel,
1801 4850 1846 4864 "
2023 4853 2221 4907 'l‘urba
2250 4851 2503 4908 crudelis
2533 4850 2743 4907 Christi
2776 4850 2925 4907 circa
2956 4850 3201 4907 militem

184 4943 479 5017 Propheta
508 4947 770 5010 sanctus,
803 4942 1021 4998 animal
1053 4940 1464 5008 lectissimum,
1950 4942 2210 4997 Tumens
2240 4941 2485 5014 parabat
2517 4944 2941 4998 tormentorum
2974 4939 3219 5014 spicula.

181 5032 346 5088 Vidit
372 5031 693 5101 Johannes,
724 5049 829 5088 ceu
861 5031 1074 5088 Christi
1105 5029 1399 5086 recubitor
1949 5030 2149 5085 Vinxit
2180 5030 2420 5096 catenis,
2455 5030 2746 5087 transﬁxit
2775 5030 3012 5098 aculeis,

184 5120 397 5178 Leonis
428 5120 538 5177 hoc
568 5127 625 5177 et
655 5121 828 5195 typici
864 5121 975 5176 sub
1003 5119 1214 5192 specie,
1953 5118 2299 5174 Dilaniando
2330 5120 2529 5193 ﬂagris
2560 5125 2765 5177 sancta
2790 5119 3032 5188 viscera,

182 5210 448 5266 Clamore
476 5210 662 5266 multo
689 5227 792 5283 per
821 5211 1051 5265 deserta
1083 5208 1366 5264 frendere.
1953 5207 2213 5263 Carceris
2244 5207 2486 5263 umbras
2517 5209 2679 5265 misit
2709 5209 2781 5265 ad
2812 5209 3234 5282 phantasticas.

255 5300 371 5367 Sic,
407 5316 442 5356 a
471 5299 640 5357 beato
670 5300 838 5356 Petro
871 5298 1111 5367 missus,
1146 5297 1293 5354 adiit
2024 5296 2257 5352 Primus
2290 5296 2531 5365 superni
2558 5298 2814 5354 nominis
2845 5299 3116 5355 notitiam

183 5388 621 5463 Aquileiensem
654 5390 883 5445 dudum
913 5387 1368 5445 famosissimum
1954 5386 2124 5443 Dedit
2153 5386 2209 5440 in
2244 5386 2450 5440 urbem
2484 5385 2715 5442 Marcus
2744 5385 3156 5447 Alexandriam
3193 5405 3213 5442 τι

184 5479 434 5546 Urbem;
471 5478 684 5536 sacrati
715 5478 873 5536 verbi
905 5475 1257 5551 pullulantia
1955 5475 2165 5531 Christi
2199 5474 2415 5530 dicavit
2446 5491 2579 5530 mox
2610 5474 2689 5530 ibi
2723 5476 3054 5544 Basilicam,

186 5567 607 5626 Disseminavit
636 5571 791 5633 sata;
825 5584 940 5640 quo
967 5564 1310 5640 centuplicis
1953 5566 2138 5630 Quam
2173 5563 2427 5635 expiavit
2456 5562 2707 5635 pretioso
2740 5565 3026 5638 sanguine

189 5693 269 5767 (3)
297 5692 448 5749 Vide
477 5691 742 5750 Bolland.
777 5692 848 5749 ad
880 5690 1035 5749 diem
1065 5707 1177 5748 xxv
1204 5688 1440 5763 Aprilis.
