3946 6362
413 401 534 466 819

523 537 773 595 Vallavit
803 536 955 596 alme
985 538 1119 596 ﬁdei
1151 539 1495 595 munimine.

599 627 796 686 Gloria
823 629 997 696 Patri,
1031 630 1208 684 decus
1239 633 1295 684 et
1323 628 1668 701 imperium!

526 717 633 786 Sit,
665 719 830 786 Nate,
864 735 1097 790 semper
1126 719 1229 773 tibi
1262 735 1438 790 super
1468 718 1659 773 sidera

528 807 742 871 Honor,
775 811 1051 878 potestas,
1079 807 1407 878 Sancteque
1436 807 1678 879 Spiritui

527 895 616 953 Sit
642 896 945 952 Trinitatis
973 897 1158 953 virtus
1188 896 1486 952 individua

529 984 636 1041 Per
662 984 896 1041 inﬁnita
925 985 1257 1041 seculorum
1287 985 1514 1040 secula!

657 1091 895 1131 HYMNUS
926 1092 1120 1131 SANCTI
1153 1093 1408 1130 FLAVIANI
1439 1090 1836 1130 CONFESSORIS.

529 1162 693 1218 Alme
722 1163 1040 1227 confessor,
1075 1163 1290 1218 summi
1326 1164 1497 1235 Regis
1533 1163 1747 1234 presul,

528 1251 795 1322 Audique
822 1252 979 1306 vocis
1015 1250 1214 1306 famuli
1246 1256 1501 1317 tuorum,

707 1341 785 1395 Te
818 1339 1166 1412 flagitantes.

528 1427 695 1484 Fides
725 1427 1044 1500 preclarus,
1080 1430 1367 1484 candidus
1398 1430 1456 1483 in
1489 1429 1606 1484 vita

526 1516 854 1573 Predicator
879 1535 1050 1574 verus
1083 1535 1260 1590 quam
1292 1519 1525 1590 spirans
1556 1517 1638 1572 illi
1673 1519 1829 1574 dedit

703 1605 955 1680 Spiritus
987 1625 1168 1663 sacer.

524 1693 569 1750 Ο
599 1694 749 1751 bone
779 1700 998 1768 pastor,
1034 1696 1302 1752 Flaviane
1336 1713 1520 1760 sacer,

459 1824 474 1840 .
524 1783 767 1858 Protege
797 1784 965 1856 plebe
996 1786 1219 1858 tibique
1250 1786 1586 1850 commissa,

701 1873 964 1929 Athletas
995 1874 1116 1929 Dei.

527 1964 855 2034 Hostesque
883 1965 1016 2018 tuos
1050 1962 1308 2035 undique
1341 1963 1656 2036 confligunt
1695 1983 1705 2018 :

530 2051 648 2106 Nos
679 2051 804 2106 sine
832 2051 940 2106 viri
971 2051 1327 2124 vernuloque
1358 2057 1489 2108 tuos

707 2141 947 2211 Adjuva,
982 2140 1169 2196 Pater.

529 2231 886 2287 Ereticorum
918 2234 980 2285 tu
1014 2229 1282 2303 sprevisti
1314 2227 1557 2304 dogma‘s

526 2322 595 2376 Et
626 2320 1240 2392 confutastiuticequo
1270 2323 1477 2394 probat
1509 2323 1604 2392 (ft),

702 2411 746 2466 Ο
777 2411 947 2466 Pater
978 2416 1197 2466 sancte.

523 2499 818 2555 Gaudium
851 2499 1030 2555 intrat
1061 2499 1410 2572 Dominique
1439 2501 1555 2555 tuis

522 2588 850 2644 Commissa
881 2587 984 2644 tibi
1014 2605 1148 2645 oves
1182 2593 1538 2661 represents,

704 2675 921 2735 Fidelis
955 2693 1134 2734 serve.

532 2765 641 2821 Pro
669 2765 899 2822 Christo
931 2783 1143 2839 passus
1175 2766 1359 2822 tilium
1395 2766 1552 2822 fuisti
1590 2786 1602 2823 :

535 2852 618 2910 Ibi
652 2853 710 2908 in
740 2870 914 2910 carne
942 2854 1240 2926 vitamque
1269 2855 1474 2920 ﬁnisti,

715 2941 882 2997 Celos
912 2947 1193 3014 receptos.

541 3030 889 3103 Aprutiense
919 3031 1181 3087 decoravi
1209 3032 1379 3088 tellus
1413 3051 1426 3088 :

539 3119 739 3176 Noluit
769 3121 1046 3178 Dominus
1076 3124 1311 3195 propria
1342 3124 1620 3178 frustrare

716 3209 894 3266 Nobis
925 3216 1186 3283 patrono.

534 3298 644 3367 Qui
677 3301 974 3372 quondam
1006 3305 1149 3370 erat,
1184 3307 1380 3357 manet
1410 3303 1570 3357 urbis
1604 3302 1799 3374 presul
1836 3321 1847 3358 :

531 3388 713 3446 Nobis
743 3397 1011 3447 coruscat
1043 3391 1325 3447 miracula
1357 3391 1686 3464 sepulchris

709 3478 826 3536 Deo
848 3481 1112 3551 juvante.

530 3567 619 3624 Sit
645 3568 775 3626 laus
804 3569 912 3637 illi,
942 3571 1118 3627 decus
1150 3577 1323 3643 atque
1354 3570 1558 3634 virtus,

529 3656 638 3723 Qui
668 3675 848 3732 supra
878 3659 983 3715 celi
1015 3659 1395 3731 residensque
1425 3660 1633 3715 throno

708 3747 923 3804 Trinus
954 3753 1010 3804 et
1040 3766 1214 3804 unus.
1247 3751 1452 3804 Arnen.

459 3880 699 3920 BYMNUS
729 3880 927 3920 suc-r1
946 3881 1272 3931 JUVENALIS,
1297 3881 1637 3920 NARNIENSIS
1669 3880 1917 3919 EPISCOPI
1940 3865 2036 3936 (5).

529 4057 823 4116 Clarescat
850 4061 1022 4116 terris
1051 4060 1349 4116 Juvenalis
1379 4059 1595 4132 gloria;

528 4148 796 4206 Celorum
828 4151 1049 4205 sanctis
1081 4148 1180 4221 qui
1211 4149 1432 4203 exultat
1461 4148 1706 4212 cetibus,

527 4239 784 4294 Sacratis
815 4239 985 4309 cujus
1017 4238 1241 4293 meritis
1268 4237 1444 4292 Narni
1479 4237 1682 4292 civitas

708 4329 859 4384 Tuta
886 4328 1153 4401 refulget.

529 4416 774 4473 Protulit
803 4417 983 4473 istum
1015 4417 1208 4473 Africa
1235 4415 1539 4480 divinitus,

523 4505 727 4562 Virum
761 4508 1104 4580 prudentem
1139 4507 1402 4562 moribus
1433 4506 1843 4574 mitissimum,

520 4596 820 4669 Scripture
850 4613 1012 4652 sacre
1037 4596 1318 4652 cultorem
1352 4596 1670 4668 egregium,

697 4688 887 4743 Mente
918 4687 1214 4742 decorum.

518 4775 725 4832 Divina
751 4781 948 4833 tamen
982 4776 1170 4831 noluit
1200 4775 1568 4831 Providentia

519 4865 787 4921 Fertilem
821 4882 949 4921 esse
980 4865 1146 4920 illum
1177 4865 1304 4921 sine
1336 4863 1624 4919 fructibus
1661 4879 1672 4915 ι

518 4953 764 5010 Romam
796 4953 982 5026 coegit
1012 4970 1320 5026 prOperare
1349 4951 1554 5008 celitus

695 5041 857 5098 Remi
866 5060 935 5116 ge
957 5043 1202 5099 Christo.

514 5132 956 5212 Ecce-matrona
985 5132 1228 5204 pulchra
1259 5129 1659 5202 Philadelphia

513 5221 679 5276 Tunc
709 5221 1006 5278 Juvenalis
1039 5224 1160 5294 (sic)
1191 5221 1449 5292 suscepit
1480 5219 1757 5289 hospitio,

509 5309 694 5368 Anxia
724 5327 956 5384 semper
987 5313 1253 5379 fratrum,
1287 5310 1501 5366 Christi
1533 5309 1738 5382 gloria,

686 5402 907 5457 Nomen
940 5401 1292 5473 adimplens.

511 5491 621 5546 Hec
653 5496 717 5545 ut
747 5491 1019 5563 cognovit
1050 5492 1298 5562 hospitis
1329 5488 1721 5552 clementiam,

506 5579 837 5634 Summissa
866 5597 1034 5650 prece
1068 5596 1308 5634 romano
1342 5577 1603 5633 Pontilici

469 5712 544 5780 (4)
574 5713 787 5767 Textus
819 5716 1218 5782 corruptus...

1623 407 1813 470 S/EC.
1856 407 1936 471 ΧῙ
1980 404 2268 471 MONUM
2311 404 2619 469 LITURG.

2091 541 2149 608 Α

2285 539 2430 594 Eum
2463 539 2680 595 sacrari
2712 536 2968 611 postulat
2998 537 3338 610 episcopum

2463 629 2639 684 Narni
2672 629 2997 684 ferendum.
3243 633 3246 636 ’

2290 718 2511 773 Ibidem
2545 718 2984 789 nephandorum
3011 717 3183 773 idola.

2285 807 2565 862 Cclebant
2595 809 2747 862 cives
2776 808 2934 863 Jovis
2965 824 3030 862 ac
3061 805 3354 870 Mercurii,

2287 897 2508 962 Martis,
2544 897 2800 964 Saturni,
2834 901 2890 953 et
2920 886 3192 962 Minerve,
3223 895 3453 963 Veneri,

2463 986 2709 1042 Lumine
2738 986 2909 1058 capti.

2287 1075 2591 1146 Ingressus
2623 1092 2875 1146 cumque
2904 1074 3118 1130 Christi
3149 1077 3306 1146 patet
3336 1073 3613 1128 famulus.

2288 1163 2459 1220 Urbis
2489 1181 2681 1220 errore
2703 1167 2827 1236 jam
2861 1165 3095 1235 decepto
3126 1163 3310 1229 devio,
3687 1153 3690 1156 ’

2287 1252 2517 1308 Clarum
2551 1254 2804 1310 ostendit
2827 1253 3086 1308 veritatis
3119 1251 3382 1324 pervium

2464 1344 2576 1397 Iter
2606 1342 2853 1415 Olympi.

2289 1431 2502 1486 Stravit
2529 1431 2820 1488 culturam
2851 1431 3141 1487 idolorum
3167 1429 3463 1487 sordidam

2287 1520 2504 1576 Fractis
2533 1520 2770 1592 lapillis,
2805 1521 3019 1576 Christi
3044 1521 3216 1592 jussu
3246 1518 3450 1584 solido,

2285 1607 2512 1663 Abrahe
2545 1610 2762 1665 multos
2793 1609 3062 1665 excitavit
3088 1609 3259 1675 filios,

2464 1698 2571 1751 Ore
2604 1703 2866 1753 venusto.

2287 1785 2382 1852 Te,
2413 1785 2732 1842 Juvenalis.
2767 1792 2821 1842 te
2852 1787 3189 1842 summissis
3220 1786 3490 1859 precibus

2287 1872 2502 1928 Omnes
2535 1891 2791 1941 oramus,
2825 1881 2889 1931 ut
2919 1892 3021 1948 pro
3056 1875 3224 1932 nobis
3258 1875 3571 1931 Dominum

2289 1962 2584 2018 Christum
2619 1981 2838 2033 exores,
2867 1982 2980 2036 quo
3016 1983 3120 2022 nos
3151 1981 3354 2021 omnes
3386 1964 3594 2020 liberet

2466 2052 2648 2109 Morte
2680 2055 2955 2110 secunda.

2286 2140 2484 2197 Gloria
2514 2141 2667 2198 Patri
2701 2158 3039 2198 resonemus
3072 2159 3295 2210 omnes,
3324 2148 3434 2200 etc.

2289 2346 2475 2402 Verba
2506 2364 2639 2402 cum
2673 2348 2784 2403 vite
2814 2348 3038 2404 civibus
3064 2347 3434 2416 diffunderet,

2289 2435 2571 2491 Sacerdos
2603 2437 2896 2508 quondam
2930 2437 3246 2492 demonum
3271 2434 3590 2507 sacrilegus

2295 2524 2538 2580 \‘ictime
2568 2530 2743 2597 gustu
2777 2526 2898 2596 (sic)
2931 2525 3196 2580 hortatus
3229 2530 3292 2580 ut
3323 2531 3579 2580 sumeret

2470 2614 2577 2669 Ore
2606 2615 2693 2668 vel
2725 2614 2849 2685 ipse
2884 2631 2896 2668 :

2293 2703 2456 2766 Quod
2488 2702 2809 2770 Juvenalis,
2844 2702 3039 2775 presul
3073 2701 3287 2757 Christi
3318 2701 3633 2766 maximus,

2293 2790 2596 2846 Constanti
2628 2791 2791 2847 vultu
2817 2796 2874 2846 et
2905 2796 3097 2846 mente
3128 2790 3447 2862 purissima

2297 2880 2508 2936 Renuit
2538 2880 2782 2952 nephas,
2820 2886 2882 2936 ut
2911 2880 3122 2935 Christi
3156 2877 3481 2951 discipulus

2473 2968 2655 3026 Valde
2686 2970 2910 3025 beatus.
3487 2963 3491 2967 ”

2298 3057 2486 3113 Iratus
2513 3059 2647 3114 inde
2672 3059 2854 3128 judex
2884 3059 3007 3130 ipse
3039 3057 3264 3113 conc-ite

2297 3147 2580 3214 Cultrum,
2605 3148 2759 3219 quod
2791 3163 2995 3202 carnes
3027 3148 3202 3202 dabat
3233 3145 3554 3210 sacrificiis,

2299 3237 2582 3292 Dentibus
2613 3237 2831 3293 sanctis
2861 3237 3036 3292 audet
3066 3236 3226 3292 intus
3257 3252 3448 3292 serere

2472 3330 2605 3382 Arte
2636 3327 2963 3398 nephanda.

2300 3415 2496 3470 Divino
2531 3416 2737 3488 plenus
2767 3415 3066 3471 Juvenalis
3093 3415 3326 3487 spiritu,

2297 3505 2540 3576 lmpiam
2575 3504 2800 3561 nollens
2829 3507 3139 3577 degustare
3169 3504 3489 3570 victimam,

2295 3593 2532 3666 Corpori
2563 3593 2775 3649 Christi
2808 3611 2954 3667 pura
2985 3610 3222 3650 servans
3254 3593 3430 3656 labia,

2471 3685 2650 3740 Sorde
2682 3683 2991 3739 malorum.

2297 3773 2508 3828 Furore
2531 3774 2714 3844 judex
2745 3789 3026 3829 accensus
3056 3771 3392 3845 multiplici,

2293 3861 2548 3917 Presulis
2572 3879 2669 3918 ore
2698 3861 2909 3918 evulsit
2933 3878 3066 3917 cum
3100 3862 3384 3934 gladium,

2292 3953 2518 4021 Impotu
2551 3951 2676 4022 ipso
2708 3950 2820 4006 sibi
2854 3954 3019 4006 necat
3047 3955 3285 4023 gutture
3317 3950 3432 4022 (sic)

2464 4038 2714 4095 Vulnere
2743 4040 2966 4096 mortis.

2289 4128 2510 4183 Civium
2543 4145 2754 4199 magno
2786 4129 2903 4200 (sic)
2935 4144 3069 4200 pars
3101 4127 3221 4183 viso
3253 4127 3534 4183 miraculo

2289 4217 2455 4274 Unda
2485 4218 2748 4290 poposcit
2775 4217 2984 4272 Christi
3017 4221 3155 4272 tunc
3183 4218 3555 4288 baptismatis

2290 4308 2508 4370 Lavari,
2545 4307 2727 4362 sancti
2761 4323 2827 4361 ac
2857 4305 3023 4377 sequi
3055 4306 3310 4377 episcopi

2462 4396 2638 4451 Jussa
2666 4395 2839 4451 beati.

2287 4484 2420 4540 Istis
2452 4485 2698 4556 receptis
2727 4483 2895 4540 ovilis
2925 4485 3040 4554 (sic)
3074 4483 3403 4552 dominicis,

2286 4573 2555 4644 Martyris
2585 4590 2745 4628 aram
2777 4572 3065 4629 Valentini
3099 4573 3323 4639 adiens,

2280 4663 2487 4717 Sacras
2514 4666 2579 4716 ut
2607 4661 2685 4718 ibi
2720 4662 3054 4717 immolaret
3079 4661 3302 4718 hostias

2461 4750 2912 4823 Omnipotentis,

2279 4839 2524 4895 Calicem
2556 4841 2684 4911 ejus
2713 4839 3168 4907 christallinum,
3203 4839 3552 4913 sanguinem
3576 4842 3700 4914 (sic)

2280 4928 2544 4996 Plenum,
2570 4930 2710 4984 dum
2743 4930 2967 4985 cunctis
2998 4929 3330 5001 porrigebat
3361 4929 3618 5002 populis,

2278 5021 2453 5075 Sacra
2482 5022 2787 5074 creverunt
2817 5019 3089 5074 decenter
3118 5017 3397 5074 libamina

2451 5108 2668 5164 Celitus
2701 5113 2890 5163 aucta.

2274 5200 2352 5254 'l‘e
2382 5197 2699 5262 Juvenalis,
2736 5202 2842 5252 etc.

2271 5289 2465 5344 Gloria
2493 5287 2670 5354 Patri,
2695 5293 2804 5344 etc.

2267 5485 2481 5540 Christi
2512 5484 2725 5540 athlete
2757 5489 2821 5539 ut
2850 5485 3044 5541 ederet
3075 5483 3421 5549 certamina,

2267 5575 2580 5630 Obsidione
2612 5575 2918 5630 tenebatur
2949 5574 3153 5629 civitas

2227 5710 2304 5780 (5)
2337 5707 2480 5763 Vide
2514 5707 2775 5763 Bolland.
2813 5707 2884 5763 ad
2918 5708 3070 5763 diem
3105 5725 3160 5763 ιν
3191 5707 3346 5764 Maii.

3701 400 3826 467 820
