3946 6352
183 355 296 422 8.21
1437 361 1692 428 HYMNI
1736 365 2336 432 ECCLESIASTICI.

295 489 584 564 Tempore
614 487 799 550 multo
825 508 930 550 nec
963 490 1193 551 valebat
1223 494 1343 568 erip
1859 502 1916 569 Α
2053 500 2247 576 Signis
2276 499 2830 560 excelsisJuvenalis
2863 499 3090 569 claruit,

478 584 649 638 Peste
677 586 926 655 recepta.
2057 590 2527 665 Cunctipotentis
2562 592 2747 648 fuisse
2778 592 3127 665 discipulus.

288 669 564 726 Precibus
595 669 973 727 Christotunc
999 672 1224 744 magnis
1246 689 1379 728 cum
1423 673 1696 748 lacrymis
2052 679 2256 736 Gladio
2288 698 2393 737 suo
2417 683 2516 754 qui
2551 681 2786 737 Saulem
2820 687 3060 754 superat

289 757 579 815 Presiulis
601 758 769 815 miris
791 759 1089 816 Juvenalis
1112 761 1372 829 maximi,
2228 770 2397 825 Dedit
2427 787 2708 825 amorem.

285 845 530 902 Glutivit
565 851 720 904 terra
749 847 1018 904 inimicos
1048 848 1261 905 civium
2049 859 2405 931 Sanguinem
2430 859 2545 931 (sic)
2577 859 2790 916 Christi
2815 863 3053 916 exaucto
3086 860 3144 915 in
3177 859 3443 930 calicem,

467 935 576 991 Ore
600 936 841 1008 patenti.
2048 947 2248 1019 Ipsum
2279 952 2578 1003 auctorem
2622 947 2944 1004 famulatur
2971 948 3260 1018 omnium,

282 1022 484 1082 Victor
511 1029 576 1080 ut
605 1023 766 1080 auxit
798 1027 944 1092 [exit]
982 1026 1370 1098 superborum
1401 1026 1685 1094 hostium,
2045 1035 2274 1090 Turbas
2305 1034 2404 1106 qui
2426 1037 2580 1106 pavit
2599 1035 2883 1107 plurimas
2906 1037 2964 1090 in
2987 1037 3224 1093 heremo

285 1112 515 1169 Civium
549 1114 720 1170 turba
751 1131 784 1169 a
812 1130 985 1188 parvo
1017 1132 1083 1170 ac
1112 1115 1388 1183 maxime,
2223 1123 2373 1178 Pane
2403 1123 2638 1194 pusillo.

281 1201 499 1260 Christi
529 1207 728 1260 secuta
757 1203 1051 1275 presulcm
1083 1203 1410 1260 mirabilem
2041 1210 2330 1267 Faucibus
2353 1212 2567 1282 amplis
2601 1217 2752 1268 terra
2784 1214 2981 1270 hostes
3017 1216 3264 1283 sorbuit,

461 1291 638 1364 Signa
667 1291 969 1349 ferentem.
2037 1297 2263 1354 Dathan
2299 1304 2361 1354 ut
2390 1299 2529 1355 olim
2556 1301 2771 1357 Abiron
2805 1307 2869 1357 ut
2898 1302 3150 1375 legimus

286 1379 382 1436 Sic
412 1397 566 1436 unus
591 1380 1184 1453 hostisinteremptus
1206 1381 1398 1452 gladio
2039 1386 2282 1442 Domino
2313 1404 2542 1460 semper
2574 1389 2752 1445 fuisse
2805 1391 3084 1446 obnoxios

284 1468 522 1542 PrOprio
556 1469 695 1536 ruit,
729 1475 790 1524 ut
814 1468 986 1525 multi
1012 1470 1361 1542 baptismate
2215 1475 2372 1531 Mere
2404 1479 2689 1548 superbos

279 1561 528 1631 Surgere
550 1562 826 1630 possent:
861 1559 943 1614 sic
977 1560 1344 1632 consumptis
1366 1560 1643 1617 omnibus
2034 1564 2288 1620 Turbine
2318 1565 2496 1634 venti,
2527 1565 2864 1638 procellosis
2892 1567 3150 1622 nubibus

463 1646 674 1703 Omnia
703 1652 974 1720 surgnnt.
2034 1652 2242 1721 Nauta,
2268 1655 2422 1726 quod
2449 1671 2616 1726 prece
2635 1655 2934 1711 Juvenalis
2972 1655 3184 1711 liberat
3213 1658 3358 1729 (sic),

278 1735 395 1791 Nec
427 1735 551 1792 suis
571 1740 801 1793 tantum
834 1737 1144 1794 subvenire
1167 1737 1393 1793 studuit
2035 1741 2383 1814 Magistrum
2415 1760 2687 1816 sequens,
2724 1745 2821 1816 qui
2856 1743 3092 1801 clientes
3125 1745 3276 1802 eruit

279 1823 426 1879 Ovili
451 1826 567 1896 (sic)
590 1828 808 1898 pastor,
842 1827 942 1881 sed
995 1827 1189 1882 nautis
1234 1825 1293 1881 in
1326 1825 1532 1898 pelago
1857 1873 1898 1898 η
2215 1829 2379 1886 Peste
2401 1832 2648 1887 marina.

287 1873 317 1879 -
452 1873 565 1896 κν--)
590 1873 808 1898 τ-----,
842 1873 942 1881 η-
995 1873 1188 1882 ..__-.-
1234 1873 1293 1881 -..
1326 1873 1529 1898 τυ--ον
2215 1873 2236 1884 -
2261 1873 2379 1886 νυυυ
2403 1873 2607 1887 ..........

275 1914 610 1986 Naufragis,
634 1919 803 1970 vento
825 1919 881 1970 et
914 1914 1183 1987 procellis
1217 1914 1493 1971 maximis
1553 1946 1558 1952 -
1849 1873 1898 1938 B
2034 1918 2114 1972 Te
2143 1917 2463 1986 Juvenalie,
2501 1925 2612 1976 etc.

456 2003 636 2059 Morte
669 2004 1030 2076 propinquis.
2032 2005 2228 2062 Gloria
2256 2007 2434 2078 Patri,
2467 2012 2576 2064 etc.

278 2153 514 2193 HYMNUS
545 2153 742 2193 SANCTI
773 2154 1158 2193 APOLLINARIS.
1334 2137 1487 2192 Semi
1499 2153 1695 2194 necem
1726 2138 2057 2210 expositum
2085 2141 2225 2208 (sic).
2520 2141 2738 2214 Martyr
2766 2141 2994 2198 refulsit
3024 2142 3275 2216 inclytus

245 2227 418 2282 Festa
446 2232 672 2283 sacrata
701 2225 953 2299 presulis
1416 2226 1716 2299 Extemplo
1750 2227 2154 2300 Boniphatius,
2517 2231 2560 2283 A
2594 2231 2732 2285 flore
2765 2231 3012 2302 pueritie

169 2314 527 2388 Apollinaris
547 2315 838 2388 martyris,
1343 2316 1494 2371 Civis
1527 2315 1743 2372 Classis
1766 2316 2078 2372 obmutuit.
2509 2318 2719 2374 Justus
2750 2320 2984 2374 nomine
3016 2323 3072 2374 et
3094 2337 3286 2392 opere.

167 2402 320 2457 Anni
357 2420 585 2458 recursu
619 2403 827 2467 orbita,
1343 2404 1533 2458 lndita
1561 2405 1737 2459 verba
1766 2403 1938 2460 labiis
2583 2405 2913 2476 Magnatius
2943 2411 3080 2461 tunc
3103 2407 3320 2478 impius

167 2490 476 2546 Celebrare
499 2493 818 2563 jucundum
854 2495 959 2546 est.
1341 2493 1635 2562 Loquendi
1673 2509 1848 2547 usum
1879 2492 2111 2547 meruit.
2512 2495 2748 2548 Famam
2780 2494 2989 2551 salutis
3021 2495 3284 2562 audiens,

236 2585 282 2638 A
314 2582 478 2638 Petro
510 2581 728 2637 missus
769 2581 1047 2652 principe,
1410 2583 1564 2636 Inter
1593 2582 1796 2636 eadem
1821 2581 2042 2636 famina
2503 2584 2670 2637 Tetro
2704 2583 2943 2638 retrusit
2970 2599 3200 2640 carcere

165 2673 503 2728 Ravennam
539 2671 740 2726 urbem
777 2669 922 2724 adiit
955 2686 966 2722 :
1330 2670 1586 2724 Perrexit
1616 2669 1685 2723 ad
1722 2668 1988 2724 Emiliam
2015 2687 2029 2736 ;
2494 2671 2693 2726 Nervis
2719 2671 2984 2727 attritum
3008 2677 3342 2740 martyrem.

159 2762 364 2815 Virtus
394 2759 628 2832 quidem
661 2757 972 2831 pronuntia
1328 2759 1522 2828 Signis
1554 2759 1770 2813 ditatus
1801 2757 2059 2829 optimis,
2563 2761 2790 2815 Sistens
2838 2760 3059 2817 athleta
3095 2749 3342 2828 fortiter,

165 2852 314 2906 Ante
343 2850 671 2921 ingressum
696 2847 904 2918 patuit.
1338 2846 1597 2901 Salutem
1630 2847 1783 2918 egris
1814 2847 2088 2902 reddidit.
2504 2847 2692 2904 Minas
2721 2849 2950 2921 tyranni
2985 2866 3289 2922 respuens,

236 2940 367 2995 Jam
400 2937 630 2993 Hirenei
655 2935 794 3002 ﬁlio,
1405 2935 1533 2989 Rufi
1565 2936 1786 2989 donum
1818 2936 1938 3006 (sic)
1979 2935 2207 3007 patricii
2494 2937 2680 2992 Almis
2711 2938 2954 2993 canebat
2983 2938 3220 2993 vocibus

157 3028 394 3084 Dudum
427 3027 628 3082 orbato
655 3025 896 3088 lumine,
1333 3024 1471 3078 Filia
1501 3025 1702 3079 morbo
1735 3023 2031 3096 languida,
2499 3027 2703 3081 Grates
2734 3027 2972 3098 perenni
2996 3026 3204 3098 judici.

158 3116 388 3172 Nubem
412 3131 788 3188 squamosam
813 3113 1111 3185 detegens,
1335 3113 1512 3168 Morte
1542 3117 1816 3184 preventa
1845 3113 2040 3168 subita
2575 3115 2812 3170 Mutans
2843 3115 3003 3171 dedit
3033 3115 3383 3172 sententiam

156 3207 323 3262 Clara
354 3203 581 3260 refulsit
621 3202 788 3258 visio.
1327 3201 1552 3255 Pestem
1585 3199 2133 3257 excluditluridam.
2495 3204 2746 3258 Demens
2777 3205 2987 3260 dehinc
3024 3205 3379 3277 Magnatius,

225 3292 418 3359 Tecla,
454 3296 722 3347 matrona
752 3289 986 3353 nobilis,
1398 3289 1512 3343 Deo
1547 3289 1700 3344 Patri
1730 3288 1807 3344 sit
1826 3289 2028 3362 gloria.
2500 3293 2714 3348 Ridens
2737 3292 2920 3364 jussit
2952 3295 3061 3349 sub
3096 3294 3350 3365 pondere

153 3384 381 3454 Conjux
404 3379 622 3436 tribuni
655 3377 878 3441 militis,
1335 3394 1572 3431 nvmxus
1604 3395 1799 3432 SANCTI
1826 3395 1984 3433 JUSTI
2033 3397 2318 3434 maa'rvms
2350 3381 2422 3450 (6)
2499 3379 2657 3435 Colla
2688 3386 2917 3436 sacrata
2956 3398 3239 3452 premere.

155 3474 264 3528 Per
293 3466 478 3526 annos
511 3486 684 3524 curva
713 3466 1018 3540 plurimos,
1397 3466 1574 3520 Adest
1604 3483 1770 3521 sacra
1795 3466 2095 3533 festivitas,
2565 3469 2709 3522 Nam
2743 3469 2893 3523 lineo
2927 3469 3260 3524 subtemine

148 3563 401 3618 Gressus
432 3558 753 3629 resumpsit
783 3555 1081 3627 pristinos.
1324 3554 1384 3609 ln
1419 3571 1534 3625 qua
1563 3553 1701 3609 tulit
1731 3554 2076 3611 discrimina
2489 3557 2684 3611 Massa
2715 3558 3038 3612 revinctum
3070 3557 3348 3628 plumbea
3395 3633 3398 3636 ~

219 3647 540 3706 Nec‘Tecle
571 3648 668 3702 diu
702 3645 889 3718 gratia
1317 3644 1523 3698 Justus
1556 3659 1811 3714 namque
1835 3643 2090 3708 celicola,
2494 3644 2813 3700 Rcstrinxit
2834 3645 3021 3701 almos
3040 3645 3341 3711 humeros,

151 3741 466 3813 Signorum
500 3738 656 3792 fama
684 3735 872 3790 latuit.
1324 3733 1564 3803 Propter
1596 3748 1851 3804 superna
1890 3732 2130 3803 premia.
2499 3733 2698 3788 Mcrsit
2729 3734 3016 3805 profundo
3063 3732 3345 3789 ﬂuminis.

153 3831 360 3884 Fertur
382 3827 452 3882 ad
486 3842 656 3880 aures
689 3823 917 3895 tyranni
1403 3821 1676 3876 Fervebat
1700 3819 1874 3878 ultrix
1904 3823 2125 3877 sanctio
2567 3823 2746 3893 Cujus
2777 3839 3010 3878 sacrum
3033 3822 3450 3894 corpusculum

152 3915 455 3974 Saturnini
482 3920 617 3970 tunc
641 3913 857 3984 judicis
884 3931 896 3978 ;
1321 3910 1827 3981 Nequissimorum
1862 3911 2216 3984 principum,
2496 3912 2692 3982 Equor
2721 3910 2975 3967 reddidit
2995 3911 3204 3968 littori:

221 4007 368 4062 Seva
395 4005 566 4074 cujus
607 4002 895 4073 rapacitas
1326 3999 1523 4053 Multis
1554 3999 1782 4054 sacellis
1813 3998 2080 4054 sordidas
2496 3999 2876 4056 Sebastianus
2909 4001 3212 4074 presbyter

152 4095 434 4151 Grassata
464 4091 618 4147 circa
648 4095 984 4161 martyrem,
1324 4089 1546 4159 (legens
1578 4104 1834 4143 cremare
1864 4089 2148 4144 victimas.
2500 4089 2661 4144 Istud
2695 4089 3005 4161 sepulchro
3037 4088 3298 4146 tradidit.

151 4182 310 4239 Telis
340 4181 647 4254 profusum
680 4178 954 4252 gravibus
1396 4177 1750 4249 Pregestiuis
1782 4177 1838 4231 in
1871 4178 2088 4233 finibus
2569 4177 2764 4233 Gloria
2793 4179 2969 4246 Patri,
3002 4183 3112 4235 etc.

439 4329 680 4370 HYMNUS
715 4329 912 4367 suam
942 4327 1276 4365 CLEMENTIS.
1835 4313 1878 4379 Ο
2027 4312 2107 4366 lbi
2145 4313 2362 4383 peregit
2385 4311 2614 4383 insigne
2655 4311 3028 4367 miraculum.

297 4402 614 4459 Clementis
649 4401 862 4457 festum
896 4399 1224 4454 celebratur
1254 4399 1446 4466 hodie,
2093 4401 2390 4471 Aquarum
2424 4417 2602 4455 venas
2633 4417 2700 4455 ex
2742 4402 2954 4473 abysso
2987 4401 3207 4464 eduxit,

263 4491 467 4548 Venite
518 4491 716 4563 plebes
767 4495 821 4544 et
867 4489 1071 4544 mirate
1100 4488 1444 4560 principem,
2022 4489 2089 4542 Et
2119 4489 2347 4544 satiavit
2377 4490 2640 4544 sitientes
2667 4490 2906 4555 incolas,

260 4580 567 4638 Adseclam
593 4579 741 4634 Petri
766 4576 987 4634 domini
1021 4576 1265 4649 apostoli
2022 4577 2124 4642 Qui
2151 4594 2252 4648 per
2277 4577 2510 4633 metalla
2542 4577 2886 4632 exeidehant
2927 4594 3240 4642 marmora,

261 4674 519 4726 Romane
550 4667 707 4724 sedis
739 4667 920 4722 totius
947 4665 1290 4734 antistitem,
2023 4666 2128 4720 Pro
2159 4665 2368 4722 Christi
2405 4667 2637 4721 nomine
2671 4670 2966 4737 portantes
3000 4664 3308 4736 supplicia.

261 4761 444 4824 Quem
479 4757 588 4814 sibi
614 4756 878 4812 Christus
900 4755 1258 4811 consecravit
1291 4759 1622 4825 martyrem.
2091 4755 2173 4809 Oh
2209 4755 2317 4809 hoc
2341 4760 2633 4809 crescente
2667 4753 2862 4810 emula
2892 4753 3135 4818 invidia,

303 4848 403 4902 Hic
434 4846 751 4902 habitando
784 4845 842 4898 in
868 4845 1010 4899 urbe
1032 4843 1313 4898 Romulea
2018 4844 2312 4898 Profundo
2345 4843 2524 4897 maris
2578 4842 2858 4911 mergitur
2887 4858 3022 4896 cum
3067 4840 3342 4907 anchora,

261 4935 682 4992 Annuntiando
713 4934 916 4989 Jesum
949 4932 1247 4988 Christum
1279 4930 1589 4988 Dominum
2022 4933 2102 4987 lbi
2138 4932 2379 4986 limatur
2409 4930 2719 5003 sepulcrali
2745 4947 2992 4986 camera.

263 5023 624 5080 Illuminavit
643 5023 950 5079 Theodora
980 5026 1037 5077 et
1057 5021 1403 5092 Sisinnium,
2025 5023 2185 5077 Hunc
2220 5022 2288 5076 ad
2324 5026 2620 5094 receptum
2654 5025 2809 5076 astat
2831 5037 2983 5075 nunc
3011 5019 3276 5076 ecclesia.

263 5114 416 5169 Dum
434 5112 623 5168 visum
648 5113 881 5167 Petrum
904 5111 960 5165 in
984 5127 1189 5183 sopore
1213 5110 1516 5182 prospicit.
2028 5112 2108 5165 Ibi
2145 5111 2342 5166 fideles
2372 5114 2706 5182 congruunt
2737 5126 2840 5183 per
2870 5108 3068 5166 secula

262 5201 474 5273 Sicque
504 5201 800 5257 Clemente
832 5201 1158 5272 baptizatus
1181 5199 1444 5255 credidit.
2089 5200 2194 5264 Qui
2227 5217 2435 5255 cursus
2468 5200 2582 5271 (sic)
2606 5199 2744 5254 anni
2765 5203 2954 5256 tectus
2985 5216 3137 5270 aqua
3156 5198 3370 5271 valida,

297 5290 402 5346 Hic
434 5291 787 5362 predicando
819 5291 1029 5346 Christi
1055 5288 1444 5361 evangelium,
2018 5288 2148 5345 Atto
2182 5289 2240 5342 in
2283 5287 2429 5343 mari
2465 5289 2646 5360 mergi
2683 5290 2875 5344 nudos
2909 5289 3136 5360 flagitat

259 5379 498 5452 Trajani
521 5381 699 5450 jussu
731 5381 942 5436 ductus
965 5381 1034 5436 ad
1067 5378 1305 5436 exilium
2017 5380 2197 5450 Cujus
2246 5395 2552 5434 recurrens
2584 5395 2779 5433 annua
2819 5379 3126 5445 festivitas,

261 5471 452 5526 Trans
484 5468 729 5525 Pontum
764 5486 922 5525 mare
947 5467 1008 5524 in
1040 5471 1377 5540 preruptam
1399 5467 1727 5536 heremum,
2018 5469 2313 5524 Recedeus
2341 5483 2501 5522 mare
2523 5467 2592 5522 ad
2615 5468 2728 5522 tria
2761 5467 2964 5535 millia,

228 5649 308 5720 (6)
335 5647 481 5704 Vide
512 5646 986 5722 Martyrologium
1019 5648 1350 5703 Romanum
1373 5646 1605 5704 Baronii
1635 5648 1706 5704 ad
1740 5649 1796 5705 d.
1831 5663 1873 5706 ιι
1898 5649 2041 5705 Νον.
