3978 6356
166 364 299 441 83τ

1355 383 2084 454 SACRAMENTARIUM
2131 384 2406 456 verus.
2498 333 2517 343 ’

3449 370 3581 475 83s

166 511 380 569 bilinm
411 532 607 572 amere
654 516 974 590 rapiamnr.
1037 521 1105 575 Et
1136 519 1263 576 ideo
1313 538 1445 577 cum
1499 523 1721 596 angelis
1757 532 1813 578 et
1843 529 1893 591 Α
1924 524 2095 579 stella
2124 526 2269 581 (luce
2300 527 2590 597 revelasti,
2615 527 2865 585 concede
2886 530 3194 603 prOpitius,
3231 536 3293 587 ut
3327 534 3564 607 quijarn

168 602 558 677 archangelis,
582 621 715 661 cum
728 605 789 661 th
799 608 955 663 renis
968 612 1025 663 et
1038 608 1814 685 dominationibus,cumque

169 691 333 746 omni
366 691 840 751 militiacmlestis
853 697 1141 754 exercitus
1170 698 1455 771 hymnum
1488 701 1684 774 glorizn
1703 706 1814 757 tuze

168 779 441 838 canimus
470 782 596 839 sine
625 784 738 839 fine
767 784 1031 842 dicentes
1057 805 1069 842 :

238 870 397 940 Infra
416 873 701 928 actionem.
752 875 1285 943 Communicantes,
1332 880 1389 933 et
1429 878 1584 935 diem
1616 896 1817 934 sacra-

170 956 468 1014 tissimum
484 959 880 1033 celebrantes,
897 980 1023 1036 qua:
1036 964 1220 1020 beatze
1250 965 1442 1021 Maria:
1474 966 1819 1023 intemerata

165 1045 475 1120 virginitas
504 1049 640 1105 huic
672 1051 1478 1122 mundoediditSalvatorem,
1500 1056 1601 1110 sed
1624 1061 1679 1111 et
1693 1073 1817 1112 me-

170 1136 419 1193 moriam
449 1144 789 1197 venerantes
820 1142 1081 1213 ejusdem
1110 1142 1371 1216 gloriosae
1406 1160 1636 1216 semper
1649 1144 1819 1217 virgi-

171 1223 262 1280 nis
285 1225 479 1281 Maria;
509 1228 807 1300 genitricis
830 1230 930 1286 Dei
961 1235 1017 1286 et
1042 1231 1276 1287 Domini
1293 1232 1473 1288 nostri
1503 1234 1641 1289 Jesu
1661 1233 1820 1289 Chri-

171 1313 268 1382 sti,
303 1314 405 1371 sed
436 1318 494 1371 et
522 1316 848 1374 beatorum.

238 1404 698 1461 Postcommum'o.
746 1394 988 1475 Praesta,
1039 1425 1399 1481 quaesumus,
1450 1410 1819 1483 omnipotens

169 1491 347 1563 Deus,
380 1497 445 1549 ut
474 1498 647 1550 natus
676 1494 847 1553 hodie
879 1496 1142 1553 Salvator
1171 1499 1401 1566 mundi,
1433 1500 1584 1555 sicut
1614 1500 1819 1556 divinas

170 1582 341 1637 nobis
399 1584 791 1657 generationis
834 1590 923 1642 est
970 1591 1191 1654 auctor,
1228 1587 1312 1643 ita
1360 1588 1818 1645 immortalitatis

168 1670 246 1727 sit
276 1670 403 1744 ipse
432 1671 691 1746 largitor.
727 1675 833 1741 Qui
868 1680 1061 1731 tecum
1094 1676 1247 1731 vivit.

461 1780 517 1818 IN
557 1780 713 1818 FEST.
756 1780 951 1821 SANCTI
994 1781 1272 1821 STEPHANI
1313 1781 1542 1821 LE\'IT.E.

241 1852 326 1905 Da
356 1850 546 1919 nobis,
580 1868 939 1924 quaesumus,
972 1853 1468 1922 Domine,imitari
1503 1855 1656 1928 quod
1682 1855 1819 1911 coli-
1854 1892 1902 1956 B

171 1954 327 2007 mus,
364 1944 429 1995 ut
466 1939 762 1998 discamus
810 1948 866 1998 et
896 1943 1168 1999 inimicos
1216 1943 1473 2017 diligere,
1527 1943 1665 2016 quia
1692 1946 1820 2017 ejus

171 2026 442 2083 natalitia
466 2028 850 2099 celebramus,
885 2033 981 2104 qui
1002 2033 1159 2088 novit
1190 2032 1362 2089 etiam
1380 2037 1821 2105 propersecuto-

171 2115 340 2172 ribus
370 2133 626 2174 exorare.
660 2120 764 2175 Per
794 2120 1129 2176 Dominum.

243 2204 480 2261 Secreta.
514 2207 773 2281 Suscipe,
824 2209 1090 2275 Domine,
1143 2227 1386 2266 numera
1434 2228 1535 2283 pro
1584 2216 1818 2267 tuorum

168 2295 724 2352 commemoratione
755 2301 1115 2367 sanctorum,
1164 2304 1226 2354 ut
1260 2300 1411 2372 quod
1462 2299 1594 2355 illos
1627 2301 1820 2372 passio

166 2381 481 2455 gloriosos,
512 2401 619 2440 nos
651 2386 874 2442 devotio
901 2387 1427 2444 reddatinnocuos‘.
1460 2389 1587 2444 Per.

240 2473 591 2532 Communia.
624 2474 993 2531 Auxilientur
1022 2476 1213 2541 nobis,
1265 2477 1531 2548 Domine,
1585 2482 1822 2549 sumpta

166 2561 470 2634 mysteria,
506 2566 563 2618 et
594 2562 983 2619 intercedente
1013 2564 1183 2620 beato
1229 2565 1521 2638 Stephano
1572 2570 1822 2638 martyre

166 2654 272 2705 tuo
306 2652 667 2723 sempiterna
698 2653 1051 2724 protectione
1082 2654 1447 2710 confirment.
1482 2654 1605 2710 Per.

389 2756 449 2795 IN
490 2757 639 2795 ηδτ.
684 2758 881 2796 SANCTI
919 2759 1154 2797 JOANNIS
1196 2760 1603 2800 ΕΥΑΝΟΕΙᾸΒΤΕ.

245 2827 568 2883 Ecclesiam
599 2833 783 2896 tuam,
836 2830 1099 2897 Domine,
1134 2830 1425 2904 benignus
1474 2831 1726 2899 illustre,
1762 2837 1825 2887 ut

176 2916 331 2973 beati
362 2917 608 2974 Joannis
648 2918 1011 2991 evangelista:
1058 2918 1389 2976 illuminata
1437 2921 1719 2976 doctrinis
1751 2922 1822 2978 ad

180 3006 334 3062 dona
364 3007 663 3079 perveniat
692 3008 1065 3079 sempiterna.
1102 3008 1225 3064 Per.

246 3094 481 3151 Secreta.
514 3095 756 3168 Suscipe
789 3113 1052 3169 munera,
1105 3097 1367 3163 Domine,
1420 3114 1547 3169 quae
1598 3098 1654 3154 in
1697 3100 1825 3171 ejus

172 3181 545 3239 solemnitate
572 3184 675 3238 tibi
704 3184 1044 3250 deferimus,
1095 3187 1264 3259 cujus
1314 3202 1419 3240 nos
1469 3187 1821 3244 conﬁdimus

171 3271 496 3343 patrocinio
528 3270 785 3327 liberari.
820 3274 944 3328 Per.

238 3362 589 3417 Communia.
623 3360 838 3417 Refecti
888 3362 1016 3417 cibo
1068 3367 1327 3435 potuque
1380 3363 1619 3430 caelesti,
1669 3364 1823 3421 Deus

172 3452 390 3516 noster,
426 3454 483 3505 te
514 3450 808 3521 supplices
829 3451 1231 3522 deprecamur,
1290 3457 1357 3508 ut
1408 3452 1466 3507 in
1500 3454 1669 3529 cujus
1702 3454 1822 3509 haec

169 3538 728 3594 commemoratione
759 3538 1145 3611 percepimus,
1187 3541 1316 3611 ejus
1371 3540 1729 3609 muniamur,
1767 3549 1824 3597 et

170 3624 468 3697 precibus.
501 3625 627 3681 Per.

708 3732 766 3770 IN
808 3733 1017 3771 OCTAVA
1058 3733 1262 3772 DOMINI
1273 3758 1286 3771 .

241 3802 418 3872 Deus,
453 3801 550 3874 qui
586 3803 754 3859 nobis
808 3804 927 3859 nati
970 3804 1285 3861 Salvatoris
1344 3807 1498 3861 diem
1531 3806 1821 3864 celebrare

171 3889 443 3945 concedis
474 3895 763 3961 octavum,
780 3891 868 3947 fac
886 3909 1012 3961 nos,
1033 3910 1373 3964 quazsumus
1403 3896 1531 3967 ejus
1545 3900 1823 3967 perpetua

167 3977 475 4035 divinitate
504 3981 743 4049 muniri,
778 3981 948 4053 cujus
979 3998 1187 4039 sumus
1219 3982 1437 4040 carnali
1469 3985 1819 4042 commercio

169 4068 449 4139 reparati.
484 4069 609 4125 Per.

238 4155 474 4214 Secreta.
507 4158 744 4226 Pratsta,
777 4176 1141 4231 quiesumus,
1175 4160 1437 4228 Domine,
1472 4165 1536 4217 ut
1565 4179 1668 4234 per
1697 4162 1819 4219 haec

167 4259 436 4312 munera,
469 4262 597 4318 quaa
632 4246 866 4302 Domini
898 4247 1085 4303 nostri
1134 4248 1273 4304 Jesu
1324 4249 1538 4305 Christi
1596 4268 1817 4306 arcanae

168 4332 492 4390 nativitatis
550 4334 829 4408 mysterio
886 4336 1166 4407 gerimus,
1227 4337 1545 4409 purificatze
1603 4339 1819 4396 mentis

165 4420 617 4495 intelligentiam
649 4440 1102 4509 consequamur.
1138 4426 1265 4481 Per.

240 4510 583 4568 Communia.
657 4513 891 4577 Praesta,
971 4530 1334 4585 quaesumus,
1412 4516 1675 4584 Domine,
1754 4524 1818 4574 ut

1922 618 1979 668 te
2010 629 2078 668 ex
2110 614 2223 670 fide
2261 616 2662 689 cognovimus,
2714 635 2902 691 usque
2934 620 3005 674 ad
3059 621 3567 695 contemplandum

1925 703 2177 774 speciem
2210 707 2323 759 tua:
2355 705 2721 762 celsitudinis
2750 708 3156 779 perducamur.
3192 711 3318 766 Per.

1997 790 2228 847 Secreta.
2261 792 2524 849 Ecclesia
2556 797 2692 861 tuae,
2751 797 3091 867 quaesumus,
3141 798 3390 855 Domine
3419 801 3573 857 dona

1924 878 2215 951 propitius
2246 880 2490 947 intuere,
2526 883 2742 955 quibus
2765 885 2891 954 jam
2923 902 3035 939 non
3070 902 3301 953 aurum,
3344 888 3486 945 thus
3516 893 3573 946 et

1926 967 2165 1039 myrrha
2195 970 2505 1041 profertur,
2539 972 2636 1027 sed
2673 972 2825 1043 quod
2856 973 3074 1028 eisdem
3108 976 3450 1034 muneribus
3472 978 3569 1033 de-

1926 1056 2201 1125 claratur,
2236 1058 2577 1115 immolatur
2606 1064 2661 1115 et
2691 1062 2965 1117 sumitur.
3000 1063 3124 1118 Per.

1996 1145 2279 1215 Praefatio.
2309 1151 2335 1213 ῒ
2370 1148 2599 1204 Eterne
2649 1154 2817 1217 Deus,
2866 1150 3004 1222 quia
3052 1167 3187 1207 eum
3235 1154 3572 1228 unigenitus

1928 1231 2109 1289 Filius
2138 1238 2276 1289 tuus
2310 1234 2367 1290 in
2400 1238 2731 1293 substantia
2756 1246 2966 1295 nostra:
3000 1241 3374 1300 mortalitatis
3403 1260 3574 1316 appa-

1927 1320 2063 1388 ruit,
2099 1339 2245 1378 nova
2278 1341 2382 1380 nos
2412 1324 2875 1382 immortalitatis
2917 1346 3035 1383 suae
3085 1328 3213 1386 luce
3261 1332 3569 1405 reparavit.

1928 1407 1995 1465 Et
2022 1408 2173 1466 ideo.

1996 1500 2149 1570 Infra
2182 1501 2469 1555 actionem.
2520 1501 3034 1559 Communicantes
3076 1509 3132 1561 et
3171 1506 3324 1563 diem
3378 1525 3570 1565 sacra-

1927 1586 2226 1642 tissimum
2257 1589 2633 1657 celebrantes,
2668 1608 2785 1662 quo
2816 1592 3163 1664 Unigenitus
3211 1598 3350 1652 tuus
3382 1597 3437 1653 in
3469 1602 3573 1654 tua

1928 1678 2120 1731 tecum
2175 1676 2359 1748 gloria
2417 1684 2756 1743 coaeternus,
2820 1681 2875 1734 in
2927 1683 3167 1738 veritate
3216 1685 3411 1742 carnis
3464 1704 3572 1741 n0-

1931 1767 2061 1817 strae
2090 1763 2398 1820 visibilitcr
2452 1767 2767 1839 corporalis
2815 1771 3104 1841 apparuit,
3137 1772 3236 1827 sed
3268 1777 3325 1828 et
3354 1791 3573 1831 memo-

1930 1851 2101 1917 riam,
2135 1857 2244 1907 etc.

2004 1940 2342 1997 Communia.
2378 1943 2610 2008 Praesta,
2637 1962 2996 2015 qnmsumus,
3020 1947 3265 2005 Domine
3296 1950 3449 2006 Deus
3473 1969 3575 2009 no-

1929 2033 2067 2092 ster,
2091 2033 2156 2083 ut
2177 2047 2303 2102 quae
2334 2031 2577 2088 solemni
2613 2033 2978 2090 celebramus
3018 2036 3209 2093 officio
3258 2039 3576 2110 purificatae

1930 2119 2144 2173 mentis
2176 2119 2559 2191 intelligentia
2591 2138 3043 2195 consequamur.
3079 2126 3200 2182 Per.

1930 2224 2007 2295 (8)
2033 2242 2360 2280 BENEDIC’I‘IO
2384 2243 2569 2282 suasa
2589 2245 2798 2283 censos
2822 2247 2879 2284 I.\'
2900 2247 3337 2290 PURIFICATIONE
3351 2251 3579 2292 suum:

2650 2317 2864 2355 MARUE.

2001 2384 2241 2451 Exaudi,
2261 2400 2621 2456 quaesumus,
2642 2387 2903 2456 Domine,
2921 2388 3149 2461 plebem
3180 2396 3364 2459 tuam,
3379 2399 3576 2467 etque:

1931 2472 2290 2529 extrinsecus
2321 2490 2519 2529 annua
2549 2474 2758 2531 tribuis
2789 2478 3092 2534 devotione
3124 2481 3403 2548 venerari,
3434 2482 3576 2538 inte-

1932 2560 2055 2619 rius
2087 2560 2322 2633 assequi
2355 2563 2551 2634 gratiae
2582 2567 2694 2618 tuae
2727 2561 2856 2620 luce
2887 2568 3156 2623 concede.
3190 2568 3315 2624 Per.

2002 2649 2286 2705 Dominus
2314 2651 2634 2707 vobiscum.
2670 2653 2913 2709 Etcum.
2936 2658 3181 2713 Sursum
3207 2658 3402 2713 corda.
3432 2659 3577 2716 Gra-

1931 2741 2045 2793 tias
2077 2755 2322 2811 agamus
2356 2741 2599 2795 Domino
2631 2741 2745 2797 Deo
2782 2748 3001 2799 nostro.
3030 2750 3094 2813 ›ι‹
3121 2746 3353 2803 Eterne
3405 2748 3573 2814 Deus,

1934 2831 2157 2883 creator
2186 2827 2314 2883 coeli
2346 2832 2402 2885 et
2432 2833 2616 2898 terrae,
2651 2830 2769 2886 Rex
2798 2847 3024 2904 regum,
3057 2838 3113 2889 et:
3165 2833 3447 2891 Dominus
3480 2838 3579 2893 do-

1933 2916 2307 2983 minantium,
2336 2935 2439 2973 nos
2470 2918 2762 2991 supplices
2786 2925 2918 2975 tuos
2950 2922 3020 2976 ad
3053 2925 3108 2977 te
3124 2921 3443 2980 clamantes
3465 2924 3577 2981 cle-

1934 3010 2160 3062 menter
2190 3007 3193 3081 exaudiredigneris,quiaomniaex
3223 3011 3405 3069 nihilo
3428 3030 3581 3071 crea-

1935 3094 2069 3160 asti,
2105 3100 2159 3149 et
2190 3096 2356 3166 jussu
2403 3101 2504 3151 tuo
2534 3113 2710 3168 Opera
2756 3115 2932 3169 apum
2965 3098 3114 3153 hunc
3165 3099 3449 3172 liquorem
3506 3103 3576 3158 ad

1938 3184 2352 3256 perfectionem
2385 3184 2531 3241 cerei
2563 3185 2789 3241 evenire
2820 3186 3026 3256 fecisti,
3074 3194 3127 3242 et
3174 3188 3457 3246 hodierna
3487 3190 3579 3247 die

1932 3272 2270 3344 petitionem
2294 3273 2441 3343 justi
2461 3272 3045 3346 Simeonisimplestii
3061 3277 3138 3333 Te
3168 3276 3577 3336 humiliterde-

1932 3378 2259 3432 precamur,
2293 3365 2355 3415 ut
2386 3361 2491 3416 has
2524 3362 2799 3419 candelas
2831 3364 2902 3418 ad
2941 3381 3112 3419 usum
3164 3364 3492 3432 hominum,
3522 3372 3580 3423 et

1930 3449 2237 3504 sanitatem
2272 3465 2578 3521 corporum
2613 3454 2668 3504 et
2700 3450 3029 3507 animarum
3054 3453 3409 3525 quicumque
3438 3458 3578 3511 tuus

1930 3536 2121 3593 fidelis
2142 3554 2245 3609 pro
2276 3537 2680 3593 benedictione
2714 3538 2836 3593 suis
2870 3541 3182 3611 gestaverit
3212 3541 3272 3596 in
3304 3542 3579 3599 manibus

1930 3624 2132 3680 sivein
2166 3630 2339 3691 terra,
2393 3625 2513 3680 sive
2545 3625 2603 3680 in
2654 3626 2825 3697 aquis
2877 3644 2982 3698 per
3033 3627 3456 3685 invocationem
3490 3631 3577 3686 tui

1930 3713 2284 3769 sanctissimi
2321 3714 2596 3779 nominis,
2627 3718 2687 3770 et
2710 3714 3186 3771 intercessionem
3218 3720 3432 3773 sanctaa
3454 3718 3576 3774 Ma-

1929 3804 2025 3858 riae
2060 3802 2186 3857 Filii
2219 3801 2303 3857 tui
2336 3802 2654 3875 genitricis,
2677 3804 2848 3875 cujus
2870 3805 3277 3877 purgationem
3296 3805 3467 3863 hodie
3489 3823 3578 3863 ce-

1928 3891 2229 3948 lebramus
2262 3892 2558 3948 mentibus
2589 3892 2831 3960 devotis,
2864 3897 3037 3965 atque
3067 3894 3333 3950 omnium
3355 3899 3581 3953 sancto-

1929 3988 2060 4036 rum
2090 3984 2328 4037 tuorum
2360 3980 2848 4054 prece,etmeritis
2861 3982 3258 4052 benedifcere,
3287 3984 3575 4053 etsanctit

1929 4070 2101 4126 ﬁcere
2130 4074 2232 4126 tua
2261 4070 2474 4142 pietate
2504 4071 2783 4143 digneris,
2846 4077 2910 4126 ut
2937 4070 3060 4127 haec
3109 4071 3273 4144 plebs
3325 4076 3448 4140 tua,
3476 4073 3579 4145 qui

1929 4158 2035 4214 hos
2061 4175 2258 4216 cereos
2278 4159 2594 4215 honorifice
2624 4160 2685 4215 in
2702 4159 2976 4215 manibus
2992 4164 3203 4232 portat,
3226 4164 3397 4233 teque
3418 4161 3574 4234 psal-

1928 4247 2101 4303 lendo
2132 4248 2336 4305 laudes
2367 4249 2662 4316 decantat,
2684 4253 2747 4304 tu
2769 4249 3048 4306 exaudias
3076 4266 3279 4305 eorum
3310 4266 3478 4306 voces
3504 4250 3575 4306 de

1894 4335 2068 4391 -coelo
2092 4342 2293 4392 sancto
2325 4341 2448 4405 tuo,
2480 4342 2538 4393 et
2567 4337 2637 4392 de
2668 4338 2806 4393 sede
2836 4337 3165 4408 majestatis
3195 4342 3309 4394 tua;
3334 4357 3347 4407 ;
3380 4341 3575 4411 propi-

1925 4426 2160 4496 tiusque
2183 4425 2264 4480 sis
2283 4425 2965 4481 omnibusclamantibus
2983 4427 3053 4480 ad
3072 4431 3148 4492 te,
3162 4444 3310 4499 quos
3324 4426 3577 4499 pretioso

1924 4512 2137 4568 Christi
2169 4512 2293 4568 F‘ilii
2326 4513 2409 4568 tui
2442 4514 2730 4585 sanguine
2755 4514 3033 4585 dignatus
3057 4531 3119 4569 es
3150 4514 3454 4586 redimere,
3474 4515 3577 4587 qui

162 4598 321 4671 quod
353 4598 526 4655 Salva
548 4600 692 4656 toris
719 4602 901 4656 nostri
933 4602 1141 4658 iterata
1171 4602 1539 4661 solemnitate
1558 4608 1822 4679 percepi-
1852 4617 1900 4681 ι)
1931 4607 2125 4658 tecum
2157 4601 2312 4655 vivit.

165 4703 303 4745 mus
329 4693 621 4760 perpetuae
653 4689 820 4745 nobis
852 4690 1269 4763 redemptionis
1301 4693 1559 4749 conferat
1582 4694 1817 4751 medici-

163 4793 326 4832 nam.
360 4780 489 4833 Per.

656 4883 715 4922 IN
753 4883 1055 4925 ΕΡΙΡΗΔΝῙΔ
1096 4885 1301 4925 DOMINI
1311 4892 1326 4923 ἕ

231 4953 410 5023 Deus,
427 4953 525 5027 qui
547 4954 831 5013 hodierna
846 4957 937 5012 die
952 4957 1059 5013 Uni
1066 4958 1326 5032 genitum
1349 4944 1513 5013 tuum
1542 4961 1814 5033 gentibus

233 5096 313 5169 (8)
341 5094 503 5169 Cerei
534 5096 861 5169 benedictio
912 5099 968 5153 in
1003 5100 1094 5155 die
1145 5100 1571 5156 Purificationis
1619 5103 1812 5158 Maria;

160 5166 454 5244 posterior
481 5168 649 5244 valde
677 5176 765 5244 est
792 5171 1154 5244 temporibus
1183 5172 1368 5227 sancti
1403 5173 1660 5244 Gregorii
1693 5175 1810 5230 Ma-

164 5238 285 5311 gni.
308 5238 634 5314 ypn‘e‘n‘im
665 5242 792 5313 ejus
825 5238 1093 5297 meminit
1114 5260 1301 5314 neque
1330 5238 1682 5313 Amalarius,
1717 5262 1813 5302 ne-

164 5309 280 5388 que
307 5309 657 5388 Walfridus,
693 5309 881 5385 neque
909 5309 1323 5388 supposititius
1371 5309 1677 5381 Aleuinus,
1710 5318 1811 5388 qui

160 5385 363 5458 tamen
391 5382 1467 5458 meminit_cereorum'5enedictorum,
1501 5403 1648 5458 quos
1669 5382 1811 5458 pon-

161 5452 300 5510 tifex
334 5454 630 5510 maximus
659 5455 1084 5511 distribuebatl
1120 5457 1303 5512 Multo
1337 5452 1536 5513 minus
1562 5459 1621 5513 in
1652 5452 1814 5514 Gela-

162 5524 352 5591 siano,
384 5524 445 5579 in
475 5525 852 5601 Gregoriano,
876 5527 940 5601 in_
968 5527 1298 5601 Gellonensi
1329 5529 1578 5601 aliisque
1620 5546 1809 5585 sacra-

163 5600 499 5687 mentorum
521 5595 687 5687 lihl'is
717 5598 787 5654 de
808 5598 916 5687 hac
928 5599 1328 5687 benedictione
1350 5595 1563 5687 agitur.
1588 5601 1651 5658 In
1674 5618 1813 5687 quo-

160 5667 295 5731 dam
330 5667 573 5743 antiquo
584 5669 942 5749 Turonensis
953 5669 1221 5734 Ecclesia:
1235 5667 1459 5735 missili
1488 5670 1635 5736 libro
1658 5667 1811 5736 circa

1999 4692 2265 4747 Oremus.
2299 4690 2605 4761 Praeceptis
2636 4690 2992 4745 salutaribus
3015 4690 3241 4758 moniti,
3272 4694 3381 4746 etc.
3406 4690 3576 4747 Pater

1925 4784 2125 4837 noster
2155 4778 2252 4852 qui
2284 4796 2346 4835 es
2377 4780 2433 4833 in
2467 4778 2649 4846 cmlis,
2682 4783 2791 4833 etc.

1996 4870 2125 4925 Alia
2152 4869 2344 4924 oratio.
2378 4867 2684 4935 Beneidic,
2703 4865 2967 4935 Domine,
2996 4867 3135 4923 Jesu
3151 4867 3397 4933 Christe,
3423 4867 3573 4924 hanc

1925 4961 2252 5014 creaturam
2286 4957 2433 5013 cerei
2457 4954 2985 5028 supplicationibus
3006 4955 3244 5023 nostris,
3262 4956 3421 5012 etinf
3423 4958 3575 5014 unde

1920 5114 1956 5155 Χ
1987 5100 2265 5155 saeculum
2298 5102 2537 5172 scripto,
2565 5100 2744 5172 unica
2773 5103 3003 5155 tantum
3036 5099 3223 5172 oratio
3263 5100 3568 5172 repetitur,

1921 5172 1989 5228 ad
2046 5173 2351 5253 luminaria
2408 5170 2795 5253 bengticenfla,
2840 5176 2907 5253 .et
2964 5172 3022 5253 in
3062 5170 3176 5227 alio
3225 5170 3572 5253 perantiquo

1924 5243 2259 5316 monasterii
2292 5242 2478 5316 sancti
2511 5242 2853 5298 Theoderici
2901 5242 3075 5316 unica
3119 5242 3339 5316 pariter
3388 5242 3572 5316 oratio

1919 5314 1989 5370 ad
2016 5312 2392 5396 ὁεῃβιίέςςηιζοδ
2425 5329 2656 5396 _cereos;
2679 5330 2835 5396 quas
2864 5312 3152 5396 orationes
3200 5315 3376 5396 refert
3420 5315 3570 5396 Mar-

1918 5390 2049 5441 tene
2082 5386 2145 5457 (t.
2180 5385 2272 5440 Ill.
2306 5385 2484 5455 Antiq.
2521 5401 2625 5440 ecc.
2656 5384 2850 5457 dz'scip.
2884 5384 2985 5441 lib.
3019 5403 3092 5449 IV,
3126 5404 3183 5441 n.
3217 5386 3293 5457 5),
3315 5402 3451 5457 eum
3473 5385 3572 5440 ali-

1963 5456 2139 5512 uibUs
2170 5457 2379 5511 ritibus
2392 5472 2532 5511 sane
2546 5456 2808 5527 antiquis
2823 5458 2894 5511 ad
2910 5474 3106 5513 cereos
3121 5456 3565 5511 benedicendos.

2104 5529 2175 5583 de
2190 5529 2336 5609 ipsa
2367 5528 2609 5609 insuper
2638 5526 2965 5609 inlantiquo
2992 5526 3189 5609 libello
3237 5528 3568 5584 orationum

1919 5598 2638 5675 Gothiae-Hispanicarum
2669 5598 2814 5660 alias
2837 5598 3177 5659 memorato.
