3978 6358
425 421 543 483 843

1618 418 1809 486 S/EC.
1856 420 1937 484 XI
1983 418 2295 485 MONUM.
2339 416 2655 485 LITURG.

3714 418 3859 484 34,.

425 540 620 611 cuncti
647 556 1104 611 resurrexissent
1133 574 1166 611 a
1195 557 1463 612 mortuis.
1486 557 1790 628 Propterea
1817 561 1873 611 et
1901 556 2075 611 turba
2104 559 2159 623 Α
2258 556 2487 611 Βουναία.
2546 560 2677 627 Ipse
2727 555 2851 623 tibi,
2902 572 3261 628 quaesumus,
3323 554 3565 612 Domine
3613 561 3843 622 sancte,

428 660 563 699 cum
577 642 757 699 ramis
768 644 1098 716 palmarum
1112 644 1410 701 obviantes
1423 645 1770 701 clamabant:
1780 644 2076 712 Hosanna,

431 732 777 789 benedictus
808 734 908 806 qui
935 734 1091 789 venit
1120 735 1179 790 in
1211 735 1446 790 nomine
1477 734 1707 790 Domini
1740 735 1857 790 Rex
1876 732 2072 789 Israel.

433 822 816 894 Quapropter,
866 839 1204 893 quaesumus
1253 822 1621 879 clementiam
1660 826 1845 890 tuam,
1879 828 1943 877 ut
1971 839 2077 877 nos
2108 876 2119 881 -

433 909 688 969 famulos
708 913 970 983 tuos,qui
1002 911 1183 983 hujus
1212 913 1294 968 rei
1323 912 1571 985 gratiam
1597 916 1653 968 et
1673 912 1847 967 ﬁdem
1870 910 2076 965 verita-

432 998 511 1055 tis
541 1000 924 1073 percipimus,
958 1018 1129 1057 eruas
1152 1005 1208 1057 et
1232 1017 1409 1057 exuas
1441 1002 1512 1056 de
1542 1017 1639 1056 ore
1672 999 1965 1066 interni,et
1984 998 2076 1053 ad-

424 1088 715 1159 jutorium
745 1090 944 1163 gratiae
960 1095 1073 1146 tua:
1095 1090 1265 1146 nobis
1284 1090 1536 1145 tribuere
1556 1088 1907 1162 digneris,ut
1917 1089 2078 1159 juste

432 1180 492 1232 et
522 1176 616 1249 pie
638 1181 951 1250 sancteque
976 1179 1231 1234 viventes
1260 1195 1395 1234 cum
1427 1178 1626 1233 electis
1658 1177 1832 1232 facias
1865 1176 2077 1231 habere

432 1265 813 1322 consortium.
847 1267 955 1322 Per
983 1283 1158 1338 quem
1191 1266 1332 1335 haec,
1367 1266 1632 1333 Domine,
1666 1282 1896 1336 semper
1924 1265 2078 1320 bona

430 1368 614 1422 creas,
647 1354 1034 1424 sanctifﬁcas,
1067 1355 1381 1425 vivifﬁcas,
1423 1354 1756 1421 benefdicis
1803 1358 1861 1410 et
1908 1352 2077 1409 nobis

428 1442 613 1499 servis
643 1443 761 1499 tuis
787 1442 1026 1516 largiter
1056 1449 1319 1517 praestas.
1352 1449 1461 1500 Per
1490 1444 1687 1499 omnia
1716 1442 1930 1500 saecula
1971 1460 2074 1499 sm-

429 1528 716 1587 culorum.
743 1533 950 1589 Amen.

496 1620 623 1676 Alia
662 1623 854 1678 oratio.
906 1622 1082 1688 Deus,
1126 1622 1228 1694 qui
1279 1621 1491 1678 Filium
1540 1626 1710 1677 tuum
1759 1621 2074 1676 Dominum

426 1712 693 1765 nostrum
750 1711 953 1766 Jesum
1012 1710 1311 1767 Christum
1366 1728 1469 1783 pro
1520 1715 1724 1766 nostra
1779 1710 1969 1765 salute
2014 1710 2074 1764 in

425 1795 585 1853 hunc
617 1799 907 1853 mundum
937 1800 1173 1866 misisti,
1218 1804 1283 1855 ut
1329 1816 1389 1856 se
1438 1799 1778 1855 humiliaret
1826 1800 1897 1855 ad
1946 1815 2074 1863 nos,

428 1886 487 1939 et
515 1890 810 1942 revocaret
856 1887 927 1942 ad
960 1892 1035 1956 te,
1069 1888 1169 1958 qui
1200 1889 1376 1943 etiam
1408 1889 1549 1963 dum
1576 1886 1934 1943 Hierusalem
1980 1904 2075 1942 ve-

428 1970 598 2042 niret,
633 1978 690 2029 et
712 1974 1060 2046 adimpleret
1089 1976 1444 2049 Scripturas,
1488 1976 1851 2032 credentium
1889 1993 2072 2048 popu-

426 2058 620 2117 lorum
650 2063 824 2117 turba
853 2063 1198 2120 ﬁdelissima
1228 2064 1548 2121 devotionis
1579 2081 1698 2120 suae
1727 2064 2075 2120 vestimenta

427 2165 561 2206 cum
594 2150 775 2207 ramis
830 2151 1162 2223 palmarum
1211 2154 1269 2208 in
1317 2154 1410 2209 via
1458 2154 1815 2224 sternebant,
1858 2158 2074 2225 praesta

424 2252 788 2309 quaesumus,
820 2244 885 2296 ut
923 2241 1005 2296 illi
1036 2242 1170 2297 ﬁdei
1199 2244 1350 2297 viam
1382 2259 1796 2314 praeparemus,
1838 2242 1909 2297 de
1955 2259 2072 2314 qua

422 2332 645 2384 remoto
674 2328 868 2401 lapide
910 2331 1247 2387 offensionis
1296 2336 1353 2388 et
1405 2335 1567 2403 petra
1597 2331 1879 2399 scandali,
1911 2332 2067 2386 fron-

422 2415 559 2479 deat
586 2432 758 2489 opere
775 2418 1017 2489 justitize
1049 2424 1338 2489 ramos,ut
1368 2422 1496 2491 ejus
1524 2420 1769 2493 vestigia
1790 2421 2066 2492 consequi

421 2518 773 2562 mereamur.
808 2508 933 2563 Per.

488 2594 611 2648 Haec
640 2599 721 2650 est
747 2597 865 2652 alia
894 2600 1088 2652 oratio.
1122 2597 1383 2653 Petimus
1413 2601 1488 2666 te,
1522 2602 1722 2655 sancte
1752 2598 1920 2654 Pater
1940 2615 2066 2653 om-

416 2680 709 2753 nipotens,
742 2688 952 2741 azterne
987 2691 1153 2752 Deus,
1190 2692 1253 2741 ut
1279 2686 1564 2758 respicere
1595 2686 1851 2759 digneris
1890 2704 2067 2759 super

414 2766 569 2824 hanc
598 2775 922 2827 creaturam
954 2772 1116 2830 olivae
1149 2778 1205 2829 ct
1237 2776 1594 2846 palmamque:
1617 2793 1687 2830 ex
1714 2776 1861 2848 ligni
1888 2783 2067 2831 mate-

414 2854 505 2912 ria
519 2858 749 2929 prodire
760 2861 784 2930 j
796 2861 1205 2934 ussisti,quam
1238 2862 1508 2919 columba
1527 2863 1757 2920 rediens
1774 2865 1846 2919 ad
1869 2881 2064 2920 arcam

416 2946 655 3017 prOprio
693 2948 936 3020 protulit
981 2967 1078 3005 ore
1122 2951 1501 3017 benefdicere
1558 2956 1615 3008 et
1661 2953 2064 3019 sanctifﬁcare

414 3033 698 3107 digneris,
731 3040 797 3092 ut
826 3039 1161 3111 quicunque
1191 3056 1260 3095 ex
1292 3056 1358 3096 ea
1387 3041 1767 3113 sumpserint,
1819 3042 2064 3113 accipiat

412 3122 529 3180 sibi
579 3124 652 3180 ad
689 3125 1100 3197 perfectionem
1149 3129 1357 3185 animas
1406 3134 1462 3185 et
1511 3130 1788 3202 corporis,
1822 3132 2059 3203 ﬁatque,

409 3210 677 3281 Domine,
712 3218 923 3271 nostra:
962 3215 1174 3274 salutis
1200 3217 1545 3287 remedium,
1577 3223 1688 3275 tuae
1714 3220 1912 3292 gratiae
1962 3237 2056 3276 sa-

404 3306 792 3358 cramentum.
818 3305 943 3361 Per.

894 3438 1104 3478 INCIPIT
1141 3441 1309 3480 MISSA
1348 3441 1408 3481 ΙΝ
1448 3442 1557 3481 DIE.

475 3512 856 3588 Omnipotens
886 3519 1244 3591 sempiterne
1289 3521 1463 3588 Deus,
1497 3521 1599 3593 qui
1641 3522 1900 3578 humano
1950 3541 2049 3598 ge-

405 3603 532 3661 neri
558 3605 631 3661 ad
661 3605 1013 3663 imitandum
1043 3608 1396 3666 humilitatis
1423 3612 1754 3684 exemplum
1786 3612 2050 3670 Salvato-

404 3708 530 3750 rem
576 3699 842 3752 nostrum
890 3713 1124 3753 carnem
1179 3715 1430 3767 sumere,
1472 3705 1529 3755 et
1574 3718 1808 3757 crucem
1852 3702 2049 3758 subire

399 3781 655 3851 voluisti,
689 3784 940 3840 concede
970 3786 1279 3858 propitius,
1315 3794 1378 3843 ut
1423 3795 1480 3843 et
1524 3791 1815 3861 patientiae
1860 3791 2048 3863 ipsius

399 3868 617 3928 habere
647 3872 997 3928 documenta
1025 3879 1081 3930 et
1113 3877 1555 3933 resurrectionis
1587 3878 1881 3935 consortia
1934 3897 2049 3936 me-

405 3973 662 4014 reamur.
694 3959 817 4014 Per.

434 4049 442 4057 '
476 4047 710 4102 Secreta.
764 4047 1024 4105 Concede
1069 4068 1429 4121 quaesumus,
1472 4053 1737 4121 Domine,
1772 4060 1835 4111 ut
1864 4056 2048 4114 oculis

403 4137 519 4191 tua:
551 4136 878 4207 majestatis
909 4153 1125 4194 munus
1174 4140 1435 4195 oblatum
1487 4147 1542 4197 et
1583 4144 1832 4215 gratiam
1878 4147 2047 4203 nobis

404 4220 520 4279 tua;
551 4223 872 4280 devotionis
902 4226 1161 4283 obtineat
1188 4233 1245 4283 et
1272 4230 1543 4285 effectum
1574 4232 1751 4287 beaten
1784 4235 2047 4305 perenni-

404 4311 546 4368 tatis
574 4312 856 4384 acquirat.
890 4313 1019 4369 Per.

474 4402 1028 4472 Praefatio.f/Eterne
1051 4410 1331 4479 Deus,per
1351 4425 1525 4480 quem
1549 4410 1715 4466 nobis
1738 4411 2042 4486 indulgen-

404 4488 487 4545 tia
514 4488 778 4562 largitur,
811 4496 868 4547 et
896 4509 1008 4564 pax
1037 4510 1139 4566 per
1164 4512 1335 4552 omne
1362 4497 1640 4554 saeculum
1673 4501 2042 4572 prmdicatur.

401 4576 678 4635 Traditur
706 4580 931 4636 cunctis
961 4582 1333 4641 credentibus
1362 4585 1692 4659 disciplina,
1727 4593 1793 4644 ut
1832 4592 2043 4646 sancti-

400 4666 606 4724 ficatos
627 4685 736 4725 nos
765 4670 952 4741 possit
999 4669 1123 4726 dies
1174 4679 1453 4729 venturus
1503 4677 1783 4748 excipere.
1817 4679 1889 4733 Et
1918 4680 2046 4735 ideo
2079 4659 2127 4720 ί)

406 4771 542 4811 cum
564 4756 806 4829 angelis.

471 4846 811 4901 Communia.
846 4847 952 4903 Per
981 4848 1179 4920 hujus,
1216 4852 1476 4920 Domine,
1501 4856 1894 4926 operationem
1926 4873 2047 4928 my-

402 4930 585 5000 sterii,
635 4939 693 4989 et
737 4934 875 4989 vitia
903 4943 1103 4993 nostra
1131 4946 1457 5013 purgentur
1487 4947 1544 4998 et
1562 4944 1729 5014 justa
1758 4944 2048 5000 desideria

402 5019 824 5091 compleantur.
848 5025 973 5079 Per.

791 5142 969 5209 imam
1005 5159 1064 5210 v,
1103 5160 1161 5198 IN
1201 5162 1375 5201 conm
1414 5148 1651 5203 Donum.

451 5232 626 5314 .Deus
656 5251 691 5291 a
719 5252 832 5309 quo
854 5242 911 5294 et
926 5238 959 5295 J
966 5240 1111 5296 udas
1142 5250 1336 5299 reatus
1357 5245 1448 5299 sui
1479 5262 1732 5317 poenam,
1748 5251 1806 5302 et
1826 5248 2046 5303 confes-

396 5321 563 5379 sione
591 5327 695 5380 tua
722 5325 868 5382 latro
920 5330 1225 5400 praemium
1277 5334 1552 5405 sumpsit,
1586 5335 1836 5391 concede
1876 5335 2043 5393 nobis

395 5414 509 5467 tum
540 5414 971 5486 propitiationis
1003 5420 1365 5485 eﬂ'ectum,ut
1386 5424 1539 5477 sicut
1560 5424 1616 5478 in
1644 5424 1914 5494 passione
1937 5443 2044 5481 sua

393 5499 570 5556 Jesus
597 5501 865 5558 Christus
896 5508 1177 5561 Dominus
1205 5513 1400 5562 noster
1422 5510 1650 5567 diversa
1670 5512 1933 5585 utrisque
1953 5514 2040 5570 in-

393 5586 532 5643 tulit
559 5589 857 5660 stipendia
885 5593 1342 5661 meritorum,ita
1371 5598 1537 5654 nobis
1566 5600 1756 5657 ablato
1785 5606 2042 5660 vetusta-

395 5673 475 5729 tis
504 5691 696 5732 errore
728 5680 1171 5738 resurrectionis
1200 5700 1317 5741 sua:
1349 5688 1595 5759 gratiam
1628 5689 2041 5767 largiatur.Qui

398 5765 595 5831 tecum
619 5766 779 5825 vivit.
1558 5780 1561 5783 ’

2186 644 2353 699 Pater
2382 644 2771 716 omnipotens,
2797 645 3147 701 sacriﬁcium
3195 647 3463 701 nostrum
3507 645 3714 701 reddat
3745 662 3847 702 ac-

2185 732 2546 805 ceptum,qui
2576 732 2881 805 discipulis
2913 733 3036 790 suis
3068 734 3126 789 in
3158 734 3250 790 sui
3283 733 3851 792 commemoratione

2184 821 2292 876 hoc
2326 822 2449 877 ﬁeri
2489 820 2771 877 hodierna
2818 822 3131 879 traditione
3179 822 3545 878 monstravit.
3598 823 3708 889 Qui
3759 827 3851 879 te-

2186 926 2342 965 cum.

2256 999 2409 1069 Infra
2437 1000 2728 1054 actionem.
2762 999 3274 1055 Communicantes
3307 1003 3363 1055 et
3392 998 3547 1055 diem
3573 999 3854 1056 sacratis-

2185 1086 2399 1142 simum
2461 1086 2841 1156 celebrantes,
2894 1106 3009 1161 quo
3069 1087 3354 1144 Dominus
3410 1092 3610 1144 noster
3663 1088 3849 1144 Jesus

2183 1174 2451 1231 Christus
2487 1193 2586 1248 pro
2619 1176 2787 1232 nobis
2818 1180 2907 1232 est
2936 1177 3210 1246 traditus,
3242 1178 3341 1233 sed
3393 1181 3451 1234 et
3492 1177 3847 1233 memoriam

2182 1268 2547 1321 venerantes.
3638 1314 3645 1319 .

2258 1352 2595 1408 Communio.
2639 1353 2852 1409 Refecti
2904 1353 3266 1409 salutaribus
3311 1352 3628 1420 alimentis,
3683 1370 3845 1426 quaa-

2184 1459 2415 1509 sumus,
2463 1442 2731 1513 Domine,
2784 1447 2934 1498 Deus
2992 1447 3208 1508 noster,
3255 1445 3320 1498 ut
3368 1444 3525 1515 quod
3573 1447 3851 1516 tempore

2184 1535 2394 1584 nostrae
2428 1529 2801 1586 mortalitatis
2831 1531 3698 1603 exsequimur,immortalitatis
3731 1536 3848 1588 tua:

2184 1636 2424 1674 munere
2453 1634 2905 1691 consequamur.
2942 1620 3071 1676 Per.

2770 1770 2827 1807 IN
2861 1770 3240 1810 PARASCEVEN.

2256 1884 2520 1949 Oremus,
2556 1884 2919 1941 dileclissimi
2967 1886 3160 1956 nobis,
3195 1902 3299 1958 pro
3342 1885 3606 1943 Ecclesia
3634 1892 3849 1943 saneta

2187 1973 2312 2039 Dei,
2347 1979 2410 2027 ut
2441 1990 2569 2028 eam
2601 1973 2752 2029 Deus
2783 1978 2840 2030 et
2869 1974 3152 2030 Dominus
3185 1978 3383 2031 noster
3430 1974 3748 2047 paeiﬁcare
3791 1980 3847 2031 et

2183 2062 2480 2117 custodire
2512 2061 2785 2134 dignetur
2812 2066 2931 2118 toto
2954 2064 3092 2119 orbe
3117 2063 3766 2135 terrarum,subjiciens
3792 2065 3844 2121 ei

2182 2150 2545 2222 principatus
2576 2157 2632 2205 ct
2664 2155 3000 2223 potestates,
3040 2152 3252 2224 detque
3284 2153 3454 2209 nobis
3484 2153 3754 2225 quietam
3786 2159 3845 2210 et

2180 2239 2562 2309 tranquillam
2593 2239 2770 2295 vitam
2803 2240 3150 2313 degentibus
3179 2239 3502 2313 gloriﬁcare
3525 2246 3715 2298 Deum
3738 2242 3845 2298 Pa-

2182 2331 2331 2381 trem
2366 2327 2845 2399 omnipotentem.

2250 2416 2493 2472 Oremus.
2528 2418 2827 2472 Flectamus
2852 2434 3048 2490 genua.
3083 2419 3465 2491 Omnipotens
3485 2419 3845 2493 sempiterne

2181 2504 2357 2573 Deus,
2391 2504 2489 2576 qui
2520 2504 2766 2577 gloriam
2795 2509 2957 2562 tuam
2987 2508 3261 2563 omnibus
3295 2507 3355 2564 in
3386 2508 3616 2564 Christo
3649 2510 3842 2582 genti-

2176 2594 2291 2649 bus
2328 2593 2614 2661 revelasti,
2648 2595 2877 2650 custodi
2926 2612 3101 2667 opera
3148 2594 3558 2651 misericordiae
3600 2600 3745 2664 tuas,
3777 2603 3843 2652 ut

2176 2681 2435 2737 Ecclesia
2462 2686 2581 2737 toto
2614 2684 2752 2737 orbe
2783 2683 3216 2751 dilfusa,stabili
3239 2684 3352 2740 ﬁde
3375 2684 3433 2740 in
3463 2686 3837 2743 confessione

2175 2769 2265 2825 tui
2298 2770 2554 2826 nominis
2586 2776 2929 2843 perseveret.
2965 2772 3071 2829 Per
3093 2773 3389 2829 eumdem.

2250 2858 2496 2914 Oremus
2527 2864 2583 2914 et
2614 2876 2717 2931 pro
2750 2858 3261 2934 beatissimo'papa
3285 2865 3484 2919 nostro
3502 2862 3647 2919 N.ut
3677 2863 3837 2921 Deus

2171 2949 2228 3001 et
2257 2946 2540 3001 Dominus
2574 2952 2774 3004 noster
2797 2949 2895 3020 qui
2928 2948 3104 3021 elegit
3123 2965 3257 3005 eum
3289 2949 3349 3006 in
3380 2950 3585 3007 ordine
3607 2953 3834 3024 episco-

2173 3040 2347 3107 patus
2381 3034 2607 3091 salvum
2639 3041 2815 3108 atque
2838 3037 3188 3094 incolumem
3222 3039 3514 3095 custodiat
3554 3040 3828 3099 Ecclesia

2174 3128 2388 3180 sanctae
2421 3142 2539 3181 suae
2572 3126 2642 3181 ad
2672 3126 2990 3200 regendum
3022 3126 3305 3201 populum
3328 3132 3599 3185 sanctum
3629 3128 3761 3185 Dei.

2239 3217 2490 3271 Oremus.
2514 3215 3233 3289 Flectamusﬂmnipotens
3266 3217 3624 3289 sempiterne
3645 3223 3825 3284 Deus.

2083 3289 2125 3355 C
2163 3304 2333 3374 cujus
2356 3302 2580 3375 judicio
2627 3305 2903 3362 universa
2930 3305 3503 3378 fundantur,respice
3533 3308 3832 3380 prOpitius

2152 3392 2224 3447 ad
2256 3408 2456 3464 preces
2486 3397 2739 3459 nostras,
2771 3399 2827 3450 et
2878 3393 3131 3450 electum
3158 3394 3326 3450 nobis
3365 3394 3698 3453 antistitem
3732 3401 3833 3453 tua

2151 3480 2363 3553 pietate
2391 3498 2685 3550 conserva,
2719 3486 2785 3538 ut
2815 3482 3035 3539 Christi
3058 3500 3170 3539 ana
3198 3483 3383 3556 plebs,
3410 3500 3539 3556 qua:
3569 3484 3676 3541 tali
3729 3502 3831 3560 gu-

2153 3569 2433 3625 bernatur
2489 3579 2742 3640 auctore,
2802 3572 2911 3628 sub
2964 3575 3128 3628 tanto
3156 3572 3430 3645 pontiﬁce
3459 3574 3831 3632 credulitatis

2157 3673 2276 3713 suae
2299 3657 2525 3714 meritis
2554 3663 2854 3731 augeatur.
2889 3660 3010 3716 Per.

2231 3745 2478 3803 Oremus
2528 3753 2585 3803 et
2635 3765 2736 3819 pro
2786 3749 3061 3806 omnibus
3093 3749 3410 3823 episcopis,
3444 3751 3827 3826 presbyteris,

2152 3834 2520 3903 diaconibus,
2588 3837 3077 3908 subdiaconibus,
3132 3838 3436 3912 acolythis,
3496 3842 3825 3909 exorcistis,

2153 3923 2489 4001 lectoribus,
2520 3923 2800 3993 ostiariis,
2834 3927 3306 3994 confessoribus,
3354 3928 3713 4002 virginibus,
3744 3932 3825 3988 vi-

2154 4012 2309 4077 duis,
2340 4012 2638 4084 orphanis,
2668 4019 2725 4069 et
2757 4032 2859 4087 pro
2892 4016 3053 4071 omni
3091 4016 3305 4089 populo
3337 4023 3540 4075 sancto
3572 4019 3703 4076 Dei.

2226 4102 2465 4157 Oremus.
2492 4101 2829 4158 Flectamus.
2854 4103 3240 4176 Omnipotens
3266 4106 3623 4177 sempiterne
3644 4108 3820 4174 Deus,

2152 4193 2323 4260 cujus
2352 4189 2567 4261 Spiritu
2600 4195 2795 4246 totum
2824 4209 3035 4264 corpus
3060 4193 3323 4249 Ecclesia:
3347 4196 3753 4253 sanctiﬁcatur
3770 4202 3822 4253 et

2154 4278 2393 4351 regitur,
2416 4279 2625 4334 exaudi
2660 4297 2772 4336 nos
2807 4298 2910 4352 pro
2942 4282 3229 4339 universis
3259 4283 3568 4340 ordinibus
3601 4286 3821 4358 suppli-

2154 4373 2373 4434 cantes,
2407 4372 2472 4422 ut
2498 4368 2705 4442 gratiae
2740 4374 2852 4424 tuae
2877 4387 3120 4427 munere
3151 4372 3223 4428 ab
3261 4372 3537 4428 omnibus
3568 4373 3821 4448 tibigra-

2155 4456 2327 4512 dibus
2357 4456 2610 4512 ﬁdeliter
2645 4458 2952 4515 serviatur.
2988 4458 3112 4515 Per.

2226 4545 2473 4601 Oremus
2499 4550 2555 4601 et
2577 4562 2681 4617 pro
2708 4545 3214 4604 Christianissimo
3235 4548 3588 4622 imperatore
3616 4555 3817 4608 nostro

2156 4634 2223 4688 N.
2260 4638 2324 4688 ut
2357 4639 2505 4689 Deus
2537 4640 2594 4690 et
2625 4635 2911 4691 Dominus
2944 4639 3142 4693 noster
3185 4637 3453 4694 subditas
3506 4638 3590 4693 illi
3643 4640 3817 4697 faciat

2156 4738 2359 4777 omnes
2390 4722 2669 4780 barbaras
2720 4724 2985 4781 nationes
3029 4726 3101 4781 ad
3151 4731 3415 4784 nostram
3465 4733 3811 4800 perpetuam

2156 4824 2385 4880 pacem.

2228 4899 2469 4955 Oremus.
2494 4902 3205 4976 Flectamusﬂmnipotens
3235 4905 3590 4978 sempiterne
3625 4907 3802 4973 Deus,

2152 4986 2212 5042 in
2244 4989 2414 5060 cujus
2461 5007 2673 5046 manus
2725 4996 2865 5047 sunt
2902 5009 3107 5050 omnes
3157 4998 3491 5067 potestates,
3525 4998 3583 5051 et
3613 4996 3810 5052 omnia

2145 5077 2284 5146 jura
2313 5080 2874 5152 regnorum,respice
2904 5082 2976 5137 ad
3011 5082 3343 5139 Romanum
3372 5084 3668 5157 benignus
3698 5086 3807 5141 im-

2153 5166 2400 5236 perium,
2437 5172 2498 5221 ut
2526 5174 2750 5239 gentes,
2781 5187 2908 5241 qua:
2940 5171 2997 5225 in
3038 5188 3147 5228 sua
3196 5172 3425 5229 feritate
3479 5174 3802 5241 conﬁdunt,

2151 5255 2421 5324 potentia:
2451 5260 2564 5312 tuae
2594 5257 2832 5315 dextera
2861 5260 3345 5332 comprimantur.
3380 5262 3506 5318 Per.

2223 5342 2467 5401 Oremus
2507 5350 2564 5401 et
2611 5364 2714 5419 pro
2765 5349 3201 5407 catechumenis
3250 5350 3488 5420 nostris,
3536 5355 3603 5407 ut
3650 5351 3801 5408 Deus

2150 5437 2207 5486 et
2236 5433 2520 5491 Dominus
2551 5441 2748 5493 noster
2796 5440 3021 5511 aperiat
3068 5458 3239 5497 aures
3290 5441 3676 5513 praecordium
3716 5441 3799 5513 ip-

2150 5537 2371 5591 sorum,
2396 5525 2765 5599 januamquc
2796 5528 3232 5600 misericordia,
3264 5535 3329 5586 ut
3360 5546 3464 5603 per
3502 5528 3796 5585 lavacrum

2151 5615 2607 5684 regenerationis
2662 5620 2896 5689 accepta
2950 5618 3295 5675 remissione
3347 5617 3616 5674 omnium
3669 5633 3791 5691 pec-

2149 5705 2435 5771 catorum,
2459 5708 2515 5762 et
2544 5704 2658 5780 ipsi
2689 5705 3063 5767 inveniantur
3091 5708 3152 5767 in
3186 5708 3414 5775 Christo
3440 5706 3582 5769 Jesu
3612 5703 3793 5767 Domi-

2150 5805 2224 5849 no
2254 5796 2473 5855 nostro.
