3978 6384
134 442 245 502 845

203 574 450 629 Oremus.
537 573 861 629 Flectamus.

128 662 301 730 Deus,
337 662 436 735 qui
450 661 944 719 Ecclesiamtuam
978 676 1367 732 novasemper
1395 659 1556 731 prole
1579 659 1775 714 fecun-

129 752 252 822 das,
284 767 435 824 auge
458 751 637 807 ﬁdem
668 749 1096 807 etintellectum
1111 746 1543 805 catechumenis
1560 747 1776 803 nostris

128 845 191 896 ut
219 840 405 896 renati
465 840 623 896 fonte
672 839 1045 914 baptismatis
1104 836 1439 910 adoptionis
1495 841 1607 891 tum
1639 835 1776 892 ﬁliis

125 932 536 1003 aggregentur.
573 930 700 985 Per.

191 1018 461 1085 Oremus,
477 1017 844 1077 dilectissimi
860 1018 1046 1087 nobis,
1063 1018 1245 1073 Deum
1260 1020 1485 1088 patrem
1504 1013 1775 1088 omnipo-

125 1111 361 1175 tentem,
391 1110 455 1163 ut
483 1107 709 1164 cunctis
728 1109 1017 1163 mundum
1036 1109 1244 1179 purget
1275 1104 1591 1167 erroribus,
1618 1120 1774 1159 mor-

124 1198 228 1254 bos
258 1198 506 1265 auferat,
537 1197 753 1252 famem
785 1194 1060 1268 depellat.
1091 1194 1313 1266 aperiat
1343 1209 1624 1257 carceres,
1648 1192 1775 1247 vin-

124 1286 257 1343 cula
284 1284 586 1353 dissolvat,
606 1283 1115 1358 peregrinantibus
1128 1284 1401 1349 reditum,
1428 1281 1778 1337 infirmanti-

124 1377 232 1432 bus
264 1374 597 1442 sanitatem,
632 1374 1043 1447 navigantibus
1072 1376 1303 1446 portum
1338 1370 1547 1427 salutis
1577 1369 1772 1425 indul-

122 1468 278 1539 geat.

191 1554 438 1611 Oremus.
474 1554 802 1609 Flectamus.
827 1551 1212 1623 Omnipotens
1243 1549 1600 1622 sempiterne
1621 1552 1776 1603 Deus

122 1646 467 1699 maestorum
486 1640 828 1708 consolatio,
848 1640 1244 1696 laborantium
1266 1638 1543 1694 fortitudo
1575 1653 1775 1710 perve-

119 1732 287 1787 niant
315 1732 386 1787 ad
402 1735 456 1787 te
472 1746 670 1804 preces
689 1735 922 1794 nostrae,
937 1730 1007 1784 de
1025 1744 1375 1800 quacunque
1400 1724 1776 1781 tribulatione

120 1820 526 1888 clamantium,
560 1824 625 1874 ut
655 1835 858 1875 omnes
888 1818 997 1873 sibi
1049 1818 1107 1872 in
1160 1815 1607 1872 necessitatibus
1650 1814 1777 1870 suis

119 1909 587 1967 misericordiam
619 1913 781 1964 tuam
812 1907 1104 1980 gaudeant
1130 1906 1411 1962 adfuisse.
1444 1908 1572 1959 Per.

141 2021 144 2025 ’
196 2000 445 2055 Oremus
476 2001 532 2053 et
563 2014 665 2069 pro
688 1996 973 2053 haereticis
1003 2000 1060 2051 et
1079 1994 1507 2059 schismaticis,
1540 1997 1605 2049 ut
1625 1992 1779 2048 Deus

120 2094 179 2145 et
208 2087 495 2144 Dominus
528 2090 725 2142 noster
755 2089 920 2141 eruat
947 2101 1046 2139 eos
1072 2085 1145 2139 ab
1158 2081 1780 2148 erroribusuniversis,

120 2182 179 2234 et
209 2178 281 2233 ad
342 2180 610 2232 sanctam
660 2180 907 2231 matrem
958 2172 1270 2228 Ecclesium
1322 2170 1667 2227 catholicam
1725 2172 1783 2225 et

124 2264 506 2339 apostolicam
539 2280 805 2320 revocare
834 2264 1127 2335 dignetur.

194 2354 445 2410 Oremus.
478 2354 800 2409 Flectamus.
836 2352 1217 2421 Omnipotens
1232 2348 1587 2421 sempiterna
1609 2349 1780 2411 Deus,

120 2445 218 2517 qui
252 2442 442 2499 salvas
474 2458 696 2507 omnes,
729 2445 786 2496 et
801 2440 1093 2496 neminem
1123 2439 1209 2493 vis
1222 2438 1431 2511 perire,
1457 2453 1548 2492 res
1569 2436 1780 2508 picead

126 2534 360 2591 animas
392 2530 680 2589 diabolica
710 2531 912 2586 fraude
934 2529 1226 2600 deceptas,
1244 2532 1308 2583 ut
1336 2524 1783 2582 omnihaeretica

127 2622 413 2697 pravitate
441 2621 724 2694 deposita,
771 2618 1093 2697 errantium
1125 2618 1301 2673 corda
1331 2616 1700 2687 resipiscant,
1726 2620 1783 2669 et

125 2694 198 2769 ad
229 2711 493 2767 veritatis
524 2714 637 2765 tuae
666 2709 904 2764 redeant
926 2694 1238 2762 unitatem.
1273 2705 1397 2760 Per.

198 2800 451 2857 Oremus
481 2802 540 2854 et
569 2814 671 2870 pro
704 2796 944 2869 perﬁdis
969 2794 1210 2859 Judmis,
1246 2798 1308 2849 ut
1337 2794 1491 2849 Deus
1507 2797 1563 2848 et
1588 2790 1778 2846 Domi-

130 2907 244 2946 nus
278 2893 474 2945 noster
503 2886 727 2942 auferat
756 2885 1018 2941 velamen
1049 2885 1119 2939 de
1163 2883 1436 2939 cordibus
1467 2897 1691 2957 eorum,
1718 2883 1782 2934 ut

128 2986 185 3035 et
216 2978 328 3051 ipsi
358 2981 714 3051 cognoscant
765 2979 821 3029 te
852 2973 1052 3030 Jesum
1114 2972 1410 3029 Christum
1464 2970 1779 3027 Dominum

134 3072 426 3124 nostrum.

198 3160 297 3214 Hic
325 3172 436 3211 non
463 3156 678 3211 dicatur
731 3155 1054 3210 Flectamus.
1109 3152 1490 3223 Omnipotens
1557 3147 1779 3221 sempi-

125 3251 290 3302 terne
315 3245 472 3300 Deus
509 3243 610 3316 qui
640 3242 817 3298 etiam
834 3240 1455 3314 perﬁdiamJudaicam
1488 3257 1521 3294 a
1549 3242 1651 3293 tua
1664 3237 1774 3292 mi-

1305 434 2032 501 SECRAMENTARIUM
2079 435 2333 498 VETUS
2347 481 2361 496 .

1808 1941 1856 2005 B

3417 442 3537 502 846

953 571 1338 644 Omnipotens
1425 570 1780 642 sempiterno
1810 571 1862 636 Α
1892 568 2047 623 sicut
2076 569 2275 625 fumus
2299 569 2515 639 jecoris
2545 568 2744 640 piscis,
2779 586 2955 641 quem
2989 569 3242 644 Raphael
3281 573 3535 630 archan-

1885 655 2053 730 gelus
2083 662 2222 714 tuus
2250 657 2445 713 Tobiae
2502 656 2722 713 famulo
2751 662 2854 715 tuo
2910 659 3111 715 docuit
3165 660 3401 717 accendi
3460 662 3531 718 ad

1885 749 2152 802 sanctam
2182 746 2605 802 liberationem.
2639 746 2966 804 Descendat
2995 765 3174 822 super
3214 749 3367 806 hanc
3397 765 3530 824 spe-

1886 835 2031 891 ciem
2055 835 2275 891 incensi
2292 834 2857 909 plenabenefdictio,
2872 840 2939 894 ut
2968 838 3047 895 sit
3074 838 3183 896 tibi
3201 844 3527 913 acceptum;

1886 923 2037 980 sicut
2066 923 2184 993 ille,
2199 924 2270 979 de
2300 941 2415 996 quo
2430 924 2607 981 David
2619 925 2905 999 propheta
2914 930 3054 984 tuus
3073 927 3286 986 cecinit
3303 928 3526 988 dicens:

1884 1013 2184 1086 Dirigatur
2214 1013 2395 1070 oratio
2428 1031 2576 1081 mea,
2610 1015 2763 1072 sicut
2788 1014 3095 1074 incensum
3123 1016 3186 1074 in
3215 1022 3530 1092 conspectu

1885 1119 2012 1158 suo.
2047 1102 2136 1158 Sit
2167 1103 2336 1160 nobis
2368 1104 2511 1161 odor
2562 1105 2980 1164 consolationis
3011 1125 3080 1165 ac
3134 1108 3445 1166 suavitatis
3473 1113 3533 1167 et

1883 1191 2104 1263 gratiae,
2137 1196 2204 1248 ut
2250 1193 2449 1249 fumus
2507 1194 2636 1266 ejus
2690 1196 2906 1270 etl'uget
2934 1213 3139 1254 omnes
3186 1197 3533 1270 phantasias

1885 1282 2098 1336 mentis
2126 1284 2183 1337 et
2236 1283 2516 1354 corporis,
2549 1287 2615 1339 ut
2670 1285 2881 1352 simus,
2933 1285 3199 1359 Apostoli
3227 1287 3314 1343 tui
3371 1303 3530 1352 voce.

1885 1368 2021 1424 boni
2051 1369 2247 1425 odoris
2304 1369 2440 1437 Deo,
2497 1371 2739 1444 effugiat
2791 1390 2827 1428 a
2883 1374 3029 1431 facie
3072 1374 3250 1447 hujus
3306 1376 3532 1433 incensi

1885 1458 2077 1512 omnis
2108 1458 2440 1513 daemonum
2459 1458 2752 1527 incursus,
2766 1460 2920 1518 sicut
2933 1461 3328 1535 pulvisafacie
3348 1464 3529 1533 venti,

1883 1550 1940 1601 et
1969 1546 2121 1602 sicut
2150 1546 2350 1602 fumus
2381 1564 2413 1603 a
2443 1547 2587 1604 facie
2617 1549 2792 1621 ignis.
2845 1550 3062 1607 Prassta
3090 1551 3220 1621 hoc,
3265 1551 3533 1626 piissime

1884 1635 2070 1702 Pater,
2104 1652 2208 1708 per
2266 1636 2641 1710 Unigenitum
2696 1642 2889 1707 tuum,
2923 1655 3057 1696 cum
3112 1657 3229 1714 quo
3281 1641 3429 1698 vivis
3476 1644 3536 1699 et

1886 1740 2095 1795 regnas
2126 1741 2259 1780 cum
2291 1725 2513 1798 Spiritu
2543 1730 2744 1784 sancto
2776 1727 2932 1784 Deus
2960 1729 3021 1784 in
3051 1729 3266 1786 smcula
3297 1729 3536 1788 saeculo-

1886 1830 2040 1869 rum.
2075 1816 2279 1870 Amen.

2351 1966 2686 2006 BENEDIC’I‘IO
2725 1965 2879 2007 lGNlS
2918 1967 3072 2008 NOVI.

1963 2081 2344 2154 Omnipotens
2393 2084 2768 2155 sempiterna,
2817 2089 3031 2142 aeterne
3085 2086 3240 2144 Deus
3309 2090 3542 2145 Greater

1892 2172 2157 2226 omnium
2190 2189 2406 2238 rerum,
2440 2178 2496 2227 te
2526 2173 2831 2230 humiliter
2859 2175 3262 2249 deprecamur,
3295 2180 3361 2232 ut
3380 2176 3539 2234 hunc

1891 2260 2085 2331 ignem
2116 2277 2352 2327 novum,
2400 2260 2543 2316 cmlo
2573 2267 2737 2317 terra:
2788 2262 3087 2337 largitum,
3139 2264 3540 2334 sancti’rﬁcare

1890 2353 1949 2404 et
1980 2349 2355 2415 bencfdicere
2412 2350 2694 2422 digneris,
2753 2356 2812 2408 et
2841 2353 2994 2408 sicut
3023 2353 3085 2409 in
3131 2355 3383 2411 adventu
3437 2360 3538 2411 tuo

1891 2436 2178 2492 elementa
2208 2439 2550 2511 contagione
2594 2444 2963 2512 peccatorum
3013 2441 3240 2515 polluta
3286 2458 3538 2516 purgare

1891 2526 2181 2598 polliceris
2206 2544 2218 2595 ;
2249 2526 2329 2582 ita
2358 2532 2415 2583 et
2444 2528 2540 2584 hic
2574 2528 2728 2600 ignis
2759 2546 2943 2586 novus
2972 2530 3368 2589 tabernaculis
3395 2532 3537 2590 ﬁde-

1892 2613 2036 2668 lium
2062 2619 2233 2669 tuoru
2244 2631 2296 2668 m
2313 2614 2620 2671 habendus
2634 2616 3041 2689 purgationem
3058 2618 3539 2690 perfectam-obti-

1892 2707 2044 2771 neat,
2092 2707 2150 2758 et
2204 2703 2522 2760 obstaculis
2580 2704 2830 2761 invictus
2887 2710 3091 2763 contra
3144 2723 3379 2764 omnem
3439 2723 3537 2765 ne-

1891 2792 2138 2865 quitiam
2173 2791 2413 2865 maligni
2445 2793 2690 2865 spiritus
2720 2795 3076 2867 perﬁciatur.

1964 2883 2103 2937 Lcct.
2134 2900 2168 2937 ι.
2205 2882 2265 2937 In
2299 2882 2583 2955 principio
2615 2884 2847 2940 creavit.

1963 2971 2167 3027 Oratio.
2204 2976 2373 3041 Deus,
2408 2972 2505 3044 qui
2540 2972 2886 3029 mirabiliter
2906 2974 3115 3031 creasti
3148 2975 3447 3033 hominem
3478 2982 3537 3034 et

1890 3059 2186 3116 mirabilia
2214 3061 2538 3132 redemisti,
2570 3062 2645 3117 da
2676 3062 2867 3129 nobis,
2919 3080 3279 3137 quaesumus,
3334 3071 3538 3123 contra

1889 3149 2316 3205 oblectamenta
2344 3151 2566 3221 peccati
2596 3152 2811 3207 mentis
2843 3153 3070 3210 ratione
3098 3154 3429 3227 persistere,
3471 3158 3537 3212 ut

1890 3256 2223 3295 mereamur
2251 3241 2318 3294 ad
2352 3239 2567 3312 gaudia
2595 3244 2811 3297 aeterna
2832 3243 3152 3313 pervenire.
3184 3244 3312 3300 Per.

125 3333 445 3391 sericordia
473 3306 586 3388 non
618 3306 870 3403 repellis,
901 3329 1109 3386 exaudi
1139 3345 1339 3401 preces
1370 3331 1600 3384 nostras
1620 3344 1769 3400 quas
1798 3306 1841 3374 (ἶ
1952 3332 2093 3385 Lect.
2128 3344 2169 3384 Il
2222 3306 2460 3384 Factum
2518 3333 2607 3385 est
2636 3329 2695 3384 in
2741 3306 2958 3403 vigilia.
3017 3332 3168 3405 Resp.
3219 3332 3537 3392 Cantemus

124 3440 231 3497 pro
262 3422 422 3478 illius
452 3419 651 3494 populi
685 3418 1067 3475 obcaecatione
1107 3417 1445 3484 deferimus,
1490 3422 1552 3472 ut
1576 3417 1777 3488 agnita
1884 3417 2152 3473 Domino.

121 3511 385 3570 veritatis
413 3515 525 3566 tuae
554 3508 703 3577 luce,
737 3525 862 3581 quae
880 3507 1149 3564 Christus
1176 3514 1284 3576 est,
1305 3525 1340 3563 a
1370 3507 1493 3563 suis
1522 3505 1776 3562 tenebris

126 3605 432 3659 eruantur.
470 3600 593 3655 Per.

196 3691 447 3747 Oremus
477 3694 536 3745 et
557 3705 660 3762 pro
686 3686 951 3761 paganis,
987 3691 1052 3741 ut
1075 3686 1229 3741 Deus
1258 3684 1482 3741 auferat
1504 3684 1776 3756 iniquita-

126 3785 246 3837 tem
271 3781 345 3836 de
376 3778 651 3835 cordibus
680 3793 906 3844 eorum,
940 3782 998 3831 et
1030 3775 1246 3831 relictis
1278 3774 1450 3831 idolis
1480 3774 1605 3830 suis
1641 3790 1779 3829 con-

124 3872 429 3926 vertantur
448 3867 516 3923 ad
552 3866 866 3923 Dominum
885 3866 1081 3920 vivum
1115 3868 1171 3919 et
1199 3881 1425 3930 verum,
1459 3868 1517 3919 et
1539 3862 1779 3918 unicum

130 3959 343 4015 Filium
373 3958 501 4029 ejus
531 3955 735 4012 Jesum
781 3952 1099 4022 Christum,
1133 3954 1319 4009 Deum
1371 3956 1429 4008 et
1468 3952 1781 4008 Dominum

129 4051 423 4111 nostrum,
454 4062 587 4101 cum
603 4060 719 4116 quo
747 4042 1310 4117 vivitetregnatcum
1340 4042 1558 4113 Spiritu
1582 4046 1783 4097 sancto

130 4138 288 4193 Deus
318 4152 422 4208 per
450 4134 649 4191 omnia
677 4131 892 4189 saecula
924 4131 1291 4187 saeculorum.

204 4224 449 4280 Oremus.
466 4225 791 4280 Flectamus.
823 4221 1205 4293 Omnipotens
1228 4219 1581 4294 sempiterne
1608 4219 1785 4285 Deus,

131 4313 230 4386 qui
266 4330 382 4369 non
413 4316 659 4369 mortem
692 4314 1059 4383 peccatorum
1092 4309 1193 4365 sed
1228 4309 1406 4364 vitam
1439 4308 1782 4380 semperin-

133 4401 346 4474 quiris,
382 4401 613 4472 suscipe
636 4398 960 4456 orationem
984 4403 1265 4465 nostram,
1296 4403 1353 4453 et
1384 4396 1569 4453 libera
1595 4413 1694 4452 eos
1716 4398 1788 4453 ab

134 4489 431 4546 idolorum
462 4488 709 4555 cultura,
744 4491 801 4544 et
833 4503 1084 4560 aggrega
1133 4486 1400 4542 Ecclesiae
1434 4490 1545 4541 tuae
1576 4490 1788 4541 sancta:

139 4580 212 4635 ad
244 4577 485 4634 laudem
517 4582 574 4634 et
597 4576 843 4652 gloriam
878 4575 1135 4632 nominis
1165 4575 1270 4631 tui.
1304 4580 1430 4631 Per.

1958 3507 2168 3563 Oratio.
2203 3506 2354 3561 Deus
2386 3507 2557 3578 cujus
2589 3506 2833 3579 antiqua
2859 3506 3144 3566 miracula
3172 3511 3232 3566 in
3260 3511 3535 3584 praesenti

1887 3612 2119 3668 quoque
2149 3596 2360 3651 saeculo
2392 3612 2699 3652 coruscare
2715 3596 3027 3667 sentimus,
3046 3604 3289 3671 praesta,
3305 3616 3536 3672 quaesu-

1889 3701 2043 3754 mus,
2077 3690 2140 3740 ut
2169 3685 2321 3740 sicut
2351 3684 2605 3757 priorem
2635 3685 2918 3758 populum
2951 3687 3024 3743 ab
3055 3688 3339 3761 Egyptiis
3388 3687 3536 3747 libe-

1890 3773 2050 3842 rasti,
2084 3774 2192 3830 hoc
2226 3775 2297 3830 ad
2316 3772 2566 3829 salutem
2587 3774 2871 3848 gentium,
2890 3792 3192 3850 peraquas
3220 3776 3539 3851 baptisma-

1890 3864 1966 3919 tis
1996 3864 2272 3936 Opereris.
2309 3863 2434 3919 Per.

1960 3956 2102 4009 Lact.
2138 3951 2546 4025 Apprehendet
2576 3956 2799 4027 septem
2830 3953 3127 4012 mulieres.
3173 3956 3328 4029 Resp.
3356 3955 3543 4014 Vinea

1894 4042 2047 4099 facta
2074 4047 2183 4098 est.

1966 4131 2169 4187 Oratio.
2202 4130 2374 4198 Deus,
2409 4130 2509 4203 qui
2540 4148 2648 4188 nos
2679 4133 2751 4188 od
2801 4133 3218 4190 celebrandum
3267 4132 3543 4208 paschale

1896 4225 2327 4277 sacramentum
2340 4220 2645 4292 utriusque
2663 4221 3026 4278 Testamenti
3052 4220 3283 4296 paginis
3305 4221 3542 4291 intruis,

1898 4310 1972 4365 da
2002 4308 2169 4365 nobis
2198 4308 2521 4382 intelligere
2538 4308 3002 4366 misericordiam
3021 4314 3204 4379 tuam,
3241 4314 3301 4366 et
3318 4327 3388 4367 ea
3415 4326 3547 4383 per-

1898 4399 2162 4471 ceptione
2193 4399 2569 4470 praesentium
2602 4415 2915 4456 munerum
2947 4400 3120 4457 ﬁrma
3148 4400 3226 4456 sit
3254 4404 3549 4473 exspecta-

1896 4487 1976 4542 tio
2009 4488 2362 4543 futurorum.
2397 4488 2520 4542 Per.

1969 4579 2108 4633 Lect.
2140 4576 2270 4631 Haec
2299 4580 2387 4631 est
2417 4576 2743 4633 haereditas.
2777 4580 2928 4650 Resp.
2963 4579 3211 4635 Attende
3241 4578 3474 4636 caelum.

134 4669 248 4740 (13)
314 4668 654 4723 ΒΕΝΕΠΙΟἸἸΟ
709 4682 1084 4721 THIMIAMATIS
1140 4682 1199 4719 IN
1254 4682 1502 4721 saeearo
1557 4680 1788 4720 SANCTO.
1822 4676 1869 4741 D
1973 4664 2996 4736 Oratio.Deus,quiEcclesiamtuam
3031 4666 3550 4740 sempergentium

204 4758 504 4812 zEternam
539 4760 597 4811 et
615 4754 1009 4827 justissimam
1027 4753 1302 4826 pietatem
1319 4759 1479 4809 tuam
1497 4755 1792 4825 deprecor,

134 4845 383 4902 Domine
414 4849 635 4910 sancte,
668 4844 835 4900 Pater
864 4843 1257 4916 omnipotens,
1290 4847 1500 4898 aeterne
1530 4842 1704 4907 Deus,
1730 4844 1796 4897 ut

139 4934 521 5001 benetdicere
563 4932 822 5007 digneris
869 4933 1020 4989 hanc
1068 4931 1322 5005 speciem
1369 4931 1793 5004 thymiamatis,

136 5022 225 5080 vel
260 5021 581 5095 cujuslibet
611 5022 847 5096 speciei,
882 5026 947 5077 ut
992 5022 1069 5077 sit
1114 5021 1418 5076 incensum
1474 5020 1798 5092 majestatis

138 5116 259 5168 tuae
287 5112 348 5167 in
376 5110 613 5166 odorem
674 5111 978 5166 suavitalis
1034 5114 1361 5182 acceptum.
1393 5112 1449 5164 et
1479 5126 1513 5163 a
1555 5113 1631 5176 te,
1685 5109 1798 5164 Do-

138 5201 325 5270 mine,
358 5199 763 5270 benedicatur,
795 5199 881 5256 ita
910 5199 1248 5271 ubicunque
1279 5199 1422 5255 odor
1451 5197 1797 5272 pervenerit,

139 5289 463 5347 extricetur
486 5292 542 5345 et
571 5289 859 5362 eii‘ugetur
900 5305 1073 5345 omne
1119 5303 1306 5361 genus
1354 5286 1797 5357 daemoniorum,

215 5540 332 5611 (43)
369 5537 701 5611 Benedictio
732 5536 1137 5611 thymiamatis
1167 5537 1605 5611 apudMartene
1635 5538 1808 5596 habe-

143 5617 267 5677 tur,
299 5608 401 5667 sed
437 5613 528 5693 est
558 5608 845 5693 posterior
876 5627 904 5666 s
926 5608 1063 5693 {neti
1107 5608 1368 5693 Gregorii
1416 5611 1805 5693 temporibus,

141 5700 253 5739 nec
286 5679 578 5754 reperitur
626 5679 687 5736 in
714 5679 831 5736 ullo
891 5681 1007 5737 alio
1065 5679 1306 5751 antiquo
1352 5679 1809 5741 sacramentario

139 5752 303 5815 libro
334 5770 393 5811 χι
424 5751 641 5812 seaculi.
678 5753 740 5810 In
775 5752 998 5811 Missali
1054 5752 1431 5810 Mozarabum
1490 5754 1658 5811 adest
1687 5755 1810 5812 haec

142 5823 429 5897 rubrica:
488 5823 690 5887 Deinde
748 5823 1023 5885 bmedlcat
1076 5824 1318 5903 quinque
1395 5841 1572 5905 grana
1633 5829 1811 5888 thuris

1904 4753 2204 4810 vocatione
2227 4751 2604 4825 multiplices,
2646 4754 2895 4809 concede
2942 4753 3251 4827 propitius,
3304 4759 3371 4811 ut
3400 4770 3551 4826 quos

1902 4861 2055 4917 aqua
2081 4842 2455 4915 baptismatis
2486 4839 2697 4912 abluis,
2713 4842 2991 4898 continua
3004 4843 3362 4916 protectione
3384 4848 3551 4901 tuea-

1903 4933 2004 4990 ris.
2039 4932 2162 4988 Per.
2653 4979 2660 4985 .
2976 4936 2977 4943 ‘

1978 5023 2131 5093 Resp.
2162 5019 2323 5076 Sicut
2353 5037 2576 5077 cervus.

1980 5112 2190 5168 Oratio.
2218 5109 2496 5179 Concede,
2522 5111 3272 5184 quzesumus,omnipotens
3302 5111 3558 5181 Deus,ut

1908 5200 2012 5272 qui
2045 5201 2191 5256 festa
2220 5199 2516 5271 paschalia
2530 5200 2762 5273 agimus
2779 5200 3113 5258 caelestibus
3142 5200 3451 5259 desideriis
3472 5218 3561 5259 ac-

1910 5288 2093 5360 censi,
2126 5288 2283 5345 t'onte
2311 5288 2439 5344 vitae
2471 5287 2774 5346 satiemur.
2809 5289 2935 5346 Per.

1915 5539 2195 5610 inﬁgenda
2222 5554 2391 5595 cerea.
2426 5540 2608 5605 Quem
2630 5538 2811 5594 ritum
2843 5542 3007 5595 notat
3037 5539 3096 5595 in
3113 5538 3375 5610 margine
3396 5537 3563 5610 Blan-

1917 5609 2150 5667 chinius
2181 5610 2412 5666 initium
2432 5610 2759 5681 sumpsisse
2775 5611 2985 5666 saeculo
3014 5628 3068 5665 x.
3098 5612 3171 5681 At
3191 5609 3349 5681 inea
3379 5609 3565 5666 missa

1918 5682 2081 5760 nulla
2111 5683 2402 5760 iitmentio
2432 5679 2917 5760 debenedictione
2929 5679 3351 5758 thymiamatis,
3375 5696 3565 5760 neque

1918 5754 2110 5816 thuris
2140 5753 2543 5814 comburendi.
