3978 6388
441 439 566 500 847

523 571 638 643 (14)
667 569 749 627 Ad
774 572 1003 628 missam
1029 573 1237 630 dicitur
1265 571 1449 629 Gloria
1477 573 1538 628 in
1565 573 1790 630 excelsis
1819 573 1944 628 Deo.

531 666 710 736 Deus,
741 663 842 736 qui
873 662 1025 720 hanc
1055 663 1516 720 sacratissimam
1534 666 1761 719 noctem
1792 659 1979 736 gloria
2000 665 2100 717 Do-

448 755 684 814 minicm
712 752 1156 813 resurrectionis
1205 751 1490 821 illustres,
1545 769 1821 808 conserva
1849 751 1906 806 in
1954 767 2102 806 nova

447 843 684 903 familiae
712 845 824 899 tuae
869 841 1145 915 progenie
1201 841 1532 914 adoptionis
1587 841 1880 914 spiritum,
1927 855 2100 912 quem

445 931 684 1001 dedisti,
719 933 783 987 ut
813 947 1056 1004 corpore
1088 933 1145 987 et
1175 935 1368 988 mente
1401 929 1685 999 renovati,
1734 945 1943 1002 puram
1995 927 2100 984 tibi

447 1021 762 1092 exhibeant
793 1019 1158 1076 servitutem.
1191 1019 1300 1076 Per
1327 1019 1620 1075 eumdem.

520 1111 756 1168 Secreta.
789 1109 1049 1182 Suscipe,
1082 1107 1346 1175 Domine,
1379 1125 1737 1180 quaesumus,
1771 1122 1970 1180 preces
2001 1121 2100 1177 po-

449 1199 576 1274 puli
605 1198 694 1254 tui
715 1214 851 1254 cum
863 1196 1256 1254 oblationibus
1269 1196 1596 1254 hostiarum
1607 1241 1620 1264 ,
1648 1199 1713 1252 ut
1725 1193 2102 1268 paschalibus

448 1287 682 1345 initiata
709 1284 1004 1360 mysteriis
1035 1286 1109 1342 ad
1138 1285 1478 1342 aeternitatis
1509 1285 1679 1342 nobis
1728 1283 2014 1340 medelam
2045 1288 2103 1338 te

447 1379 722 1450 operante
751 1375 1076 1448 proﬁciant.
1113 1375 1238 1431 Per.

481 1465 804 1537 'Praefatio.
839 1464 944 1536 (ψ)
988 1467 1243 1535 Equum
1296 1467 1354 1518 et
1412 1462 1686 1530 salutare,
1739 1465 1797 1518 te
1842 1461 2100 1534 quidem,

448 1552 716 1624 Domine,
777 1551 939 1608 omni
993 1556 1274 1623 tempore,
1307 1553 1408 1608 sed
1467 1551 1526 1606 in
1569 1551 1677 1606 hac
1727 1549 2102 1624 potissimum

449 1646 618 1698 nocte
649 1640 968 1714 gloriosius
998 1640 1334 1714 praedicare,
1391 1657 1523 1696 cum
1568 1639 1788 1714 pascha
1836 1643 2103 1694 nostrum

448 1730 790 1787 immolatus
821 1734 909 1786 est
937 1729 1372 1802 Christus.Ipse
1395 1730 1550 1785 enim
1581 1745 1752 1784 verus
1781 1729 2102 1801 estAgnus,

451 1819 555 1890 qui
585 1817 827 1874 abstulit
857 1819 1095 1888 peccata
1124 1816 1353 1885 mundi,
1403 1816 1500 1888 qui
1548 1820 1795 1872 mortem
1844 1819 2105 1870 nostram

1638 435 1824 500 SJEC.
1870 434 1948 498 XI
1993 431 2301 499 MONUM.
2347 431 2664 498 LITURG.

2123 571 2182 640 Α
2208 568 2422 638 steriis,
2455 569 2527 624 ad
2559 567 2899 625 aeternitatis
2929 565 3099 624 nobis
3140 563 3430 624 medelam
3475 567 3538 624 te
3575 543 3868 640 operante

3735 429 3854 497 8&8

2208 657 2536 733 proﬁciant.
2573 658 2700 714 Per.

2277 747 2380 820 (ῆι)
2410 747 2664 820 ίΕῳιιιω
2712 750 2772 804 et
2827 746 3104 804 salutare.
3165 747 3244 803 Te
3302 743 3575 818 quidem;
3638 748 3859 819 require

2209 843 2375 892 retro.

2279 923 2824 992 Communicantes;
2857 925 3076 996 require
3103 924 3164 979 in
3193 924 3346 980 nocte
3373 929 3582 979 sancta.

2283 1013 2440 1068 Hanc
2475 1011 2655 1085 igitur
2679 1029 2692 1080 ;
2721 1013 3001 1068 similiter.

2279 1102 2736 1158 Postcommunio.
2769 1099 3054 1173 Spiritum
3072 1100 3242 1157 nobis
3262 1098 3510 1156 Domine
3537 1104 3656 1158 tua;
3675 1101 3866 1158 chari-

2208 1191 2346 1246 tatis
2401 1190 2664 1258 infunde,
2725 1195 2792 1246 ut
2847 1207 2996 1262 quos
3045 1189 3431 1246 sacramentis
3485 1189 3865 1262 paschalibus

2211 1279 2457 1349 satiasti,
2493 1283 2595 1335 tua
2624 1279 2802 1336 facias
2833 1279 3047 1352 pietate
3077 1278 3414 1335 concordes.
3449 1277 3575 1336 Per.
3775 1280 3780 1284 ’

2716 1385 2882 1425 nam
2922 1385 2984 1436 ιι,
3025 1386 3080 1425 IN
3119 1384 3355 1426 rasum.

2283 1476 2456 1542 Deus,
2492 1475 2592 1548 qui
2624 1473 2992 1531 solemnitate
3040 1473 3303 1548 paschali
3348 1475 3568 1532 mundo
3609 1477 3867 1534 remedia

2211 1564 2532 1631 contulisti,
2564 1563 2844 1637 populum
2878 1567 3046 1619 tuum
3061 1562 3282 1620 caelesti
3317 1563 3468 1620 dono
3489 1581 3868 1638 prosequere,

2215 1659 2280 1708 ut
2309 1658 2366 1708 et
2391 1654 2705 1726 perfectam
2749 1652 3078 1709 libertatem
3129 1653 3407 1725 consequi
3458 1644 3782 1725 mereatur,
3814 1659 3868 1712 et

2215 1742 2286 1798 ad
2319 1742 2494 1796 vitam
2529 1741 2794 1814 proficiat
2825 1741 3270 1813 sempiternam.
3303 1741 3428 1798 Per.

2285 1834 2518 1886 Secreta.
2545 1829 2854 1886 Paschales
2871 1830 3094 1886 hostias
3117 1834 3506 1902 recensentes,
3525 1848 3870 1908 quasumus

453 1905 755 2009 moriendo
785 1904 1091 1976 destruxit,
1109 1908 1180 1978 et
1209 1905 1387 1961 vitam
1407 1904 1766 1978 resurgendo
1797 1902 2104 1976 reparavit.
2140 1943 2188 2009 Β
2219 1919 2482 1988 Domine,
2513 1921 2748 1992 utquod
2766 1919 3209 1992 frequentamus
3223 1923 3377 1988 actu,
3403 1902 3870 1994 οοωῇι-θιίθηάεμ

453 1995 523 2050 Et
551 1993 702 2050 ideo.

523 2084 682 2155 Infra
710 2082 996 2140 actionem.
1031 2081 1544 2138 Communicantes
1575 2086 1634 2140 et
1663 2085 1890 2138 noctem
1913 2097 2105 2137 sacra-

454 2171 749 2230 tissimam
779 2169 1138 2228 celebrantes
1170 2171 1618 2228 resurrectionis
1649 2169 1880 2227 Domini
1923 2169 2106 2226 nostri
2167 2189 2171 2193 '

450 2261 483 2318 J
491 2277 595 2322 esu
625 2260 842 2317 Christi
873 2261 1200 2316 secundum
1231 2276 1490 2327 carnem,
1523 2260 1620 2316 sed
1657 2265 1715 2316 et
1761 2259 2105 2316 memoriam

447 2353 797 2408 venerantes
809 2349 1104 2422 imprimis
1118 2349 1383 2422 gloriosa:
1396 2365 1627 2422 semper
1646 2347 1888 2422 virginis
1911 2348 2104 2404 Mariae

451 2439 756 2512 genitricis
783 2439 1048 2510 ejusdem
1082 2439 1177 2495 Dei
1192 2437 1492 2494 etDomini
1511 2437 1736 2495 nostriJ
1743 2455 1847 2494 esu
1869 2437 2104 2506 Christi,

451 2529 555 2585 sed
587 2531 644 2584 et
671 2528 976 2587 beatorum
1007 2527 1426 2600 apostolorum.

527 2617 684 2674 ﬂauo
709 2615 891 2690 igitur
916 2615 1273 2672 oblationem
1306 2615 1604 2672 servitutis
1636 2620 1870 2682 nostrae,
1915 2614 2018 2671 sed
2050 2618 2108 2671 et

452 2710 675 2764 cunctae
705 2705 940 2762 familia
970 2709 1104 2776 tum,
1137 2723 1499 2778 quaesumus,
1519 2705 1782 2774 Domine,
1802 2722 1981 2778 quam
1996 2703 2106 2760 tibi

455 2795 756 2851 otl‘erimus
786 2811 891 2867 pro
921 2793 1014 2850 his
1037 2809 1270 2867 quoque
1291 2811 1438 2866 quos
1471 2811 1808 2868 regenerare
1829 2793 2106 2867 dignatus

455 2899 519 2940 es
550 2899 621 2939 ex
649 2899 806 2955 aqua
829 2886 889 2940 et
909 2883 1129 2955 Spiritu
1163 2887 1363 2940 sancto
1393 2883 1658 2940 tribuens
1696 2883 1780 2940 eis
1813 2881 2105 2940 remissio-

455 2987 594 3028 nem
624 2971 890 3030 omnium
921 2974 1317 3042 peccatorum,
1348 2987 1708 3044 quaesumus,
1745 2971 2009 3040 Domine,
2044 2976 2109 3028 ut

455 3058 720 3133 placatus
751 3059 1031 3132 ancipias.
1070 3064 1194 3117 Per.

526 3149 985 3216 Rostcommunio.
1019 3148 1308 3222 Spiritum
1339 3149 1528 3218 nobis,
1561 3149 1824 3217 Domine,
1849 3149 2108 3206 tumcha-

456 3235 646 3294 ritatis
675 3237 938 3306 infunde,
966 3242 1032 3294 ut
1089 3255 1237 3311 quos
1285 3239 1669 3296 sacramentis
1725 3237 2106 3312 paschalibus

458 3325 707 3394 satiasti,
738 3330 842 3384 tua
867 3327 1048 3384 facias
1077 3327 1290 3401 pietate
1321 3329 1658 3386 concordes.
1695 3328 1864 3384 Per...
1898 3327 1958 3383 in
1979 3328 2106 3384 uni-
2137 3312 2180 3379 C

457 3419 576 3472 tate
605 3416 869 3488 ejusdem
899 3417 1149 3490 Spiritus
1178 3417 1364 3474 sancti
1389 3418 1562 3474 Deus.

741 3521 803 3563 IN
841 3521 935 3563 DIE
970 3523 1266 3564 DOMINIGE
1301 3523 1530 3564 SANCT/E
1567 3522 1817 3563 PASCHE.

529 3593 706 3662 Deus,
767 3595 869 3666 qui
913 3595 1197 3652 hodierna
1249 3596 1342 3652 die
1374 3613 1478 3669 per
1525 3594 1902 3668 Unigenitum
1933 3599 2104 3652 tuum

451 3683 792 3750 aeternitatis
823 3684 994 3744 nobis
1025 3685 1250 3742 aditum
1298 3685 1524 3742 devicta
1569 3689 1758 3741 morte
1805 3684 2100 3756 reserasti,

450 3777 584 3831 vota
602 3777 823 3842 nostra,
857 3791 986 3847 quae
1021 3775 1424 3848 praeveniendo
1451 3774 1698 3847 aspiras,
1731 3773 1909 3830 etiam
1931 3775 2098 3846 adju-

446 3863 636 3919 vando
667 3879 1036 3935 prosequere.
1070 3865 1178 3919 Per
1205 3865 1498 3920 eumdem.

519 3951 751 4006 Secreta.
785 3951 1049 4024 Suscipe,
1070 3951 1336 4020 Domine,
1358 3967 1558 4024 preces
1617 3949 1816 4024 populi
1859 3950 1944 4006 tui
1962 3968 2096 4008 cum

447 4037 842 4095 oblationibus
864 4039 1211 4108 hostiarum,
1247 4043 1312 4094 ut
1333 4039 1710 4112 paschalibus
1739 4039 1968 4096 initiata
1980 4057 2100 4115 my-

516 4190 628 4264 (υ)
661 4191 787 4264 Duo
819 4191 880 4246 in
913 4191 1022 4246 hac
1053 4190 1235 4264 missa
1277 4194 1426 4264 sunt
1465 4190 1840 4264 potissimum
1890 4193 2090 4250 adver-

440 4261 637 4336 teuda.
664 4261 948 4336 Primum,
979 4265 1112 4336 post
1140 4261 1606 4336 benedictio—nem
1636 4263 1843 4336 thuris
1869 4269 1928 4320 et
1959 4261 2093 4322 novi

439 4331 594 4408 ignis
628 4331 1218 4408 praecipiturﬁantus
1269 4333 1472 4408 hymni
1519 4335 1765 4408 angelici
1816 4335 2000 4392 Gloria
2031 4339 2091 4392 in

436 4403 666 4478 nostris
695 4403 824 4460 Deo’.
847 4406 938 4478 _Ea
967 4405 1079 4478 fuit
1109 4403 1419 4478 olimerga
1436 4403 1722 4478 hymn’um
1754 4407 1910 4464 hunc
1937 4425 2089 4464 reve-

438 4475 646 4548 rentia,
679 4475 918 4548 utisolis
944 4476 1238 4548 episcopis
1257 4475 1410 4532 infra
1423 4475 1640 4534 annum
1673 4480 2090 4536 concederetur

433 4545 622 4672 ipsius
653 4547 912 4603 recitatio
937 4545 1001 4602 in
1031 4545 1248 4616 missa;
1281 4549 1504 4606 ceteris
1534 4567 1666 4607 vero
1683 4551 2086 4608 sacerdotibus

473 4633 526 4672 1e
555 4621 785 4672 tantum
819 4619 1063 4672 solemni
1093 4619 1334 4672 Pascha.
1388 4621 1486 4672 aui
1523 4639 1649 4672 mos
1701 4639 1889 4672 usaue
1921 4623 1992 4672 ad
2023 4639 2080 4672 xr

473 4619 526 4672 ie
555 4621 785 4694 tantum
819 4619 1063 4694 solemni
1093 4619 1334 4694 Pascha,
1388 4621 1486 4694 qui
1523 4639 1649 4676 mos
1701 4639 1889 4694 usque
1921 4623 1992 4678 ad
2023 4639 2080 4678 x1

2220 2024 2352 2063 mus
2381 2009 2611 2064 affectu.
2646 2007 2772 2064 Per.

2285 2096 3066 2170 Postcommunio.Implentur
3081 2097 3140 2154 in
3156 2097 3346 2164 nobis,
3373 2114 3740 2171 quaesumus,
3760 2101 3868 2158 Do-

2213 2173 2392 2253 mine,
2426 2186 2777 2242 sacramenti
2809 2185 3104 2258 paschalis
3134 2190 3338 2242 sancta
3365 2184 3594 2256 libatio,
3641 2205 3870 2262 nosque

2214 2275 2285 2330 de
2316 2274 2565 2330 terrenis
2585 2275 2888 2330 affectibus
2919 2275 2990 2330 ad
3017 2275 3308 2332 caelestem
3343 2276 3659 2334 transferat
3701 2277 3868 2334 insti-

2214 2368 2432 2419 tutum.
2466 2363 2590 2420 Per.

2703 2451 2870 2490 FERIA
2909 2452 2992 2503 IIl,
3035 2452 3092 2491 IN
3133 2452 3368 2492 PASCHA.

2285 2541 2460 2610 Deus,
2496 2541 2597 2614 qui
2629 2541 2948 2598 Ecclesiam
2965 2547 3128 2599 tuam
3161 2561 3308 2600 novo
3321 2559 3554 2616 semper
3575 2544 3698 2602 fetu
3723 2546 3870 2603 mul-

2214 2631 2472 2703 tiplicas,
2504 2632 2753 2687 concede
2787 2631 3025 2688 famulis
3058 2632 3175 2688 tuis
3205 2637 3272 2688 ut
3310 2638 3758 2691 sacramentum
3780 2636 3866 2692 vi-

2215 2721 2400 2775 vendo
2433 2725 2686 2786 teneant,
2721 2720 2878 2792 quod
2904 2720 3018 2776 ﬁde
3049 2725 3448 2794 perceperunt.
3481 2721 3610 2778 Per.

2284 2808 2520 2866 Secreta.
2553 2809 2816 2880 Suscipe,
2869 2809 3131 2878 Domine,
3187 2809 3450 2866 fidelium
3498 2827 3708 2884 preces
3739 2830 3873 2870 cum

2215 2897 2612 2955 oblationibus
2640 2897 2992 2967 hostiarum,
3021 2903 3086 2954 ut
3115 2915 3219 2972 per
3246 2898 3368 2955 hac
3399 2898 3506 2971 piae
3549 2899 3875 2960 devotionis

2216 2987 2428 3058 ofﬁcia,
2460 2987 2532 3043 ad
2564 2986 2855 3044 caelestem
2889 2986 3132 3060 gloriam
3165 2992 3556 3047 transeamus.
3592 2989 3724 3048 Per.

2286 3077 2743 3133 Postcommunio.
2778 3076 3058 3144 Concede,
3093 3093 3453 3152 quaesumus,
3495 3079 3874 3153 omnipotens

2216 3170 2389 3233 Deus,
2421 3170 2488 3222 ut
2518 3163 2812 3238 paschalis
2842 3165 3135 3238 perceptio
3164 3167 3538 3238 sacramenti,
3593 3171 3876 3228 continua

2216 3256 2275 3310 in
2299 3255 2516 3312 nostris
2548 3255 2844 3311 mentibus
2875 3259 3220 3328 perseveret.
3256 3255 3380 3312 Per.

2741 3361 2801 3400 IN
2841 3361 3046 3400 OCTAVA
3087 3360 3339 3401 PASCHE.

2286 3435 2525 3502 Praesta,
2581 3449 2940 3506 quaesumus,
3002 3433 3372 3506 omnipotens
3409 3438 3580 3504 Deus,
3638 3443 3711 3494 ut
3770 3438 3870 3512 qui

2213 3523 2512 3596 paschalia
2532 3524 2679 3580 festa
2707 3522 3042 3596 peregimus
3054 3521 3175 3578 haec
3192 3525 3248 3578 te
3276 3522 3562 3597 largiente
3594 3527 3872 3586 moribus

2213 3617 2270 3668 et
2299 3613 2416 3668 vita
2443 3617 2769 3669 teneamus.
2802 3613 2930 3668 Per.

2279 3705 2516 3759 Secreta.
2569 3701 2809 3774 Suscipe
2857 3718 3124 3769 munera,
3175 3717 3538 3774 quaesumus,
3592 3705 3868 3776 Domine,

2209 3789 2556 3847 exsultantis
2601 3789 2888 3856 Ecclesiae,
2948 3795 3006 3846 et
3035 3789 3127 3846 cui
3177 3808 3415 3848 causam
3467 3793 3618 3848 tanti
3665 3795 3873 3868 gaudii

2208 3880 2552 3953 praestitisti,
2578 3884 2924 3952 perpetuum
2941 3879 3192 3935 fructum
3211 3881 3462 3937 concede
3489 3879 3734 3940 laetitiae.
3763 3885 3876 3942 Per

2276 3970 2726 4025 Postcommunio.
2759 3967 3128 4036 Quaesumus,
3163 3968 3408 4024 Domine
3457 3969 3620 4027 Deus
3646 3978 3872 4045 noster,

2205 4071 2270 4122 ut
2299 4071 2671 4124 sacrosancta
2694 4065 2973 4139 mysteria
2989 4082 3113 4138 quae
3128 4083 3230 4140 pro
3248 4069 3635 4140 reparationis
3649 4077 3872 4135 nostra:

2199 4197 2318 4265 tres
2349 4193 2632 4249 duntaxat
2659 4191 2894 4265 missas.
2919 4192 2986 4248 Et
3006 4192 3582 4265 _apud___cardinalem
3635 4195 3870 4256 Bonam

2201 4263 2326 4346 (lib.
2361 4281 2400 4346 ξ,
2433 4281 2484 4333 c,
2541 4265 2630 4333 l8;
2686 4264 2742 4336 5)
2799 4262 3076 4346 exempla
3107 4262 3482 4346 colliguntur
3512 4271 3868 4346 sanctorum

2199 4335 2296 4408 qui
2333 4335 2529 4408 plures
2559 4335 2911 4408 unoquoque
2933 4335 3025 4390 die
3055 4335 3287 4392 sacrum
3320 4336 3633 4404 faciebant,
3657 4337 3744 4396 ibi
3793 4357 3867 4398 ue

2197 4407 2496 4463 inducitur
2519 4412 2733 4463 sanctae
2764 4407 3038 4463 Romanis
3066 4406 3336 4464 Ecclesiae
3367 4411 3737 4466 consuetudo
3750 4357 3867 4466 (his

2197 4423 2496 4463 inducitur
2519 4423 2733 4463 sanctae
2764 4423 3038 4463 nomana:
3068 4423 3336 4464 1500183183
3367 4423 3737 4468 consuetudo
3769 4423 3868 4471 bis

2197 4483 2400 4560 terque
2433 4496 2551 4560 uno
2582 4480 2674 4560 die
2706 4478 3394 4560 sacrificiumuoll‘erendi
3417 4480 3592 4560 certis
3613 4483 3868 4554 quibus-

2197 4548 2333 4626 dam
2366 4548 2589 4626 festivis
2618 4549 2855 4626 diebus.
2878 4548 3200 4607 Concilium
3215 4550 3542 4626 Oxoniense
3569 4548 3864 4626 tempore,

2194 4621 2426 4677 Honorii
2463 4621 2536 4677 Ill
2565 4619 2868 4678 mandavit
2898 4637 3076 4676 unam
3103 4625 3332 4678 tantum
3365 4622 3608 4679 missam
3634 4619 3856 4684 eodem

431 4690 735 4764 amulum,
767 4697 825 4746 et
854 4691 1092 4764 praecise
1123 4691 1194 4764 ad
1212 4684 1432 4746 annum
1461 4693 1600 4748 1040
1626 4684 1884 4748 creditur
1902 4695 2082 4749 conti-
2110 4684 2162 4747 Β
2189 4694 2281 4747 die
2309 4693 2638 4761 dicendam,
2673 4693 2926 4764 exceptis
2957 4693 3166 4752 diebus
3197 4693 3420 4754 Natalis
3467 4699 3526 4750 et
3555 4694 3851 4754 Resurre-

431 4763 1056 4836 nuatus._Secundum,
1089 4763 1290 4830 missa,
1325 4779 1534 4836 quam,
1553 4765 1671 4836 hic,
1695 4765 1982 4836 habemus
2010 4765 2072 4820 in

427 4831 724 4906 privilegio
756 4834 987 4890 Paschze
1019 4831 1480 4891 Resurrectionis
1511 4835 1764 4902 Domini,
1811 4834 2073 4891 celebra-

427 4903 600 4978 batur
629 4903 817 4978 nocte,
853 4911 918 4978 ut
947 4906 1147 4978 liquet
1177 4923 1246 4961 ex
1287 4907 1578 4978 precibus.
1611 4907 1735 4962 Non
1779 4906 2071 4964 immerito

425 4973 606 5056 igitur
635 4973 924 5056 solemnis
934 4973 1044 5056 _hic
1051 4978 1177 5056 dies
1206 4973 1359 5056 inter
1378 4977 1810 5056 polyliturgicos
1832 4984 1920 5032 est
1942 4979 2071 5056 reji-

426 5045 692 5122 ciendus,
718 5047 878 5122 sicut
904 5045 1451 5122 NatalitiusChris'ti
1476 5045 1724 5108 Domitii:
1754 5050 1878 5104 d'es
1913 5045 2068 5122 ool‘y-

425 5115 681 5192 lit_ul_'gici
715 5117 754 5172 ii
789 5125 930 5192 sunt
956 5119 1248 5192 inquibus
1263 5123 1333 5174 ab
1360 5121 1527 5192 unico
1543 5123 1842 5176 sacerdote
1873 5115 2069 5192 plures

425 5186 794 5263 celebrantur
813 5189 1026 5258 missm,
1047 5186 1457 5263 quorumduos
1489 5191 1845 5248 habemusin
1869 5186 2066 5250 nostro

424 5257 650 5334 missali
681 5261 850 5329 libro;
875 5257 1026 5318 diem
1053 5257 1262 5334 nempe
1290 5262 1555 5334 Natalem
1573 5263 1802 5318 Domini
1830 5268 1885 5319 et
1910 5264 2082 5326 diem.

421 5329 905 5388 Resurrectionis.
936 5335 1105 5390 Varia
1134 5329 1341 5389 suntin
1356 5334 1767 5390 ecclesiasticis
1800 5335 2064 5392 historiis

418 5403 684 5484 exempla
711 5405 781 5459 de
810 5405 920 5460 hoc
949 5407 1360 5484 antiquissimo
1409 5405 1838 5484 rittI:_Caittum
1869 5411 1958 5461 est
1988 5409 2060 5484 ab

418 5423 684 5484 exempla
711 5423 781 5459 oe
810 5423 920 5460 noc
949 5423 1064 5460 anu
1118 5423 1360 5461 UlSSlmo
1409 5423 1542 5460 ritu.
1595 5423 1838 5461 uautum
1869 5423 1958 5461 eet
1988 5423 2058 5464 an

417 5473 779 5550 Ementense
805 5475 1048 5550 concilio
1074 5423 1229 5546 ((lcan.
1272 5476 1353 5550 10)
1385 5478 1495 5532 sub
1536 5477 1822 5550 Vitaliano
1871 5481 2058 5550 ponti-

410 5545 520 5622 fice
551 5551 708 5622 post_
739 5545 1101 5622 mediumvu
1161 5545 1460 5622 saeculum,
1503 5556 1578 5622 _ut
1632 5545 1912 5622 presbyter
1965 5553 2062 5621 qui

401 5617 595 5692 plures
623 5617 720 5692 sub
748 5634 844 5692 suo
883 5619 1175 5692 regimine,
1198 5619 1387 5692 hubgt_
1407 5617 1678 5687 ecclesias,
1726 5617 2058 5692 in'singtilis

405 5689 524 5760 die.
550 5688 768 5744 domini
820 5705 1038 5760 sacrum
1063 5691 1253 5760 ['aciat.
1295 5687 1847 5760 Salegunstadicnse
1901 5687 2054 5748 cele-

405 5758 640 5813 bratum
673 5776 826 5832 anno
858 5759 997 5832 1022
1027 5758 1174 5832 (cap.
1207 5759 1262 5832 5)
1293 5758 1538 5832 praefixit
1574 5780 1884 5820 numerum
1913 5765 2049 5822 mis-

406 5842 604 5901 erum,
637 5832 695 5890 et
722 5828 975 5890 decrevit
1003 5828 1210 5904 nequis
1241 5828 1566 5905 pfesumat
1643 5835 2056 5899 celebrarenisi

2183 4764 2394 4838 ctionis
2423 4765 2762 4838 Don1ini,_et
2777 4765 2836 4819 in
2851 4765 3143 4838 exsequiis
3167 4765 3552 4838 acsepultura
3572 4773 3848 4826 mortuo-

2182 4853 2336 4891 rum.
2367 4836 2429 4910 _ln
2453 4852 2632 4910 regno
2659 4835 3021 4910 Valentiaaet
3035 4835 3164 4910 aliis
3189 4835 3475 4910 Hispaniae
3490 4839 3848 4910 regionibus

2183 4906 2635 4964 sacerdotes—bis
2666 4913 2723 4962 ct
2753 4913 2838 4962 ter
2869 4906 3241 4965 celebrabant
3267 4906 3361 4964 die
3391 4906 3850 4968 Commemora-

2179 4979 2356 5034 tionis
2386 4979 2650 5054 omnium
2665 4978 3336 5054 Defunctornmlsiveex
3366 4979 3688 5054 privilegio,
3717 4981 3864 5051 sive,

2179 5069 2245 5105 ex
2275 5051 2716 5106 consuetudine.
2753 5051 2848 5105 SS.
2883 5050 2948 5106 D.
2979 5051 3046 5105 N.
3078 5050 3428 5108 Benedictus
3457 5050 3602 5108 XIV'.
3653 5053 3718 5109 P.
3761 5055 3846 5112 M.

2177 5141 2286 5194 sua
2315 5123 2589 5178 decretali
2624 5122 3111 5194 novissimeedita
3132 5122 3477 5194 hujusmodi
3507 5129 3850 5182 consuetu-

2175 5193 2370 5266 dinem
2403 5196 2710 5266 conlirmat
2732 5192 3064 5266 etrampliat.
3097 5192 3366 5266 His'ergo
3389 5195 3540 5266 fixus
3570 5195 3847 5266 rationi-

2173 5265 2286 5338 bus
2308 5266 2458 5321 inter
2478 5265 2919 5338 polyliturgicos
2936 5265 3095 5338 dies,
3114 5265 3269 5338 sicut
3286 5265 3550 5338 Natalem
3567 5265 3845 5337 Domini,

2173 5336 2253 5392 ita
2285 5335 2497 5392 festum
2559 5335 3020 5393 Itesurrectionis
3068 5335 3300 5392 Domini
3359 5354 3658 5395 recensere
3707 5335 3842 5398 non

2171 5408 2426 5480 ambigo.
2456 5411 2529 5464 At
2555 5409 2604 5465 si
2637 5409 2772 5480 quis
2801 5407 2976 5476 dicat,
3010 5411 3076 5464 ut
3103 5409 3345 5480 quidam
3399 5425 3660 5480 asserere
3703 5427 3840 5468 non

2168 5479 2460 5553 dubitant,
2499 5497 2614 5536 non
2642 5479 2862 5553 abnuo
2883 5479 3210 5553 sacerdote,
3235 5481 3338 5553 sed
3367 5497 3402 5536 a
3432 5479 3708 5553 pluribus
3727 5499 3839 5538 sa-

2168 5551 2451 5624 crificium
2476 5553 2666 5608 offerri
2697 5551 2815 5624 illis
2871 5551 3093 5624 festivis
3141 5551 3371 5620 diebus,
3403 5550 3624 5624 quibus
3679 5552 3838 5624 duae-

2168 5623 2360 5696 rnissae
2391 5624 2676 5696 adnotata;
2691 5622 3188 5696 _leguntur,legat,
3203 5621 3439 5696 quaeso;
3453 5621 3832 5696 cardinalem

2168 5639 2360 5678 missae
2391 5638 2676 5678 adnotata
2703 5638 3188 5696 leguntumegat,

2165 5694 2383 5768 Bonam
2417 5695 2474 5748 in
2507 5695 2633 5768 suis
2665 5693 2953 5768 liturgicis
3001 5694 3168 5752 libris

2163 5767 2489 5825 eruditione
2521 5766 2673 5824 hanc
2703 5765 3039 5844 opinionem
3071 5765 3304 5830 refellit.

3242 5712 3299 5770 _n.
3335 5696 3392 5768 8)
3441 5695 3859 5770 quijsumma
