3978 6390
157 440 270 518 ειθ

1324 446 2055 523 SACRAMENTARIUM
2102 458 2383 527 VETUS.

3443 426 3565 522 tto

155 580 483 645 mun‘iinine
511 568 831 661 contulisti,
865 592 921 648 et
956 606 1216 665 presens
1264 591 1435 650 nobis
1478 591 1805 650 remedium
1916 591 2129 665 vimus,
2164 594 2406 670 implere
2435 591 2651 653 caelesti
2682 593 3064 669 inspiratione
3100 578 3562 652 valeamus.Per°

153 690 279 735 esse
298 678 486 736 facias
516 683 574 737 et
604 679 890 738 futurum.
922 680 1047 738 Per.

299 784 412 860 (15)
443 803 502 843 IN
542 781 738 844 ium“
779 804 970 846 SANCTI
1011 807 1190 846 MARCI
1230 806 1644 848 EVANGELISTE.

218 893 401 960 Deus,
432 894 533 966 qui
564 894 718 951 hanc
748 895 924 963 diem,
947 895 1185 970 gloriosi
1232 898 1382 954 beati
1415 899 1593 954 Marci
1624 916 1802 955 evan-

148 981 368 1057 gelista
399 981 484 1038 tui
517 984 799 1056 martyrio
819 986 1194 1055 consecrasti,
1218 991 1801 1059 przesta,queesumus

148 1075 210 1130 ut
241 1071 367 1145 ipse
399 1064 553 1144 apud
576 1076 631 1129 te
663 1090 765 1146 pro
795 1073 964 1130 nobis
994 1074 1205 1131 existat
1233 1075 1560 1149 praecipuus
1589 1077 1797 1132 suffra-
1906 1064 2091 1149 rue
2120 1064 2574 1149 Sf‘cmufﬁnufm’
2594 1064 2663 1149 me];
2701 1064 2864 1149 ‘01),“

876 1163 962 1219 tui
1000 1164 1127 1220 ﬁeri
1163 1132 1378 1221 mémit
1406 1132 1798 1238 ‘evangelicus
1905 1134 2091 1202 petuae
2122 1132 2525 1204 dispositionis
2554 1134 2759 1188 effectu
2780 1132 3158 1205 tranquillius
3179 1149 3438 1205 operare,
3470 1136 3558 1190 to-

144 1164 329 1234 gator,
376 1154 482 1234 qui
522 1161 818 1241 Unigeniti

143 1249 506 1323 pmdicator.
541 1251 650 1318 Qui
681 1255 895 1308 tecum.

205 1341 450 1396 Secreta.
484 1339 748 1413 Suscipe,
784 1358 1147 1414 quaesumus,
1181 1324 1445 1408 Domine,
1487 1345 1795 1417 dignanter

142 1427 359 1496 oblata,
393 1432 451 1484 et
477 1429 631 1485 beati
691 1430 873 1486 Marci
923 1422 1291 1505 evangelista:
1331 1432 1792 1504 suffragantibus

141 1517 367 1573 meritis
398 1517 470 1573 ad
502 1520 713 1574 nostra;
745 1518 953 1576 salutis
1001 1520 1281 1576 auxilium
1322 1520 1625 1594 provenire
1654 1538 1790 1576 con-

138 1606 298 1663 cede.
329 1606 458 1663 P‘er.

200 1697 664 1753 Postcommunio.
696 1698 1064 1767 Caelestibus,
1111 1697 1374 1767 Domine,
1427 1699 1624 1757 refecti
1655 1718 1791 1757 mu-

136 1785 382 1843 neribus
411 1786 707 1860 supplices
729 1788 1129 1861 deprecamur,
1153 1794 1219 1845 ut
1237 1788 1391 1845 beati
1413 1789 1593 1846 Marci
1623 1806 1790 1847 evan-

132 1873 353 1947 gelist'ae
384 1877 439 1932 et
468 1866 744 1953 martyris
772 1876 858 1933 tui
905 1876 1282 1950 protegamur
1319 1877 1574 1944 auxiliis,
1616 1876 1788 1951 cujus

133 1954 357 2020 devotis
386 1964 688 2021 mentibus
719 1965 1085 2022 celebramus
1115 1966 1506 2040 triumphum.
1540 1968 1665 2024 Per.

526 2089 585 2129 IN
624 2088 716 2128 nu;
754 2090 1116 2130 ASCENSIONIS
1154 2076 1380 2131 bonum.

197 2178 486 2249 Concede,
519 2196 880 2252 quaesumus,
933 2181 1306 2254 omnipotens
1357 2186 1527 2247 Deus,
1577 2186 1644 2237 ut
1681 2178 1782 2253 qui

128 2267 415 2347 hodierna
442 2267 538 2324 die
567 2268 947 2343 Unigenitum
979 2275 1147 2325 tuum
1180 2271 1608 2342 redemptorem
1647 2286 1781 2326 nos-

128 2360 290 2413 trum
339 2358 412 2414 ad
443 2356 621 2414 caelos
670 2359 1005 2416 ascendisse
1045 2360 1359 2425 credimus,
1388 2359 1501 2432 ipsi
1550 2375 1781 2432 quoque

128 2450 325 2502 mente
352 2437 413 2501 in
443 2445 777 2504 ccelestibus
805 2447 1158 2505 habitemus.
1202 2449 1309 2504 Per
1350 2450 1622 2504 eumdem
1673 2453 1779 2504 Do-

127 2534 362 2592 minum
393 2540 684 2592 nostrum.

194 2624 435 2680 Secreta.
462 2625 729 2698 Suscipe,
762 2626 1023 2696 Domine,
1059 2643 1324 2692 munera,
1358 2644 1484 2699 qua:
1510 2644 1614 2699 pro
1653 2625 1779 2681 Filii

125 2710 210 2770 tui
242 2712 501 2785 gloriosa
530 2708 873 2772 ascensione
903 2715 1239 2783 deferimus,
1273 2719 1329 2770 ct
1365 2717 1613 2772 concede
1652 2732 1781 2790 pro-

125 2799 404 2874 pitius,ut
434 2818 468 2857 a
491 2802 876 2874 praesentibus
925 2803 1200 2876 periculis
1246 2803 1584 2873 liberemur,
1621 2806 1677 2860 et
1707 2804 1777 2860 ad

124 2890 307 2947 vitam
331 2890 738 2963 perveniamus
768 2895 1066 2948 aeternam.
1101 2892 1207 2949 Per
1235 2894 1527 2949 eumdem.

190 2980 482 3051 Praefatio.
519 2970 599 3052 (λγ)
629 2978 858 3036 ίΕὶθινηθ
906 2985 1080 3049 Deus,
1112 2998 1214 3055 per
1260 2981 1552 3037 Christum
1588 2982 1777 3038 Domi-

124 3068 275 3123 num
310 3071 602 3124 nostrum.
651 3068 759 3133 Qui
793 3074 925 3143 post
975 3064 1455 3127 resurrectionem
1503 3070 1778 3127 omnibus

125 3154 442 3228 discipulis
475 3157 598 3214 suis
647 3159 997 3215 manifestus
1036 3160 1329 3233 apparuit,
1361 3164 1418 3216 et
1466 3159 1610 3231 ipsis
1663 3178 1781 3217 cer-

122 3244 408 3303 nentibus
440 3250 531 3303 est
559 3246 815 3305 elevatus
844 3248 904 3304 in
936 3249 1166 3316 ccelum,
1198 3252 1263 3304 ut
1306 3266 1412 3305 nos
1455 3249 1777 3307 divinitatis

121 3350 242 3392 suae
271 3335 555 3392 tribueret
583 3353 711 3393 esse
742 3337 1076 3411 participes.
1109 3339 1180 3394 Et
1208 3338 1357 3394 ideo.

188 3424 712 3483 Communicantes
743 3430 797 3482 et
811 3426 965 3483 diem
988 3426 1456 3484 sacratissimum
1489 3427 1778 3484 celebran-

119 3510 229 3582 tes,
265 3522 383 3586 quo
433 3513 718 3573 Dominus
773 3521 971 3572 noster
1022 3514 1357 3589 unigenitus
1415 3515 1598 3573 Filius
1641 3522 1780 3574 tuus

121 3602 352 3659 unitam
368 3602 480 3658 sibi
502 3603 837 3676 fragilitatis
860 3608 1070 3660 nostrae
1092 3606 1483 3662 substantiam
1502 3605 1561 3661 in
1584 3606 1779 3678 gloriaa

117 3696 233 3773 tuas
265 3680 505 3748 dextera
532 3690 856 3750 collocavit.
890 3694 1003 3751 Sed
1036 3698 1093 3750 et
1122 3693 1486 3750 memoriam.

188 3783 542 3839 Communia.
576 3782 792 3839 Praesta
821 3782 1010 3851 nobis,
1034 3798 1395 3857 quaesumus,
1414 3783 1781 3856 omnipotens

118 3872 174 3925 et
204 3868 545 3926 misericors
576 3869 822 3937 Deus,ut
851 3887 978 3942 quas
1008 3869 1338 3927 visibilibus
1366 3871 1660 3944 mysteriis
1690 3887 1782 3927 su-

117 3946 340 4015 menda
371 3957 765 4030 percepimus,
790 3957 1069 4014 invisibili
1093 3974 1528 4031 consequamur
1549 3958 1776 4015 effectu.

120 4046 252 4105 Per.

434 4150 687 4191 SABBATO
717 4152 929 4191 SANCTO
970 4153 1030 4191 ΙΝ
1062 4153 1465 4192 PENTECOSTEN.

193 4243 341 4298 Lact.
376 4240 644 4297 Tentavit
673 4241 848 4298 Deus.
880 4244 1033 4315 Resp.
1066 4243 1380 4298 Cantemus
1414 4247 1546 4298 Deo.

194 4329 407 4387 Oratio.
442 4329 599 4386 Deus
630 4330 731 4403 qui
761 4330 822 4386 in
853 4331 1095 4387 Abrahae
1125 4331 1330 4387 famuli
1360 4331 1445 4386 tui
1476 4348 1647 4404 opere
1677 4332 1783 4388 hu-

122 4434 305 4476 mana
334 4419 532 4492 generi
557 4419 902 4475 obedientiae
924 4418 1187 4493 exempla
1201 4420 1782 4492 praehuisti,ooncede

124 4507 300 4565 nobis
322 4524 393 4563 ex
422 4513 633 4564 nostrae
672 4506 992 4565 voluntatis
1030 4508 1373 4581 pravitatem
1409 4508 1695 4584 frangere,
1725 4517 1783 4568 et

121 4604 371 4667 tuorum
402 4588 823 4670 praeceptorum
856 4598 1264 4656 rectitudinem
1294 4599 1354 4655 in
1382 4600 1656 4657 omnibus
1688 4603 1783 4658 ad-

125 4685 392 4759 implere.
430 4682 554 4741 Per.

196 4778 350 4832 Lact.
385 4772 629 4847 Scripsit
661 4774 909 4848 Moyses.
944 4776 1095 4848 Resp.
1129 4777 1376 4834 Attende
1395 4777 1626 4834 caelum.

1985 686 2124 742 Lact.
2157 686 2610 759 Apprehendent
2638 689 2862 759 septem
2892 685 3187 742 mulieres.
3222 688 3374 758 Resp.
3408 685 3569 742 Sicut

1913 790 2138 831 cervus.

1985 865 2190 921 Oratio.
2223 865 2377 922 Deus
2407 864 2908 923 incommutabilis
2936 865 3146 934 virtus,
3176 864 3376 923 lumen
3404 869 3572 943 aeter-

1910 970 2078 1021 num,
2110 955 2333 1027 respice
2364 954 2655 1028 propitius
2687 955 2759 1010 ad
2807 954 2988 1010 totius
3016 954 3281 1011 Ecclesiae
3306 958 3419 1010 tua;
3451 955 3562 1010 mi-

1908 1041 2091 1097 rabile
2120 1047 2574 1110 sacramentum,
2607 1046 2663 1099 et
2715 1060 2864 1116 opus
2893 1043 3102 1100 salutis
3130 1043 3400 1100 humanae
3431 1048 3560 1121 per-

1905 1216 2120 1292 tusque
2151 1222 2410 1276 mundus
2440 1220 2774 1294 experiatur
2802 1226 2859 1277 et
2901 1222 3095 1277 videat
3134 1222 3360 1294 dejecta
3389 1220 3554 1295 erigi,

1902 1306 2221 1365 inveterata
2249 1310 2467 1377 novari,
2500 1315 2556 1365 et
2581 1327 2685 1383 per
2713 1309 2911 1383 ipsum
2944 1311 3132 1366 redire
3161 1312 3361 1366 omnia
3390 1311 3449 1366 in
3473 1312 3557 1366 in-

1898 1400 2153 1471 tegrum,
2186 1415 2219 1453 a
2250 1415 2364 1471 quo
2397 1415 2703 1471 sumpsere
2733 1398 3106 1472 principium.
3144 1399 3265 1455 Per.
3542 1472 3545 1475 _

1972 1487 2178 1542 Oratio.
2211 1487 2445 1557 Praesta,
2479 1504 2840 1560 quaesumus,
2883 1487 3253 1562 omnipotens
3283 1486 3457 1558 Deus,
3488 1490 3553 1544 ut

1900 1574 2183 1632 claritatis
2214 1581 2325 1633 tua;
2358 1576 2635 1650 splendor
2678 1576 2973 1650 ell'ulgeat,
3018 1580 3075 1633 et
3105 1577 3206 1632 lux
3236 1581 3348 1632 tuae
3399 1568 3550 1634 lucis

1898 1665 2073 1722 corda
2102 1682 2324 1734 eorum,
2361 1666 2461 1738 qui
2502 1683 2604 1738 per
2650 1665 2899 1738 gratiam
2943 1668 3107 1721 tuam
3153 1666 3335 1721 renati
3385 1670 3546 1733 sunt,

1898 1754 2085 1810 sancti
2107 1753 2359 1827 Spiritus
2391 1754 2781 1811 illustrations
2812 1755 3132 1810 conﬁrmet.
3169 1753 3296 1809 Per.

1969 1842 2201 1898 Secreta.
2231 1844 2496 1912 Munera,
2523 1842 2782 1912 Domine,
2813 1859 3175 1915 quaesumus,
3197 1840 3395 1898 oblata
3414 1859 3547 1898 san-

1816 1964 1865 2030 B
1896 1930 2197 2015 etiiica,et
2226 1931 2401 1987 corda
2422 1935 2621 1988 nostra
2649 1931 2832 1987 sancti
2866 1931 3122 2004 Spiritus
3162 1929 3549 1986 illustratione

1894 2021 2169 2075 emunda.
2204 2024 2332 2077 Per.

1964 2108 2481 2166 Communicantes
2533 2112 2592 2165 et
2638 2110 2792 2166 diem
2834 2108 3302 2166 sacratissimum
3348 2108 3549 2165 Pente-

1892 2202 2092 2253 costen
2125 2198 2509 2267 celebrantes,
2543 2215 2656 2272 quo
2690 2199 2946 2271 Spiritus
2994 2202 3235 2255 sanctus
3267 2192 3548 2271 apostolis

1895 2286 1949 2341 in
1981 2287 2158 2342 variis
2188 2287 2409 2360 linguis
2440 2287 2733 2360 apparuit.
2768 2287 2880 2343 Sed
2913 2290 2969 2343 et
3001 2287 3367 2344 memoriam.
3544 2358 3547 2365 Ι

1962 2376 2122 2431 Hanc
2152 2376 2331 2448 igitur
2361 2375 2717 2431 oblationem
2750 2376 3049 2433 servitutis
3093 2380 3326 2443 nostris,
3359 2376 3461 2431 sed
3492 2376 3550 2432 et

1890 2467 2111 2519 cunctae
2143 2452 2376 2519 familiae
2410 2469 2545 2535 tuae,
2603 2481 2784 2537 quam
2831 2464 2938 2519 tibi
2987 2464 3289 2519 offerimus
3319 2480 3423 2536 pro
3454 2464 3548 2523 his

1888 2569 2122 2625 quoque
2152 2570 2298 2625 quos
2328 2556 2667 2625 regenerare
2696 2553 2971 2626 dignatus
3001 2569 3143 2609 esex
3163 2568 3315 2625 aqua
3343 2554 3401 2608 et
3423 2553 3546 2626 Spi-

1889 2641 2005 2697 ritu
2037 2646 2237 2697 sancto
2269 2640 2537 2697 tribuens
2568 2641 2653 2698 eis
2684 2640 3090 2697 remissionem
3123 2640 3389 2697 omnium
3418 2658 3544 2714 pec-

1889 2735 2175 2801 catorum,
2208 2747 2572 2803 quaesumus,
2604 2730 2942 2800 Domine,ut
2970 2729 3235 2803 placatus
3265 2729 3539 2804 accipias,

1888 2819 2130 2892 diesque
2160 2825 2412 2876 nostros.

1962 2908 2302 2965 Communia.
2336 2908 2531 2965 Sancti
2551 2907 2828 2981 Spiritus,
2861 2907 3121 2977 Domine,
3142 2907 3319 2965 corda
3338 2911 3540 2967 nostra

1889 2998 2133 3054 mundet
2160 2998 2400 3065 infusio,
2431 3000 2489 3054 et
2535 2997 2627 3054 sui
2677 2996 2826 3054 roris
2877 2996 3214 3071 aspersione
3244 2997 3534 3055 fecundet.

1888 3087 1952 3142 In
1983 3086 2227 3144 unitate.

2276 3194 2331 3232 ΙΝ
2364 3193 2458 3231 DIE
2488 3193 2701 3231 SANCTO
2735 3192 3142 3233 PENTECOSTIS.
3443 3248 3446 3257 λ
3506 3240 3530 3257 ,Ι

1959 3269 2129 3332 Deus,
2164 3265 2264 3337 qui
2322 3265 2608 3320 hodierna
2658 3264 2753 3319 die
2801 3264 2978 3321 corda
3035 3264 3298 3321 fidelium
3348 3248 3536 3321 sancti
3578 3292 3583 3297 -

1809 3330 1852 3396 (ἶ
1892 3330 2145 3426 Spiritus
2177 3330 2567 3410 illustratione
2610 3352 2880 3421 docuisti,
2913 3353 2988 3409 da
3034 3352 3215 3409 nobis
3244 3352 3303 3410 in
3334 3342 3538 3411 eodem

1889 3441 2099 3515 spiritu
2130 3446 2284 3499 recta
2312 3459 2535 3515 sapere,
2560 3445 2615 3497 et
2647 3442 2719 3497 de
2742 3442 2871 3513 ejus
2895 3458 3126 3515 semper
3141 3438 3538 3500 consolatione

1887 3531 2160 3604 gaudere.
2195 3531 2319 3586 Per.
3304 3600 3309 3611 ‘

1960 3621 2192 3677 Secreta.
2226 3620 2487 3686 Munera,
2523 3636 2881 3692 quaesumus,
2906 3618 3167 3689 Domine,
3186 3616 3382 3699 oblata
3409 3616 3541 3676 san-

1889 3708 2079 3765 ctiﬁca
2109 3714 2165 3765 et
2193 3709 2368 3764 corda
2398 3712 2597 3764 nostra
2626 3708 2812 3765 sancti
2861 3707 3113 3781 Spiritus
3150 3702 3542 3767 illustrations

1888 3798 2162 3854 emunda.
2198 3801 2326 3853 Per.

1960 3888 2241 3958 Praefatio.
2277 3886 2358 3958 (’r)
2387 3884 2615 3941 [Eterne
2662 3884 2817 3941 Deus
2864 3902 2968 3958 per
3005 3883 3305 3941 Christum
3337 3885 3539 3942 Domi-

1892 3994 2035 4032 num
2069 3975 2471 4047 nostrum,qui
2505 3974 2827 4030 ascendens
2871 3991 3048 4047 super
3089 3991 3293 4031 omnes
3339 3974 3537 4043 ccelos,

1891 4066 2219 4137 sedensque
2249 4064 2320 4120 ad
2352 4064 2646 4120 dexteram
2669 4067 2854 4130 tuam,
2879 4062 3238 4136 promissum
3258 4060 3540 4137 Spiritum

1889 4158 2160 4209 sanctum
2192 4153 2468 4209 hodierna
2502 4152 2597 4208 die
2644 4152 2703 4206 in
2751 4151 2905 4208 filios
2948 4152 3281 4226 adoptionis
3312 4150 3535 4224 effudit,

1889 4247 2246 4315 quapropter
2274 4241 2532 4314 profusis
2551 4240 2782 4315 gaudiis
2812 4244 2971 4298 totus
2992 4241 3051 4297 in
3082 4242 3219 4298 orbe
3247 4246 3537 4299 terrarum

1890 4332 2149 4387 mundus
2180 4331 2449 4397 exsultat,
2484 4331 2582 4386 sed
2634 4336 2691 4385 et
2741 4347 3006 4403 supernae
3053 4331 3319 4401 virtutes,
3366 4320 3541 4405 atque

1890 4414 2162 4492 angelicae
2188 4423 2505 4492 potestates
2535 4419 2820 4492 hymnum
2843 4420 3040 4493 gloriae
3066 4421 3384 4478 eoneinunt
3414 4421 3541 4479 sine

1890 4509 2005 4564 fine
2034 4509 2311 4564 dicentes.

1961 4598 2495 4665 Communicantes,
2532 4605 2592 4653 ut
2617 4614 2807 4668 supra.
2854 4606 2857 4609 ’

1811 4699 1859 4764 D
1961 4688 2119 4743 Hanc
2150 4686 2347 4759 igitur.
2385 4688 2448 4743 Ut
2476 4702 2662 4757 supra.

1967 4777 2304 4834 Communia.
2362 4774 2556 4830 Sancti
2616 4774 2892 4846 Spiritus,
2952 4773 3219 4843 Domine,
3278 4778 3538 4831 tuorum.

166 4864 416 4920 'Oratio.
468 4867 645 4930 Deus,
710 4863 810 4936 qui
864 4863 1033 4921 nobis
1063 4882 1167 4937 per
1203 4867 1623 4939 prophetarum
1683 4886 1784 4926 ora
1892 4868 2119 4937 Reliqua
2152 4867 2211 4921 in
2241 4865 2451 4936 vigilia.

125 4948 457 5026 pracepisti
488 4953 835 5026 temporalia
863 4952 1212 5027 relinquere,
1246 4959 1419 5028 atque
1457 4957 1530 5011 ad
1570 4962 1785 5015 aeterna

127 5040 434 5110 festinare,
467 5041 542 5097 da
572 5041 815 5098 famulis
845 5043 982 5111 tuis,
1014 5047 1082 5099 ut
1101 5060 1228 5116 quae
1257 5061 1291 5100 a
1319 5046 1556 5117 tejussa
1572 5063 1783 5121 cogno-

204 5192 321 5269 (15)
347 5200 409 5256 In
441 5200 630 5275 prima
659 5202 844 5275 hujus
874 5202 1069 5258 missae
1101 5205 1360 5261 oratione
1379 5210 1618 5262 sanctus
1641 5209 1788 5263 Mar—

128 5288 241 5355 eus
268 5272 536 5344 martyrii
567 5272 759 5346 gloria
781 5275 1090 5361 decoratur
1118 5282 1321 5333 contra
1343 5278 1652 5349 quosdam,
1687 5280 1786 5361 qui

2348 4970 2407 5010 1N
2448 4970 2700 5008 DEDICATI
2709 4970 2818 5008 UNE
2854 4969 3062 5009 TEMPLI
3073 4996 3085 5008 .

1964 5045 2141 5111 Deus,
2172 5044 2273 5116 qui
2310 5044 2479 5099 nobis
2511 5059 2612 5116 per
2642 5041 2907 5114 singulos
2939 5059 3126 5099 annos
3154 5043 3335 5116 hujus
3357 5045 3545 5102 sancti

1899 5208 2208 5278 martyr.ln
2243 5219 2462 5278 canone
2492 5202 2644 5258 enim
2665 5201 2856 5257 locum
2879 5202 3104 5278 habent
3119 5203 3305 5278 sancti
3334 5207 3550 5278 marty-

1899 5296 2018 5339 res,
2047 5273 2479 5331 conl'essoribus
2515 5290 2746 5345 semper
2773 5273 3208 5341 exclusis,teste
3237 5273 3545 5345 Banaﬂih.

129 5344 333 5422 ipsum
366 5359 397 5398 e
452 5344 696 5422 numero
744 5353 1063 5422 martyrum
1112 5344 1476 5422 expungunt,
1521 5344 1790 5421 quamvis
1898 5349 2303 5422 u,c.12,u.ii.)
2322 5348 2593 5402 Attamen
2623 5344 2786 5422 tanta
2811 5348 2904 5422 est
2947 5345 3007 5401 in
3056 5345 3315 5422 Ecclesia
3335 5344 3549 5422 Gelasii

130 5414 420 5492 Gelasius
437 5426 594 5492 papa
618 5416 773 5492 clare
803 5414 968 5473 illu'm
986 5414 1338 5492 martyrem”
1350 5414 1553 5492 vocet.‘
1575 5422 1788 5477 Eorum

1901 5419 2215 5476 auctoritas
2249 5424 2311 5472 ut
2341 5433 2574 5472 omnem
2606 5417 2997 5488 suspicionem
3022 5417 3349 5486 tollat,cum
3373 5418 3546 5473 dicat:

132 5486 336 5559 opinio
357 5485 458 5565 his
488 5485 1115 5565 nationibusprzscipue
1138 5485 1510 5565 nititur,quia
1528 5493 1796 5549 videlicet
1901 5494 1964 5565 In
1994 5493 2283 5565 Egyptum
2312 5490 2550 5565 directus
2574 5485 2817 5565 verbi—im
2835 5490 3102 5565 puritatis
3130 5485 3466 5565 praedicavit,
3500 5494 3552 5565 et

131 5558 330 5649 1.131139
357 5558 668 5627 Eusebius,
682 5558 975 5649 uni‘illius
999 5558 1127 5649 acta
1148 5558 1525 5649 scripsit'aib.
1546 5581 1610 5649 Ii,
1632 5566 1793 5649 ait,

134 5628 357 5697 15;’lib.
390 5645 475 5698 ιιι,
508 5647 638 5704 cap.
675 5628 826 5704 u'lt.),
857 5649 1049 5705 neque
1092 5628 1351 5691 Isidorus
1394 5628 1603 5692 vocent
1629 5628 1794 5692 illum

134 5703 1047 5780 martyrem,nequemartyrium
1078 5705 1276 5780 dicant
1294 5707 1488 5780 fuisse
1512 5724 1752 5780 passum
1782 5725 1798 5776 ;

1902 5557 2143 5635 gloria-se
2165 5560 2562 5635 consummavit
2579 5557 2932 5635 martyrium.
2965 5557 3306 5635 Auctoritati
3333 5557 3551 5635 Gelasii

1906 5628 2088 5690 altera
2119 5634 2339 5688 accedit
2371 5632 2547 5686 nostri
2593 5628 3060 5698 Sacramentarii,
3093 5632 3152 5686 in
3185 5647 3298 5702 quo
3325 5628 3552 5702 saeculo

1905 5724 1961 5762 in
1993 5704 2319 5778 appellatur
2344 5707 2582 5778 martyr.
2612 5702 2971 5778 'l‘estimonio
3000 5702 3149 5778 Pinji
3167 5699 3377 5778 saeculo
3409 5719 3445 5757 ν
3463 5699 3553 5756 vel

134 5771 394 5849 ideoque
419 5771 651 5849 Marcus
680 5771 968 5841 (idem'dic
988 5776 1068 5849 de
1088 5771 1583 5849 Luca),incanone
1608 5771 1800 5836 missae
1908 5796 1964 5833 Vl
1996 5771 2209 5849 legitur
2239 5777 2299 5831 in
2340 5771 2664 5849 fragmento
2714 5772 3044 5849 Kalendsrii
3095 5773 3468 5849 lt/Iozarabum
3498 5790 3555 5827 v1

138 5859 262 5899 non
295 5848 386 5901 est
422 5845 735 5918 ascriptus,
787 5864 921 5904 cum
968 5846 1214 5904 dubium
1242 5845 1343 5906 'sit
1374 5868 1445 5907 an
1476 5852 1807 5909 occubuerit
1912 5849 1991 5907 Id.
2023 5845 2179 5907 Febr.
2211 5849 2388 5906 sancti
2416 5845 2594 5907 Marci
2611 5845 2956 5916 evangelista
2981 5850 3033 5901 et
3060 5846 3341 5916 martyris.
