3978 6352
112 378 246 443 ’887

1307 361 2038 436 SACBAMENTARIUM
2082 362 2364 428 VETUS.

3413 355 3541 440 ess

117 512 353 588 Spiritu
372 507 728 580 sancto,sine
749 503 1454 566 diderentiadiscretionis
1468 505 1781 570 sentimus,
1813 501 1884 568 Α
1970 499 2312 588 Cammumo.
2344 495 2508 562 Quod
2541 493 2760 588 caelesti
2811 511 3038 588 recreas
3093 510 3375 588 munere,
3409 509 3544 566 per-

119 607 195 659 ut
223 603 286 658 in
318 600 683 658 confessione
712 615 857 654 verte
902 595 1387 670 sempiternaeque
1436 594 1692 662 deitatis,
1725 599 1782 649 et

127 693 190 748 in
222 691 494 764 personis
523 689 868 762 proprietas,
901 693 956 742 et
987 686 1044 742 in
1077 685 1333 742 essentia
1363 685 1582 751 unitas,
1633 689 1689 740 et
1721 683 1780 739 in

130 783 442 854 majestate
458 779 732 836 adoretur
749 776 1074 850 aequalitas.
1101 776 1282 840 Quem
1303 775 1548 830 laudant
1569 772 1780 846 angeli,

129 873 486 927 venerantur
515 865 868 939 archangeli,
903 864 1118 932 throni,
1143 863 1593 930 dominationes,
1630 862 1785 934 prin-

131 960 366 1032 cipatus
396 961 454 1013 et
480 960 818 1028 potestates,
860 953 1105 1009 virtutes
1162 953 1437 1008 ccelorum
1497 952 1782 1018 adorant;

132 1063 312 1122 quem
339 1045 646 1102 cherubim
677 1049 733 1100 et
763 1043 1056 1116 seraphim
1114 1059 1228 1098 non
1261 1046 1496 1098 cessant
1533 1040 1787 1096 clamare

135 1138 421 1194 dicentes.

205 1223 668 1282 Pastcammunio.
703 1220 945 1277 Domine
975 1221 1145 1288 Deus,
1183 1219 1349 1274 Pater
1396 1218 1786 1290 omnipotens,

135 1332 245 1372 nos
278 1312 532 1369 famulos
551 1317 706 1377 tuos,
728 1315 840 1366 tusi
872 1308 1165 1381 majestati
1187 1309 1502 1380 subjectos,
1535 1325 1636 1378 per
1667 1306 1794 1361 uni-

137 1417 274 1458 cum
302 1401 515 1458 Filium
546 1405 714 1456 tuum
746 1399 802 1455 in
827 1399 1040 1453 virtute
1057 1397 1310 1470 Spiritus
1333 1397 1518 1453 sancti
1549 1395 1791 1452 benedic

137 1505 390 1564 semper,
422 1495 481 1547 et
529 1494 782 1564 protege,
843 1491 908 1543 ut
937 1489 1009 1542 ab
1060 1487 1215 1544 omni
1268 1487 1433 1542 hoste
1485 1485 1673 1542 securi
1732 1485 1790 1539 in

139 1583 243 1635 tua
263 1579 491 1653 jugiter
531 1579 704 1636 laude
759 1577 1042 1632 lmtemur.
1077 1577 1182 1631 Per
1238 1576 1532 1639 eumdem,
1567 1579 1698 1640 etc.,
1734 1574 1792 1628 in

142 1668 392 1725 unitate.

290 1779 302 1788 ι
503 1771 779 1811 DOMINICA
832 1757 1014 1808 enim
1054 1768 1123 1807 ns
1163 1769 1437 1808 ADVENTU.

215 1844 436 1911 Excita,
471 1859 833 1916 quaesumus,
865 1841 1131 1909 Domine,
1167 1841 1484 1914 potentiam
1535 1845 1696 1896 tuam
1741 1845 1798 1896 et
1831 1874 1874 1939 Β

140 1933 392 2002 veni,ut
430 1933 502 1988 ab
549 1929 996 1987 imminentibus
1044 1934 1411 2003 peccat-orum
1463 1939 1796 1986 nostrorum

145 2021 422 2097 periculis
444 2026 500 2077 te
525 2037 856 2077 mereamur
877 2023 1215 2093 protegente
1246 2019 1411 2092 eripi,
1439 2023 1493 2075 te
1516 2019 1800 2075 liberante

149 2109 381 2169 salvari.
415 2110 520 2174 Qui
552 2109 717 2166 vivis.

223 2201 456 2257 Secreta.
489 2198 620 2254 Hac
651 2214 816 2253 sacra
865 2213 971 2252 nos
1019 2198 1240 2270 potenti
1287 2196 1498 2252 virtute
1548 2199 1800 2253 munda-

147 2292 264 2356 tos,
295 2289 369 2344 ad
400 2303 574 2344 suum
605 2287 822 2343 faciant
860 2286 1124 2358 puriores
1165 2287 1361 2342 venire
1422 2286 1793 2358 principium.

154 2378 280 2434 Per.

225 2466 565 2523 Communia.
597 2465 1024 2538 Suscipiamus,
1050 2464 1309 2530 Domine,
1341 2465 1802 2520 misericordiam

153 2560 316 2612 tuam
347 2556 405 2610 in
439 2555 630 2610 medio
660 2553 860 2626 templi
894 2553 1000 2616 tui,
1047 2557 1110 2608 ut
1160 2553 1542 2626 reparationis
1594 2558 1803 2609 nostrae

154 2649 402 2702 ventura
432 2644 718 2701 solemnia
746 2643 1020 2716 congruis
1042 2642 1360 2698 honoribus
1384 2643 1802 2715 praecedamus.

160 2735 288 2790 Per.

283 2824 398 2894 (25)
436 2837 606 2878 MISSA
645 2836 706 2878 IN
753 2837 981 2876 noscas
1045 2836 1276 2876 OMNIUM
1333 2837 1697 2877 sanc'ronum.

229 2911 512 2981 Concede,
543 2926 904 2982 quaesumus,
936 2909 1309 2981 omnipotens
1341 2915 1512 2976 Deus,
1547 2915 1611 2965 ut
1632 2911 1807 2967 inter-

168 3000 356 3057 cessio
386 3016 493 3055 nos
524 3003 738 3054 sanctae
798 3000 890 3053 Dei
945 2999 1246 3070 genitricis
1302 2999 1544 3069 virginis
1595 2999 1806 3066 Marias,

161 3092 501 3146 sanctorum
523 3087 787 3143 omnium
802 3087 1809 3160 apostolorum,martyrum.confes-

163 3181 552 3249 sommatque
569 3175 948 3248 virginum,et
967 3173 1229 3231 omnium
1245 3176 1562 3232 electorum
1575 3180 1811 3233 tuorum

1891 594 2088 662 petua,
2122 587 2390 653 Domino,
2421 586 2700 643 comitare
2730 585 3020 658 prasidio,
3054 589 3112 641 et
3157 601 3304 658 quos
3353 587 3546 642 fovere

1893 697 2008 735 non
2035 678 2276 746 desinis,
2311 676 2692 750 dignoszfieri
2737 675 3095 748 sempiterna
3147 674 3547 748 redemptione

1893 769 2168 824 concede.
2209 769 2332 822 Per.

2449 871 2620 911 MISSA
2677 869 2783 910 PRO
2840 869 2998 910 PACE.

1967 947 2143 1013 Deus,
2177 963 2209 1000 a
2239 961 2354 1016 quo
2386 948 2591 999 sancta
2622 943 2930 1010 desideria,
2996 947 3151 999 recta
3206 943 3454 999 consilia
3493 949 3552 1000 et

1889 1037 2054 1108 justa
2072 1041 2209 1091 sunt
2231 1050 2426 1107 opera,
2450 1034 2525 1088 da
2543 1034 2726 1089 servis
2747 1032 2864 1089 tuis
2881 1032 3064 1096 illam.
3090 1049 3267 1104 quam
3289 1033 3550 1090 mundus

1899 1126 2037 1181 dare
2058 1142 2172 1180 non
2193 1128 2384 1196 potest
2406 1139 2626 1194 pacem,
2656 1127 2721 1177 ut
2745 1127 2801 1178 et
2822 1123 2998 1178 corda
3019 1126 3219 1178 nostra
3256 1121 3550 1178 mandatis

1897 1213 2016 1268 tuis
2047 1211 2260 1280 dedita,
2294 1218 2350 1267 et
2379 1213 2636 1268 hostium
2657 1211 2900 1267 sublata
2924 1211 3257 1278 tormidine,
3286 1215 3553 1283 tempora

1900 1303 2020 1359 sint
2049 1308 2148 1356 tua
2176 1302 2530 1374 protectione
2561 1300 2898 1372 tranquilla.
2932 1300 3057 1355 Per.

1972 1394 2204 1447 Secreta.
2241 1391 2414 1456 Deus,
2449 1390 2545 1462 qui
2581 1390 2882 1445 credentes
2913 1389 2968 1444 in
3003 1393 3060 1445 te
3097 1388 3343 1462 populos
3373 1387 3552 1445 nullis

1903 1479 2049 1537 sinis
2079 1477 2309 1536 concuti
2340 1478 2680 1545 terroribus,
2714 1479 2956 1549 dignare
2987 1493 3184 1549 preces
3225 1482 3281 1533 et
3329 1477 3552 1534 hostias

1903 1570 2105 1626 dicatae
2137 1570 2240 1625 tibi
2276 1567 2463 1642 plebis
2493 1567 2808 1640 suscipere,
2834 1571 2900 1623 ut
2925 1585 3036 1640 pax
3065 1572 3165 1623 tua
3191 1567 3404 1639 pietate
3421 1585 3554 1623 con-

1905 1676 2088 1725 cessa,
2122 1657 2588 1714 Christianorum
2622 1657 2767 1713 fines
2803 1659 2876 1714 ab
2933 1657 3092 1713 omni
3153 1657 3320 1714 hoste
3378 1657 3554 1713 faciat

1904 1764 2032 1804 esse
2063 1763 2318 1803 securos.
2355 1747 2477 1802 Per.

1980 1837 2318 1893 Communia.
2348 1837 2501 1892 Deus
2532 1841 2734 1892 auctor
2761 1835 2920 1908 pacis
2961 1841 3019 1892 et
3077 1840 3321 1902 amator,
3379 1850 3555 1908 quem

1907 1945 2077 1985 nosse
2110 1929 2316 1997 vivere,
2350 1927 2442 1982 cui
2495 1927 2710 1983 servire
2743 1943 2985 2000 regnare
3023 1930 3130 1994 est,
3191 1930 3428 1998 pretege
3483 1925 3556 1981 ab

1908 2017 2184 2074 omnibus
2217 2017 2763 2090 impugnationibus
2783 2013 3077 2088 supplices
3109 2020 3261 2084 tuos,
3285 2018 3350 2070 ut
3374 2014 3473 2087 qui
3496 2014 3557 2070 in

1908 2106 2246 2162 defensione
2276 2110 2376 2161 tua
2397 2106 2768 2174 confidimus,
2794 2106 3015 2163 nullius
3037 2106 3374 2164 hostilitatis
3396 2123 3560 2164 arma

1909 2197 2245 2252 timeamus.
2282 2199 2407 2252 Per.

2284 2299 2456 2339 MISSA
2513 2302 2624 2340 PRO
2679 2302 2809 2341 ITER
2862 2301 3201 2342 AGENTIBUS.

1983 2375 2213 2438 Adesto,
2237 2373 2497 2441 Domine,
2521 2373 3048 2446 supplicationibus
3079 2374 3384 2444 nastris,et
3402 2374 3559 2430 viam

1913 2463 2270 2518 famulorum
2302 2466 2538 2518 tuorum
2571 2462 2780 2518 salutis
2808 2467 2921 2519 tuae
2956 2463 3338 2536 prosperitate
3370 2463 3560 2535 dispo-

1915 2568 2009 2618 ne,
2041 2557 2104 2606 ut
2134 2553 2285 2607 inter
2305 2569 2508 2608 omnes
2535 2552 2637 2606 viae
2659 2552 2837 2624 hujus
2858 2552 3172 2608 varietates
3198 2557 3300 2608 tuo
3329 2567 3562 2624 semper

1915 2644 2294 2714 protegantur
2321 2639 2555 2696 auxilio.
2591 2640 2713 2696 Per.

1988 2729 2221 2785 Secreta.
2249 2728 2588 2800 Propitiare,
2618 2729 2880 2792 Domine,
2903 2729 3432 2801 supplicationibus
3456 2747 3560 2786 no-

1918 2818 2077 2887 stris,
2111 2823 2168 2873 et
2200 2819 2303 2873 has
2344 2818 2690 2885 oblationes,
2743 2836 2892 2890 quas
2947 2819 3053 2874 tibi
3106 2819 3410 2875 offerimus
3461 2836 3564 2892 pro

1919 2907 2158 2964 famulis
2189 2907 2308 2962 tuis
2329 2907 2437 2973 ill.,
2471 2907 2760 2980 benignus
2790 2925 3045 2972 assume,
3075 2913 3132 2962 et
3155 2908 3307 2963 viam
3332 2907 3564 2964 illorum

1920 2998 2277 3070 praecedente
2307 2996 2495 3069 gratia
2510 3001 2612 3052 tua
2630 2997 2869 3069 dirigas,
2893 3001 2952 3053 et
2979 2997 3374 3070 subsequente
3394 2997 3569 3054 comi-

1919 3087 2029 3141 tari
2063 3086 2344 3158 digneris,
2377 3091 2442 3141 ut
2471 3086 2542 3141 de
2573 3092 2704 3142 actu
2736 3093 2911 3160 atque
2939 3087 3340 3144 incolumitate
3365 3103 3568 3143 eorum

1921 3176 2246 3231 secundum
2268 3175 2691 3256 misericordiae
2724 3181 2834 3232 tua:
2867 3177 3140 3249 praesidia
3183 3177 3564 3249 gaudeamus.

163 3266 382 3339 ubique
412 3245 688 3329 laetificat,
720 3269 786 3320 ut
815 3265 956 3320 dum
989 3263 1190 3320 eorum
1237 3265 1442 3320 merita
1475 3266 1810 3333 recolimus,
1841 3245 1885 3311 (ἶ
1923 3264 2047 3319 Per.

162 3354 491 3429 patrocinia
521 3353 866 3410 sentiamus.
902 3355 1026 3408 Per.

233 3445 470 3500 Secreta.
496 3442 742 3511 Oblatis,
771 3460 1130 3515 quaesumus,
1149 3443 1412 3510 Domine,
1439 3443 1668 3515 placare
1690 3461 1812 3498 mu-

163 3533 424 3599 neribus,
455 3538 513 3589 et
541 3532 933 3588 intercedente
951 3533 1119 3587 beata
1141 3548 1372 3604 semper
1391 3532 1612 3604 virgine
1633 3533 1814 3588 Maria

163 3636 297 3679 cum
329 3621 606 3678 omnibus
656 3621 876 3676 sanctis
934 3621 1050 3676 tuis
1083 3638 1116 3676 a
1147 3620 1375 3677 cunctis
1408 3639 1513 3677 nos
1570 3622 1813 3678 defende

163 3710 456 3784 periculis.
489 3714 617 3767 Per.

234 3800 575 3857 Communia.
623 3798 1021 3872 Sumpsimus,
1072 3799 1336 3866 Domine,
1400 3800 1576 3855 beatae
1623 3800 1814 3855 Maria:

163 3905 396 3962 semper
415 3887 656 3959 virginis
678 3892 735 3944 et
755 3888 1016 3943 omnium
1047 3893 1380 3943 sanctorum
1407 3892 1639 3944 tuorum
1665 3907 1816 3944 com-

166 3975 647 4034 memorationem
677 3975 955 4032 facientes
990 3981 1357 4032 sacramenta
1380 3975 1653 4043 caelestia,
1679 3995 1817 4050 prse-

168 4069 278 4132 sta,
304 4081 666 4137 quaesumus,
693 4069 759 4120 ut
779 4067 934 4137 quod
959 4065 1358 4136 temporaliter
1377 4065 1819 4139 gerimus,mter-

165 4155 258 4211 nis
290 4153 525 4228 gaudiis
557 4171 1012 4226 consequamur.
1047 4155 1174 4210 Per.

546 4249 730 4299 'MISsA
782 4260 892 4298 pno
941 4260 1424 4298 concnncmmse.

236 4331 619 4404 Omnipotens
651 4332 1004 4403 sempiterne
1029 4336 1198 4397 Deus,
1224 4332 1324 4403 qui
1350 4331 1492 4388 facis
1528 4334 1820 4391 mirabilia

166 4436 381 4493 magna
405 4421 587 4488 solus,
611 4422 910 4493 protende,
936 4438 1111 4492 super
1143 4421 1392 4476 famulos
1418 4427 1546 4477 tuos
1569 4427 1624 4477 et
1646 4441 1822 4496 super

166 4512 410 4566 cunctas
439 4509 920 4582 congregationcs
953 4509 1066 4564 illis
1122 4510 1492 4577 commissas,
1545 4511 1815 4582 spiritum

162 4597 367 4671 gratia
399 4596 694 4665 salutaris,
728 4603 785 4653 et
815 4603 879 4653 ut
907 4599 966 4652 in
998 4597 1238 4654 veritate
1269 4600 1372 4654 tibi
1396 4601 1812 4673 complaceant,
1847 4619 1893 4683 D

164 4691 512 4760 perpetuum
550 4687 636 4743 eis
685 4703 872 4742 rorem
923 4691 1033 4742 tuae
1081 4688 1498 4745 benedictionis
1546 4690 1808 4746 infunde.

163 4776 295 4832 Per.

233 4863 469 4920 Secreta.
531 4863 783 4931 Hastias,
846 4864 1110 4931 Domine,
1148 4865 1504 4923 famulorum
1574 4873 1810 4926 tuorum

161 4952 431 5026 placatus
461 4952 716 5021 intende,
749 4958 807 5009 et
845 4971 992 5026 quas
1035 4953 1092 5008 in
1144 4953 1364 5010 honore
1414 4957 1670 5014 nominis
1729 4961 1812 5015 tui

159 5041 370 5097 devota
399 5045 593 5097 mente
621 5041 938 5108 celebrant,
974 5042 1248 5114 perficere
1299 5043 1408 5099 sibi
1461 5046 1716 5103 sentiant
1747 5049 1816 5104 ad

163 5127 481 5186 medelam.
517 5129 642 5186 Per.

232 5273 350 5345 (25)
378 5271 527 5347 Qute.
553 5278 881 5347 sequuntur
903 5275 1096 5330 missae
1137 5275 1336 5330 votivo:
1373 5276 1674 5347 appellata!
1697 5297 1822 5334 om-

158 5344 267 5400 nes
297 5344 679 5416 reperiuntu‘r
708 5347 767 5401 in
816 5346 982 5401 libris
1040 5344 1538 5403 sacramentorum
1591 5351 1761 5406 editis
1793 5370 1826 5408 a

161 5416 442 5494 Menardo
478 5423 535 5494 et
564 5417 971 5494 a‘Pameliouin
1002 5419 1379 5494 Gregoriano,
1415 5424 1472 5474 et
1501 5437 1544 5494 _a
1575 5421 1644 5476 cl.
1683 5440 1824 5494 prae-

159 5487 298 5562 _sul_e‘
321 5487 544 5562 Angela
580 5489 747 5544 Rata.
782 5522 849 5562 έ-
883 5490 1010 5562 Haec
1039 5487 1146 5562 est"
1161 5488 1351 5562 prima
1397 5491 1586 5546 votiva
1641 5487 1828 5550 missa

161 5559 218 5613 in
251 5558 365 5634 hoe
391 5558 880 5634 sacramentario.
917 5561 997 5634 Ne
1029 5558 1180 5634 quis
1204 5565 1396 5616 tamen
1420 5567 1626 5634 rrputet
1678 5565 1827 5622 hanc

159 5629 709 5704 essegduplicatam,
742 5649 874 5687 cum
911 5632 1024 5687 alia
1048 5629 1352 5687 habeatur
1409 5629 1682 5692 Kalendis
1715 5637 1825 5693 No-

160 5701 464 5770 vembris;
499 5701 619 5757 haec
651 5705 803 5759 enim
829 5704 1066 5778 respicit
1090 5704 1520 5762 solemnitatem
1550 5708 1828 5764 Omnium

1991 3355 2447 3410 Postcommunia.
2483 3354 2609 3408 Tua
2661 3370 2788 3420 nos,
2822 3353 3086 3422 Domine,
3148 3358 3451 3426 sperantes
3509 3354 3568 3411 in

1919 3445 1995 3508 te,
2031 3458 2157 3513 qua:
2191 3442 2556 3513 sumpsimus
2587 3447 2954 3498 sacramenta
2996 3444 3349 3509 custodiant,
3400 3448 3457 3499 et
3486 3444 3568 3499 fa-

1924 3529 2266 3585 mulostuos
2299 3535 2502 3586 contra
2539 3547 2742 3588 omnes
2793 3531 3008 3604 ubique
3048 3536 3326 3587 tueantur
3370 3531 3570 3587 incur-

1885 3688 1888 3693 η
1923 3635 2046 3673 sus.
2077 3619 2200 3674 Per.

2341 3725 2506 3764 MISSA
2563 3717 2673 3764 PRO
2734 3725 3158 3766 FAMILIARIBUS.

1995 3798 2377 3870 Omnipotens
2407 3799 2759 3870 sempiterne
2790 3799 2963 3864 Deus,
2998 3799 3276 3856 miserere
3334 3797 3574 3856 famulis

1929 3887 2042 3942 tuis
2073 3886 2180 3951 illi,
2213 3891 2270 3942 et
2299 3888 2484 3959 dirige
2514 3905 2612 3944 eos
2644 3889 2967 3945 secundum
2998 3893 3160 3944 tuam
3201 3889 3573 3945 clementiam

1925 3976 1984 4031 in
2016 3978 2170 4031 viam
2199 3978 2406 4034 salutis
2436 3981 2682 4047 aeternae,
2719 3983 2784 4034 ut
2813 3984 2867 4033 te
2906 3979 3158 4035 donante
3202 3978 3307 4035 tibi
3362 3976 3575 4051 placita

1927 4067 2185 4139 cupiant,
2221 4072 2278 4123 et
2303 4071 2424 4123 tota
2452 4068 2666 4122 virtute
2695 4068 3020 4139 perﬁciant.
3055 4069 3179 4124 Per.

1999 4157 2593 4224 Secreta.Proﬁciant,
2666 4175 3026 4230 quaesumus,
3105 4156 3368 4224 Domine,
3429 4156 3572 4222 haec,

1929 4263 2056 4318 qua:
2083 4251 2196 4299 tum
2228 4244 2524 4317 supplices
2547 4244 2850 4301 offerimus
2879 4245 3194 4318 majestati,
3229 4245 3299 4300 ad
3325 4242 3572 4300 Salutem

1929 4333 2284 4390 famulorum
2317 4339 2550 4388 tuorum
2583 4333 2691 4400 ill.,
2727 4339 2790 4389 ut
2821 4337 2921 4390 tua
2966 4333 3325 4407 providentia
3371 4345 3574 4390 eorum

1927 4424 2047 4479 vita
2077 4423 2229 4478 inter
2260 4424 2504 4478 adversa
2555 4428 2612 4479 et
2669 4440 2947 4495 prospera
2998 4424 3216 4495 ubique
3264 4422 3572 4495 dirigatur.

1929 4513 2052 4567 Per.

2003 4602 2338 4655 Communia.
2374 4601 2704 4666 Sumentes,
2733 4600 2998 4664 Domine,
3051 4605 3338 4672 perpetuae
3379 4613 3573 4655 sacra-

1925 4695 2122 4746 menta
2151 4689 2380 4756 salutis,
2411 4695 2573 4744 tuam
2620 4690 3005 4761 deprecamur
3055 4688 3450 4758 clementiam,
3513 4695 3577 4744 ut

1925 4797 2024 4853 per
2052 4797 2118 4835 ea
2149 4778 2398 4835 famulos
2432 4783 2562 4835 tuos
2592 4778 2665 4834 ab
2697 4778 2852 4833 omni
2887 4776 3230 4834 adversitate
3281 4777 3573 4850 protegas.

1926 4869 2052 4925 Per.

2525 4975 2688 5013 MISSA
2746 4974 2966 5013 νοτινΑ.

2000 5047 2173 5114 Deus,
2210 5048 2308 5120 qui
2332 5047 2627 5118 justiﬁcas
2657 5047 2905 5118 impium
2933 5051 2990 5102 et
3026 5065 3138 5104 non
3189 5049 3274 5105 vis
3326 5054 3574 5106 mortem

1931 5137 2273 5209 peccatoris,
2309 5137 2673 5208 majestatem
2715 5141 2877 5192 tuam
2920 5136 3262 5209 suppliciter
3299 5138 3580 5210 depreca-

1932 5283 2272 5334 Sanctorum
2307 5279 2418 5333 sub
2450 5296 2565 5333 una
2597 5278 2966 5347 celebritate;
3003 5281 3194 5336 votiva
3232 5298 3364 5338 vero
3403 5286 3492 5338 est
3521 5283 3580 5339 in

1937 5353 2213 5407 honorem
2239 5350 2499 5432 omnium
2523 5353 2866 5436 'Sannctorum
2889 5351 3410 5436 ad‘implorandum
3431 5354 3580 5436 ipso-

1937 5440 2068 5478 rum
2103 5422 2670 5494 patrocinium.lnfra
2695 5423 2910 5494 pariter
2925 5422 3105 5478 altera
3127 5424 3378 5482 habetur
3399 5422 3581 5480 missa

1938 5495 2097 5575 inter
2117 5494 2358 5561 votivas,
2391 5495 2559 5575 cujus
2590 5494 2800 5575 titulus
2823 5499 2910 5575 est
2934 5512 2945 5548 :
2968 5497 3028 5550 In.
3049 5496 3306 5575 honorem
3334 5497 3582 5575 omnium

1940 5567 2261 5621 Sanctorum
2284 5580 2386 5636 pro
2415 5566 2554 5619 vivis
2573 5567 2623 5619 et
2651 5566 3080 5636 defunctis,cum
3105 5567 3277 5622 unica
3297 5566 3578 5634 oratione,

1939 5643 1995 5694 et
2028 5636 2282 5710 reliquiae
2315 5637 2441 5710 duae
2474 5636 3021 5710 fortedesumenda}
3054 5644 3281 5710 suntex
3312 5639 3579 5709 praesenti

1943 5707 2303 5783 missafquze
2336 5707 2526 5782 prima
2555 5707 2804 5764 habetur
2832 5709 2982 5764 inter
3011 5709 3248 5765 votivas.
