3978 6384
431 394 433 396 -
471 358 590 424 859

1659 358 1850 423 ΒΑΞΟ.
1896 356 1972 421 XI
2017 357 2329 422 MONUM.
2374 355 2690 442 LITURG.

3766 356 3876 420 860

473 512 625 565 mur,
649 497 714 552 ut
753 490 1041 550 famulum
1073 490 1172 565 (as)
1201 496 1368 549 tuum
1390 492 1486 565 (as)
1509 492 1579 549 de
1600 496 1702 550 tua
1721 491 2120 550 misericordia
2146 493 2201 560 Α
2230 491 2300 548 de
2328 479 2568 565 corpore
2599 489 2752 547 exire
2773 487 3045 562 jusseris,
3080 504 3216 564 pars
3261 487 3467 562 iniqua
3495 488 3555 545 in
3615 504 3712 546 me
3765 505 3874 547 non

471 585 862 642 confidentem
893 583 990 655 (es)
1023 581 1240 639 cmlesti
1274 587 1543 654 protegas
1566 583 1855 656 benignus
1877 581 2112 649 auxilio,

471 679 529 729 et
557 673 794 730 assidua
825 689 957 728 eum
991 671 1088 744 (as)
1121 670 1477 743 protectione
1534 689 1858 738 conserves,
1916 675 1981 726 ut
2010 671 2115 725 tibi

464 763 688 835 jugiter
711 761 1031 817 famuletur
1061 761 1288 832 (antur),
1321 764 1377 814 et
1412 759 1591 814 nullis
1622 759 2042 814 tentationibus
2084 777 2118 814 a

469 857 524 907 te
555 855 856 924 separetur
885 849 1110 922 (antur).
1150 849 1273 904 Per.

539 943 827 1012 Praefatio.
859 945 1028 1005 Deus,
1064 939 1154 993 cui
1189 938 1490 1010 proprium
1522 942 1630 1005 est,
1675 941 1782 993 etc.
1814 955 1826 1004 ;
1858 936 2111 1008 suscipe,

469 1029 921 1086 clementissime
955 1028 1141 1093 Pater,
1176 1027 1426 1081 hostiam
1453 1025 1797 1098 placationis
1814 1030 1869 1080 et
1899 1025 2112 1092 laudis,

469 1135 649 1192 quam
677 1133 781 1190 ego
808 1117 1086 1188 indignus
1119 1115 1374 1170 famulus
1404 1119 1542 1169 tuus
1576 1115 1845 1169 sacerdos
1878 1114 1982 1168 tibi
2029 1115 2109 1169 of-

471 1209 618 1263 ferre
649 1222 937 1278 praesumo
967 1204 1038 1259 ad
1073 1204 1353 1258 honorem
1383 1208 1439 1258 et
1468 1203 1714 1276 gloriam
1743 1201 1998 1257 nominis
2029 1202 2112 1257 tui

469 1313 572 1370 pro
599 1293 998 1350 incolumitate
1031 1291 1231 1348 famuli
1263 1293 1457 1364 (arum)
1495 1291 1583 1346 tui
1615 1293 1880 1362 (tuarum)
1915 1290 2020 1358 ill.,
2049 1294 2115 1346 ut

467 1385 732 1442 omnium
763 1381 1107 1438 delictorum
1149 1398 1391 1437 suorum
1443 1380 1670 1436 veniam
1719 1382 2113 1451 consequatur

467 1475 698 1546 (antur).
727 1473 852 1527 Per.

535 1562 990 1619 Postcommunia.
1033 1560 1348 1614 Purificent
1395 1576 1520 1626 nos,
1583 1573 1944 1630 quaesumus,
1994 1557 2110 1612 Do-

465 1654 642 1719 mine,
680 1654 1045 1707 sacramenta
1087 1653 1289 1705 sancta
1321 1665 1446 1720 quae
1479 1646 1866 1719 sumpsimus,
1917 1650 1972 1701 et
2026 1646 2107 1700 fa-

465 1741 692 1798 mulum
723 1742 822 1811 (os)
853 1739 936 1794 ill.
973 1740 1043 1793 ab
1093 1736 1253 1793 omni
1311 1736 1486 1809 culpa
1542 1736 1790 1792 liberum
1827 1737 1923 1804 (os)
1982 1751 2109 1790 esse

461 1830 732 1896 concede,
766 1835 831 1884 ut
860 1828 956 1900 qui
991 1826 1362 1882 conscientia;
1394 1843 1511 1880 sua:
1564 1830 1723 1880 reatu
1756 1824 2108 1896 constringi-

463 1924 560 1976 tur
588 1919 857 1991 (guntur),
890 1918 961 1972 de
989 1915 1239 1972 caelestis
1285 1913 1526 1970 remedii
1578 1913 1943 1986 plenitudine
1986 1911 2108 1985 glo-

459 2008 644 2065 rietur
671 2007 894 2079 (antur).
930 2006 1052 2060 Per.

964 2137 1134 2176 MISSA
1192 2136 1302 2175 PRO
1364 2136 1626 2174 INFIRMO.

529 2229 910 2300 Omnipotens
941 2225 1293 2298 sempiterne
1318 2225 1494 2290 Deus,
1528 2223 1689 2280 salus
1719 2228 1934 2279 {eterna
1984 2240 2106 2278 cre-

457 2319 744 2388 dentium,
767 2315 973 2372 exaudi
1001 2332 1104 2370 nos
1128 2332 1230 2387 pro
1254 2313 1470 2370 famulo
1495 2313 1584 2385 (is)
1607 2319 1706 2368 tuo
1729 2314 1836 2384 (is),
1865 2330 1965 2384 pro
1989 2329 2105 2384 quo

454 2406 691 2480 (quibus)
725 2404 1135 2460 misericordiae
1194 2408 1307 2458 tuae
1346 2402 1732 2474 imploramus
1781 2402 2083 2462 auxilium.

453 2501 519 2552 ut
548 2495 774 2552 reddita
802 2493 912 2549 sibi
948 2493 1199 2548 sanitate
1225 2491 1549 2565 gratiarum
1584 2491 1689 2546 tibi
1741 2491 1800 2545 in
1851 2490 2106 2546 Ecclesia

452 2590 552 2642 tua
583 2585 793 2639 referat
823 2584 962 2653 (aut)
993 2583 1277 2637 actionem
1312 2582 1428 2653 (es).
1459 2581 1583 2636 Per.

521 2674 757 2730 Secreta.
782 2673 956 2739 Deus,
982 2672 1091 2725 sub
1114 2672 1284 2742 cujus
1308 2671 1708 2725 moderamine
1737 2669 1866 2724 vitae
1892 2673 2102 2724 nostrae

451 2765 751 2818 momenta
779 2761 1121 2829 decurrunt,
1153 2759 1386 2830 suscipe
1417 2775 1617 2830 preces
1649 2763 1706 2812 et
1745 2757 1968 2812 hostias
2017 2758 2099 2812 fa-

454 2850 601 2905 muli
631 2849 740 2916 tui,
773 2865 876 2920 pro
909 2864 1024 2918 quo
1056 2846 1516 2902 misericordiam
1565 2852 1728 2900 tuam
1785 2849 2100 2918 aegrotante

453 2937 861 3010 imploramus,
894 2941 960 2991 ut
986 2937 1056 2991 de
1101 2937 1272 3004 cujus
1333 2933 1590 3006 periculo
1639 2934 1977 3003 metuimus,
2029 2937 2100 2992 de

455 3028 586 3098 ejus
608 3025 798 3082 salute
827 3025 1111 3080 laetemur.
1148 3025 1274 3079 Per.

528 3116 866 3171 Communia.
899 3118 1047 3168 Deus
1077 3111 1436 3167 infirmitatis
1484 3111 1752 3166 humanae
1803 3112 2099 3185 singulare

457 3205 792 3278 praesidium
819 3203 1018 3260 auxilii
1041 3203 1126 3258 tui
1180 3218 1354 3274 Super
1393 3201 1794 3274 infirmum(as)
1811 3203 2096 3259 famulum
2129 3233 2172 3299 ρ

453 3295 557 3366 (os)
590 3298 756 3350 tuum
787 3294 887 3365 (as)
920 3293 1158 3348 ostende
1187 3292 1481 3358 virtutem,
1517 3298 1580 3346 ut
1619 3308 1724 3363 ope
1769 3292 2096 3348 misericor-

451 3383 560 3439 diae
593 3389 703 3439 tuae
736 3383 975 3454 adjutus
1003 3381 1086 3453 (ti)
1111 3379 1373 3436 Ecclesia-3
1400 3385 1510 3436 tuae
1542 3384 1753 3436 sanctae
1779 3385 2096 3453 praesenta-

451 3473 497 3528 ri
530 3476 824 3529 mereatur
852 3471 1082 3545 (antur).
1116 3471 1241 3525 Per.

975 3605 1146 3644 MISSA
1206 3603 1315 3643 PRO
1375 3604 1569 3643 SEIPSO
1579 3627 1589 3640 .

519 3696 868 3770 Suppliciter
906 3700 982 3762 te,
1017 3696 1190 3763 Deus,
1227 3695 1393 3750 Pater
1444 3694 1835 3765 omnipotens,
1885 3694 1985 3766 qui
2032 3711 2092 3749 es

447 3790 669 3842 creator
685 3786 949 3841 omnium
973 3801 1189 3850 rerum,
1214 3786 1511 3856 deprecor,
1547 3788 1612 3838 ut
1638 3784 1777 3838 dum
1802 3800 1892 3838 me
1914 3784 2100 3839 famu-

446 3875 572 3929 lum
601 3879 769 3928 tuum
799 3890 997 3928 coram
1022 3872 1445 3944 omnipotentia
1468 3872 1792 3942 majestatis
1824 3875 1934 3927 tua:
1969 3889 2100 3945 gra-

446 3963 594 4018 viter
624 3961 942 4032 deliquisse
967 3962 1263 4025 confiteor,
1287 3977 1526 4014 manum
1555 3959 1966 4017 misericordia:
1989 3967 2099 4016 tuae

449 4049 591 4105 mihi
620 4049 905 4122 porrigas,
939 4053 1248 4121 quatenus,
1272 4050 1413 4104 dum
1435 4049 1586 4105 hanc
1605 4046 1955 4105 oblationem
1988 4054 2100 4106 tuae

448 4139 683 4213 pietatis
712 4138 909 4206 offero,
943 4137 1100 4209 quod
1132 4138 1398 4209 nequiter
1428 4137 1718 4208 commisi,
1762 4137 2101 4196 clementis-

447 4227 595 4284 sime
625 4225 883 4298 digneris
915 4223 1229 4280 absolvere.
1265 4225 1388 4280 Per.

518 4319 752 4372 Secreta.
806 4315 960 4370 Deus
987 4314 1418 4379 misericordize,
1459 4314 1612 4369 Deus
1657 4313 1911 4387 pietatis,
1945 4320 2097 4371 Deus

446 4403 845 4476 indulgentiae,
878 4402 1136 4476 indulge,
1165 4407 1445 4476 qumso,et
1467 4402 1740 4459 miserere
1763 4405 1962 4472 mei,et
1990 4405 2098 4461 hoc

446 4493 819 4558 sacrificium,
847 4493 999 4565 quod
1030 4493 1227 4564 pietati
1253 4498 1366 4548 tuae
1390 4492 1689 4548 humiliter
1709 4495 1905 4562 offero,
1934 4495 2095 4551 beni-

443 4601 555 4658 gne
586 4582 846 4655 digneris
878 4582 1198 4654 suscipere,
1231 4587 1287 4638 et
1318 4587 1572 4654 peccata,
1598 4599 1724 4654 quae
1759 4583 2094 4640 labentibus
2125 4607 2172 4671 D

440 4673 597 4730 vitiis
628 4673 909 4740 contraxi,
931 4672 1063 4744 pius
1097 4675 1153 4726 et
1170 4671 1458 4743 propitius
1480 4689 1544 4727 ac
1568 4673 1881 4728 miseratus
1904 4673 2092 4728 indul-

443 4780 602 4835 geas,
635 4767 700 4817 ut
723 4761 916 4817 locum
942 4760 1286 4834 paenitentiae
1309 4778 1374 4816 ac
1406 4761 1671 4832 plurimae
1697 4761 2088 4833 lacrymarum

442 4866 719 4906 concessa
751 4850 920 4905 venia
950 4854 1063 4904 ate
1095 4865 1319 4906 merear
1347 4850 1625 4921 accipere.
1660 4850 1784 4904 Per.

512 4941 963 4995 Postcommunio.
999 4938 1151 4994 Deus
1183 4938 1486 4994 charitatis
1519 4943 1575 4994 et
1625 4937 1804 5009 pacis,
1839 4940 1938 5010 qui
1986 4955 2090 5011 pro

443 5025 632 5083 salute
661 5026 889 5098 generis
921 5027 1372 5083 humanicrucis
1395 5026 1724 5099 patibulum
1758 5027 2087 5099 suscepisti,

441 5119 500 5172 et
521 5115 866 5187 sanguinem
897 5120 1066 5171 tuum
1099 5134 1198 5188 pro
1224 5116 1623 5187 redemptione
1647 5121 1846 5171 nostra
1866 5116 2086 5185 fudisti,

441 5221 642 5278 preces
674 5221 832 5260 meas
857 5205 1116 5277 placatus
1148 5211 1204 5261 et
1237 5205 1525 5277 benignus
1551 5204 1780 5275 suscipe
1826 5209 1882 5259 et
1913 5205 2087 5261 mise-

443 5292 752 5350 ricordiam
775 5297 937 5349 tuam
952 5294 1095 5350 mihi
1118 5296 1456 5364 concedc,ut
1473 5311 1606 5349 cum
1625 5293 1882 5349 animam
1898 5311 2087 5350 meam

532 5402 623 5471 26')
649 5401 904 5472 Expletis
926 5401 1124 5457 missis
1147 5401 1373 5469 votivis,
1406 5401 1672 5473 sequitur
1697 5400 1879 5456 missa
1903 5403 2088 5458 sancti

440 5473 657 5531 Urbani
692 5489 850 5543 papa:
878 5479 933 5527 et
960 5474 1236 5545 martyris
1264 5473 1322 5526 in
1359 5478 1564 5545 nostro,
1603 5475 2084 5545 Sacramenturio,

440 5545 595 5617 quod
629 5561 744 5617 non
776 5548 864 5596 est
895 5543 1226 5617 mirandum
1255 5561 1268 5611 ;
1294 5544 1569 5617 peculiari
1603 5544 1902 5617 siquidem
1926 5545 2087 5602 cultu

442 5614 804 5670 monasticus
821 5616 960 5671 ordo
974 5620 1242 5686 sanctum
1261 5614 1590 5686 pOntiticem
1606 5615 2085 5686 prosequebatur.

442 5687 766 5741 Videantur
807 5702 932 5756 quae
992 5685 1100 5742 hac
1158 5685 1334 5759 super
1387 5704 1447 5742 re
1506 5685 1659 5742 dicat
1707 5686 1962 5745 Martene
1993 5691 2088 5762 (De

2226 582 2440 637 habeat
2474 585 2839 654 potestatem,
2882 581 2982 636 sed
3027 581 3272 653 angelus
3310 585 3449 636 tuus
3508 580 3673 652 pacis
3734 579 3880 636 inter

2226 673 2459 724 sanctos
2490 673 2546 724 et
2574 669 2786 726 electos
2815 675 2946 724 tuos
2979 685 3072 724 me
3103 668 3363 738 collocet,
3395 669 3628 725 ubi'lux
3659 685 3876 742 perma-

2226 764 2324 814 net
2354 757 2690 815 indeficiens
2719 763 2776 814 et
2804 758 2920 814 vita
2967 762 3268 831 perpetua.
3304 758 3411 823 Qui
3472 758 3619 814 vivis
3681 763 3742 815 et
3794 776 3876 816 re-

2225 865 2298 920 gn
2309 865 2392 903 as.

2716 954 2886 992 MISSA
2943 954 3055 992 PRO
3114 953 3389 992 OMNIBUS.

2297 1026 2511 1081 Pietate
2541 1030 2662 1092 tua,
2697 1043 3059 1098 quasumus,
3095 1026 3358 1093 Domine,
3385 1028 3724 1081 nostrorum
3757 1041 3876 1080 om-

2224 1114 2386 1169 nium
2410 1115 2564 1170 solve
2586 1115 2818 1170 vincula
2837 1114 3270 1180 delictorum,et
3297 1115 3690 1170 intercedente
3712 1115 3878 1170 beata

2223 1207 2279 1258 et
2307 1203 2561 1276 gloriosa
2591 1221 2821 1276 semper
2851 1203 3070 1276 virgine
3099 1204 3199 1259 Dei
3225 1203 3505 1276 genitrice
3536 1203 3723 1260 Maria
3741 1215 3876 1259 ‘cum

2223 1294 2497 1348 omnibus
2530 1293 2748 1348 sanctis
2783 1293 2916 1360 tuis,
2951 1293 3233 1348 domnum
3285 1309 3517 1364 papam,
3570 1292 3877 1364 pontifices

2223 1388 2278 1436 et
2309 1382 2579 1436 abbatem
2611 1386 2901 1448 nostrum,
2936 1398 3101 1454 reges
3133 1387 3189 1437 et
3210 1382 3503 1453 principes
3534 1384 3794 1450 nostros,
3826 1387 3877 1437 et

2221 1485 2452 1524 omnem
2469 1468 2754 1541 populum”
2770 1468 3424 1539 Christianum,nosque
3438 1467 3696 1524 famulos
3722 1473 3874 1535 tuos,

2221 1564 2395 1630 atque
2421 1557 2612 1614 locum
2631 1557 2808 1613 istum
2835 1574 2966 1612 cum
2991 1558 3265 1613 omnibus
3287 1557 3694 1613 habitantibus
3725 1557 3787 1612 in
3813 1574 3875 1613 eo

2222 1647 2280 1701 in
2323 1648 2479 1702 omni
2513 1648 2816 1702 sanctitate
2838 1647 3090 1714 custodi,
3125 1661 3446 1718 omnesque
3487 1646 3782 1702 affinitate
3812 1664 3874 1702 ac

2219 1735 2635 1804 familiaritate,
2665 1735 2785 1792 sive
2814 1735 3096 1790 orationis
3145 1735 3655 1792 commendatione
3703 1735 3875 1791 nobis

2220 1826 2563 1896 conjunctos
2593 1843 2625 1880 a
2656 1825 2808 1881 vitiis
2827 1841 3032 1896 purga,
3055 1824 3370 1880 virtutibus
3392 1823 3644 1892 illustra,
3669 1841 3874 1896 pacem

2220 1914 2535 1970 etsalutem
2561 1913 2728 1969 nobis
2752 1913 3168 1981 tribue,hostes
3187 1912 3448 1969 visibiles
3465 1917 3521 1969 et
3543 1913 3875 1970 invisibiles

2222 2019 2468 2068 remove,
2496 2002 2756 2058 carnalia
2783 2002 3072 2058 desideria
3095 2001 3327 2074 repelle,
3353 2018 3547 2059 aerem
3571 2002 3873 2059 salubrem

2219 2090 2476 2165 indulge,
2511 2091 2766 2147 inimicis
2828 2091 3045 2146 nostris
3103 2091 3449 2148 charitatem
3498 2091 3734 2164 largire,
3771 2110 3875 2149 nec

2219 2198 2334 2236 non
2367 2181 2465 2252 qui
2489 2199 2627 2236 suas
2659 2180 3056 2253 eleemosynas
3099 2180 3267 2236 nobis
3318 2179 3510 2252 largiti
3555 2185 3720 2248 sunt,
3776 2183 3873 2238 de-

2217 2269 2352 2325 licta
2383 2269 2699 2324 clementer
2727 2269 2986 2342 ignosce,
3019 2274 3074 2325 et
3104 2269 3380 2325 omnibus
3412 2269 3686 2326 fidelibus
3727 2270 3874 2327 vivis

2215 2363 2270 2414 et
2297 2357 2584 2414 defunctis
2619 2359 2675 2414 in
2708 2363 2865 2414 terra
2894 2359 3214 2414 viventium
3249 2360 3428 2414 vitam
3460 2359 3683 2431 pariter
3705 2364 3762 2416 et
3794 2379 3876 2417 re-

2216 2448 2412 2520 quiem
2443 2451 2718 2503 mternam
2749 2447 3018 2504 concede.
3052 2449 3159 2503 Per
3189 2449 3480 2504 eumdem.

2285 2538 2516 2593 Secreta.
2549 2538 2724 2604 Deus,
2758 2537 2858 2609 qui
2890 2537 3174 2610 singulari
3208 2537 3466 2610 corporis
3525 2539 3614 2593 tui
3677 2539 3873 2596 hostia

2212 2627 2391 2683 totius
2417 2627 2621 2682 mundi
2645 2625 2870 2682 solvisti
2893 2626 3120 2695 delicta,
3155 2627 3262 2682 hac
3286 2626 3577 2682 oblatione
3601 2628 3872 2700 placatus

2214 2714 2474 2771 maculas
2507 2716 2794 2771 scelerum
2827 2719 3160 2771 nostrorum
3193 2717 3480 2789 absterge,
3515 2720 3573 2771 et
3598 2718 3871 2774 omnium

2212 2803 2468 2860 ﬁdelium
2487 2803 2954 2860 Christianorum
2981 2805 3240 2859 vivorum
3262 2821 3328 2860 ac
3348 2810 3713 2861 mortuorum
3737 2823 3872 2879 pec-

2209 2897 2341 2949 cata
2371 2893 2619 2959 dimitte,
2653 2892 2855 2965 eisque
2908 2892 3145 2964 pramia
3174 2899 3390 2949 aeterna
3449 2895 3727 2952 concede.
3763 2897 3871 2962 Qui

2208 2981 2372 3038 vivis.

2278 3073 2616 3128 Communia.
2654 3072 2922 3142 Sumpta,
2941 3088 3301 3143 quaesumus,
3331 3073 3875 3140 Domine,coslestia

2208 3163 2571 3216 sacramenta
2583 3160 2780 3216 omnia
2792 3160 3038 3216 crimina
3053 3165 3253 3216 nostra
3272 3163 3874 3234 detergant,omnem-

2211 3266 2324 3321 que
2363 3250 2704 3322 pravitatem
2746 3254 2803 3305 et
2841 3250 3265 3316 infirmitatem,
3311 3268 3414 3306 seu
3448 3251 3742 3308 hosticam
3780 3272 3874 3310 ra-

2208 3338 2497 3404 biem,nec
2519 3355 2633 3393 non
2657 3342 2713 3392 et
2737 3337 3105 3394 subitaneam
3139 3343 3408 3404 mortem,
3434 3339 3660 3397 meritis
3692 3347 3752 3398 et
3780 3344 3872 3398 in-

2205 3427 2558 3483 tercessione
2589 3431 2802 3483 sanctae
2825 3427 2924 3484 Dei
2948 3427 3256 3484 Genitricis
3278 3433 3335 3484 et
3353 3427 3614 3501 Virginis
3641 3431 3871 3500 Maria,

2208 3520 2383 3588 atque
2413 3516 2677 3571 omnium
2710 3520 3046 3572 sanctorum
3078 3534 3111 3572 a
3131 3517 3300 3572 nobis
3321 3517 3524 3588 procul
3557 3519 3878 3591 repellant,

2208 3609 2263 3660 et
2291 3605 2565 3661 omnibus
2598 3604 2870 3661 fidelibus
2899 3605 3046 3661 vivis
3072 3610 3130 3661 et
3160 3605 3454 3662 defunctis
3515 3608 3749 3679 prosint
3802 3611 3879 3666 ad

2208 3695 2458 3762 veniam,
2491 3711 2594 3767 pro
2628 3711 2879 3766 quorum
2909 3694 3012 3749 tibi
3046 3699 3187 3750 sunt
3244 3695 3441 3751 oblata
3491 3697 3701 3753 salute.
3738 3699 3877 3755 Per.

2557 3784 2666 3855 (26)
2739 3802 2796 3838 IN
2852 3799 3047 3839 SANCTI
3105 3801 3341 3840 uanam.

2281 3875 2382 3941 Da,
2405 3889 2744 3944 quaesumus
2767 3872 3134 3946 omnipotens
3160 3875 3330 3943 Deus,
3366 3880 3429 3930 ut
3451 3875 3552 3947 qui
3585 3875 3738 3932 beati
3769 3878 3883 3934 Ur-

2212 3961 2346 4017 bani
2367 3961 2639 4034 martyris
2661 3961 2745 4016 tui
2774 3965 2946 4034 atque
2968 3962 3262 4033 pontificis
3288 3963 3574 4020 solemnia
3594 3965 3882 4033 colimus,

2210 4051 2337 4121 ejus
2369 4055 2565 4122 aperte
2597 4049 3115 4106 intercessionibus
3143 4053 3508 4123 adjuvemur.
3537 4054 3666 4110 Per.

2282 4141 2512 4196 Secreta.
2547 4139 2676 4194 Haec
2706 4139 2918 4203 hostia,
2953 4139 3221 4209 Domine,
3257 4158 3625 4214 quaesumus,
3659 4160 3880 4200 emun-

2210 4229 2306 4284 det
2366 4232 2565 4284 nostra
2622 4227 2852 4296 delicta,
2913 4233 2972 4284 et
3033 4230 3104 4284 ad
3157 4231 3509 4286 sacriﬁeuim
3564 4231 3881 4289 celebran-

2211 4319 2351 4374 dum
2367 4317 2740 4374 subditorum
2766 4317 2869 4372 tibi
2898 4335 3137 4391 corpora
3152 4324 3492 4392 mentesque
3515 4321 3879 4379 sanctificet.

2210 4407 2336 4462 Per.

2282 4497 2619 4552 Communia.
2657 4496 2872 4552 Refecti
2906 4495 3348 4568 participatione
3392 4496 3656 4552 muneris
3689 4499 3876 4566 sacri,

2208 4602 2570 4657 quaesumus,
2604 4584 2848 4640 Domine
2879 4585 3031 4640 Deus
3064 4590 3281 4652 noster,
3314 4590 3378 4640 ut
3399 4586 3570 4657 cuius
3602 4587 3882 4660 exsequi-

2207 4691 2340 4729 mur
2367 4673 2614 4742 cultum,
2651 4674 2977 4730 sentiamus
3009 4675 3304 4731 effectum.
3339 4675 3463 4730 Per.

2630 4782 2688 4818 IN
2734 4781 2860 4819 ΝΑΤ.
2914 4781 3095 4819 UNIUS
3154 4779 3447 4819 APOSTOLI.

2278 4853 2646 4919 Quaesumus,
2681 4853 3054 4924 omnipotens
3080 4853 3257 4922 Deus,
3284 4857 3349 4908 ut
3372 4855 3582 4909 beatus
3613 4853 3702 4908 ill.
3727 4870 3882 4927 apo-

2203 4940 2391 4997 stolus
2416 4945 2582 4996 tuum
2616 4958 2718 5013 pro
2751 4942 2922 4998 nobis
2953 4941 3227 5013 imploret
3259 4941 3564 5010 auxilium,
3599 4947 3665 4997 ut
3698 4961 3733 4998 a
3763 4961 3883 4999 no-

2201 5029 2337 5085 stris
2371 5030 2630 5085 rratibus
2674 5029 2952 5098 absoluti,
3009 5047 3042 5085 a
3073 5031 3300 5086 cunctis
3353 5031 3526 5086 etiam
3585 5030 3884 5104 periculis

2205 5136 2501 5175 eruamur.
2538 5119 2661 5174 Per.

2267 5209 2494 5264 Sac-ratu.
2547 5209 2906 5264 Sacrandum
2967 5207 3093 5273 tibi,
3141 5207 3398 5275 Domine,
3451 5223 3671 5262 munus
3721 5211 3880 5267 offe-

2199 5297 2403 5366 rimus,
2431 5315 2544 5369 quo
2568 5297 2721 5353 beati
2744 5297 2824 5352 ill.
2845 5296 3093 5369 apostoli
3116 5297 3199 5352 tui
3229 5296 3514 5353 solemnia
3536 5295 3881 5355 recolentes

2198 5407 2370 5476 antiq.
2397 5406 2524 5460 θεοί.
2558 5406 2708 5459 νὶιὶὁ.
2732 5405 2846 5478 lib.
2878 5422 2950 5471 IV,
2985 5422 3112 5477 cap.
3146 5406 3236 5472 32,
3271 5405 3440 5478 171.012
3469 5405 3527 5458 et
3579 5420 3707 5478 cap.
3743 5407 3876 5478 27).

2199 5478 2260 5532 ln
2300 5475 2507 5549 nostro
2541 5493 2686 5549 agro,
2731 5477 2954 5549 Pyrano
2989 5475 3152 5532 adest
3204 5475 3398 5531 nobile
3457 5475 3748 5546 templum
3789 5475 3874 5533 ad

2195 5547 2509 5620 .IEsinantis
2533 5547 2689 5620 fluvii
2715 5547 2890 5620 ripas,
2925 5552 3124 5620 sancto
3159 5549 3384 5604 Urbano
3416 5562 3675 5620 sacrum,
3697 5549 3807 5620 cui
3843 5566 3884 5605 a

2197 5619 2404 5675 saeculo
2427 5637 2481 5674 xI
2496 5617 2786 5691 adnexum
2808 5619 3175 5691 eratinsigne
3189 5617 3610 5691 monasterium
3629 5617 3882 5676 ordinis

2198 5691 2384 5747 sancti
2416 5689 2729 5756 Benedicti,
2756 5708 2910 5746 nunc
2933 5688 3167 5748 tandem
3192 5695 3476 5747 vetustate
3501 5688 3876 5760 collapsum.
