3978 6352
187 361 308 447 sei

1367 381 2107 449 SACRAMENTABIUM
2148 384 2432 452 VETUS.

3479 384 3602 448 869

182 517 663 593 puriﬁcationem
708 537 942 594 quoque
980 518 1198 578 nostris
1241 520 1540 577 mentibus
1594 518 1847 593 implora
1876 521 1930 587 Α
1956 520 2285 578 tercedente
2313 521 2483 578 beato
2520 519 2602 577 ill.
2635 518 2965 579 confessore
2991 525 3093 578 tuo
3126 523 3301 595 atque
3328 520 3600 596 pontiﬁce

190 623 351 664 mus.
386 611 517 664 Per.

262 699 608 755 Communia.
637 698 950 773 Perceptis,
992 700 1251 768 Domine,
1287 699 1669 756 sacramentis
1699 716 1838 770 sup-

188 785 423 858 pliciter
452 804 760 846 exoramus
780 795 843 844 ut
870 788 1307 845 interoendente
1322 787 1411 857 Ill,
1436 788 1700 860 apostolo
1717 792 1838 854 tuo,

189 890 324 946 quae
381 892 486 949 pro
551 875 711 933 illius
754 878 1080 933 veneranda
1135 876 1394 950 gerimus
1451 874 1839 943 solemnitate,

192 964 368 1021 nobis
394 965 703 1039 proﬁciant
723 967 795 1022 ad
826 965 1135 1022 medelam.
1171 966 1294 1021 Per.

457 1099 518 1137 1N
556 1099 685 1138 NAT.
727 1099 1105 1138 PLURIMORUM
1142 1097 1579 1137 APOSTOLORUM.

266 1187 444 1255 Deus,
478 1188 579 1260 qui
610 1205 717 1244 nos
746 1205 943 1243 annua
964 1186 1358 1260 apostolorum
1380 1192 1617 1243 tuorum
1638 1186 1721 1242 ill.
1746 1204 1844 1242 so-

192 1274 498 1333 lemnitate
524 1276 803 1344 lastiﬁcas,
839 1283 1069 1349 praesta,
1109 1293 1470 1348 quaesumus,
1503 1280 1569 1331 ut
1594 1292 1845 1349 quorum

193 1365 524 1437 gaudemus
555 1366 802 1433 meritis,
837 1366 1202 1435 instruamur
1231 1364 1534 1437 exemplis.
1569 1365 1692 1420 Per.

266 1454 502 1510 Secreta.
536 1454 798 1522 Munera,
832 1454 1097 1521 Domine,
1149 1471 1276 1526 quae
1309 1471 1412 1526 pro
1444 1451 1846 1526 apostolorum

195 1541 534 1598 tuorumill.
553 1542 921 1599 solemnitate
933 1543 1271 1610 deferimus,
1286 1542 1576 1614 propitius
1594 1541 1845 1613 suscipe,

192 1634 253 1687 et
282 1629 439 1687 mala
466 1631 685 1700 omnia,
720 1649 848 1704 quae
882 1649 1179 1688 meremur
1207 1636 1422 1687 averte.
1456 1631 1584 1686 Per.

273 1721 610 1778 Communia.
636 1724 1002 1790 Quaesumus,
1027 1721 1292 1786 Domine,
1312 1719 1514 1793 rcpleti
1535 1719 1848 1793 mysteriis,

198 1812 531 1882 ntquorum
546 1809 829 1866 solemnia
847 1809 1230 1877 celebramus,
1256 1825 1458 1865 eorum
1487 1808 1850 1864 orationibus

197 1898 294 1970 adi
304 1915 569 1955 uvemur.
588 1899 731 1954 .Per.

590 2032 648 2070 IN
688 2030 888 2072 NATALI
938 2030 1114 2071 UNIUS
1156 2030 1454 2068 MARTYRIS.

270 2120 509 2177 Votivos
539 2137 668 2187 nos,
700 2120 965 2187 Domine,
991 2137 1329 2193 quaesumus
1351 2118 1434 2174 ill.
1467 2118 1738 2191 martyris
1763 2117 1847 2173 tui

198 2209 422 2267 Natalis
452 2227 683 2283 semper
712 2210 978 2282 excipiat,
1013 2209 1113 2282 qui
1147 2213 1205 2264 et
1222 2208 1652 2280 jucunditatem
1682 2206 1850 2263 nobis

199 2315 320 2354 suis
345 2298 785 2372 gloriﬁcationis
816 2299 1107 2366 infundat,
1136 2302 1194 2354 et
1221 2297 1325 2353 tibi
1361 2314 1466 2352 nos
1515 2297 1720 2352 reddat
1749 2313 1846 2359 ac:

199 2392 419 2460 ceptos.
452 2388 579 2445 Per.

270 2477 502 2534 Secreta.
536 2477 849 2555 Praesentia
896 2494 1160 2545 munera,
1193 2493 1556 2550 quaesumus,
1583 2473 1845 2539 Domine,

199 2566 281 2621 ita
305 2583 513 2622 serena
531 2566 744 2640 pietate
764 2566 1010 2634 intuere,
1031 2570 1095 2621 ut
1114 2566 1300 2622 sancti
1338 2564 1588 2638 Spiritus
1610 2561 1847 2635 perfun-

201 2654 418 2711 dantur
458 2655 857 2712 benedictione
888 2660 943 2710 et
992 2658 1210 2711 nostris
1241 2655 1515 2710 cordibus
1547 2669 1675 2708 eam
1707 2650 1849 2706 dile-

204 2743 456 2800 ctionem
472 2743 729 2800 validam
756 2744 1088 2812 infundant,
1112 2761 1214 2817 per
1237 2760 1413 2816 quam
1440 2745 1679 2799 sanctus
1700 2757 1852 2795 mar-

204 2838 297 2907 tyr
324 2833 406 2891 ill.
439 2833 637 2890 omnia
657 2834 914 2906 corporis
945 2837 1237 2890 tormenta
1266 2833 1493 2890 devicit.
1525 2833 1653 2887 Per.

279 2925 618 2981 Communia.
677 2927 1006 2991 Sumentes,
1073 2923 1337 2990 Domine,
1397 2921 1647 2979 ccelestis
1699 2920 1852 2974 dona

206 3012 492 3086 mysterii,
519 3028 878 3084 quaesumus,
912 3017 976 3068 ut
992 3012 1146 3068 beati
1178 3011 1260 3067 ill.
1287 3011 1560 3084 martyris
1582 3008 1668 3066 tui
1691 3007 1853 3077 abju-

198 3118 404 3158 vemur
433 3099 678 3167 meritis,
720 3102 890 3172 cujus
922 3099 1353 3156 solemnitatem
1384 3100 1580 3155 debita
1607 3113 1850 3154 venera—

199 3189 355 3246 tione
382 3188 765 3247 celebramus.
800 3189 926 3245 Per.

502 3323 561 3363 IN
601 3320 730 3362 NA'I'.
774 3320 1159 3362 PLURIMOBUM
1199 3321 1541 3361 MABTYRUM.
1598 3314 1601 3317 ’

267 3410 658 3484 Omnipotens
705 3412 1057 3484 sempiterno
1088 3411 1264 3480 Deus,
1319 3410 1420 3483 qui
1465 3427 1568 3483 per
1593 3408 1848 3483 gloriosa

192 3498 352 3557 bella
379 3499 716 3557 certaminis
744 3501 816 3555 ad
867 3499 1228 3555 immortales
1276 3499 1608 3571 triumphos
1646 3498 1848 3553 beatos

195 3592 482 3663 martyres
510 3593 644 3646 tuos
671 3587 754 3644 ill.
806 3587 1181 3655 transtulisti,
1220 3589 1295 3643 da
1325 3587 1601 3643 cordibus
1633 3585 1848 3642 nostris

193 3677 434 3751 dignam
465 3694 570 3750 pro
619 3693 823 3734 eorum
868 3677 1423 3733 commemoratione
1468 3676 1750 3739 laetitiam,
1784 3677 1850 3728 ut

196 3783 446 3839 quorum
467 3767 794 3839 gaudemus
840 3765 1085 3835 meritis,
1132 3765 1508 3839 proﬁciamus
1541 3762 1843 3835 exemplis.

194 3858 323 3912 Per.

263 3944 502 4001 Secreta.
534 3943 777 4000 Munera
814 3944 948 4013 tibi,
980 3944 1245 4011 Domine,
1277 3948 1486 3999 nostra:
1525 3941 1846 3999 devotionis

194 4033 517 4102 offerimus,
539 4050 667 4105 quae
697 4037 754 4088 et
782 4050 885 4105 pro
908 4036 1142 4089 tuorum
1166 4032 1270 4088 tibi
1301 4037 1468 4105 grata
1488 4033 1607 4088 sint
1626 4032 1845 4088 honore

185 4122 486 4194 justorum
507 4126 564 4178 et
583 4121 754 4178 nobis
776 4121 1060 4178 salutaria
1079 4126 1135 4177 te
1165 4121 1480 4178 miserante
1504 4121 1843 4176 reddantur.

193 4211 321 4267 Per.

266 4300 602 4357 Communia.
626 4301 842 4357 Praesta
871 4301 1058 4369 nobis,
1085 4299 1348 4367 Domine,
1369 4317 1729 4372 quaesumus,
1755 4298 1846 4354 in-

190 4389 622 4445 tercedentibus
654 4388 872 4444 sanctis
896 4389 1017 4444 tuis
1048 4387 1132 4443 ill.
1166 4392 1230 4444 ut
1255 4407 1381 4461 quae
1413 4405 1511 4444 ore
1550 4388 1841 4461 contingi-

192 4493 348 4545 mus,
380 4494 530 4550 pura
559 4481 753 4535 mente
783 4477 1106 4550 capiamus.
1137 4477 1262 4534 Per.

690 4610 749 4648 IN
791 4610 918 4649 NAT.
972 4602 1340 4649 ΡΟΝΤΠἿΟῙΙΜ.

260 4682 347 4738 Da
375 4699 736 4755 quaesumus,
764 4682 1132 4754 omnipotens
1155 4683 1328 4753 Deus,
1355 4689 1416 4737 ut
1433 4683 1586 4738 beati
1608 4682 1690 4763 ill.
1716 4698 1845 4738 con-

189 4771 430 4827 fessoris
460 4771 547 4827 tui
581 4774 755 4843 atque
804 4769 1097 4843 pontiﬁcis
1140 4772 1471 4827 veneranda
1501 4771 1844 4827 solemnitas

187 4864 249 4916 et
272 4859 639 4916 devotionem
671 4858 839 4915 nobis
871 4862 1082 4931 augeat
1111 4862 1167 4913 et
1194 4858 1465 4914 salutem.
1500 4859 1624 4914 Per.

261 4948 496 5005 Secreta.
530 4947 723 5005 Sacris
752 4945 1055 5015 altaribus,
1093 4947 1353 5015 Domine,
1388 4946 1612 5004 hostias
1634 4964 1840 5019 super—

186 5039 436 5111 positas,
467 5051 806 5110 quaesumus
852 5040 915 5091 ut
948 5040 1188 5092 sanctus
1234 5035 1318 5091 ill.
1362 5036 1621 5108 pontifex
1667 5041 1842 5109 atque

187 5125 489 5183 confessor
545 5127 605 5182 in
660 5122 911 5182 salutem
955 5125 1122 5180 nobis
1180 5124 1484 5197 provenire
1541 5125 1836 5198 deposcat.

188 5215 317 5272 Per.

259 5304 598 5360 Communia.
619 5304 852 5372 Praesta,
880 5319 1242 5375 quaesumus,
1269 5303 1637 5375 omnipotens
1662 5304 1836 5375 Deus,

184 5398 252 5449 ut
279 5394 351 5450 de
374 5393 664 5467 perceptis
703 5393 1051 5449 muneribus
1081 5391 1301 5466 gratias
1349 5391 1706 5461 exhibentes,
1748 5393 1835 5448 in-

182 5519 266 5575 De
297 5518 426 5591 ipso
455 5522 514 5591 et
543 5519 615 5575 de
642 5518 860 5591 templo
894 5516 1143 5591 longiori
1165 5515 1391 5591 calamo
1413 5516 1483 5571 in.
1506 5518 1836 5591 Antiquita-

180 5588 345 5647 tibus
373 5589 553 5647 Vallis
573 5588 1114 5646 Sancti—Clementis
1142 5593 1200 5644 et
1231 5588 1288 5643 in
1320 5588 1740 5646 Dissertatiohe
1765 5592 1836 5647 de

183 5661 475 5734 episcopis
531 5660 1043 5718 Camerine'nsibus
1106 5661 1215 5715 sub
1266 5660 1538 5734 episcopo
1597 5661 1837 5736 Hugone

1949 609 2236 666 beneﬁcia
2265 610 2495 683 potiora
2523 627 2853 668 sumamus.
2886 611 3013 667 Per.

2020 741 2081 780 IN
2120 719 2266 781 ΝΑΤ..
2290 743 2698 783 CONFESSORUM
2736 744 2835 791 QUI
2876 743 3144 784 FUERUNT
3183 743 3527 783 PONTIFIGBS.

2021 841 2256 909 Adesto,
2280 842 2546 909 Domine,
2570 842 3099 915 supplicationibus
3120 843 3361 910 nostris,
3385 843 3603 916 quasin

1952 930 2139 986 sancti
2149 928 2236 985 ill.
2262 931 2613 988 confessoris
2624 932 2709 986 tui
2723 931 3273 988 commemoratione
3285 932 3604 989 deferimus

1954 1023 2018 1074 ut
2038 1019 2140 1090 qui
2163 1023 2373 1075 nostrae
2398 1020 2648 1091 justitiaa
2676 1019 2954 1076 fiduciam
2977 1036 3092 1075 non
3122 1020 3430 1088 habemus,
3453 1022 3602 1094 ejus,

1953 1107 2054 1179 qui
2084 1107 2193 1162 tibi
2225 1108 2466 1181 placuit,
2491 1108 2763 1181 precibus
2785 1109 3154 1181 adjuvemur.
3190 1113 3317 1165 Per.

2027 1195 2257 1251 Secreta.
2291 1197 2524 1253 Hostias
2556 1197 2683 1266 tibi,
2734 1198 3001 1262 Domine,
3047 1214 3151 1270 pro
3183 1214 3605 1255 commemora-

1954 1283 2110 1339 tione
2140 1285 2325 1340 sancti
2376 1284 2458 1340 ill.
2510 1285 2863 1342 confessoris
2895 1286 2976 1340 lui
3021 1286 3343 1356 offerimus,
3374 1304 3549 1360 quem
3576 1304 3611 1342 θ.

1954 1372 2041 1427 tui
2069 1373 2328 1445 corporis
2360 1373 2583 1430 unitate
2608 1372 2771 1429 nulla
2800 1374 3043 1429 tentatio
3064 1373 3370 1446 separavit.
3406 1379 3533 1430 Per.

2029 1461 2369 1517 Communia.
2404 1462 2476 1518 Ut
2507 1462 2698 1530 nobis,
2731 1461 2996 1530 Domine,
3031 1466 3134 1517 tua
3154 1462 3440 1519 sacriﬁcia
3468 1464 3609 1520 dent

1958 1554 2228 1619 salutem,
2262 1551 2468 1608 beatus
2497 1550 2580 1607 ill.
2613 1551 2923 1608 confessor
2941 1554 3081 1607 tuus
3103 1567 3446 1625 quaesumus
3477 1568 3605 1625 pre-

1959 1642 2118 1695 cator
2143 1640 2398 1696 accedat.
2432 1640 2556 1696 Per.

2458 1773 2514 1810 IN
2554 1771 2751 1810 NATALI
2789 1771 3102 1812 VIRGINUM.

1880 1884 1930 1949 Β
2031 1870 2206 1938 Deus,
2239 1869 2340 1942 qui
2364 1888 2470 1928 nos
2490 1870 2669 1926 beata:
2699 1869 2782 1925 ill.
2816 1870 3060 1943 virginis
3085 1871 3474 1944 martyrisque
3493 1874 3606 1927 tuae

1961 1975 2157 2015 annua
2170 1957 2539 2015 solemnitate
2551 1958 3089 2027 laetiﬁcas,concede
3102 1958 3390 2032 prapitius
3406 1961 3529 2032 utej
3538 1977 3607 2017 us

1959 2048 2307 2119 adjuvemur
2318 2047 2660 2121 meritis,ch
2673 2064 2741 2104 us
2756 2046 3041 2104 castitatis
3060 2047 3608 2106 irradiamurexem-

1960 2136 2093 2209 plis.
2128 2137 2254 2193 Per.

2031 2226 2261 2283 Secreta.
2297 2225 2627 2294 Oﬁ'erimus,
2661 2225 2927 2297 Domine,
2959 2241 3160 2299 preces
3186 2231 3245 2283 et
3277 2242 3520 2284 munera
3546 2228 3606 2284 in

1959 2312 2179 2369 honore
2200 2318 2412 2370 sanctae
2434 2313 2516 2369 ill.
2538 2314 2782 2387 virginis
2803 2315 3195 2388 martyrisque
3215 2319 3327 2371 tua:
3346 2316 3606 2388 gauden-

1957 2408 2063 2470 tes,
2105 2407 2305 2475 presta
2352 2419 2695 2475 quaesumus
2711 2407 2777 2458 ut
2804 2406 2862 2459 et
2877 2403 3285 2461 convenienter
3301 2403 3425 2459 haec
3438 2420 3607 2478 agere

1958 2496 2017 2547 et
2065 2491 2392 2548 remedium
2444 2491 2868 2564 sempiternum
2916 2490 3214 2548 valeamus
3281 2491 3602 2565 acquirere.

1960 2580 2082 2636 Per.

2032 2668 2369 2729 Communia.
2390 2670 2496 2741 Adj
2505 2673 2679 2726 uvent
2698 2686 2826 2736 nos,
2841 2686 3200 2742 quzesumus,
3213 2668 3607 2738 Domine,haac

1961 2758 2239 2831 mysteria
2272 2764 2475 2815 sancta
2502 2776 2630 2830 quis
2662 2758 3046 2830 sumpsimus,
3080 2763 3137 2814 et
3165 2742 3344 2814 beat'aa
3374 2757 3460 2813 ill.
3491 2759 3603 2814 vir-

1960 2845 2115 2920 ginis
2145 2849 2537 2920 martyrisque
2568 2852 2680 2904 tua;
2714 2847 3052 2904 intercessio
3094 2848 3442 2904 veneranda.
3475 2848 3601 2904 Per.

2159 2978 2367 3018 INCIPIT
2404 2979 2552 3018 ORDO
2590 2979 2662 3018 AD
2702 2979 3019 3019 MONACHUM
3060 2978 3407 3018 FACIENDUM.

2292 3052 2555 3123 Prajiciat
2578 3068 2636 3107 se
2661 3053 2901 3108 novitius
2930 3056 3055 3109 ante
3082 3052 3274 3108 altare.

2030 3167 2200 3222 Pater
2243 3173 2457 3223 noster.
2492 3167 2766 3223 Miserere
2798 3167 2932 3222 mei.
2981 3168 3314 3239 Capitulum.
3351 3166 3606 3223 Ostende

1873 3252 1914 3318 C
1955 3254 2142 3320 nobis,
2167 3256 2424 3310 Domine.
2455 3256 2592 3311 Esto
2623 3255 2695 3324 ei,
2729 3255 2994 3311 Domine.
3028 3256 3191 3312 Mitte
3222 3256 3298 3326 ei,
3337 3255 3603 3312 Domine.

1955 3344 2219 3412 Domine,
2253 3344 2481 3399 exaudi.

2029 3432 2235 3488 Oratio.
2268 3433 2442 3502 Deus,
2462 3431 2836 3504 indulgentiae
2859 3433 3051 3501 Pater,
3081 3434 3182 3506 qui
3215 3438 3270 3490 te
3299 3433 3604 3490 veritatem

1956 3524 2069 3576 tuas
2091 3520 2455 3577 discretionis
2472 3526 2805 3593 temperans
2819 3521 3136 3588 indulsisti,
3160 3539 3231 3577 ne
3244 3521 3403 3577 ﬁlius
3414 3527 3604 3595 porta-

1958 3614 2046 3665 ret
2077 3608 2453 3683 iniquitatem
2495 3610 2700 3683 patris,
2744 3613 2800 3665 et
2840 3610 2938 3682 qui
2980 3610 3131 3666 mira
3169 3611 3604 3683 dispensatione

1955 3697 2129 3754 etiam
2154 3697 2323 3754 malis
2353 3698 2499 3754 bene
2525 3702 2697 3754 utens
2723 3702 2835 3753 tuae
2858 3697 3212 3770 dignationis
3230 3698 3477 3772 gratiam
3502 3717 3605 3773 per

1955 3804 2054 3843 eos
2113 3786 2446 3858 frequenter
2501 3787 2780 3859 operaris,
2841 3802 3182 3859 quaesumus
3232 3786 3604 3844 clementiam

1954 3879 2141 3943 tuam,
2161 3880 2223 3931 ut
2244 3875 2381 3930 huic
2409 3873 2627 3931 famulo
2646 3878 2769 3941 tuo,
2794 3874 2875 3930 ill.
2911 3892 3026 3931 non
3050 3875 3300 3931 obsistat
3325 3877 3475 3951 quod
3500 3894 3603 3949 per

1954 3964 2222 4020 habitum
2256 3962 2555 4037 religionis
2580 3979 2683 4036 per
2721 3980 2826 4019 nos
2847 3968 3010 4020 tanta
3032 3980 3097 4020 ac
3117 3962 3218 4019 tali
3250 3981 3308 4020 re
3329 3964 3603 4038 indignos

1955 4054 2198 4127 accepit,
2227 4053 2327 4109 sed
2352 4052 2768 4121 ministerium,
2795 4053 2949 4124 quod
2974 4053 3225 4121 exterius
3250 4070 3351 4125 per
3369 4070 3475 4110 nos
3505 4071 3602 4110 ex-

1955 4142 2208 4211 hibetur,
2232 4141 2560 4198 tuinterius
2582 4158 2683 4214 per
2703 4142 2925 4197 donum
2946 4142 3127 4198 sancti
3152 4141 3417 4214 Spiritus.
3433 4159 3601 4200 exse-

1955 4231 2179 4303 quaris.
2209 4232 2335 4287 Per.

2025 4321 2151 4375 Alia
2206 4322 2408 4376 oratio.
2460 4323 2633 4386 Deus,
2683 4320 2781 4393 qui
2830 4336 2934 4393 per
2979 4324 3331 4376 coaeternum
3384 4319 3598 4376 Filium

1954 4412 2124 4463 tuum
2153 4412 2367 4464 cuncta
2398 4408 2631 4476 creasti,
2682 4408 2901 4480 quique
2945 4409 3233 4464 mundum
3261 4408 3318 4463 in
3347 4406 3600 4481 peccatis

1953 4496 2337 4553 inveteratum
2382 4513 2485 4569 per
2525 4497 2867 4569 mysterium
2919 4501 3135 4552 sanctis
3178 4497 3600 4554 Incarnationis

1953 4586 2080 4658 ejus
2113 4602 2386 4642 renovare
2432 4586 2709 4658 dignatus
2741 4602 2824 4653 es,
2855 4590 2912 4641 te
2943 4584 3237 4657 supplices
3268 4603 3597 4657 exoramus,

1954 4679 2019 4731 ut
2048 4675 2312 4747 ejusdem
2334 4674 2563 4731 Domini
2589 4675 2770 4729 nostri
2802 4674 2989 4747 gratia
3018 4690 3194 4745 super
3225 4674 3379 4729 hunc
3410 4674 3596 4730 famu-

1953 4762 2075 4820 lum
2105 4768 2299 4833 tuum,
2344 4763 2913 4818 abrenuntiationem
2961 4761 3154 4818 saeculi
3208 4762 3594 4834 proﬁtentem,

1953 4852 2268 4909 clementer
2309 4851 2596 4924 respicere
2643 4850 2923 4924 digneris,
2957 4866 3062 4924 per
3090 4866 3267 4923 quam
3295 4848 3357 4905 in
3384 4850 3597 4924 spiritu

1950 4959 2069 4997 sua:
2101 4941 2315 4998 mentis
2349 4945 2657 4997 renovatus
2686 4944 2935 4996 veterem
2968 4939 3292 5011 hominem,
3316 4955 3450 4997 cum
3474 4941 3598 4999 suis

1950 5031 2178 5088 actibus
2207 5038 2402 5096 exuat,
2433 5034 2490 5087 et
2519 5046 2733 5086 novum
2774 5028 3094 5095 hominem,
3138 5028 3239 5102 qui
3270 5031 3596 5088 secundum

1948 5121 2131 5176 Deum
2165 5124 2393 5176 creatus
2417 5125 2526 5190 est,
2560 5119 2802 5176 induere
2832 5124 3145 5174 mereatur.
3175 5118 3299 5175 Per.

2020 5210 2328 5265 Benedictio
2383 5211 2635 5265 miculla’.
2696 5208 2940 5264 Domine
2993 5208 3144 5264 Jesu
3195 5207 3443 5278 Christe,
3488 5209 3597 5282 “qui

1946 5304 2224 5373 tegumen
2272 5302 2481 5354 nostrae
2526 5297 2900 5355 mortalitatis
2931 5298 3172 5355 induere
3205 5298 3480 5372 dignatus
3510 5316 3593 5366 es,

1946 5387 2689 5457 obsecramusimmensam
2708 5392 2821 5444 tua:
2838 5386 3128 5461 largitatis
3149 5387 3591 5455 abundantiam,

1947 5516 2159 5572 scrib‘o.
2191 5516 2386 5587 Agunt
2414 5513 2488 5587 de
2515 5528 2587 5587 eo_
2614 5512 2801 5587 etiam
2832 5513 3371 5587 Camaldulensium
3401 5514 3592 5570 Anna-

1944 5587 2090 5643 lium
2123 5584 2440 5659 scriptores
2471 5584 2534 5657 (t.
2568 5585 2590 5642 Ι
2621 5589 2677 5642 et
2707 5586 2762 5642 in
2792 5586 2902 5642 hoc
2933 5586 3023 5656 ll).
