3978 6360
367 392 489 464 063

1552 389 1746 461 SEC.
1787 385 1866 459 XI
1911 383 2224 456 MONUM.
2271 387 2584 456 LITURG.

3659 373 3784 448 864

365 538 435 592 ut
457 531 570 593 hoc
599 545 787 608 genus
815 532 1170 602 vestimenti,
1199 531 1354 607 quod
1385 533 1572 591 sancti
1603 532 1799 589 Patres
1821 531 1893 587 ad
1927 529 2016 585 in-
2047 527 2102 596 Α
2133 529 2232 602 qui
2266 527 2372 586 tibi
2400 528 2556 585 vovit
2584 525 2798 584 servire
2829 539 2977 600 pura
3005 525 3200 580 mente
3230 519 3569 594 mundoque
3585 520 3784 587 corde,

367 627 650 683 nocentiae
698 624 786 681 vel
826 623 1177 681 humilitatis
1218 624 1502 680 indicium
1535 621 2016 680 abrenuntiantes

368 715 520 772 ferre
567 719 908 781 sanxerunt,
953 714 1035 769 ita
1084 713 1462 780 bene’rdioere
1504 711 1784 786 digneris,
1826 715 1891 766 ut
1920 709 2016 764 hic

368 804 629 860 famulus
655 808 817 871 tuus,
851 803 948 876 qui
983 802 1091 858 hoc
1131 819 1276 858 usus
1305 800 1501 868 fuerit,
1533 806 1588 856 te
1620 801 1862 856 induere
1896 815 2014 854 me-

368 906 586 959 reatur.
619 893 742 958 Per.

439 996 574 1050 Item
595 993 707 1047 alio
755 993 951 1047 oratio.
986 991 1160 1054 Deus,
1197 993 1548 1046 aeternorum
1587 989 1870 1044 bonorum
1903 986 2016 1040 vir-

367 1085 565 1138 tutum
599 1081 786 1146 dator,
819 1085 876 1135 et
904 1081 1167 1135 omnium
1199 1078 1672 1134 benedictionum
1705 1076 1903 1148 largus
1925 1074 2018 1130 in-

369 1169 553 1237 fusor,
586 1173 641 1226 te
689 1168 956 1224 subnixis
1005 1169 1275 1241 precibus
1318 1168 1720 1239 deprecamur,
1773 1169 1836 1219 ut
1867 1164 2017 1219 hanc

367 1263 589 1315 vestem
617 1258 994 1323 hene’rdicere
1024 1262 1082 1312 et
1123 1255 1524 1322 sanctifficare
1575 1255 1853 1326 digneris,
1901 1269 2020 1324 qua

369 1346 629 1404 famulus
650 1352 789 1403 tuus
810 1345 892 1401 ill.
908 1345 1374 1418 proindicatione
1394 1343 1751 1399 castimonia:
1776 1343 1870 1396 ind
1884 1358 2017 1396 uere

365 1435 513 1500 vult,
538 1439 604 1491 ut
624 1435 777 1492 inter
789 1435 1045 1508 reliquos
1062 1434 1329 1491 homines
1355 1434 1459 1489 tibi
1483 1437 1870 1505 cognoscatur
1889 1447 2016 1486 esse

371 1526 632 1581 devotus.
665 1523 771 1580 Per
797 1523 1116 1580 Christum.

448 1618 601 1670 Tunc
627 1620 793 1669 exuat
825 1617 952 1668 eum
977 1619 1116 1668 veste
1153 1613 1294 1666 laica
1343 1614 1424 1666 ita
1452 1610 1715 1665 dicendo:
1747 1610 1932 1664 Exuat
1960 1613 2017 1663 te

367 1702 654 1759 Dominus
685 1705 937 1757 veterem
969 1701 1269 1757 hominem
1301 1716 1436 1756 cum
1469 1699 1696 1755 actibus
1727 1699 1870 1753 suis.

441 1793 670 1848 Induens
699 1795 896 1847 vestem
923 1790 1301 1845 monachicam
1331 1789 1514 1844 dicat:
1560 1788 1769 1843 Induat
1816 1790 1872 1841 te
1905 1786 2016 1840 Do-

2126 625 2193 677 ut
2222 636 2358 676 eum
2392 619 2612 676 sociare
2644 616 2905 688 digneris
2936 615 3088 670 inter
3118 612 3219 669 illa
3247 616 3487 669 centum
3518 609 3780 683 quadra-

2124 711 2289 784 ginta
2318 713 2568 781 quatuor
2617 706 2804 763 millia
2845 705 3184 771 infantium,
3217 701 3318 774 qui
3366 701 3624 775 virgines
3657 715 3788 774 per-

2127 802 2491 863 manserunt,
2538 802 2595 852 et
2625 813 2689 852 se
2739 811 2872 850 cum
2912 792 3258 848 mulieribus
3291 807 3406 847 non
3435 789 3792 863 coinquina-

2126 892 2356 952 verunt,
2391 887 2450 942 in
2483 902 2735 958 quorum
2767 899 2865 938 ore
2908 881 3080 937 dolus
3109 880 3379 936 inventus
3412 879 3526 934 non
3557 883 3668 948 est,
3706 879 3789 934 ita

2126 982 2183 1033 et
2211 978 2368 1032 hunc
2417 974 2704 1032 famulum
2735 979 2904 1028 tuum
2938 971 3020 1026 ill.
3074 969 3253 1026 facias
3303 967 3648 1041 permanere
3681 984 3789 1041 per

2127 1065 2572 1122 immaculatum
2587 1063 2796 1120 Filium
2823 1067 2991 1117 tuum
3018 1060 3324 1116 Dominum
3349 1061 3783 1126 nostrum,cum

2127 1173 2242 1227 quo
2270 1155 2413 1210 vivis
2445 1159 2502 1210 et
2524 1169 2733 1225 regnas
2758 1152 2913 1207 Deus
2935 1167 3037 1223 per
3068 1149 3268 1205 omnia
3298 1147 3511 1205 saecula
3541 1147 3784 1204 saeculo-

2127 1262 2279 1300 rum.
2312 1246 2520 1299 Amen.

2565 1349 2633 1388 AD
2669 1347 2955 1388 CLERICUM
2996 1347 3335 1386 FACIBNDUM.

2199 1425 2405 1478 Oratio.
2457 1423 2728 1490 Oremus,
2773 1411 3140 1476 dilectissimi
3183 1419 3412 1482 fratres,
3459 1415 3776 1485 Dominum

2127 1516 2393 1567 nostrum
2440 1511 2643 1566 Jesum
2705 1508 3000 1565 Christum
3059 1523 3233 1578 super
3279 1508 3436 1562 hunc
3483 1505 3776 1562 famulum

2125 1605 2292 1656 tuum
2326 1601 2416 1664 N.,
2450 1600 2549 1672 qui
2598 1599 2669 1654 ad
2721 1598 3129 1670 deponendam
3177 1613 3406 1652 comam
3440 1595 3650 1666 capitis
3680 1594 3775 1650 sui

2128 1707 2230 1762 pro
2261 1707 2456 1745 amore
2495 1687 2710 1744 Christi
2763 1687 3017 1751 festinat,
3054 1692 3118 1741 ut
3170 1687 3346 1741 donet
3391 1685 3440 1741 ei
3489 1683 3780 1756 Spiritum

2126 1782 2418 1844 sanctum,
2470 1778 2570 1848 qui
2602 1776 2870 1832 habitum
2904 1774 3203 1845 religi-onis
3236 1775 3297 1829 in
3329 1791 3463 1830 eum
3497 1777 3781 1845 perpetuo

368 1883 568 1939 minus
599 1894 811 1936 novum
837 1878 1155 1945 hominem,
1181 1878 1279 1950 qui
1304 1878 1630 1934 secundum
1658 1880 1838 1930 Deum
1862 1891 2018 1929 crea.
2049 1900 2094 1964 Β
2127 1867 2435 1933 custodiat,
2471 1871 2528 1921 et
2576 1883 2610 1921 a
2656 1865 2860 1920 mundi
2908 1864 3326 1936 impedimento
3360 1862 3450 1918 vel
3511 1861 3781 1918 saeculari

367 1975 467 2027 tus
487 1973 577 2026 est
605 1970 665 2025 in
688 1968 921 2040 justitia
949 1972 1008 2024 et
1035 1968 1344 2023 sanctitate
1367 1966 1647 2022 veritatis.

439 2059 747 2116 Benedictio
774 2059 1096 2114 vestimenti.
1128 2062 1301 2121 Deus,
1336 2054 1439 2128 qui
1465 2054 1885 2110 vestimentum
1920 2068 2014 2106 sa-

369 2149 556 2206 lutare
585 2153 644 2204 et
674 2147 1087 2202 indumentum
1112 2150 1339 2200 aeterna;
1363 2141 1758 2214 jucunditatis
1788 2141 1906 2195 tuis
1951 2140 2016 2193 ﬁ-

368 2237 597 2295 delibus
618 2234 958 2309 promisisti,
987 2234 1359 2290 clementiam
1381 2236 1543 2286 tuam
1569 2230 1910 2302 suppliciter
1929 2244 2020 2284 ex-

365 2341 626 2392 oramus,
657 2327 723 2379 ut
770 2323 894 2379 haec
924 2323 1272 2378 indumenta
1305 2320 1702 2376 humilitatem
1735 2317 1931 2374 cordis
1963 2321 2020 2372 et

369 2419 770 2486 contemptum
795 2411 1000 2468 mundi
1022 2409 1434 2483 significantia,
1453 2409 1668 2480 quibus
1690 2406 2018 2462 famulotuo

365 2504 452 2561 ill.
485 2502 794 2560 visibiliter
821 2505 912 2557 est
941 2501 999 2556 in
1051 2500 1357 2556 formando
1400 2498 1717 2572 proposito,
1753 2497 2022 2569 propitus

366 2593 739 2659 beneidicas,
773 2594 827 2646 et
879 2591 1057 2645 beatae
1090 2589 1378 2645 castitatis
1424 2587 1715 2653 habitum,
1761 2602 1936 2658 quem
1966 2589 2021 2641 te

368 2682 694 2756 inspirante
725 2679 1004 2751 suscepit,
1035 2683 1092 2734 te
1123 2679 1458 2750 protegente
1490 2676 1802 2733 custodiat.
1840 2674 1963 2730 Per.

616 2787 689 2826 AD
729 2784 1072 2825 INDUENDUI
1121 2783 1339 2822 VESTEM
1379 2781 1766 2822 MONACHICAMo

443 2858 652 2930 Accipe
680 2862 901 2914 vestem
934 2857 1083 2912 hanc
1108 2860 1373 2912 sanctam
1396 2858 1573 2926 atque
1594 2851 2018 2918 monachicam,

371 2963 553 3022 quam
588 2950 721 3003 ante
738 2943 993 3001 tribunal
1019 2945 1250 3001 Domini
1273 2943 1455 3000 nostri
1487 2947 1625 2998 Jesu
1660 2941 1876 2997 Christi
1896 2941 2022 2996 sine

376 3034 608 3094 macula
657 3033 932 3107 perferas,
983 3050 1087 3106 per
1132 3033 1405 3088 virtutem
1448 3035 1506 3088 et
1557 3030 2020 3086 misericordiam

376 3124 671 3196 ejusdem,
706 3121 806 3194 qui
833 3139 965 3178 cum
1009 3126 1225 3178 aeterno
1274 3121 1440 3177 Patre
1482 3124 1540 3176 et
1571 3119 1787 3192 Spiritu
1821 3122 2022 3175 sancto

371 3212 515 3270 viVit
572 3215 628 3268 et
679 3215 885 3284 regnat
931 3228 1030 3283 per
1097 3210 1328 3266 infinita
1388 3208 1598 3265 saecula
1651 3207 2017 3265 saaculorum.

373 3304 578 3360 Amen.

443 3390 784 3446 Dominator
829 3388 1093 3458 Domine,
1133 3393 1288 3444 Deus
1345 3386 1620 3444 salutaris
1667 3387 1885 3452 noster,
1919 3402 2017 3440 cu-

372 3479 521 3538 stodi
553 3479 709 3535 hunc
740 3477 1027 3535 famulum
1059 3482 1250 3547 tuum,
1277 3476 1360 3532 ill.
1392 3477 1502 3533 sub
1533 3476 1640 3532 hoc
1660 3477 1806 3547 jugo
1832 3491 2021 3546 usque

371 3569 431 3624 in
463 3569 660 3635 ﬁnem,
695 3572 750 3625 et
772 3568 1016 3640 dignum
1038 3584 1173 3623 eum
1206 3567 1295 3622 fac
1327 3582 1461 3622 cum
1493 3564 1586 3620 his
1617 3563 1717 3637 qui
1739 3563 1841 3618 tibi
1875 3563 2022 3618 bene

371 3656 734 3731 placuerunt,
777 3658 955 3713 indue
1003 3673 1138 3712 eum
1189 3653 1673 3711 sanctificationis
1721 3651 1893 3717 stola,
1928 3668 2020 3706 ac-

371 3745 540 3820 cinge
568 3746 803 3803 lumbos
832 3748 960 3817 ejus
983 3745 1317 3814 sobrietate,
1342 3743 1584 3799 ostende
1607 3741 1772 3796 illum
1803 3743 2023 3795 creato-

371 3853 495 3892 rem
527 3836 584 3891 in
615 3834 776 3891 omni
825 3835 1204 3901 abstinentia,
1249 3833 1460 3905 perfice
1514 3829 1684 3885 illum
1737 3830 1796 3884 in
1857 3827 2027 3884 donis

371 3923 571 3997 gratias
601 3922 944 3994 spiritualis,
978 3924 1050 3977 ad
1083 3921 1328 3993 gloriam
1365 3919 1635 3992 potentiae
1667 3923 1778 3972 tum
1824 3916 2027 3972 lauda-

373 4011 532 4076 bilis,
566 4011 706 4082 quia
731 4015 794 4065 tu
824 4026 885 4065 es
918 4011 1070 4064 Deus
1103 4013 1320 4076 noster,
1349 4007 1449 4080 qui
1486 4007 1807 4062 visomnes
1839 4004 2027 4059 homi-

381 4116 488 4156 nes
519 4097 711 4155 salvos
740 4098 885 4153 ﬁeri.
919 4097 1027 4162 Qui
1058 4097 1216 4152 vivit.

447 4188 651 4246 Oratio.
701 4187 780 4242 Te
840 4186 1203 4252 invocamus,
1276 4185 1519 4240 Domine
1576 4187 1795 4251 sancte,
1859 4187 2032 4238 Pater

374 4277 768 4348 omnipotens,
803 4279 1014 4331 aeterne
1044 4275 1217 4339 Deus,
1254 4291 1430 4346 super
1451 4273 1606 4328 hunc
1633 4271 1920 4328 famulum
1945 4271 2027 4326 ill.

448 4419 561 4487 (27)
587 4417 866 4474 lnordine
887 4418 959 4473 ad
979 4417 1328 4472 initiandum
1356 4414 1710 4487 monachum
1735 4413 1910 4469 ritum
1937 4415 2033 4470 ha-

377 4486 586 4546 bemus
615 4489 692 4549 ad,
717 4490 941 4546 barbam
993 4488 1340 4544 tondendum.
1402 4486 1612 4542 Priscis
1667 4487 2031 4558 temporibus

374 4560 500 4641 vi_ri_
517 4560 826 4641 saeculares
848 4561 1092 4641 barbam
1117 4559 1468 4641 praelongam
1493 4559 1808 4641 portabant
1837 4564 1895 4641 et
1924 4576 2031 4641 n‘u-

2124 1955 2411 2012 desiderio
2431 1957 2562 2026 ejus
2585 1955 2760 2010 corda
2787 1953 3102 2020 custodiat,
3127 1958 3185 2009 et
3201 1953 3353 2008 sicut
3382 1955 3650 2008 mutatus
3671 1950 3785 2007 erit

2125 2045 2183 2100 in
2218 2043 2400 2108 vultu,
2432 2044 2511 2099 ita
2525 2061 2734 2099 manus
2763 2044 3008 2098 dexterae
3037 2046 3150 2098 tuae
3173 2042 3230 2097 in
3263 2058 3397 2098 eum
3422 2040 3636 2096 virtute
3658 2057 3786 2113 per-

2127 2132 2392 2188 fectionis
2424 2131 2560 2188 boni
2609 2133 2802 2202 operis
2833 2131 3053 2187 tribuat
3081 2131 3141 2186 in
3174 2133 3392 2194 actum,
3425 2134 3482 2186 et
3511 2130 3582 2185 ab
3615 2129 3781 2185 omni

2129 2221 2382 2278 caecitate
2415 2220 2662 2292 spiritali
2708 2220 2908 2277 oculos
2939 2219 3182 2293 aperiat,
3227 2234 3294 2276 ac
3323 2218 3522 2274 lumen
3554 2219 3782 2275 aeterni-

2127 2310 2266 2366 tatis
2296 2310 2498 2381 gratiae
2530 2311 2828 2366 concedat.
2865 2310 2990 2365 Per.

2200 2401 2337 2454 Dum
2367 2399 2546 2455 tondis
2576 2416 2700 2454 eum
2722 2399 2858 2454 dicis
2878 2400 3260 2470 antiphonam.
3292 2401 3376 2454 'I‘u
3396 2397 3478 2466 es,
3509 2399 3776 2465 Domine,

2129 2488 2228 2561 qui
2262 2488 2537 2544 restitues
2581 2487 2977 2544 haereditatem
3029 2504 3217 2543 meam
3271 2487 3436 2542 mihi.
3492 2486 3780 2544 Dominus

2129 2587 2266 2649 pars
2287 2577 2684 2632 haereditatem
2717 2593 2907 2631 meam
2936 2578 3076 2646 (sic).
3112 2575 3307 2632 Gloria
3335 2576 3511 2631 Patri.

2200 2667 2328 2722 Item
2357 2667 2472 2720 alia
2519 2665 2844 2737 antiphona.
2880 2665 2996 2720 Hac
3055 2669 3146 2720 est
3175 2665 3469 2736 generatio
3512 2680 3778 2736 quaren-

2128 2754 2278 2810 tium
2308 2753 2644 2822 Dominum,
2678 2753 3064 2825 quaerentium
3089 2753 3295 2811 faciem
3327 2754 3425 2810 Dei
3451 2754 3652 2812 Jacob.
3678 2753 3781 2811 Hic

2130 2844 2366 2916 accipet-
2381 2843 2845 2900 benedictionem
2877 2861 2911 2898 a
2941 2843 3206 2900 Domino.
3725 2861 3728 2864 ί

2198 2945 2497 3014 Postquam
2560 2947 2873 2998 tonsura-tus
2955 2947 3048 2998 est.
3132 2943 3335 2998 Oratio.
3397 2941 3782 3013 Omnipotens

2131 3032 2482 3104 sempiterne
2511 3032 2683 3098 Deus,
2725 3031 3039 3104 propitiare
3068 3031 3320 3104 peccatis
3357 3023 3572 3088 nostris
3619 3035 3678 3087 et
3708 3031 3784 3087 ab

2131 3121 2291 3176 omni
2338 3121 2614 3177 servitute
2654 3119 2918 3176 saeculari
2967 3120 3235 3175 habitum
3279 3125 3456 3193 super
3485 3119 3643 3176 hunc
3696 3119 3784 3175 fa-

2135 3209 2362 3265 mulum
2414 3215 2584 3265 tuum
2635 3210 2725 3276 N.,
2761 3209 2904 3265 dum
2954 3209 3338 3282 ignominiam
3385 3207 3641 3281 deponit,
3678 3213 3786 3265 tua

2053 3269 2095 3336 C
2134 3315 2366 3371 semper
2394 3299 2452 3354 in
2477 3313 2611 3354 eum
2637 3269 3216 3372 perfrueturvgratia,
3241 3303 3298 3354 et
3327 3269 3480 3355 sicut
3508 3269 3786 3354 similitu-

2129 3387 2327 3443 dinem
2359 3404 2586 3444 coronae
2607 3392 2720 3442 tuae
2751 3392 3022 3444 ornatum
3054 3391 3282 3460 gestare
3314 3387 3556 3443 fecimus
3589 3387 3647 3442 in
3678 3393 3785 3442 ca-

2130 3475 2271 3548 pite,
2301 3475 2385 3532 sic
2416 3480 2519 3532 tua
2548 3477 2762 3531 virtute
2801 3480 2860 3532 et
2908 3475 3308 3532 haereditatem
3343 3474 3625 3547 subsequi
3655 3481 3784 3531 me-

2131 3568 2328 3620 reatur
2355 3565 2414 3620 in
2443 3566 2634 3620 corde.
2670 3566 2794 3620 Per.

2205 3655 2340 3708 Alia
2359 3655 2562 3709 Oratio.
2581 3658 3190 3726 Praesta,quwsumus,
3215 3653 3584 3724 omnipotens
3609 3653 3784 3720 Deus,

2134 3746 2200 3796 ut
2260 3742 2546 3798 famulum
2591 3747 2760 3798 tuum
2803 3743 2894 3810 N.,
2929 3755 3102 3815 quem
3137 3742 3305 3798 hodie
3351 3741 3525 3813 capiti
3555 3758 3792 3798 comam

2137 3848 2305 3886 suam
2338 3848 2442 3902 pro
2468 3831 2661 3887 divino
2694 3848 2922 3888 armore
2951 3831 3356 3904 deposuimus,
3393 3835 3456 3885 ut
3483 3832 3540 3885 in
3565 3833 3670 3886 tua
3699 3829 3790 3885 di-

2134 3918 2382 3976 lectione
2429 3926 2712 3992 perpetua
2743 3926 2996 3986 maneat,
3049 3926 3107 3977 et
3138 3937 3275 3976 eum
3308 3921 3435 3976 sine
3466 3919 3700 3976 macula
3728 3920 3796 3975 in

2143 4007 2501 4080 sempiterno
2532 4009 2847 4066 custodias.
2881 4013 3006 4066 Per.

2513 4099 2628 4168 (27)
2668 4115 2740 4154 AD
2782 4115 3016 4154 BARBAM
3053 4108 3417 4153 TONDENDAM.

2211 4185 2386 4251 Deus,
2421 4187 2592 4256 cujus
2625 4185 2847 4258 Spiritu
2897 4191 3166 4242 creatura
3193 4186 3387 4242 omnis
3428 4185 3628 4242 adulta
3656 4203 3803 4242 con-

2139 4274 2377 4346 gaudet,
2402 4273 2609 4330 exaudi
2635 4291 2832 4346 preces
2856 4278 3086 4331 nostras
3119 4291 3297 4348 super
3317 4274 3476 4330 hunc
3502 4275 3798 4331 famulum

2141 4421 2367 4473 cantur.
2420 4417 2639 4472 Morem
2689 4417 2868 4473 istum
2919 4418 3112 4474 barbae
3158 4419 3425 4474 radenda:
3468 4418 3680 4474 saeculo
3740 4437 3799 4475 x1

2142 4489 2296 4560 apud
2349 4489 2660 4544 nonnullas
2708 4489 2997 4545 Ecclesiae
3046 4489 3237 4545 locum
3289 4489 3657 4557 obtinuisse;
3692 4491 3796 4545 sed

2145 4577 2289 4633 non_
2320 4577 2489 4633 teque
2535 4563 2606 4616 ab
2675 4561 2950 4617 omnibus
3015 4561 3196 4618 fuisse
3244 4566 3537 4633 receptum
3587 4561 3801 4633 probat

376 4632 936 4716 triebant,lera‘tque
971 4629 1217 4716 proinde
1250 4629 1510 4716 'sig‘bum—
1545 4629 1819 4716 vanitatis
1850 4631 2033 4685 barba
2063 4645 2109 4708 D
2142 4629 2437 4716 quoddam
2487 4638 2937 4716 monumentum
2969 4629 3476 4716 genuinum'apud
3511 4629 3802 4716 Ifapebro-

375 4704 598 4777 prolixa
628 4709 686 4761 et
715 4701 1263 4777 oblo‘ngaiMonachi
1287 4701 1357 4777 ad
1390 4702 1778 4777 respuendum
1797 4718 2031 4777 omnem

378 4773 571 4832 saeculi
604 4773 921 4832 vanitatem
945 4775 1237 4831 tironibus
1259 4775 1384 4830 suis
1415 4773 1656 4830 barbam
1692 4773 2031 4827 tondebant.

378 4847 522 4919 Vide
551 4864 678 4919 qua
707 4848 783 4919 de
809 4846 918 4903 hoc
953 4863 1114 4903 more
1140 4847 1337 4902 dicant
1363 4843 1696 4919 Annalium
1727 4843 2036 4899 Camaldu-

375 4915 640 4992 lensiu'in,
669 4918 988 4992 scriptores
1031 4919 1094 4992 (t.
1125 4919 1191 4992 _I,
1245 4936 1301 4992 p.
1351 4917 1508 4992 380)_._
1553 4915 1647 4992 Sic
1679 4919 1873 4969 tamen
1909 4931 2034 4992 mo-

380 4988 552 5061 nachi
583 4985 875 5044 imberbes
907 4985 1264 5061 apparebant
1295 4993 1360 5044 ut
1389 4985 1552 5043 nulla
1582 4987 1639 5061 in
1669 5001 1875 5061 eorum
1910 4985 2034 5039 vul-

377 5059 541 5132 tibus
572 5063 871 5132 notaretur
920 5056 1213 5127 mollities,
1248 5077 1375 5132 qua!
1405 5057 1763 5132 sanenimia
1797 5056 2029 5124 fuisset,

381 5131 432 5188 si
473 5130 812 5188 novaculam
861 5129 1286 5188 adhibuissent:
1348 5129 1688 5201 Forcipibus
1727 5132 2038 5201 propterea

381 5148 432 5188 si
473 5144 812 5188 novaculam
861 5144 1286 5188 adhibuissent.
1348 5144 1688 5201 r'orcipinus
1727 5144 2035 5254 propterea

380 5202 625 5284 barbam
655 5204 1326 5284 tondebantuAddimus
1359 5206 1630 5284 sanctum
1661 5202 1726 5253 ΑΙ
1775 5198 2035 5281 crtinum

381 5274 634 5349 priorem
663 5275 1189 5349 Fontiszvcllanze.
1226 5275 1283 5349 in
1316 5272 1736 5349 antiquissima
1786 5271 1951 5324 icone
1977 5270 2033 5324 in

381 5344 511 5427 ejus
558 5347 906 5427 monasterii
946 5348 1165 5419 templo
1215 5346 1544 5427 depictum;
1585 5344 1769 5422 barba
1812 5359 2034 5427 carere.

377 5411 876 5491 Kntiquapariter
894 5411 1088 5491 imago
1120 5411 1308 5473 sancti
1331 5415 1482 5491 Petri
1505 5412 1794 5491 Damiani,
1812 5411 2042 5491 labente

383 5483 597 5546 saeculo
627 5483 749 5553 iui,
793 5483 1088 5546 coloribus
1120 5503 1393 5556 expressa
1426 5487 1482 5541 in
1531 5483 1730 5542 tabula
1762 5483 2043 5556 principis

389 5579 501 5616 arae
531 5561 728 5616 Sancti
749 5559 1152 5631 Exsuperantii
1179 5554 1427 5631 Cinguli,
1463 5558 1558 5631 ubi
1595 5554 1862 5631 monachi
1887 5554 2046 5631 Avel—

380 5641 652 5694 lanenses
681 5633 784 5686 diu
816 5628 1106 5696 vixerunt,
1141 5628 1430 5684 hirsutam
1463 5635 1518 5684 et
1544 5630 1776 5682 brevem
1802 5628 2042 5682 barbam

383 5702 634 5779 exhibet,
678 5701 935 5758 similem
981 5701 1119 5769 illis,
1153 5717 1279 5772 qua
1312 5717 1464 5778 saepe
1509 5699 1772 5756 forcibus
1806 5699 2045 5758 detrun-

2144 4701 2344 4757 chium
2377 4703 2628 4786 in_Actis
2674 4701 3271 4786 sanqtorurﬁhqui‘in
3302 4701 3539 4786 Eiegesi
3569 4701 3803 4786 episco-

2145 4789 2357 4899 Borum
2408 4773 2926 4857 Mediolanensium
2977 4773 3572 4857 exhibet_imaginem
3603 4773 3800 4831 Ἠθικί-

2188 4848 2293 4899 ertl
2342 4845 2608 4899 praesulis
2665 4847 3133 4899 Mediolanensis.
3182 4862 3337 4899 circa
3381 4863 3602 4899 annum
3633 4847 3800 4899 4046.

2188 4845 2293 4899 erti
2342 4845 2608 4915 praesulis
2665 4846 3133 4910 Mediolauensis,
3182 4847 3337 4902 circa
3381 4845 3602 4902 annum
3633 4847 3800 4915 4046,

2145 4915 2456 4990 barbatum
2489 4919 2890 4990 przeferentem
2921 4917 3263 4990 episcopum
3285 4917 3460 4990 pallio
3500 4921 3801 4974 ornatum.

2145 4987 2358 5064 Probat
2369 4987 2543 5064 etiam
2557 4987 2644 5064 vir
2666 4989 2761 5044 ille
2783 4987 3162 5064 doctissimus
3176 4987 3470 5045 Romanos
3494 4990 3806 5064 pontiﬁces

2147 5058 2324 5129 hujus
2373 5059 2694 5132 disciplinae
2740 5061 3008 5132 radenda:
3042 5061 3232 5117 barbae
3266 5079 3381 5117 non
3416 5058 3603 5132 usque
3656 5061 3806 5132 adeo

2145 5131 2607 5210 tenacesfuisse
2645 5131 2757 5210 qui
2809 5149 2911 5210 pro
2953 5132 3194 5210 arbitrio
3244 5131 3631 5210 recedendum
3686 5131 3806 5210 sibi

2149 5202 2220 5274 ab
2256 5200 2355 5256 illa
2385 5200 2691 5258 ducerentf
2737 5200 3022 5258 In_altero
3072 5204 3250 5274 huius
3282 5203 3414 5259 libri
3459 5207 3804 5274 tegumento

2148 5273 2355 5353 eboreo
2387 5274 2650 5353 sculptus
2682 5274 3037 5353 conspicitur
3065 5273 3305 5353 sanctus
3350 5273 3710 5353 Theodorus,
3747 5280 3809 5353 ct

2151 5344 2389 5415 quidem
2445 5344 2720 5401 barbatus
2749 5364 2763 5411 ς
2820 5344 3059 5402 sanctus
3089 5347 3451 5413 Theodorus,
3483 5365 3552 5402 ex
3585 5346 3806 5403 Graecis

2150 5421 2295 5488 erat,
2331 5417 2436 5488 qui
2490 5423 2690 5473 contra
2734 5418 3073 5474 Latinorum
3122 5435 3344 5473 morem
3399 5419 3640 5474 barbam
3685 5436 3804 5473 non

2151 5487 2487 5560 tondebant.
2540 5489 2988 5560 Thomassinius
3020 5489 3144 5559 (lib.
3180 5507 3240 5554 ιι,
3275 5507 3323 5546 c.
3360 5489 3447 5559 4-1,
3499 5507 3558 5545 n.
3595 5490 3643 5560 1)
3675 5489 3805 5544 ani-

2153 5558 2463 5638 madvertit
2484 5560 2593 5615 hoc
2624 5561 2759 5638 ipso
2783 5559 2993 5638 sesculo
3015 5558 3070 5615 XI
3105 5558 3809 5638 conciliumBituriCense

2153 5630 2424 5685 habitum
2457 5647 2609 5686 anno
2633 5630 2764 5686 1031
2788 5633 3085 5688 statuisse.
3111 5649 3332 5688 canone
3361 5635 3414 5700 7,
3439 5637 3503 5688 ut
3522 5641 3809 5688 tonsuram

2155 5703 2578 5758 ecclesiasticum
2619 5703 2852 5760 habeant
2881 5705 3134 5773 (clerici),
3170 5705 3267 5760 hoc
3318 5709 3395 5760 est
3440 5703 3665 5760 barba-in
3709 5720 3809 5759 ra-
