3978 6364
400 397 517 459 867

397 534 612 587 Sancta
639 528 884 602 Agatha,
917 544 999 584 or.

397 622 610 676 Sancta
634 620 846 691 Agnes,
879 634 963 673 or.

397 712 608 763 Sancta
636 705 880 776 Caecilia,
914 723 997 761 or.

399 797 613 853 Sancta
641 795 836 863 Lucia,
870 812 954 851 or.

396 886 611 941 Sancta
635 884 890 952 Justina,
926 900 1010 938 or.

396 975 611 1030 Sancta
637 972 969 1039 Anastasia,
1001 989 1087 1029 or.

395 1063 610 1119 Sancta
637 1062 869 1130 Savina,
894 1079 980 1118 or.

394 1154 612 1208 Sancta
641 1149 944 1219 Columba,
980 1167 1065 1206 or.

395 1241 615 1297 Sancta
644 1240 920 1306 Barbara,
951 1256 1035 1295 or.

396 1329 614 1385 Omnes
638 1327 847 1394 sancti,
882 1344 967 1383 or.

394 1416 687 1491 Propitius
718 1421 864 1482 esto,
893 1432 1084 1489 parce.

391 1507 482 1562 Ab
509 1504 671 1561 omni
704 1504 876 1572 malo,
909 1504 1112 1561 libera.

390 1595 476 1650 Ad
507 1593 739 1650 insidiis
769 1592 1006 1661 diaboli,
1035 1592 1135 1651 lib.

389 1686 436 1739 A
465 1682 725 1756 periculo
754 1682 983 1747 mortis,
1019 1681 1118 1736 lib.

389 1774 437 1828 A
462 1770 863 1844 persecutione
894 1770 1137 1837 inimici,
1171 1769 1273 1826 lib.

388 1863 438 1916 A
466 1859 717 1933 peccatis
741 1859 964 1927 multis,
997 1857 1097 1913 lib.

390 1949 479 2004 Ab
508 1948 668 2005 omni
698 1947 1036 2014 tentatione,
1061 1947 1162 2003 lib.

391 2038 480 2092 Ab
504 2038 663 2094 omni
694 2037 1022 2108 iniquitate,
1065 2036 1164 2093 lib.

390 2126 477 2180 Ab
507 2125 665 2181 omni
697 2125 1094 2193 immunditia,
1129 2124 1233 2181 lib.

389 2216 438 2270 A
468 2213 773 2270 subitanea
802 2218 1009 2283 morte,
1043 2214 1145 2270 lib.

389 2304 438 2357 A
466 2302 732 2374 gehenna
764 2302 935 2376 ignis,
959 2301 1061 2358 lib.

392 2391 719 2447 Misericors
749 2392 921 2458 Dens,
953 2396 1009 2447 te
1037 2408 1331 2464 rogamus.

389 2479 741 2552 Redemptor
759 2481 987 2547 mundi,
1020 2486 1075 2537 te
1105 2497 1225 2553 rog.

388 2568 742 2637 Peccatores,
775 2573 830 2624 te
864 2585 986 2642 rog.

387 2656 462 2711 Ut
490 2674 691 2729 pacem
716 2657 886 2713 nobis
918 2658 1120 2724 dones,
1156 2660 1209 2713 te
1240 2674 1359 2731 rog.

388 2744 696 2800 Utveniam
713 2744 1055 2800 delictorum
1079 2751 1412 2801 nostrorum
1436 2747 1604 2802 nobis
1617 2748 1819 2813 dones,
1838 2752 1893 2803 te
1910 2763 2033 2819 rog.

387 2832 461 2888 Ut
487 2834 714 2888 veniam
748 2834 1097 2904 pmnitentia:
1128 2834 1297 2889 nobis
1329 2834 1531 2905 dones,
1564 2841 1619 2890 te
1651 2853 1770 2909 rog.

385 2920 460 2976 Ut
488 2920 994 2991 compunctionem
1028 2920 1219 2976 cordis
1250 2923 1418 2977 nobis
1450 2924 1648 2989 dones,
1680 2930 1737 2980 te
1766 2942 1886 2997 rog.

385 3012 461 3064 Ut
486 3008 704 3063 fontem
731 3006 1123 3080 lacrymarum
1155 3010 1325 3066 nobis
1354 3012 1558 3082 dones,
1588 3017 1643 3068 te
1673 3029 1790 3084 rog.

387 3095 460 3152 Ut
489 3094 704 3151 mentis
734 3096 1122 3152 constantiam
1147 3098 1315 3153 nobis
1341 3099 1542 3166 dones,
1576 3104 1632 3156 te
1659 3118 1779 3171 rog.

383 3184 458 3239 Ut
486 3182 892 3240 remissionem
924 3191 1291 3256 peccatorum
1323 3188 1493 3245 nobis
1523 3190 1725 3257 dones,
1757 3194 1813 3245 te
1835 3206 1955 3263 rog.

1589 392 1775 460 SIEC.
1820 395 1898 458 XI
1944 392 2259 458 MONUM.
2304 394 2619 457 LITURG.

2078 530 2133 597 Α
2162 528 2302 584 tiam
2336 526 2553 583 famulo
2586 531 2705 594 tuo,
2749 531 2803 582 et
2856 525 3209 582 medicinam
3257 524 3449 582 tribue
3491 524 3821 592 vulnerato,

3698 392 3825 455 868

2163 622 2228 673 ut
2255 615 2491 672 exclusa
2519 614 2919 672 dominatione
2948 615 3192 688 peccati,
3231 614 3433 671 liberis
3463 613 3570 670 tibi
3604 614 3825 670 menti-

2159 706 2271 761 bus
2297 704 2632 760 famuletur.
2660 704 2786 760 Per.

2228 794 2353 849 Alia
2383 795 2577 849 oratio.
2615 793 2831 849 Praesta
2854 792 3119 862 Domine,
3155 808 3517 864 quaesumus,
3557 790 3700 848 huic
3732 792 3821 847 fa-

2160 881 2321 937 mulo
2350 886 2450 938 tuo
2473 881 2554 936 ill.
2589 882 2775 954 dignae
2822 881 3173 953 pmnitentize
3206 882 3481 947 fructum,
3521 885 3588 935 ut
3618 880 3824 937 Eccle-

2159 970 2257 1026 size
2286 975 2399 1026 tuae
2431 974 2663 1040 sanctae,
2699 987 2732 1025 a
2761 970 2930 1041 cujus
2980 970 3315 1043 integritate
3357 969 3652 1041 peccando
3697 968 3822 1025 dis-

2158 1060 2357 1125 cessit,
2416 1060 2488 1115 ad
2546 1060 2675 1130 ejus
2715 1057 3060 1131 mysterium
3110 1058 3340 1115 veniam
3405 1058 3823 1130 consequendo

2158 1149 2439 1204 reddatur
2468 1148 2770 1203 innocens.
2808 1146 2932 1203 Per.

2370 1252 2577 1293 INCIPIT
2607 1253 3017 1292 POENITENTIUM
3051 1252 3196 1293 VERA
3225 1252 3597 1303 CREDULITAS.

2229 1326 2428 1382 Credis
2457 1325 2517 1381 in
2547 1325 2731 1381 Deum
2755 1325 2986 1381 Patrem
3020 1325 3480 1398 omnipotentem
3512 1329 3569 1381 et
3596 1323 3815 1381 Filium

2158 1419 2217 1471 et
2246 1414 2531 1488 Spiritum
2563 1414 2876 1470 sanctum?
2909 1416 2969 1483 ii.
3001 1414 3208 1471 Credo.

2226 1504 2425 1559 Credis
2448 1504 2599 1575 quod
2627 1503 2750 1558 ista;
2787 1510 2903 1559 tres
2929 1503 3510 1575 personae,quomodo
3528 1502 3812 1571 diximus,

2156 1593 2322 1648 Pater
2352 1596 2410 1647 et
2437 1590 2619 1647 Filius
2649 1596 2708 1647 et
2736 1591 2990 1663 Spiritus
3012 1596 3251 1649 sanctus
3276 1595 3396 1648 tres
3418 1592 3557 1660 sint,
3581 1596 3640 1647 et
3656 1608 3813 1648 unus

2153 1680 2353 1736 Deus?
2385 1682 2444 1749 ιὲ.
2478 1680 2678 1735 Credo.
3440 1694 3450 1704 ·

2222 1770 2421 1826 Credis
2469 1769 2622 1841 quod
2676 1768 2788 1824 ista
2817 1785 2993 1825 carne
3026 1769 3084 1824 in
3118 1786 3235 1841 qua
3284 1785 3439 1825 nunc
3472 1773 3564 1825 est
3593 1769 3654 1824 in
3682 1768 3818 1842 ipsa

2151 1858 2394 1916 habebis
2425 1862 2810 1930 resurgere,et
2838 1856 3092 1930 recipere
3132 1858 3251 1914 sive
3280 1858 3453 1925 bona,
3485 1856 3604 1915 sive
3634 1857 3816 1926 mala,

2153 1965 2280 2021 qua:
2311 1946 2524 2019 egisti?
2557 1949 2614 2015 πῖ.
2644 1947 2841 2001 Credo.

2221 2036 2324 2092 Vis
2354 2036 2645 2091 dimittere
2670 2034 2791 2091 illis
2822 2034 2918 2106 qui
2951 2035 3010 2089 in
3039 2039 3095 2090 te
3136 2039 3545 2107 peccaverunt,
3579 2034 3816 2092 dicente

2151 2125 2444 2181 Domino:
2497 2124 2554 2179 Si
2615 2141 2730 2179 non
2787 2123 3131 2179 remiseritis
3187 2123 3529 2181 hominibus
3570 2127 3815 2196 peccata

2148 2220 2342 2270 vestra
2361 2214 2388 2268 ?
2416 2216 2452 2283 Ii,
2485 2214 2750 2269 Dimitto.

2221 2304 2280 2358 Si
2312 2304 2383 2358 de
2414 2301 2822 2358 criminalibus
2855 2302 3107 2374 peccatis
3140 2302 3414 2374 peccasti,
3445 2301 3555 2357 hoc
3583 2306 3675 2358 est
3704 2319 3805 2357 su—

2148 2392 2372 2463 perbia,
2405 2390 2802 2463 sacrilegium,
2836 2390 3243 2461 homicidium,
3275 2390 3651 2459 adulterium,
3684 2391 3809 2448 fur-

2146 2486 2294 2549 tum,
2329 2480 2553 2553 rapina,
2586 2479 2675 2535 vcl
2703 2480 2817 2535 alia
2847 2496 2973 2552 qua:
3013 2477 3388 2535 dinumerare
3417 2478 3661 2552 longum
3691 2483 3805 2546 est,

2147 2574 2387 2625 sanctus
2417 2586 2552 2642 ergo
2586 2568 2804 2624 Paulus
2834 2573 2890 2624 et
2912 2568 3277 2641 Augustinus
3294 2572 3351 2623 et
3371 2567 3469 2623 alii
3492 2568 3682 2623 sancti
3709 2569 3811 2625 Pa-

2145 2663 2264 2715 tres
2294 2661 2777 2730 computaverunt
2806 2657 2930 2712 ﬁeri
2970 2674 3074 2729 pro
3122 2656 3216 2713 bis
3248 2657 3441 2730 largas
3481 2655 3805 2730 eleemosy-

2145 2765 2274 2812 nas,
2307 2754 2362 2802 et
2389 2747 2559 2820 longo
2593 2752 2852 2818 tempore
2874 2745 3192 2818 jejunium.
3222 2745 3424 2802 Clerici
3449 2763 3477 2801 ν
3509 2746 3805 2814 ann.;dia-

2144 2837 2272 2892 coni
2324 2853 2430 2902 vn;
2465 2835 2785 2907 presbyteri
2817 2853 2850 2889 χ
2884 2853 2897 2903 ;
2932 2834 3202 2890 monachi
3247 2850 3359 2903 vn;
3393 2834 3654 2907 episcopi
3697 2852 3797 2891 xu.

2142 2926 2196 2981 Si
2230 2926 2287 2979 in
2321 2925 2741 2980 consuetudine
2774 2924 2965 2991 fuerit,
3001 2924 3251 2979 addatur
3279 2924 3640 2996 pmnitentia.

2213 3016 2354 3069 Tunc
2403 3018 2654 3069 cantetur
2700 3028 2931 3068 oremus.
2995 3012 3377 3084 Omnipotens
3433 3012 3794 3085 sempiterne

2144 3104 2421 3176 l)eus,qui
2454 3102 2779 3158 secundum
2811 3118 3087 3174 magnam
3122 3101 3582 3157 misericordiam
3621 3105 3791 3157 tuam

2138 3198 2373 3265 peccata
2400 3192 2808 3264 pcenitentium
2841 3176 3083 3257 delcs,et
3105 3190 3162 3245 in
3189 3194 3246 3246 te
3296 3190 3674 3262 sparantibus
3696 3206 3791 3245 ce-

383 3272 456 3328 Ut
484 3273 556 3328 ad
580 3273 756 3329 vitam
779 3277 1051 3330 aeternam
1069 3292 1176 3331 nos
1190 3277 1793 3350 perduceredigneris,
1815 3285 1869 3335 te
1901 3295 2023 3353 rog.
2056 3263 2099 3328 (ἶ
2137 3263 2245 3337 leri
2274 3263 2488 3353 pietate
2518 3280 2835 3348 succurris,
2870 3279 3087 3335 famulo
3139 3284 3239 3335 tuo
3271 3278 3381 3347 ill.,
3423 3295 3789 3349 quaesumus,

381 3360 455 3416 Ut
484 3377 592 3417 nos
621 3361 893 3418 exaudire
923 3363 1203 3436 digneris,
1237 3369 1293 3421 te
1315 3383 1439 3440 rog.

381 3448 487 3505 Fili
518 3449 634 3518 Dei,
666 3453 723 3506 te
745 3467 1021 3523 rogamus
1050 3453 1186 3508 audi
1218 3471 1326 3511 nos
1345 3456 1493 3525 (bis).

374 3539 577 3611 Agnus
608 3539 729 3607 Dei,
764 3539 865 3611 qui
896 3541 1052 3597 tollis
1082 3548 1320 3615 peccata
1350 3544 1577 3609 mundi,
1618 3562 1810 3618 parce.

372 3629 573 3701 Agnus
602 3627 721 3689 Dei.
754 3629 854 3701 qui
881 3629 1039 3686 tollis
1066 3636 1303 3703 peccata
1332 3633 1558 3702 mundi,
1593 3636 1823 3691 exaudi.

374 3718 575 3791 Agnus
605 3717 725 3785 Dei,
760 3718 861 3790 qui
894 3718 1056 3775 tollis
1085 3724 1326 3791 peccata
1354 3723 1585 3792 mundi,
1617 3723 1917 3780 miserere.

374 3806 602 3863 Christe
632 3808 771 3864 audi
804 3825 911 3863 nos
934 3809 1086 3883 (bis).

373 3895 547 3967 Kyrie
578 3894 793 3951 eleison
826 3897 971 3965 (ter).
1006 3896 1174 3953 Pater
1203 3903 1418 3955 noster.

448 3983 626 4054 Capit.
660 3983 778 4054 Ego
836 3983 973 4052 dixi,
1028 3984 1292 4054 Domine,
1343 4004 1506 4044 sana.
1562 3990 1708 4059 Fiat,
1760 3991 2023 4057 Domine,

375 4070 772 4127 misericordia
800 4068 919 4127 tua".
967 4074 1493 4139 Quemadmodum.
1536 4078 1801 4146 Domine,
1835 4084 2027 4136 averte

374 4159 580 4216 faciem
639 4165 823 4216 tuam.
859 4161 926 4216 Et
967 4164 1161 4219 omnis
1218 4164 1518 4237 iniquitas.
1570 4167 1849 4223 Converte
1897 4185 2023 4237 nos,

372 4248 529 4305 Deus
548 4247 841 4305 salutaris.
873 4251 940 4305 Et
970 4254 1158 4308 averte
1180 4252 1348 4309 iram.
1382 4254 1645 4323 Domine,
1679 4257 2027 4314 exaudiora-

370 4337 615 4393 tionem.
651 4337 717 4392 Et
747 4336 968 4394 clamor
986 4343 1457 4416 meus.Exsurge,
1492 4343 1757 4413 Domine,
1790 4346 2019 4419 adjuva.

372 4426 443 4481 Et
465 4423 649 4482 libera
679 4443 806 4482 nos.
845 4429 1127 4486 Dominus
1154 4431 1479 4488 vobiscum.
1515 4433 1583 4488 Et
1617 4450 1752 4490 cum
1811 4435 2021 4508 spiritu

370 4518 492 4570 tuo.

2140 3369 2546 3426 remissionem
2578 3369 2843 3425 omnium
2892 3372 3284 3441 peccatorum,
3318 3368 3530 3439 tribue,
3571 3370 3630 3424 et
3656 3371 3794 3423 vota

2137 3457 2402 3530 placatus
2452 3473 2708 3522 assume,
2762 3472 2971 3511 renova
3017 3456 3074 3509 in
3131 3472 3217 3522 eo,
3279 3453 3543 3526 piissime
3601 3454 3790 3523 Pater,

2138 3545 2423 3619 quidquid
2457 3550 2687 3601 terrena
2738 3544 3052 3620 fragilitate
3098 3547 3439 3616 corruptum
3482 3547 3592 3608 est,
3624 3543 3796 3615 quid-

2138 3636 2278 3708 quid
2306 3633 2593 3690 diabolica
2623 3632 2989 3689 immissione
3018 3632 3319 3698 violatum,
3344 3632 3644 3698 miserere,
3677 3631 3792 3687 Do-

2138 3726 2315 3795 mine,
2349 3725 2679 3797 gemituum
2711 3723 2859 3795 ejus,
2895 3721 3170 3777 miserere
3202 3720 3618 3794 lacrymarum,
3642 3719 3792 3776 utde

2138 3831 2383 3870 maerore
2408 3814 2464 3867 in
2485 3812 2768 3886 gaudium
2792 3828 2895 3884 per
2915 3814 3076 3867 tuam
3103 3810 3565 3867 miscricordiam
3595 3814 3790 3866 trans-

2136 3905 2374 3959 feratur.
2414 3903 2534 3958 Per.

2207 3993 2444 4048 Secreta.
2473 3992 2628 4048 Deus
2659 3990 3052 4063 omnipotens,
3089 3993 3238 4044 Deus
3270 3987 3791 4056 miscricors,Deus

2136 4081 2413 4147 clemens,
2445 4080 2545 4152 qui
2600 4078 3027 4152 indulgentiam
3058 4083 3220 4133 tuam
3261 4076 3424 4132 nulla
3450 4078 3787 4148 temporum

2134 4170 2261 4243 lege
2283 4168 2603 4231 concludis.
2638 4168 2871 4245 suscipe
2900 4184 3100 4240 preces
3132 4171 3190 4223 et
3218 4166 3463 4234 hostias,
3497 4182 3646 4237 quas
3678 4164 3787 4220 tibi

2134 4275 2237 4330 pro
2269 4257 2633 4331 indulgentia
2663 4255 2866 4311 famuli
2897 4255 2978 4311 tui
3018 4255 3448 4322 ill.deferimus,
3483 4258 3547 4309 ut
3574 4259 3633 4310 et
3652 4270 3784 4325 pec-

2133 4352 2394 4404 catorum
2427 4348 2477 4404 ei
2521 4345 2749 4402 veniam
2799 4344 3129 4400 misericors
3169 4343 3459 4417 largiaris,
3506 4346 3565 4398 et
3591 4342 3786 4398 cordis

2131 4438 2259 4509 ejus
2290 4442 2444 4493 recta
2474 4435 2763 4491 desideria
2794 4433 3034 4506 implere
3065 4432 3343 4507 digneris.
3378 4432 3504 4487 Per.

2201 4526 2655 4582 Postcommunio.
2688 4524 2862 4592 Deus,
2913 4522 3012 4594 qui
3062 4521 3475 4578 misericordia
3521 4524 3635 4576 tua:
3694 4536 3787 4592 pe-

442 4604 647 4697 Oratio.
675 4605 919 4697 Diraudi,
956 4606 1216 4697 Domine,
1250 4625 1452 4681 preces
1499 4615 1749 4682 nostras,
1774 4618 1832 4669 et
1876 4631 2018 4670 con-
2050 4633 2097 4697 D
2132 4615 2274 4671 tenti
2304 4613 2518 4669 auxilio
2550 4618 2605 4669 et
2634 4628 2915 4685 prospera
2957 4611 3189 4677 tribuis,
3228 4615 3284 4665 et
3313 4610 3557 4665 adversa
3587 4608 3783 4681 depel-

366 4692 611 4748 vertenti
642 4693 751 4748 tibi
808 4694 1030 4750 famulo
1075 4699 1174 4750 tuo
1224 4713 1394 4768 parce
1443 4700 1718 4771 peccatis,
1752 4705 1816 4757 ut
1841 4717 2016 4774 quem

368 4781 737 4837 conscientiae
769 4800 889 4838 suae
934 4788 1130 4840 reatus
1180 4789 1435 4855 accusat,
1487 4787 1858 4863 indulgentia
1903 4794 2017 4845 tuae

369 4869 764 4926 miserationis
792 4871 1073 4928 absolvat.
1110 4874 1233 4930 Per.

439 4957 563 5012 Alia
596 4960 791 5014 oratio.
836 4960 990 5015 Deus
1039 4962 1139 5033 qui
1184 4964 1444 5019 omnium
1478 4966 1881 5022 confitentium
1914 4959 2019 5022 tibi

370 5045 546 5100 corda
576 5046 872 5117 purificas,
905 5055 961 5104 et
990 5057 1360 5108 accusantem
1392 5069 1560 5107 suam
1601 5054 2018 5110 conscientiam

368 5133 441 5190 ab
472 5133 628 5189 omni
660 5134 891 5194 vinculo
918 5138 1246 5211 iniquitatis
1299 5140 1571 5207 absolvis,
1604 5141 1677 5198 da
1708 5142 2016 5216 indulgen-

438 5313 551 5439 S_29)
589 5315 930 5396 Apostolicae
979 5319 1311 5401 traditionis
1360 5322 1449 5375 est
1500 5316 1854 5374 sacriﬁcium
1913 5336 2016 5391 pro

365 5384 438 5440 de
468 5390 659 5440 unctis
689 5388 894 5440 offerre
952 5390 1148 5440 (ΒΟΝΑ-
1207 5391 1310 5440 Ιώ.
1373 5407 1430 5440 ιι.
1491 5405 1542 5440 c.
1598 5391 1685 5440 15.
1746 5407 1805 5440 n.
1865 5390 1919 5440 4i
1961 5398 2016 5440 et

365 5388 659 5442 defunctis
689 5388 894 5444 offerre
952 5390 1148 5461 (BONA.
1207 5391 1310 5445 lib.
1373 5407 1430 5455 ιι,
1491 5405 1542 5444 c.
1598 5391 1685 5455 15,
1746 5407 1805 5443 n.
1865 5388 1931 5457 4)‘
1961 5398 2019 5448 et

364 5456 511 5513 Aetii
565 5473 726 5533 error
776 5461 894 5533 fuit
960 5478 1170 5533 negare
1224 5459 1586 5533 sacrificium
1654 5460 2015 5533 offerendum

366 5545 496 5607 esse
527 5545 628 5607 pr_o
649 5600 658 5607 _
678 5530 842 5607 ipsis,
878 5537 957 5607 ut
989 5530 1192 5607 scribit
1222 5530 1882 5607 Epiphanius__(Haares.__
1902 5535 2011 5607 75).

369 5600 539 5684 Ptitus
569 5600 786 5684 deinde
812 5601 1057 5657 invaluit
1097 5600 1343 5684 sacrum
1369 5600 2017 5684 faciendiprodefunc-

366 5672 446 5735 tis
496 5686 611 5729 non
668 5675 899 5730 tantum
954 5688 1157 5730 eorum
1213 5672 1307 5731 die
1362 5672 1668 5731 emortuali
1727 5678 1784 5733 et
1826 5676 2015 5755 sepul-

2128 4704 2223 4768 lis,
2257 4702 2530 4758 universa
2557 4701 2880 4771 obstacula,
2905 4717 3032 4773 quae
3064 4699 3282 4755 famulo
3314 4704 3413 4754 tuo
3454 4697 3539 4753 ill.
3573 4698 3786 4755 adver-

2130 4794 2354 4858 santur,
2387 4806 2665 4863 expurga,
2699 4795 2757 4846 et
2787 4788 3027 4845 remotis
3077 4786 3502 4845 tentationibus
3545 4786 3787 4842 univer-

2131 4881 2215 4937 sis
2256 4880 2667 4936 indefessatibi
2692 4879 3013 4953 gratiarum
3039 4878 3261 4934 actione
3292 4876 3532 4933 laudare
3558 4892 3784 4932 merea-

2130 4976 2245 5024 tur.
2279 4968 2403 5024 Per.

2450 5058 2561 5128 (29)
2603 5073 2767 5112 mssa
2807 5074 2863 5112 IN
2917 5074 3009 5112 DIE
3050 5069 3455 5111 DEPOSITIONIS.

2200 5147 2375 5213 Deus,
2406 5146 2497 5202 cui
2534 5146 2835 5219 proprium
2868 5150 2957 5202 est
2999 5144 3265 5201 misereri
3296 5158 3530 5215 semper
3556 5144 3615 5197 ct
3640 5157 3782 5213 par-

2124 5327 2289 5402 turae,
2322 5338 2525 5402 verum
2557 5322 2875 5402 etiamhdie
2908 5321 3223 5402 tricesima,
3275 5320 3549 5402 septima,
3580 5320 3778 5402 tertia,

2125 5399 2182 5449 et
2211 5393 2610 5448 anniversaria
2654 5394 2849 5449 obitus
2895 5398 3257 5450 eorumdem.
3290 5390 3395 5448 Hic
3442 5408 3558 5446 non
3600 5390 3779 5446 habe-

2127 5481 2258 5519 mus
2283 5463 2395 5518 nisi
2428 5464 2640 5519 missas
2684 5467 2744 5519 in
2771 5465 2860 5519 die
2914 5465 3290 5537 depositionis,
3324 5466 3382 5537 in
3414 5462 3693 5537 tricesima
3723 5468 3781 5517 et

2122 5538 2181 5592 in
2221 5537 2613 5608 (mnivcrsaria
2650 5552 2785 5591 cum
2845 5533 3096 5608 propriis
3144 5533 3603 5608 praelationibus,
3655 5536 3775 5608 tam

2126 5608 2221 5690 die
2264 5606 2672 5690 depositionis,
2711 5604 2886 5690 quam
2935 5604 3350 5690 anniversaria.
3399 5604 3781 5690 ⁵ἓξυιίιῑοιξῇιμε

2122 5674 2363 5757 (Ληιίᾳ.’
2403 5677 2567 5737 medii
2637 5674 2744 5738 aevi
2814 5690 2854 5737 ι.
2938 5683 3029 5749 IV,
3106 5680 3315 5739 disser.
3396 5678 3490 5752 55)
3568 5674 3774 5737 multis
