3978 6360
135 395 275 459 869·

1322 400 2049 469 SACRAMENTARIUM
2095 404 2379 472 verus.

3431 407 3553 470 870
3573 428 3587 447 τ

138 547 292 598 cere,
314 535 370 587 te
384 531 682 605 supplices
706 531 1091 607 deprecamur
1121 552 1224 608 pro
1257 537 1453 592 anima
1485 538 1685 593 famuli
1711 538 1795 592 tui
1825 542 1879 606 Α
1913 556 2220 613 corporum
2254 544 2569 613 reparator,
2606 539 2705 612 qui
2737 542 2793 596 te
2824 556 2858 595 a
2886 537 3290 612 peccatoribus
3328 544 3548 599 exorari

136 618 225 674 ill.
249 635 432 692 quam
462 619 636 677 hodie
666 622 738 678 de
765 622 876 679 hoc
906 623 1116 681 szsculo
1149 626 1401 700 migrare
1443 626 1698 698 jussisti,
1732 630 1797 683 ut

139 725 260 765 non
281 709 484 767 tradas
506 727 634 767 eam
654 710 715 768 in
737 729 950 769 manus
980 713 1222 783 inimici,
1250 718 1307 771 et
1328 731 1399 771 ne
1431 715 1795 773 obliviscaris

136 797 199 853 in
228 796 435 868 ﬁnem,
451 801 552 857 sed
566 801 781 872 jubeas
798 819 927 858 eam
952 820 985 857 a
1003 803 1222 860 sanctis
1245 803 1468 878 angelis
1490 805 1712 879 suscipi
1739 810 1798 862 et

138 888 213 943 ad
244 888 501 960 patriam
531 890 789 963 paradisi
821 892 1082 964 perduci,
1116 897 1183 948 ut
1212 893 1312 966 qui
1344 894 1404 948 in
1434 898 1489 950 te
1522 895 1793 968 speravit,

137 980 196 1032 et
221 977 489 1046 credidit,
514 996 628 1034 non
653 997 854 1052 pmnas
876 980 1086 1038 inferni
1111 981 1416 1054 sustineat,
1449 984 1552 1039 sed
1584 983 1798 1056 gaudia

137 1070 362 1122 aeterna
388 1067 710 1140 possideat.
745 1070 870 1124 Per.

211 1154 449 1211 Secreta.
482 1156 822 1230 Propitiare,
857 1175 1221 1231 quaesumus,
1263 1158 1527 1226 Domine,
1586 1160 1795 1215 animae

139 1243 546 1302 famulituiill.
568 1263 672 1319 pro
695 1264 814 1320 qua
832 1246 938 1302 tibi
969 1247 1226 1304 hostiam
1256 1247 1659 1316 immolemus,
1677 1266 1797 1305 ma-

132 1334 415 1405 jestatem
442 1338 605 1391 tuam
635 1335 983 1409 suppliciter
1009 1337 1409 1410 deprecantes,
1444 1342 1511 1393 ut
1537 1355 1640 1411 per
1677 1338 1797 1395 haec

140 1422 250 1495 piae
281 1422 631 1496 placationis
661 1425 855 1481 ofﬁcia
884 1426 1185 1498 pervenire
1227 1430 1522 1483 mereatur
1576 1428 1648 1483 ad
1706 1444 1795 1483 re-

141 1511 343 1584 quiem
368 1513 808 1586 sempiternam.
837 1514 961 1570 Per.
1510 1574 1517 1581 ,

211 1603 504 1674 Praefatio.
529 1603 760 1659 [Eterne
791 1603 968 1671 Deus,
997 1603 1097 1677 qui
1129 1604 1489 1678 benignitate
1545 1605 1799 1679 gratuita

140 1690 551 1761 peccatoribus
597 1691 853 1765 largiens
890 1692 1143 1760 veniam,
1180 1695 1515 1766 praeparasti
1549 1695 1795 1749 mortuis

140 1778 345 1845 vitam,
384 1795 457 1835 ne
489 1779 715 1836 diutius
742 1773 964 1837 teneret
996 1783 1053 1837 in
1086 1799 1258 1854 poena
1287 1800 1434 1854 quos
1467 1783 1795 1839 misericor-

141 1866 573 1924 dialiberasset
600 1868 1047 1972 eatculpa.."l‘ib.i
1095 1886 1253 1972 ergo,
1280 1870 1537 1972 Domine,
1573 1869 1794 1943 suppli-
1826 1908 1873 1972 Β

143 1973 239 2013 ces
260 1974 463 2030 preces
481 1958 979 2025 etfundimus,tibi
1006 1957 1208 2014 famuli
1228 1958 1314 2014 tui
1340 1957 1422 2013 ill.
1443 1959 1702 2015 animam
1736 1965 1792 2016 et

143 2045 420 2118 spiritum
451 2047 957 2114 commendamus,
989 2051 1056 2102 ut
1084 2051 1351 2120 receptus
1381 2048 1531 2103 inter
1559 2049 1796 2122 agmina

142 2139 504 2203 sanctorum,
519 2134 648 2191 loca
666 2136 889 2192 nesciat
916 2136 1256 2193 inferorum.
1277 2137 1431 2192 Nihil
1453 2137 1536 2192 illi
1567 2145 1791 2207 noceat,

142 2224 410 2292 Domine,
425 2225 713 2298 quidquid
737 2224 1064 2281 attrahente
1085 2225 1280 2281 carnis
1307 2226 1620 2299 fragilitate
1637 2244 1793 2282 com-

147 2312 330 2384 misit,
363 2318 466 2369 aut
495 2314 650 2387 quod
682 2314 953 2370 humanae
984 2313 1327 2386 cupiditatis
1371 2316 1794 2372 consuetudine

145 2407 526 2476 pergravatus
566 2408 721 2472 actu,
747 2403 921 2459 verbo
967 2402 1055 2459 vel
1109 2404 1458 2476 cogitatione
1515 2405 1790 2477 peccavit,

146 2493 247 2549 sed
287 2508 534 2548 securus
591 2492 835 2564 vestigia
883 2490 1199 2548 Salvatoris
1256 2492 1513 2565 patiatur
1566 2493 1795 2549 inﬁnita

146 2580 458 2638 dulcedine
508 2585 565 2637 et
619 2581 926 2653 praesentia
978 2580 1258 2638 veritatis.
1313 2581 1793 2654 Redemptionem

148 2686 381 2742 quoque
402 2670 662 2742 corporis
687 2670 777 2725 sui
801 2670 1194 2725 commonitus
1224 2670 1568 2726 ﬁducialiter
1596 2687 1794 2744 exspe-

148 2758 629 2832 ctare,quidquid
647 2759 852 2815 habuit
872 2758 1036 2831 prius
1057 2759 1115 2814 in
1152 2759 1285 2827 ﬁde,
1310 2764 1703 2831 consequatur
1734 2762 1792 2817 in

151 2864 412 2904 munere.
445 2848 553 2903 Per
579 2846 894 2904 Christum.

216 2938 674 2992 Postcommunio.
722 2936 957 3002 Praesta,
1005 2951 1366 3006 quaesumus,
1418 2936 1681 3006 Domine,
1730 2942 1795 2994 ut

151 3026 349 3082 anima
368 3023 576 3081 famuli
597 3024 681 3080 tui
704 3024 811 3091 ill.,
835 3041 965 3097 quae
993 3024 1167 3080 hodie
1197 3025 1269 3079 de
1299 3024 1409 3081 hoc
1442 3025 1652 3081 saeculo
1684 3026 1793 3082 mi-

150 3115 358 3189 gravit,
390 3114 486 3171 his
533 3114 837 3170 sacriﬁciis
879 3114 1203 3186 puriﬁcata,
1235 3118 1293 3169 et
1320 3131 1354 3169 a
1382 3115 1637 3186 peccatis
1669 3133 1793 3172 om-

148 3205 326 3260 nibus
380 3203 667 3276 expedita,
692 3202 1116 3276 indulgentiam
1151 3203 1370 3274 pariter
1398 3208 1453 3260 et
1479 3204 1662 3261 vitam
1695 3223 1792 3263 ca-

148 3294 271 3367 piat
300 3292 747 3366 sempiternam.
781 3292 908 3348 Per.

216 3381 423 3439 Deinde
469 3389 751 3454 sequatur.
784 3381 954 3454 Kyrie
1009 3379 1248 3437 eleison.
1282 3380 1509 3438 Christe
1553 3381 1794 3440 eleison.

151 3471 342 3544 Kyrie,
365 3474 474 3527 etc.
511 3470 794 3526 Dominus
825 3470 1152 3526 vobiscum.

222 3560 428 3617 Oratio.
489 3558 642 3627 Tibi,
697 3558 956 3626 Domine,
1009 3560 1492 3616 commendamus
1537 3560 1794 3618 animam

152 3646 358 3705 famuli
390 3647 478 3703 tui
518 3646 602 3703 ill.
636 3652 701 3702 ut
730 3648 1041 3703 defunctus
1073 3665 1107 3703 a
1136 3647 1347 3704 saeculo
1379 3647 1480 3704 tibi
1528 3649 1706 3718 vivat,
1739 3655 1797 3706 et

148 3737 197 3794 si
220 3753 339 3809 qua
357 3734 733 3810 fragilitatem
753 3754 849 3791 mu
860 3737 1062 3791 ndanm
1085 3737 1544 3793 conversationis
1561 3742 1797 3810 peccata

145 3825 407 3893 admisit,
440 3830 505 3881 tu
562 3825 734 3881 venia
781 3824 1345 3881 misericordissimis
1374 3825 1609 3898 pietatis
1661 3828 1794 3884 abs-

144 3919 324 3988 terge.
358 3915 486 3970 Per.

217 4004 347 4059 Alia
403 4004 597 4059 oratio.
660 4003 792 4071 Fac,
851 4018 1212 4075 quaesumus,
1298 4003 1562 4072 Domine,
1646 4004 1795 4061 hanc

147 4110 283 4149 cum
310 4109 476 4149 servo
504 4096 606 4149 tuo
638 4092 719 4147 ill.
754 4092 1213 4149 misericordiam
1244 4097 1311 4148 ut
1342 4094 1625 4149 factorum
1659 4112 1794 4151 suo-

146 4199 281 4238 rum
312 4182 372 4238 in
394 4181 581 4255 poenis
603 4198 718 4238 non
750 4181 991 4254 recipiat
1011 4181 1217 4251 vicem,
1239 4182 1339 4253 qui
1361 4185 1524 4239 tuam
1556 4183 1615 4238 in
1645 4184 1794 4241 votis

143 4271 336 4328 tenuit
384 4270 768 4338 voluntatem,
803 4274 867 4326 ut
895 4270 1048 4326 sicut
1075 4287 1211 4327 eum
1241 4287 1378 4328 vera
1426 4272 1571 4328 fides
1594 4273 1796 4345 junxit

146 4359 410 4417 ﬁdelium
439 4358 675 4427 turmis,
700 4360 780 4416 ita
835 4377 970 4416 eum
1004 4359 1122 4416 illic
1151 4363 1255 4416 tua
1285 4360 1584 4417 miseratio
1614 4361 1796 4418 societ

145 4448 431 4523 angelicis
461 4449 674 4505 choris.
700 4449 825 4505 Per.

215 4539 343 4594 Alia
371 4539 567 4595 oratio.
587 4537 713 4593 Non
731 4536 990 4593 intresin
1011 4537 1305 4609 judicium
1338 4555 1468 4595 cum
1486 4555 1650 4595 servo
1668 4543 1789 4611 tuo,

145 4626 417 4696 Domine,
458 4626 737 4700 quoniam
791 4625 991 4683 nullus
1046 4627 1202 4700 apud
1262 4631 1318 4683 te
1366 4628 1792 4699 justiﬁcabitur
1822 4644 1868 4709 Ι)

145 4715 347 4783 homo,
381 4715 496 4771 nisi
528 4732 632 4788 per
658 4719 716 4772 te
757 4714 1021 4771 omnium
1081 4720 1448 4788 peccatorum
1502 4716 1796 4774 tribuatur

143 4804 585 4881 remissio.Non
615 4820 772 4877 ergo,
803 4820 937 4860 eum
968 4808 1091 4870 tua,
1123 4806 1794 4877 quaesumus,judicialis

143 4891 441 4949 sententia
486 4899 732 4965 premat,
771 4910 947 4965 quem
978 4891 1083 4949 tibi
1113 4908 1250 4948 vera
1280 4892 1628 4966 supplicatio
1659 4896 1793 4952 ﬁdei

146 4981 496 5039 Christianae
532 4983 926 5050 commendat,
952 4983 1050 5038 sed
1092 4982 1280 5055 gratia
1308 4987 1407 5038 tua
1436 4982 1521 5037 illi
1555 5001 1793 5040 succur-

146 5075 313 5126 rente
328 5074 624 5126 mereatur
638 5072 877 5127 evadere
894 5070 1189 5141 judicium
1218 5070 1478 5139 ultionis,
1512 5073 1634 5143 qui,
1650 5074 1792 5129 dum

145 5159 460 5229 adviveret,
494 5160 813 5234 insignitus
843 5165 933 5216 est
973 5158 1277 5233 signaculo
1335 5165 1551 5216 sanctae
1603 5162 1793 5218 Trini-

144 5249 310 5305 tatis.
342 5247 468 5304 Per.
560 5250 571 5259 ‘

214 5339 350 5393 Item
381 5338 499 5394 alia
517 5339 713 5395 oratio.
747 5338 925 5404 Deus,
953 5337 1082 5394 vitae
1113 5338 1284 5394 dator
1315 5340 1371 5393 et
1398 5337 1794 5397 humanorum

145 5479 359 5552 probat
378 5480 658 5554 exemplis
671 5481 1072 5554 antiquitatem
1096 5480 1243 5554 ritus
1264 5480 1793 5554 anniversariorum

147 5551 563 5626 emortualium
588 5551 829 5609 dierum—
849 5570 951 5626 pro
968 5552 1276 5626 defunctis.
1301 5552 1677 5626 Desidieratur
1700 5553 1795 5610 hic

146 5622 334 5695 missa
361 5640 467 5695 pro
496 5622 1050 5681 commemoratione
1082 5622 1343 5679 ﬁdelium
1386 5624 1794 5681 defunctorum

146 5692 244 5756 die
267 5692 531 5755 secunda
557 5695 922 5767 Novembris,
947 5711 1073 5771 quae
1095 5695 1206 5755 fuit
1234 5694 1508 5759 instituta
1535 5714 1569 5759 a
1590 5700 1794 5759 sancto

1902 627 2160 697 voluisti,
2186 629 2395 685 exaudi
2417 646 2639 702 preces,
2662 645 2812 701 quas
2844 627 3082 702 speciali
3113 629 3418 688 devotione
3448 649 3551 705 pro

1905 714 2103 770 anima
2118 715 2321 771 famuli
2345 716 2427 772 tui
2449 716 2529 772 ill.
2548 716 2653 772 tibi
2667 716 3122 791 lacrymabiliter
3138 718 3463 789 fundimus,
3490 724 3556 775 ut

1903 803 2151 861 liberare
2166 822 2296 861 eam
2319 806 2390 861 ab
2413 806 2776 862 infernorum
2801 805 3175 875 cruciatibus,
3192 811 3250 863 et
3270 807 3554 865 collocare

1906 892 2057 949 inter
2087 893 2325 955 agmina
2382 899 2722 951 sanctorum
2782 899 3019 950 tuorum
3078 895 3363 968 digneris,
3395 900 3555 954 veste

1905 997 2141 1053 quoque
2171 980 2409 1049 ccelesti,
2444 986 2501 1038 et
2543 982 2754 1039 stolam
2788 982 3244 1041 immortalitatis
3276 984 3463 1053 indui,
3496 989 3554 1042 et

1904 1069 2161 1141 paradisi
2194 1071 2527 1128 amcenitate
2558 1071 2869 1129 confoveri.
2903 1072 3026 1128 Per.

1974 1159 2102 1213 Alia
2154 1161 2353 1215 oratio.
2387 1165 2559 1228 Deus,
2607 1161 2708 1233 qui
2767 1161 3161 1217 humanarum
3221 1161 3552 1220 animarum

1905 1250 2158 1304 aeternus
2215 1252 2443 1305 amator
2471 1266 2554 1318 es,
2589 1250 2849 1305 animam
2896 1250 3103 1306 famuli
3133 1250 3218 1307 tui
3256 1251 3341 1307 ill.
3373 1268 3552 1324 quam

1903 1352 2059 1403 vera,
2094 1336 2236 1392 dum
2293 1338 2353 1393 in
2411 1354 2654 1410 corpore
2700 1343 2983 1404 maneret,
3025 1338 3214 1395 tenuit
3268 1340 3553 1411 ﬁdes;ab

1905 1422 2065 1480 omni
2090 1424 2353 1482 cruciatu
2377 1426 2699 1483 iuferorum
2724 1427 2899 1483 redde
2921 1433 3230 1498 extorrem,
3260 1432 3327 1485 ut
3356 1446 3550 1502 segre-

1905 1516 2099 1581 gatam
2120 1514 2190 1570 ab
2218 1514 2603 1571 infernalibus
2627 1514 2924 1582 claustris,
2958 1519 3295 1572 sanctorum
3328 1534 3548 1574 merea-

1905 1605 2003 1657 tur
2031 1603 2290 1659 adunare
2321 1603 2649 1660 consortiis.
2684 1604 2808 1659 Per.

1976 1692 2107 1746 Item
2137 1692 2251 1747 alia
2281 1694 2477 1748 oratio.
2510 1692 2725 1748 Delicta
2751 1692 3078 1764 juventutis
3103 1698 3161 1749 et
3188 1695 3549 1767 ignorantiae

1908 1779 2111 1834 famuli
2128 1779 2212 1834 tui
2236 1779 2319 1835 ill.
2342 1796 2412 1836 ne
2438 1781 2799 1847 memineris,
2820 1782 3078 1849 Domine,
3095 1783 3197 1839 sed
3222 1785 3547 1841 secundum

1907 1885 2180 1942 magnam
2220 1869 2682 1926 misericordiam
2704 1875 2866 1926 tuam
2901 1888 3126 1927 memor
3154 1875 3279 1927 esto
3301 1871 3462 1929 illius
3491 1874 3550 1929 in

1902 1955 2020 2012 vita
2043 1956 2329 2014 claritatis
2363 1962 2497 2026 tuae,
2522 1959 2861 2030 aperiantur
2887 1959 2934 2014 ei
2976 1959 3124 2026 cmli,
3148 1960 3420 2017 laetentur
3449 1980 3549 2019 an-

1904 2044 2039 2119 geli,
2064 2045 2123 2100 in
2147 2063 2393 2119 regnum
2426 2052 2617 2112 tuum,
2643 2048 2906 2115 Domine,
2932 2064 3162 2105 servum
3194 2053 3363 2106 tuum
3415 2069 3549 2109 sus-

1905 2133 2052 2206 cipe.

2251 2241 2565 2280 ABSOLUTIO
2605 2242 2791 2280 SUPER
2829 2243 3192 2284 SEPULCRUM.

1975 2312 2037 2366 In
2068 2329 2135 2367 ea
2167 2317 2451 2385 potestate
2468 2313 2551 2368 vel
2578 2314 2920 2369 auctoritate
2943 2314 3210 2387 ﬁdentes,
3230 2333 3408 2389 quam
3441 2319 3550 2375 Do-

1904 2401 2104 2456 minus
2138 2406 2337 2457 noster
2365 2401 2538 2457 Jesus
2568 2401 2833 2458 Christus
2864 2403 3031 2459 beato
3063 2405 3229 2460 Petro
3290 2406 3551 2478 apostolo

1902 2489 2107 2545 tribuit
2134 2490 2333 2544 dicens
2355 2490 2780 2562 :Quodcunque
2804 2490 3079 2563 ligaveris
3103 2509 3281 2565 super
3313 2498 3549 2564 terram,

1902 2578 2012 2634 erit
2064 2577 2313 2651 ligatum
2344 2583 2403 2634 et
2457 2579 2516 2633 in
2576 2577 2753 2644 caelis,
2789 2582 2844 2634 et
2875 2579 3265 2652 quodcunque
3309 2580 3549 2640 solveris

1903 2683 2079 2739 super
2108 2672 2344 2733 terram,
2378 2667 2487 2722 erit
2526 2666 2785 2722 solutum
2812 2670 2869 2722 et
2907 2667 2964 2722 in
2994 2668 3153 2724 cmlis
3181 2685 3195 2725 :
3230 2670 3300 2725 Et
3328 2671 3552 2728 caeteris

1900 2755 2046 2812 dixit
2083 2754 3058 2827 discipulis:Quorumremiseritis
3102 2762 3337 2830 peccata
3356 2760 3550 2816 remit-

1901 2849 2111 2901 tuntur
2130 2845 2234 2900 eis.
2257 2846 2549 2910 Quantum
2575 2844 2747 2901 nobis
2764 2846 3120 2917 permissum
3143 2851 3251 2916 est,
3285 2847 3357 2904 ab
3389 2850 3549 2905 omni
3601 2915 3605 2919 _

1901 2933 2134 2989 vinculo
2152 2937 2520 3005 peccatorum
2541 2932 2902 2989 absolvimus
2920 2937 2997 3001 te,
3022 2937 3087 2989 ut
3106 2935 3392 3008 quidquid
3413 2953 3550 2994 sua-

1904 3023 2077 3079 dente
2096 3022 2326 3078 diabolo
2353 3022 2652 3078 voluntate
2683 3027 2787 3079 aut
2817 3023 3149 3095 operatione
3179 3025 3548 3098 commisisti,

1905 3116 2191 3184 quantum
2214 3112 2329 3167 Deo
2356 3111 2672 3183 adjuvante
2691 3128 3030 3184 possumus,
3061 3116 3292 3169 tantum
3324 3113 3429 3171 tibi
3461 3116 3549 3171 in-

1904 3199 2239 3273 dulgemus,
2256 3204 2321 3255 ut
2337 3200 2520 3255 fracta
2541 3201 2613 3256 de
2633 3200 2779 3256 collo
2793 3204 2894 3256 tuo
2916 3201 3181 3257 omnium
3203 3188 3550 3260 delictorum

1830 3276 1872 3342 C
1908 3293 2115 3345 catena
2133 3287 2281 3345 liber
2310 3292 2367 3345 et
2396 3288 2702 3344 absolutus
2730 3289 2931 3345 venias
2960 3293 3091 3345 ante
3123 3290 3383 3347 tribunal
3431 3293 3549 3350 Do-

1909 3377 2052 3432 mini
2076 3376 2259 3433 nostri
2276 3376 2412 3433 Jesu
2436 3376 2650 3432 Christi
2668 3378 2726 3431 in
2770 3376 2890 3433 vita
2937 3382 3171 3444 aeterna,
3207 3384 3548 3453 recepturus

1906 3466 1978 3522 ab
1995 3465 2124 3538 ipso
2144 3466 2541 3521 haereditatem
2562 3464 2814 3521 caelestis
2844 3465 3005 3539 regni
3038 3471 3095 3521 et
3115 3467 3242 3523 sine
3264 3468 3377 3524 ﬁne
3403 3485 3549 3542 gau-

1907 3556 2081 3611 dendi
2111 3554 2171 3610 in
2206 3553 2423 3610 saecula
2442 3553 2810 3610 saeculorum.
2842 3556 3047 3611 Amen.

1975 3644 2179 3701 Dehinc
2202 3660 2304 3715 pro
2358 3644 2608 3699 omnibus
2658 3645 2720 3699 in
2775 3643 2985 3699 Christo
3043 3645 3442 3716 quiescentibus
3487 3648 3550 3702 in

1904 3732 2088 3789 eodem
2146 3733 2463 3801 emneterio,
2497 3732 2647 3786 Psal.
2681 3748 2804 3787 cum
2848 3733 3061 3804 antiph.
3097 3731 3252 3802 Dele,
3282 3734 3545 3804 Domine,

1903 3821 2244 3894 iniquitates
2261 3836 2485 3876 eorum.
2505 3821 2657 3876 Psal.
2676 3820 2950 3877 Miserere
2972 3821 3108 3891 mei,
3133 3825 3307 3891 Deus,
3340 3839 3545 3879 secun-

1905 3911 2066 3966 dum.
2097 3909 2265 3965 Pater
2286 3913 2502 3965 noster.
2526 3910 2597 3965 Et
2626 3925 2699 3964 ne
2734 3926 2860 3966 nos.
2883 3914 2931 3964 A
2964 3914 3133 3982 porta
3160 3910 3352 3969 inferi.
3373 3912 3545 3985 Erue,

1902 3999 2165 4066 Domine,
2199 3998 2427 4054 animas
2459 4014 2683 4054 eorum.
2706 3997 2991 4056 Dominus
3017 3999 3342 4057 vobiscum.

1976 4090 2177 4146 Oratio.
2212 4088 2389 4161 Deus,
2422 4089 2592 4159 cujus
2623 4087 2997 4145 miseratione
3028 4089 3239 4145 animae
3277 4089 3540 4147 ﬁdelium

1901 4179 2298 4251 requiescunt,
2313 4176 2550 4234 famulis
2567 4182 2625 4233 et
2644 4177 2978 4234 famulabus
2998 4177 3136 4246 tuis,
3165 4178 3254 4235 vel
3271 4180 3547 4237 omnibus

1902 4268 1997 4323 hic
2017 4268 2073 4323 in
2107 4267 2334 4323 Christo
2383 4266 2844 4340 quiescentibus,
2876 4268 2950 4323 da
2979 4268 3269 4341 propitius
3315 4268 3544 4326 veniam

1902 4360 2292 4430 peccatorum,
2310 4358 2423 4411 uta
2439 4355 2666 4413 cunctis
2684 4357 2942 4413 reatibus
2965 4356 3218 4413 absoluti
3248 4357 3374 4414 sine
3430 4357 3547 4415 ﬁne
3575 4358 3578 4363 ’

1902 4444 2191 4501 laetentur.
2224 4444 2348 4500 Per.

1972 4534 2362 4606 Requiescant
2392 4532 2450 4587 in
2483 4549 2643 4605 pace.
2675 4535 2878 4589 Amen.

2402 4638 2568 4677 MISSA
2607 4639 2667 4677 IN
2702 4638 3032 4678 TRICESIMO.

1972 4710 2621 4781 Quaesumus,Domine,
2641 4710 2859 4765 famulo
2882 4714 2981 4766 tuo
3003 4710 3085 4767 ill.
3121 4711 3292 4783 cujus
3320 4711 3545 4769 tricesi-

1905 4817 2068 4856 mum
2100 4800 2204 4872 (vel
2235 4799 2576 4871 septimum,
2608 4798 2691 4853 vel
2718 4798 2977 4871 tertium)
3012 4799 3209 4856 obitus
3265 4799 3357 4856 sui
3388 4800 3545 4858 diem

1903 4903 2453 4952 commemoramus,
2478 4891 2814 4942 sanctorum
2845 4891 3020 4959 atque
3049 4887 3368 4945 electorum
3407 4893 3545 4946 tuo-

1904 4991 2031 5030 rum
2064 4973 2331 5047 largiaris
2390 4973 2768 5041 consortium,
2802 4978 2858 5029 et
2893 4990 3081 5031 rorem
3132 4976 3549 5036 misericordia

1901 5070 2017 5120 tua;
2045 5063 2318 5135 perennis
2348 5063 2645 5119 infundas.
2681 5063 2807 5119 Per.

1975 5152 2207 5208 Secreta.
2267 5152 2501 5225 Adesto,
2556 5152 2818 5223 Domine,
2855 5153 3384 5227 supplicationibus
3441 5175 3546 5216 no-

1903 5242 2064 5313 stris,
2082 5244 2140 5296 et
2181 5240 2332 5296 hanc
2366 5240 2739 5308 oblationem,
2760 5258 2939 5315 quam
2982 5242 3087 5299 tibi
3136 5245 3435 5303 offerimus
3472 5247 3546 5303 ob

1903 5332 2059 5388 diem
2082 5329 2466 5402 depositionis
2496 5330 2780 5387 tricesimi
2811 5331 2914 5404 (vel
2944 5333 3201 5407 septimi,
3233 5337 3319 5391 vel
3346 5335 3544 5408 tertii),

1903 5474 2147 5531 0dilone
2176 5473 2387 5529 abbate
2417 5472 2785 5531 Cluniacensi
2833 5493 2985 5533 anno
3042 5478 3329 5533 duntaxat
3387 5480 3544 5534 1040.

1903 5547 2012 5613 Qui
2030 5545 2258 5620 ritusin
2284 5544 2616 5601 universam
2638 5545 2955 5604 Ecclesiam
2974 5550 3313 5620 pontiﬁcum
3345 5556 3545 5604 aucto-

1903 5620 2077 5675 ritate
2107 5618 2231 5691 fuit
2249 5621 2450 5691 postea
2480 5623 2859 5691 propagatus,
2894 5625 2958 5676 ut
2976 5618 3229 5679 adnotat
3266 5621 3546 5681 Baronius

1903 5692 2049 5769 (Not.
2081 5689 2152 5750 ad
2179 5688 2464 5766 Martyrol.
2481 5688 2871 5768 'die'2Nov.).
