3978 6366
389 409 503 482 8Ἷ1

1581 408 1766 476 ειΕο.
1815 413 1895 475 XI
1939 409 2253 474 MONUM.
2298 412 2612 474 LI'l‘UBG.

3684 405 3807 465 8'72

389 571 496 628 pro
517 554 720 610 anima
756 550 958 608 famuli
987 550 1089 607 tui.
1111 549 1195 604 ill.
1231 548 1496 621 placatus
1529 563 1596 604 ac
1625 547 1914 619 benignus
1946 562 2036 601 as-
2068 547 2122 612 Α
2151 550 2206 600 et
2235 545 2501 610 credidit,
2536 549 2816 600 azternum
2869 543 3060 615 capiat
3088 546 3144 597 te
3188 542 3502 599 miserante
3557 553 3807 600 conﬁer-

389 660 580 701 sume.
615 643 739 698 Per.

459 733 915 788 Pastcammunio.
941 728 1324 800 Omnipotens
1349 726 1706 797 sempiterne
1724 729 1896 788 Deus,
1919 723 2036 778 col-

387 822 578 878 locare
601 820 842 891 d‘ignare
874 818 1132 873 animam
1160 815 1361 871 famuli
1395 814 1479 870 tui
1513 814 1622 879 ill.,
1655 814 1824 884 cujus
1855 812 2036 883 depo—

387 908 618 965 sitionis
659 896 812 962 diem
845 905 1213 962 tricesimum
1247 904 1353 975 (vel
1378 902 1634 976 septium
1663 902 1748 956 vel
1775 900 2035 970 tertium)

385 998 770 1063 celebramus,
814 996 874 1051 in
924 995 1152 1051 sinibus
1201 993 1463 1061 Abrahae,
1520 992 1679 1047 Isaac
1724 995 1780 1045 et
1833 989 2033 1056 Jacob,

384 1091 451 1142 ut
479 1103 612 1143 cum
671 1086 796 1141 dies
853 1083 1172 1157 agnitionis
1200 1087 1324 1138 tuas
1362 1079 1677 1146 advenerit,
1712 1079 1866 1134 inter
1894 1095 2034 1133 san-

383 1181 510 1233 ctos
541 1162 754 1232 electos
785 1178 918 1229 tuos
948 1189 1081 1230 eum
1117 1170 1453 1228 resuscitari
1488 1167 1808 1241 praecipias.
1834 1169 1958 1224 Per.

831 1296 1001 1335 MISSA
1044 1295 1103 1334 IN
1141 1292 1578 1333 ANNIVERSARIO.

453 1387 689 1456 Praesta,
715 1403 1078 1456 quaesumus,
1105 1384 1372 1451 Domine,
1398 1387 1463 1438 ut
1489 1382 1688 1438 anima
1718 1379 1922 1436 famuli
1944 1379 2031 1435 tui

379 1477 670 1550 ill.,cujus
684 1473 1146 1540 anniversarium
1173 1470 1558 1546 depositionis
1590 1468 1745 1526 diem
1775 1485 2030 1525 comme-

377 1551 700 1633 moramus,
733 1561 1165 1635 indulgentiam
1198 1560 1415 1634 pariter
1445 1563 1503 1616 et
1534 1557 1795 1630 requiem
1841 1557 2032 1630 capiat

379 1653 819 1726 sempiternam.
853 1653 979 1707 Per.

447 1744 683 1799 Secreta.
717 1741 1057 1814 Propitiare,
1092 1739 1334 1795 Domine
1361 1736 1894 1810 supplicationibus
1929 1753 2027 1792 no-

377 1831 517 1888 stris
559 1848 662 1903 pro
703 1830 900 1886 anima
930 1826 1134 1883 famuli
1167 1826 1249 1882 tui
1283 1826 1390 1892 ill.,
1427 1827 1597 1897 cujus
1627 1823 1800 1879 hodie
1831 1841 2028 1880 annua

377 1921 475 1990 die,
517 1919 732 1992 agitur,
753 1934 856 1990 pro
905 1934 1022 1989 qua
1051 1916 1156 1970 tibi
1188 1916 1489 1970 offerimus
1519 1913 1870 1969 sacrificium
1904 1912 2028 1968 lau-
2059 1916 2106 1982 Β

377 2009 490 2075 dis,
514 2011 581 2063 ut
608 2025 738 2063 eam
771 2011 1106 2063 sanctorum
1157 2009 1392 2060 tuorum
1453 2002 1674 2058 sociare
1731 2001 2025 2058 consortio

380 2096 658 2169 digneris.
693 2095 819 2150 Per.

450 2187 734 2258 Prw/“atio.
769 2185 847 2255 (τι)
882 2183 989 2237 Per
1040 2181 1334 2236 Christum
1381 2179 1693 2236 Dominum
1734 2183 2020 2248 nostrum,

381 2291 485 2346 per
516 2291 692 2346 quem
728 2271 888 2329 salus
921 2271 1150 2339 mundi,
1185 2287 1287 2343 per
1317 2286 1492 2341 quem
1535 2269 1652 2324 vita
1693 2268 2021 2336 hominum,

375 2380 479 2436 per
509 2379 684 2436 quem
718 2360 1068 2417 resurrectio
1119 2363 1506 2425 mortuorum,
1538 2376 1640 2431 per
1688 2358 1884 2432 ipsum
1943 2361 2020 2425 te,

379 2452 636 2519 Domine,
669 2449 1012 2523 suppliciter
1041 2450 1444 2522 deprecamur,
1478 2452 1543 2503 ut
1574 2448 1780 2502 anima:
1817 2447 2023 2502 famuli

372 2542 457 2596 tui
508 2541 614 2610 ill.,
663 2541 833 2612 cujus
881 2539 1036 2596 diem
1107 2537 1573 2594 anniversarium
1634 2536 2020 2604 celebramus,

373 2629 802 2703 indulgentiam
835 2627 1034 2701 largiri
1066 2626 1326 2699 digneris
1371 2629 1734 2698 perpetuam,
1767 2630 1939 2697 atque
1989 2643 2022 2681 a

371 2719 656 2792 contagiis
675 2715 1052 2773 mortalitatis
1073 2720 1332 2780 exutam,
1360 2715 1418 2768 in
1438 2719 1662 2770 aternae
1679 2713 2021 2770 salvationis

371 2813 600 2879 partem
633 2805 907 2860 restituas
938 2821 1072 2859 cum
1106 2801 1352 2875 angelis.
1388 2802 1453 2856 Et
1476 2802 1622 2858 ideo.

445 2897 784 2952 Communia.
815 2893 1080 2964 Suscipe,
1117 2892 1361 2946 Domine
1393 2906 1592 2962 preces
1624 2895 1853 2946 nostras
1916 2908 2017 2963 pro

372 2986 572 3040 anima
607 2981 808 3038 famuli
857 2980 944 3036 tui
1003 2979 1112 3046 ill.,
1148 2980 1317 3051 cujus
1349 2979 1500 3034 diem
1554 2979 2016 3034 anniversarium

374 3073 549 3130 hodie
564 3071 951 3135 celebramus,
987 3073 1048 3124 ut
1078 3067 1128 3124 si
1159 3085 1285 3140 quae
1318 3066 1367 3122 ei
1393 3066 1633 3123 maculae
1665 3067 1737 3122 de
1772 3069 2017 3124 terrenis

373 3160 658 3233 contagiis
681 3157 1454 3226 adhreserunt,remissionis
1475 3161 1588 3212 ture
1621 3157 2018 3213 misericordia

371 3250 697 3307 deleantur.
731 3252 856 3303 Per.

868 3371 1037 3410 MISSA
1075 3370 1186 3409 PRO
1223 3369 1512 3408 EPISCOPO.

442 3464 616 3530 Deus,
652 3463 754 3534 qui
808 3461 960 3518 inter
989 3459 1340 3533 apostolicos
1366 3461 1698 3516 sacerdotes
1729 3459 2014 3514 famulum

369 3560 538 3610 tuum
557 3553 666 3619 ill.,
689 3549 1010 3623 pontificali
1031 3550 1217 3606 fecisti
1241 3549 1526 3622 dignitate
1556 3549 2012 3621 vigere,praasta,

369 3659 730 3716 quaesumus,
761 3644 827 3696 ut
851 3657 1053 3696 eorum
1081 3655 1314 3711 quoque
1345 3642 1626 3710 perpetuo
1667 3641 2017 3710 aggregetur

369 3731 684 3789 consortio.
703 3731 830 3787 Per.

438 3822 674 3877 Secreta.
707 3817 972 3889 Suscipe.
1009 3816 1268 3882 Domine,
1293 3831 1652 3888 quaesumus,
1686 3831 1788 3886 pro
1819 3813 2018 3870 anima

370 3909 577 3965 famuli
607 3908 696 3962 tui
727 3906 1004 3978 episcopi,
1033 3921 1179 3976 quas
1212 3903 1511 3959 offerimus
1539 3904 1784 3971 hostias,
1820 3907 1885 3958 ut
1921 3903 2015 3958 cui

372 3999 432 4053 in
464 3998 574 4052 hoc
608 3993 819 4051 sazculo
851 3992 1208 4049 sacerdotale
1239 3992 1469 4048 donasti
1509 3992 1806 4061 meritum,
1836 3993 2015 4048 dones

370 4091 427 4142 et
457 4083 788 4158 premium.
824 4083 947 4138 Per.

357 4238 370 4254 η
443 4175 784 4231 Communia.
819 4169 1157 4242 Propitiare,
1192 4169 1456 4237 Domine,
1488 4168 2017 4242 supplicationibus

369 4263 590 4319 nostris
641 4266 696 4317 et
756 4261 1014 4316 animam
1077 4258 1281 4314 famuli
1339 4258 1424 4313 tui
1483 4258 1738 4331 episcopi
1799 4258 1907 4325 ill.,
1956 4259 2016 4315 in

368 4351 634 4407 vivorum
685 4349 920 4422 regione
969 4347 1202 4404 aaternis
1258 4347 1490 4420 gaudiis
1545 4348 1756 4420 jubeas
1786 4348 2013 4405 sociari.

373 4441 501 4496 Per.

899 4543 1068 4582 MISSA
1109 4543 1217 4581 PRO
1257 4543 1492 4581 ΑΒΒΑΤΕ.

2147 635 2316 689 tium.
2349 634 2470 689 Per.

2609 739 2782 778 MISSA
2821 739 2932 777 PRO
2972 735 3311 778 SACERDOTE.

2220 814 2389 875 Deus,
2424 810 2592 880 cujus
2618 807 3032 864 misericordia
3064 826 3179 865 non
3228 813 3318 864 est
3347 825 3654 880 numerus,
3690 807 3818 867 su-'

2145 898 2303 970 scipe
2334 914 2437 971 pro
2467 900 2664 954 anima
2694 897 2897 954 famuli
2954 897 3060 966 ill.,
3095 897 3414 954 sacerdotis
3454 915 3657 969 preces
3691 917 3799 956 no-

2145 987 2599 1053 stras,etlucem
2617 987 2669 1042 ei
2694 987 2907 1043 laetitia:
2925 987 2983 1042 in
3019 988 3253 1059 regione
3283 993 3623 1044 sanctorum
3655 993 3799 1045 tuo-

2144 1093 2274 1130 rum
2299 1079 2635 1132 societatem
2665 1077 2931 1132 concede.
2969 1077 3094 1132 Per.
3701 1072 3710 1078 ’

2214 1165 2447 1221 Secreta.
2488 1166 2719 1221 Hostias
2764 1165 2891 1231 tibi,
2941 1165 3207 1232 Domine,
3249 1165 3449 1222 laudis
3486 1167 3794 1226 oﬂ‘erimus

2142 1272 2245 1327 pro
2267 1254 2464 1310 anima
2487 1254 2689 1309 famuli
2711 1255 2798 1309 tui
2821 1255 3161 1321 sacerdotis,
3185 1259 3251 1310 ut
3282 1272 3414 1311 eam
3445 1256 3514 1312 in-
3537 1273 3788 1313 numero

2141 1343 2403 1398 fidelium
2434 1348 2669 1399 tuorum
2701 1342 2801 1398 lux
2827 1347 3039 1399 aeterna
3063 1344 3379 1416 possideat.
3413 1345 3540 1400 Per.

2213 1433 2551 1488 Communia.
2585 1432 2685 1487 His
2747 1431 3067 1499 sacrificiis,
3116 1447 3480 1504 quaesumus,
3542 1434 3794 1492 Domine

2142 1525 2310 1586 Deus,
2337 1524 2583 1593 purgata
2603 1521 2802 1575 anima
2825 1520 3028 1576 famuli
3050 1520 3134 1575 tui
3154 1521 3480 1578 sacerdotis
3493 1523 3564 1578 ad
3589 1523 3788 1579 indul-

2137 1610 2394 1683 gentiam
2419 1613 2475 1665 et
2493 1609 2858 1682 refrigerium
2882 1610 3308 1682 sempiternum
3339 1611 3640 1684 pervenire
3661 1609 3786 1668 ωδε

2139 1702 2349 1754 reatur.
2383 1699 2508 1754 Per.

2465 1805 2628 1843 MISSA
2669 1804 2780 1843 PRO
2817 1804 3073 1842 OMNIBUS
3113 1804 3440 1845 DEFUNCNS.

2210 1877 2448 1942 Inclina,
2478 1877 2736 1942 Domine,
2762 1893 2960 1931 aurem
2991 1881 3152 1932 tuam
3185 1877 3258 1932 ad
3289 1893 3486 1950 preces
3525 1884 3784 1949 nostras,

2138 1965 2353 2037 quibus
2367 1965 2828 2021 misericordiam
2842 1969 3003 2020 tuam
3025 1965 3366 2038 suppliciter
3377 1967 3782 2040 deprecamur,

2135 2059 2199 2108 ut
2255 2055 2512 2110 animam
2543 2056 2647 2125 (as)
2709 2053 2933 2109 famuli
2970 2055 3193 2127 (lorum)
3225 2056 3310 2110 tui
3357 2057 3618 2129 (tuarum)
3664 2057 3782 2128 ill.,

2135 2159 2311 2214 quam
2337 2144 2437 2214 (as)
2471 2143 2540 2198 de
2570 2143 2679 2198 hoc
2710 2143 2920 2198 saeculo
2953 2143 3206 2216 migrare
3233 2144 3491 2215 jussisti,
3523 2145 3583 2200 in
3616 2147 3794 2218 pacis

2133 2249 2198 2287 ac
2221 2231 2369 2287 lucis
2401 2232 2634 2304 regione
2666 2232 3008 2300 constituas,
3043 2238 3100 2287 et
3147 2237 3484 2289 sanctorum
3534 2239 3778 2293 tuorum

2125 2321 2336 2392 jubeas
2367 2338 2495 2377 esse
2527 2326 2850 2378 consortem
2878 2322 2997 2394 (es).
3031 2322 3156 2378 Per.

2201 2411 2655 2467 Scoreta.Annue
2702 2411 2894 2477 nobis,
2948 2412 3210 2481 Domine,
3233 2415 3298 2467 ut
3347 2413 3554 2469 animae
3594 2414 3780 2486 (abas)

2134 2500 2332 2556 famuli
2369 2500 2588 2571 (lorum)
2624 2500 2708 2556 tui
2763 2500 3023 2572 (tuarum)
3054 2500 3163 2567 ill.,
3195 2501 3317 2556 haec
3371 2503 3557 2574 prosit
3611 2504 3777 2560 obla-

2130 2591 2229 2660 tio,
2247 2606 2421 2661 quam
2443 2589 2802 2645 immolando
2822 2591 3004 2645 totius
3028 2590 3501 2647 munditribuisti
3528 2593 3778 2650 relaxari

2129 2677 2356 2734 delicta.
2393 2678 2516 2732 Per.

2202 2768 2541 2823 Communia.
2576 2766 2784 2838 Prosit,
2837 2783 3199 2838 quaesumus,
3250 2769 3509 2838 Domine,
3560 2771 3774 2828 anime

2129 2857 2303 2928 (allus)
2363 2855 2565 2910 famuli
2600 2857 2820 2928 (larum)
2857 2856 2937 2910 tui
2973 2856 3231 2928 (tuarum)
3264 2856 3370 2926 ill.,
3403 2859 3599 2916 divina
3625 2861 3775 2916 cele-

2129 2945 2316 3000 bratio
2349 2944 2723 3014 sacramenti,
2756 2949 2817 2999 ut
2848 2946 2975 3014 ejus
3009 2946 3066 3000 in
3101 2962 3216 3017 quo
3249 2948 3507 3019 speravit
3537 2950 3777 3023 (omni)

2126 3040 2181 3090 et
2222 3034 2468 3090 credidit
2513 3034 2754 3104 (derunt)
2802 3034 3142 3091 aeternitatis
3165 3036 3358 3107 capiat
3395 3037 3534 3110 (ant)
3566 3043 3622 3094 te
3654 3041 3766 3095 mi-

2127 3127 2356 3179 serante
2386 3122 2767 3178 consortium.
2801 3121 2922 3180 Per.

2524 3228 2652 3266 ALIA
2690 3228 2862 3266 MISSA
2901 3228 3011 3266 PRO
3051 3228 3359 3269 DEFUNCTIS

2043 3279 2085 3344 (ἶ
2195 3300 2575 3372 Omnipotens
2608 3300 2961 3372 sempiterna
2991 3301 3166 3365 Deus,
3187 3302 3279 3357 cui
3311 3320 3614 3376 nunquam
3641 3305 3774 3363 sine

2125 3407 2227 3462 spe
2259 3389 2672 3444 misericordia;
2705 3389 3086 3460 supplicatur,
3112 3391 3426 3462 pmpitiare
3457 3393 3772 3452 animabus

2125 3478 2480 3534 famulorum
2503 3482 2760 3545 tuorum,
2783 3481 2848 3532 ut
2879 3478 2977 3550 qui
3009 3479 3078 3533 de
3110 3478 3218 3534 hac
3245 3480 3362 3535 vita
3391 3481 3477 3536 tui
3512 3483 3773 3541 nominis

2126 3567 2486 3623 confessione
2517 3567 2911 3635 decesserunt,
2946 3573 3281 3624 sanctorum
3315 3586 3558 3626 numero
3591 3571 3772 3630 facias

2125 3655 2449 3729 aggregari.
2480 3655 2602 3710 Per.

2195 3746 2426 3801 Secreta.
2473 3743 2810 3816 Pr0pitiare,
2843 3744 3087 3800 Domine
3146 3762 3510 3817 quaesumus,
3541 3747 3770 3804 anima-

2125 3834 2236 3889 bus
2290 3833 2644 3888 famulorum
2702 3836 2959 3901 tuorum,
2995 3851 3097 3905 pro
3155 3835 3370 3906 quibus
3408 3835 3515 3891 tibi
3545 3836 3771 3894 hostias

2126 3922 2468 3994 placationis
2494 3920 2816 3987 offerimus,
2851 3925 2906 3976 et
2937 3922 3076 3993 quia
3105 3922 3162 3977 in
3194 3923 3302 3978 hac
3335 3923 3460 3980 luce
3492 3941 3625 3980 cum
3659 3925 3776 3981 fide

2127 4016 2471 4068 manserunt
2529 4009 2832 4078 catholica,
2866 4010 2923 4065 in
2959 4011 3154 4066 futura
3196 4013 3314 4067 vita
3343 4014 3429 4068 eis
3459 4014 3773 4071 retributio

2124 4101 2502 4156 condonetur.
2536 4099 2660 4154 Per.

2193 4191 2536 4247 Communia.
2565 4189 2800 4259 Praesta,
2817 4205 3172 4260 quaesumus,
3193 4190 3561 4263 omnipotens
3593 4193 3768 4261 Deus,

2125 4284 2188 4336 ut
2217 4279 2446 4335 animas
2468 4277 2821 4333 famulorum
2846 4282 3080 4334 tuorum
3108 4279 3178 4334 ab
3220 4280 3444 4352 angelis
3492 4279 3639 4339 lucis
3665 4300 3768 4338 su-

2125 4373 2354 4441 sceptas
2376 4367 2433 4422 in
2467 4368 2806 4439 praeparatis
2823 4367 3174 4423 habitaculis
3195 4368 3404 4424 deduci
3437 4369 3618 4427 facias
3648 4371 3780 4427 bea-

2126 4457 2359 4513 torum.‘
2378 4458 2500 4512 Per.

2426 4562 2597 4602 MISSA
2632 4561 2742 4600 pno
2783 4562 3095 4601 DEFUNCTIS
3135 4546 3474 4604 Pitumnus.

442 4635 595 4692 Deus
629 4633 730 4708 qui
761 4633 1046 4689 famulum
1075 4638 1240 4688 tuum
1265 4632 1680 4689 sacerdotalem
1714 4639 1888 4707 atque
1919 4636 2019 4691 ab-
2054 4649 2098 4712 D
2201 4636 2376 4702 Deus,
2408 4635 2586 4690 veniae
2617 4634 2860 4707 largitor
2889 4639 2945 4690 et
2973 4634 3243 4692 humanas
3276 4637 3484 4693 salutis
3527 4642 3776 4707 amator,

369 4717 564 4782 batem
626 4724 1005 4781 sanctificasti
1036 4723 1336 4778 vocatione
1369 4723 1802 4792 misericordia,
1831 4728 1888 4778 et
1927 4742 2019 4780 as-

369 4815 675 4885 sumpsisti
709 4813 1218 4869 consummatione
1252 4810 1423 4876 felici,
1459 4812 1690 4884 suscipe
1732 4813 2020 4884 propitius

372 4918 573 4974 preces
589 4906 821 4956 nostras
845 4907 900 4956 et
918 4906 1125 4972 praesta
1139 4906 1201 4955 ut
1231 4905 1285 4954 et
1316 4899 1410 4954 ille
1440 4905 1631 4955 tecum
1665 4901 1741 4955 sit
1773 4900 2016 4967 meritis,

370 4994 429 5046 et
459 5007 491 5045 a
521 4989 691 5045 nobis
726 5006 838 5044 non
876 4991 1105 5044 recedat
1138 4987 1439 5060 exemplis.
1473 4989 1598 5044 Per.

443 5078 675 5134 Sacrata.
720 5077 1002 5155 Concede,
1048 5095 1409 5150 quaesumus,
1442 5077 1814 5148 omnipotens
1845 5081 2016 5143 Deus,

371 5167 673 5223 ut'anima
729 5166 878 5222 servi
935 5167 1021 5221 tui
1071 5167 1298 5222 abbatis
1346 5170 1520 5238 atque
1551 5166 1890 5234 sacerdotis,
1926 5164 2019 5220 cui

372 5256 672 5329 regiminis
726 5261 783 5312 et
835 5256 1142 5312 sacerdotii
1229 5255 1460 5311 donasti
1541 5255 1837 5323 meritum,
1897 5255 2019 5311 haec

371 5350 574 5402 sancta
605 5345 906 5419 mysteria,
942 5361 1068 5416 quas
1103 5344 1206 5401 tibi
1241 5343 1488 5400 fideliter
1515 5343 1889 5411 ministravit,
1908 5349 2016 5400 etc.

374 5435 498 5491 Per.

446 5525 784 5580 Communia.
821 5523 1028 5588 Prosit,
1091 5536 1450 5592 quaesumus,
1509 5520 1772 5591 Domine,
1810 5522 2017 5577 animae

371 5613 576 5668 famuli
636 5613 720 5667 tui
777 5610 1008 5667 abbatis
1047 5615 1223 5680 atque
1253 5609 1573 5665 sacerdotis
1605 5609 2017 5668 misericordia:

372 5705 487 5762 tuae
539 5699 848 5780 implorata
877 5696 1201 5768 clementia,
1237 5700 1302 5755 ut
1330 5697 1458 5773 ejus
1511 5696 1571 5757 in
1603 5715 1716 5777 quo
1765 5699 2019 5778 speravit

2133 4741 2470 4796 quaesumus
2502 4723 2870 4780 clementiam
2903 4729 3087 4790 tuam,
3123 4729 3187 4780 ut
3217 4731 3428 4782 nostris
3459 4743 3777 4800 congrega~

2132 4812 2308 4868 tionis
2331 4813 2556 4876 fratres,
2578 4813 2677 4884 qui
2704 4830 2772 4867 ex
2803 4812 2911 4868 hoc
2941 4813 3152 4868 saeculo
3193 4815 3574 4883 transierunt,
3610 4817 3781 4872 beata

2130 4901 2312 4956 Maria
2354 4918 2586 4973 semper
2615 4901 2834 4973 virgine
2890 4901 3284 4958 intercedente
3335 4920 3469 4958 cum
3501 4904 3780 4960 omnibus

2130 4991 2370 5056 sanctis,
2398 4991 2467 5044 ad
2493 4995 2784 5062 perpetuas
2801 4990 3183 5046 beatitudinis
3206 4993 3558 5048 consortium
3581 5010 3777 5066 perve-

2130 5079 2252 5133 nire
2274 5080 2577 5134 concedas.
2617 5079 2739 5133 Per.

2200 5168 2431 5222 Secreta.
2465 5168 2638 5234 Deus,
2681 5168 2852 5238 cujus
2905 5169 3284 5225 misricordiaa
3338 5188 3451 5226 non
3511 5175 3600 5226 est
3658 5189 3776 5226 nu-

2130 5273 2346 5325 merus,
2375 5256 2605 5328 suscipe
2624 5257 2913 5328 propitius
2937 5275 3135 5328 preces
3157 5258 3509 5314 humilitatis
3541 5264 3776 5326 nostris,

2129 5348 2185 5400 et
2208 5344 2425 5400 animis
2475 5344 2689 5417 quibus
2712 5346 2796 5401 tui
2823 5346 3080 5402 nominis
3111 5347 3322 5403 dedisti
3349 5348 3778 5404 confessionem

2129 5450 2230 5504 per
2251 5433 2371 5489 haec
2393 5439 2760 5490 sacramenta
2781 5435 2990 5491 salutis
3011 5442 3353 5492 cunctorum
3369 5437 3778 5494 remissionem

2129 5522 2319 5578 tribue
2351 5528 2739 5594 peccatorum.
2774 5524 2899 5577 Per.
3495 5523 3498 5526 ί

2197 5614 2541 5668 Communia.
2581 5613 2757 5678 Deus,
2791 5612 2907 5667 vita
2950 5613 3288 5681 vivenlium,
3322 5631 3455 5686 spes
3513 5616 3771 5672 morien-

2125 5707 2294 5773 tium,
2329 5701 2490 5760 salus
2522 5701 2787 5761 omnium
2819 5701 2878 5760 in
2908 5706 2962 5762 te
2989 5704 3376 5776 sperantium,
3411 5709 3623 5782 praesta
3644 5721 3771 5782 pro-
3847 5711 3860 5716 ’
