3978 6368
134 341 256 404 8Ἲ3

1311 343 2043 411 SACRAMENTARIUM
2086 349 2365 413 VETUS.

3419 353 3554 424 874,

136 473 327 546 pitius
351 479 415 528 ut
439 473 616 545 hujus
641 475 848 530 animae
871 476 1335 549 congregationis
1357 496 1389 532 a
1411 484 1619 532 nostrae
1643 495 1790 534 mor-
1819 487 1870 550 Α
1898 498 2123 547 xorum,
2149 499 2394 554 quorum
2417 481 3031 536 commemorationem
3055 482 3304 552 agimus,
3329 487 3542 555 etquo-

131 564 384 620 talitatis
415 565 672 621 tenebris
702 565 1000 631 absolutae,
1037 567 1202 621 beata
1225 565 1408 621 Maria
1431 583 1660 639 semper
1679 569 1788 622 vir-

130 652 268 725 gine
291 653 706 722 intercedente,
734 654 792 709 in
820 658 1100 726 perpetua
1119 670 1253 710 cum
1277 655 1550 710 omnibus
1568 656 1787 712 sanctis

128 741 249 798 tuis
278 741 412 797 luce
441 741 730 798 laetentur.
765 742 888 798 Per.
925 775 927 777 -

527 846 695 886 MISSA
727 847 836 885 PRO
868 843 1162 886 DEFUNCTA
1193 847 1423 888 FEMINA.

201 922 557 986 Quaesumus
591 961 604 986 ,
638 919 884 975 Domine
914 920 1068 976 Deus
1099 921 1492 992 omnipotens,
1546 937 1650 992 pro
1686 925 1790 976 tua

129 1007 638 1082 pietatemiserere
665 1008 976 1063 animabus
1006 1008 1361 1064 famularum
1391 1013 1647 1077 ttiarum,
1677 1014 1734 1065 et
1753 1027 1788 1065 a

131 1097 422 1170 contagiis
454 1095 828 1152 mortalitatis
859 1102 1060 1153 exutas
1092 1097 1150 1152 in
1180 1101 1405 1153 aeternae
1449 1097 1786 1154 salvationis

132 1193 361 1260 partem
391 1186 652 1244 restitue.
686 1187 811 1240 Per.

202 1277 446 1332 Secreta.
467 1274 565 1333 His
579 1274 902 1342 sacrificiis,
919 1275 1183 1343 Domine,
1201 1291 1561 1346 quaesumus,
1577 1276 1785 1331 animos

133 1363 496 1421 famularum
529 1367 764 1418 tuarum
796 1362 904 1431 ill.,
938 1381 972 1418 a
998 1363 1248 1435 peccatis
1271 1364 1546 1420 omnibus
1568 1381 1784 1420 exuan-

134 1461 254 1523 tur,
288 1453 418 1509 sine
447 1452 663 1524 quibus
693 1470 727 1507 a
755 1451 927 1523 culpa
958 1468 1128 1508 nemo
1160 1451 1307 1508 liber
1337 1452 1578 1518 exstitit,
1601 1456 1666 1507 ut
1685 1468 1786 1524 per

133 1543 255 1598 haec
269 1542 379 1614 pias
392 1540 736 1614 placationis
754 1541 946 1596 ofﬁcia
963 1546 1303 1613 perpetuam
1326 1541 1785 1598 misericordiam

131 1635 590 1703 consequantur.
626 1629 751 1685 Per.

203 1721 655 1777 Postcommunio.
716 1719 1039 1785 lnveniant,
1105 1736 1466 1790 quaesumus,
1517 1719 1780 1784 Domine,

132 1809 346 1864 animae
369 1806 723 1862 famularum
751 1809 982 1861 tuarum
1007 1804 1111 1873 ill.,
1137 1805 1286 1860 lucis
1309 1810 1532 1860 aeternae
1555 1821 1784 1861 consor-

132 1899 303 1964 tium,
338 1895 511 1965 cujus
543 1899 880 1967 perpetuam
904 1893 1158 1967 gratiam
1182 1899 1506 1950 consecutae
1529 1898 1670 1950 sunt
1689 1910 1781 1949 sa-

133 1990 523 2044 cramentum.
557 1984 682 2039 Per.

436 2089 600 2129 MISSA
629 2089 728 2128 PLL‘
737 2089 790 2126 RI
799 2088 876 2126 ΜΟ
884 2089 957 2126 RU
966 2089 1007 2126 M
1040 2088 1409 2126 DEFUNCTORU
1418 2089 1482 2126 M.

208 2155 494 2221 Fidelium
530 2165 682 2216 Deus
714 2161 980 2216 omnium
1011 2159 1278 2217 conditor
1323 2165 1379 2215 et
1428 2160 1781 2231 redemptor,

137 2252 450 2308 animabus
463 2250 815 2306 famulorum
835 2249 1308 2321 famularumque
1330 2253 1563 2304 tuarum
1580 2248 1781 2303 remis-

137 2342 362 2397 sionem
394 2344 738 2396 cunctorum
762 2339 954 2394 tribue
975 2343 1364 2410 peccatorum,
1391 2344 1453 2392 ut
1474 2335 1781 2409 indulgen-

135 2432 275 2487 tiam
283 2475 298 2503 ,
313 2446 492 2502 quam
507 2445 736 2500 semper
746 2431 1112 2500 optaverunt,
1128 2427 1240 2498 piis
1255 2425 1782 2499 supplicationibus

137 2522 592 2587 consequantur.
624 2517 749 2572 Per.

206 2610 440 2666 Secreta.
468 2606 724 2673 Hostias,
755 2621 1116 2676 quaesumus,
1166 2603 1424 2668 Domine,
1480 2618 1624 2674 quas
1674 2602 1778 2657 tibi

137 2715 236 2770 pro
270 2696 582 2753 animabus
624 2693 975 2749 famulorum
1027 2692 1497 2762 famularumque
1547 2697 1780 2746 tuarum

135 2787 240 2854 ill.,
273 2785 598 2851 offerimus,
633 2781 981 2856 prOpitiatus
1011 2781 1266 2847 intende,
1297 2785 1360 2834 ut
1403 2781 1620 2850 quibus
1645 2779 1781 2835 fidei

135 2874 480 2931 Christianae
513 2872 786 2928 meritum
819 2870 1140 2939 contulisti,
1169 2871 1348 2925 dones
1374 2873 1430 2923 et
1450 2867 1777 2940 praemium.

134 2965 259 3021 Per.
392 3015 396 3018 .

203 3051 662 3108 Postcommum'o.
706 3047 1053 3114 Animabus,
1105 3064 1467 3118 quaesumus,
1515 3046 1779 3113 Domine,

133 3141 494 3197 famulorum
532 3137 1004 3209 famularumque
1034 3143 1269 3192 tuarum
1298 3137 1401 3205 ill.,
1436 3137 1618 3192 oratio
1645 3154 1781 3209 pro-

1897 587 2027 625 rum
2059 587 2300 644 corpora
2331 571 2388 625 in
2416 570 2523 626 hoc
2547 570 2901 626 monasterio
2925 573 2981 625 et
3000 569 3060 624 in
3085 567 3308 626 cunctis
3330 577 3538 628 eceme-

1895 659 2058 716 teriis
2073 659 2331 715 fidelium
2347 659 2743 731 requiescunt,
2763 657 3171 715 remissionem
3194 664 3536 717 cunctorum

1895 748 2087 804 tribue
2117 753 2506 821 peccatorum.
2541 748 2666 802 Per.
3356 735 3360 738 ’

2163 837 2277 909 (30)
2310 852 2369 892 1N
2398 853 2819 892 TRANSLATIONE
2849 845 3043 892 SANCTI
3074 849 3286 900 mam.

1966 930 2141 991 Deus,
2162 925 2263 997 qui
2283 925 2449 980 nobis
2467 942 2569 997 per
2584 917 2976 980 ministerium
2995 923 3146 980 beati
3166 914 3343 980 Marci
3363 939 3538 981 evan-

1895 1013 2112 1086 gelista:
2144 1019 2202 1069 et
2231 1013 2505 1086 martyris
2530 1014 2616 1069 tui
2639 1013 2939 1069 veritatem
2962 1011 3253 1085 Evangelii
3277 1001 3538 1086 pateﬁeri

1893 1102 2150 1169 voluisti,
2184 1103 2450 1169 concede,
2483 1119 2844 1174 quaesumus,
2880 1105 2946 1156 ut
2976 1101 3131 1173 quod
3165 1101 3237 1157 ab
3261 1091 3421 1157 illius
3440 1109 3538 1158 ore

1895 1190 2230 1257 didicimus,
2260 1191 2448 1263 gratia
2476 1196 2577 1246 tua
2605 1191 2791 1262 adjuti
2823 1190 3048 1262 operari
3070 1188 3388 1246 valeamus.
3410 1191 3538 1247 Per.

1965 1280 2197 1335 Secreta.
2232 1281 2359 1334 Haec
2382 1297 2486 1335 nos
2504 1279 2740 1347 oblatio,
2762 1279 2939 1349 Deus,
2962 1279 3354 1335 intercedente
3370 1279 3539 1334 beato

1895 1369 2085 1424 Marco
2116 1367 2469 1440 evangelista
2487 1373 2608 1434 tuo,
2633 1367 2878 1423 mundet
2899 1371 2956 1422 et
2973 1371 3226 1436 renovet,
3250 1365 3537 1439 gubernet

1893 1463 1951 1513 et
1980 1461 2264 1530 protegat,
2297 1461 2354 1513 et
2385 1458 2455 1513 ad
2487 1455 2740 1513 caelestis
2771 1456 2970 1529 patriae
3003 1471 3182 1529 regna
3232 1449 3534 1528 perducat.

1893 1546 2018 1601 Per.

1965 1635 2307 1690 Communia.
2369 1634 2668 1706 Sumptis,
2727 1633 3002 1702 Domine,
3062 1632 3232 1690 donis
3281 1631 3534 1692 (scelestis

1893 1724 2164 1796 mysterii
2208 1723 2510 1778 humiliter
2564 1724 2964 1795 deprecamur,
3026 1727 3091 1778 ut
3140 1722 3536 1779 intercedente

1891 1814 2060 1868 beato
2094 1813 2284 1868 Marco
2317 1811 2670 1883 evangelista
2698 1813 2755 1868 et
2783 1814 3036 1884 martyre
3065 1815 3186 1882 tuo,
3220 1815 3279 1866 et
3309 1809 3537 1883 tempo-

1890 1901 2028 1957 ralis
2056 1901 2184 1956 vitae
2219 1917 2325 1956 nos
2351 1900 2530 1956 facias
2556 1915 2696 1972 pace
2728 1900 3001 1972 gaudere,
3036 1903 3093 1957 et
3124 1903 3347 1960 internae
3379 1903 3538 1972 repe-

1891 1990 2003 2046 rire
2034 1989 2388 2045 subsidium.
2423 1988 2548 2044 Per.

2555 2092 2855 2134 APPENDIX.

1962 2167 2221 2234 Custodi,
2256 2166 2450 2234 frater,
2483 2170 2704 2222 vestem
2737 2165 2887 2222 hanc
2909 2168 3171 2222 sanctam
3195 2179 3374 2236 quam
3398 2167 3538 2222 ante

1889 2255 2145 2312 tribunal
2169 2256 2398 2310 Domini
2422 2255 2606 2310 nostri
2626 2253 2766 2310 Jesu
2786 2253 3000 2310 Christi
3022 2253 3147 2309 sine
3169 2253 3539 2328 maculapro-

1890 2345 2040 2401 feras
2072 2361 2174 2416 per
2200 2344 2472 2398 virtutem
2505 2346 2562 2397 et
2592 2341 3053 2398 misericordiam
3093 2333 3380 2413 ejusdem,
3431 2342 3532 2414 qui

1891 2452 2024 2489 cum
2055 2437 2336 2489 coaeterno
2367 2431 2532 2487 Patre
2559 2435 2616 2487 et
2645 2431 2858 2502 Spiritu
2906 2433 3107 2486 sancto
3154 2430 3296 2498 vivit
3342 2434 3399 2486 et
3445 2443 3534 2486 re-

1889 2527 2048 2595 gnaL

1961 2611 2270 2665 Precamur
2300 2613 2374 2671 te,
2413 2607 2668 2672 Domine,
2698 2611 2764 2662 ut
2791 2606 3180 2662 intercedente
3208 2607 3378 2662 beato
3425 2603 3532 2662 Be-

1891 2700 2117 2756 nedicto
2136 2698 2462 2752 confessore
2479 2701 2597 2764 tuo,
2617 2695 2753 2751 huic
2771 2695 2988 2750 famulo
3004 2699 3125 2764 tuo,
3151 2694 3243 2750 cui
3265 2693 3533 2750 habitum

1891 2793 2102 2844 sanctae
2126 2785 2423 2858 religionis
2446 2785 2824 2857 imponimus,
2847 2783 3272 2856 indulgentiam
3306 2783 3536 2840 tribuas

1890 2894 2130 2933 suorum
2162 2875 2424 2931 omnium
2458 2877 2847 2946 peccatorum,
2880 2889 3026 2944 opus
3057 2873 3186 2944 ejus
3215 2872 3276 2928 in
3311 2872 3534 2932 bonum

1891 2966 2176 3038 perﬁcias,
2213 2961 2672 3018 misericordiam
2703 2949 2866 3018 tuam
2905 2965 2963 3017 et
3009 2961 3258 3034 gratiam
3301 2960 3354 3016 ei
3395 2975 3536 3016 con-

1890 3056 2081 3118 cedas,
2117 3053 2248 3120 ﬁde,
2283 3068 2385 3123 spe
2414 3057 2472 3107 et
2503 3050 2784 3106 charitate
2814 3066 2947 3106 eum
2980 3049 3226 3122 repleas,
3278 3052 3536 3111 mentem

1889 3143 1939 3198 ei
1966 3143 2035 3198 ad
2069 3141 2327 3213 ccclestia
2355 3139 2646 3196 desideria
2676 3139 2888 3211 erigas,
2913 3137 2986 3193 ab
3005 3137 3164 3193 omni
3187 3125 3536 3201 adversitate

132 3233 292 3287 ﬁciat
323 3227 807 3302 supplicantium,
840 3232 904 3282 ut
952 3241 1050 3280 eas
1098 3229 1153 3281 et
1200 3243 1234 3281 a
1279 3226 1531 3298 peccatis
1579 3243 1777 3294 exuas,
1811 3219 1852 3285 C
1890 3249 2024 3287 eum
2057 3231 2358 3294 defendas,
2390 3232 2446 3283 et
2475 3228 2547 3283 ad
2597 3228 2813 3284 bonam
2865 3226 3356 3299 perseverantiam
3400 3235 3536 3282 eum

131 3325 188 3376 et
218 3325 334 3376 tua:
366 3315 784 3388 redemptionis
814 3315 993 3370 facias
1022 3330 1150 3369 esse
1181 3314 1512 3386 participes.
1547 3314 1671 3369 Per.

131 3424 306 3467 MISSA
337 3424 392 3462 IN
422 3421 698 3461 HONOBEM
730 3420 962 3460 OMNIUM
996 3419 1338 3458 SANCTORUM
1369 3419 1480 3458 PRO
1518 3419 1667 3458 VIVlS
1715 3418 1783 3456 ET

791 3509 1122 3547 DEFUNCTIS.

201 3588 551 3641 Sanctorum
584 3589 817 3640 tuorum
848 3580 1384 3648 intercessionibus,
1419 3597 1777 3651 quaesumus,

130 3675 400 3740 Domine,
434 3673 619 3746 gratia
648 3677 750 3726 tua
782 3686 885 3726 nos
917 3674 1172 3741 protege,
1205 3673 1262 3723 et
1291 3669 1527 3724 famulis
1571 3669 1656 3723 vel
1697 3669 1779 3723 fa-

132 3763 415 3819 mulabus
449 3761 587 3824 tuis,
617 3775 866 3832 quorum
891 3757 1504 3813 commemorationem
1527 3757 1781 3828 agimus,

133 3859 189 3908 et
223 3867 479 3924 quorum
505 3848 902 3920 eleemosynas
933 3846 1280 3916 recepimus,
1315 3861 1417 3900 seu
1466 3845 1641 3900 etiam
1689 3845 1782 3900 his

136 3941 240 4012 qui
275 3939 445 3994 nobis
492 3935 889 3992 familiaritate
938 3939 995 3989 et
1043 3933 1548 4005 consanguinitate
1590 3933 1782 4004 juncti

134 4034 300 4094 sunt,
336 4024 795 4082 misericordiam
834 4028 994 4078 tuam
1029 4021 1244 4092 ubique
1275 4023 1575 4092 protende,
1610 4025 1673 4075 ut
1711 4022 1781 4077 ab

135 4116 297 4173 omni
332 4113 772 4187 impugnatione
805 4111 1025 4167 defensi
1047 4116 1147 4164 tua
1169 4109 1544 4180 opitulatione
1567 4109 1785 4164 salven-

134 4214 265 4267 tur.
287 4205 357 4259 Et
388 4204 614 4262 animas
647 4201 998 4257 famulorum
1029 4197 1500 4270 famularumque
1547 4203 1783 4253 tuarum

135 4293 407 4351 omnium
437 4290 701 4347 videlicet
729 4289 989 4346 ﬁdelium
1041 4287 1459 4344 catholicorum
1509 4287 1782 4342 orthodo-

208 4399 325 4480 (30)
356 4393 872 4480 ᾼδ...ῐῐ1188ξὲ.,.(ἶ11ί8
919 4400 1008 4480 est
1057 4395 1114 4448 in
1149 4392 1551 4480 ‘translatione
1599 4393 1785 4480 sancti

135 4464 338 4537 Marci,
371 4469 602 4524 initium
636 4464 811 4522 habet
832 4471 1133 4538 postrema
1149 4464 1326 4538 hujus
1345 4464 1784 4538 sacramentarii

133 4535 464 4615 Appendix:
477 4539 688 4615 Sancti
720 4535 1094 4615 evangelista
1117 4536 1293 4615 Marci
1315 4535 1572 4615 corporis
1593 4542 1785 4615 tr_a_ns-

137 4606 282 4670 latio
316 4611 589 4667 recolitur
619 4611 710 4665 die
739 4611 802 4664 31
838 4606 1121 4674 Januarii,
1154 4614 1210 4662 et
1235 4606 1484 4670 habetur
1531 4607 1588 4660 in
1638 4606 1787 4661 Mar-

138 4683 430 4758 tyrologio
463 4683 720 4758 Romano
747 4680 900 4758 etin
921 4679 1063 4758 aliis
1093 4677 1500 4758 ecclesiasticis
1549 4677 1786 4758 tabulis.

137 4750 512 4827 Rugus—tinus
541 4752 762 4827 Calmet
791 4752 1011 4822 (Hister.
1046 4752 1286 4827 univers.
1321 4754 1362 4827 t.
1397 4750 1667 4827 IV,__cap_._
1699 4751 1788 4827 54)

139 4820 481 4900 opinionem
504 4825 669 4900 ail'ert
689 4820 946 4900 illorum,
971 4822 1071 4893 qui
1095 4821 1455 4900 contendunt
1475 4821 1590 4874 divi
1614 4820 1790 4900 Marci

140 4891 362 4971 corpus
380 4896 647 4971 ernetias
663 4891 1013 4971 translatum
1037 4893 1146 4971 sub
1173 4893 1352 4971 Leone
1367 4893 1620 4971 Armenq
1640 4891 1793 4971 circa

141 4961 368 5025 annum
397 4969 521 5022 815.
539 4966 688 5022 lllud
709 4982 810 5037 pro
829 4970 982 5037 certo
1002 4963 1336 5037 habendum
1357 4979 1507 5037 anno
1521 4961 1794 5037 870_banc

143 5033 726 5108 translationemjani
751 5034 1082 5108 contigisse,
1107 5039 1163 5108 et
1182 5033 1415 5108 Venetis
1433 5033 1792 5108 custoditum

145 5113 333 5167 fuisse
355 5110 482 5178 ejus
505 5103 736 5163 sacrum
760 5103 992 5178 corpus.
1021 5103 1102 5160 Ita
1123 5105 1456 5178 Bernardus
1473 5103 1794 5178 monachus

477 5179 738 5217 illnninm
775 5177 891 5217 [ΑΜ
943 5178 1014 5217 ,ξς
1067 5183 1090 5217 1.
1146 5177 1216 5217 ιν
1269 5177 1557 5217 ηιιηηῖὶῆγ
1615 5177 1794 5217 Rat-n-

142 5183 299 5266 apud
337 5175 741 5262 Mabillonium
775 5175 904 5262 (fici.
941 5178 1032 5232 SS.
1067 5183 1108 5231 t.
1145 5176 1396 5257 1V,.cap.
1423 5177 1561 5245 .511).
1614 5175 1794 5229 Baro-

143 5270 282 5310 nius
298 5251 681 5326 meminithm
692 5267 760 5326 u_s
774 5253 986 5326 testivee
998 5247 1400 5326 translationis
1412 5247 1521 5301 sub
1537 5245 1796 5326 annoSgO

144 5329 226 5397 (n.
254 5318 677 5397 722)__et__circa
724 5320 845 5397 hzec
895 5325 1161 5397 tempora
1211 5319 1424 5397 factam
1463 5318 1795 5397 contendit.

147 5385 1242 5463 Bollandianihuicadhzsrentopinioni
1265 5390 1325 5463 in
1349 5387 1518 5463 titulo
1540 5385 1798 5463 De_cu_ltu

145 5467 340 5525 sancti
373 5465 573 5531 Marci,
601 5465 698 5536 qui
732 5463 954 5536 pariter
980 5459 1238 5536 referunt
1263 5459 1582 5536 historiam
1601 5459 1798 5536 hujus

143 5536 557 5596 translationis
588 5530 657 5590 ei:
685 5530 882 5590 codice
913 5550 1023 5588 ms.
1076 5532 1440 5588 bibliothecae
1485 5530 1797 5597 Vaticanae,

146 5611 334 5668 relato
367 5609 541 5664 etiam
576 5623 607 5662 a
635 5605 879 5661 Baronio
911 5605 970 5659 in
1000 5603 1124 5676 suis
1156 5603 1308 5676 notis
1343 5603 1412 5676 ad
1459 5601 1799 5676 Martyrolo-

145 5685 342 5768 gium,
370 5696 438 5740 ex
469 5695 584 5756 quo
616 5677 812 5736 codice
842 5675 1146 5736 translatio
1177 5675 1279 5736 illa
1309 5675 1558 5737 refertur
1596 5673 1668 5732 ad
1699 5689 1801 5735 an-

475 5806 741 5874 Pmm.
784 5801 928 5871 CLI.

1889 3320 2195 3393 perducas.
2230 3317 2354 3372 Per.

1995 3426 2054 3463 IN
2079 3421 2523 3462 CIRCUMCISIONE
2553 3420 2760 3460 DOMINI
2792 3420 2995 3458 NOSTRI
3023 3419 3160 3458 JESU
3182 3418 3427 3458 CHRISTI.

1962 3498 2039 3567 (ﬂ
2065 3496 2171 3550 Per
2194 3494 2491 3549 Christum
2514 3493 2824 3548 Dominum
2850 3495 3138 3547 nostrum.
3163 3478 3341 3562 Cujus
3364 3489 3538 3545 hodie

1890 3583 2354 3640 circumcisionis
2393 3581 2547 3636 diem
2595 3585 2653 3636 et
2700 3579 3020 3635 nativitatis
3067 3581 3333 3634 octavum
3384 3575 3540 3632 cele-

1891 3675 2145 3739 brantes,
2179 3675 2298 3739 tua,
2333 3670 2594 3738 Domine,
2644 3667 2935 3724 mirabilia
2981 3681 3348 3732 veneramur,
3398 3655 3540 3746 quia

1892 3779 2017 3834 quae
2051 3760 2292 3833 peperit,
2319 3765 2376 3813 et
2404 3758 2599 3830 Virgo,
2635 3762 2692 3812 et
2716 3758 2898 3812 Mater
2923 3759 3030 3822 est,
3056 3756 3155 3827 qui
3179 3759 3353 3810 natus
3373 3749 3462 3809 est
3482 3749 3540 3810 et

1892 3833 2044 3906 Deus
2075 3853 2181 3915 est,
2211 3848 2416 3902 merito
2448 3846 2573 3902 caeli
2605 3845 2782 3901 locuti
2815 3849 2974 3912 sunt,
3007 3841 3200 3917 angeli
3232 3833 3538 3915 gratulati,

1892 3943 2155 4012 pastores
2179 3935 2379 4005 laetati,
2414 3935 2569 4008 magi
2603 3934 2834 4002 mutati,
2862 3947 3028 4006 reges
3050 3931 3289 3999 turbati,
3309 3919 3544 4003 parvuli

1891 4027 2145 4101 gloriosa
2176 4027 2444 4097 passione
2473 4023 2855 4080 coronati.‘Et
2879 4023 3008 4078 ideo
3040 4035 3174 4077 cum
3219 4019 3463 4093 angelis.

2241 4132 2298 4170 ΙΝ
2327 4129 2604 4169 TRANSITU
2637 4128 2834 4168 SANCTI
2876 4127 3190 4166 BENEDICTI.

1965 4205 2044 4276 (1)
2069 4207 2289 4258 Ᾱίἰθιιηε
2320 4204 2494 4258 Deus.
2529 4202 2596 4256 Et
2620 4199 2866 4273 gloriam
2897 4205 3061 4255 tuam
3106 4196 3360 4270 profusis
3409 4207 3549 4276 pre-'

1893 4273 2059 4349 cibus
2085 4307 2340 4358 exorare,
2376 4295 2438 4346 ut
2468 4289 2567 4370 qui
2591 4289 2743 4346 beati
2765 4282 3063 4344 Benedicti
3085 4283 3436 4363 confessoris
3457 4273 3554 4341 tta

1894 4416 2034 4453 num
2067 4399 2191 4451 820.
2225 4395 2547 4451 Sabellicus
2581 4398 2697 4450 stat
2740 4411 2843 4462 pro
2893 4410 3046 4449 anno
3095 4391 3220 4459 831,
3268 4384 3560 4462 regnante,

1893 4469 2152 4544 venetiis
2183 4467 2518 4544 u-stiniano
2551 4467 2718 4544 duce.
2740 4460 2979 4544 l’latina
3005 4460 3547 4544 hujus_translatio-

1897 4540 1989 4595 nis
2022 4539 2290 4594 meminit
2320 4539 2429 4592 sub
2462 4537 2812 4609 pontificatu
2839 4532 3100 4609 Gregorii
3128 4533 3322 4609 [liqui
3346 4532 3546 4609 sedere

1899 4611 2072 4682 cmpit
2099 4625 2253 4682 anno
2282 4611 2408 4682 823_,
2439 4602 2585 4682 etin
2619 4602 3305 4682 pontiﬁcatu—vixitannis
3326 4618 3427 4656 sex
3447 4602 3546 4682 de-

1898 4671 2032 4738 cim.
2066 4681 2173 4735 Sed
2206 4696 2338 4735 cum
2363 4671 2735 4734 J'ustinia'nus
2766 4677 2938 4731 fuerit
2967 4677 3085 4730 dux
3104 4673 3356 4746 Venetus
3376 4671 3567 4746 annis,

1898 4757 2128 4808 tantum
2160 4750 2411 4818 duobus,
2446 4749 2776 4804 necessario
2808 4747 2929 4818 haec
2959 4743 3266 4818 translatio
3314 4741 3546 4814 figenda

1900 4830 1988 4880 est
2005 4823 2094 4878 vel
2119 4823 2189 4876 ad
2212 4839 2288 4886 ιν,
2305 4817 2485 4875 velad
2502 4838 2536 4874 v
2556 4833 2778 4874 annum
2801 4817 3084 4889 Gregorii,
3093 4821 3164 4889 _et
3185 4827 3547 4889 consequen‘

1900 4901 1989 4951 ter
2015 4895 2087 4949 ad
2121 4884 2340 4949 annum
2370 4892 2464 4946 831
2503 4891 2589 4945 vel
2620 4889 2742 4944 832.
2774 4884 3060 4944 Antonius
3092 4886 3303 4958 Pagius
3336 4885 3401 4958 in
3417 4884 3548 4958 Ieri-

1902 4967 2036 5022 ticis
2081 4965 2235 5020 notis
2267 4965 2362 5035 (ad
2393 4980 2486 5017 an.
2521 4966 2736 5035 820,_n.
2782 4962 2864 5035 _9_),
2897 4955 3204 5035 _An_toniu_§
3251 4955 3550 5035 sandinus

1903 5039 1961 5092 in
1995 5053 2102 5090 sua
2133 5027 2385 5089 Historia
2411 5032 2742 5105 Apostolica
2773 5027 2857 5105 (de
2886 5032 2940 5085 S.
2984 5030 3200 5105 Μαζςο),
3235 5033 3310 5105 _et
3353 5027 3552 5105 novis-

1904 5108 2051 5164 sime
2082 5099 2516 5162 eruditissimus
2539 5099 3046 5160 senator'Venetus
3068 5099 3389 5156 Flaminius
3414 5099 3555 5155 Cor-

1905 5178 2096 5235 nelius
2127 5179 2184 5231 in
2220 5176 2686 5231 elaboratissimo
2729 5190 2900 5246 Opere
2949 5174 3247 5246 (Dec._xn_1,
3275 5187 3332 5243 p.
3367 5172 3420 5242 1)
3470 5171 3550 5227 De

1903 5249 2141 5305 Venetis
2169 5247 2460 5318 Ecclesiis,
2493 5251 2675 5319 agunt
2705 5242 2785 5319 de'
2806 5245 2914 5300 hac
2944 5242 3345 5319 translatione.

1978 5321 2165 5391 Hujus
2197 5319 2326 5374 festi
2360 5313 2700 5391 propagatio
2724 5316 2782 5370 in
2806 5316 3122 5391 monachos
3145 5313 3553 5391 Benedictinos

1908 5383 2225 5463 rejici'enda
2249 5383 2768 5463 est-ad:te'_mpo_ra
2810 5387 3008 5463 sancti
3049 5386 3206 5463 _Petri
3261 5383 3552 5463 Damiani,

1909 5454 2849 5534 quandoAppendiighuicinissali
2873 5457 3027 5534 libro
3042 5459 3192 5513 facta
3210 5460 3317 5534 est,
3337 5454 3556 5534 quique

1909 5527 2084 5589 etiam
2119 5527 2418 5588 ser—mones
2449 5531 2655 5586 habuit
2683 5532 2745 5602 (t.
2781 5531 2850 5598 ll,
2884 5547 2942 5602 p.
2969 5530 3058 5602 3t,
3091 5532 3224 5598 etc.)
3252 5527 3310 5580 in
3339 5527 3558 5602 festivo

1911 5605 2040 5678 ejus
2066 5605 2158 5678 die
2177 5607 2246 5678 (t.
2271 5603 2340 5672 ΙΙ,
2365 5620 2422 5678 p.
2443 5603 2534 5673 31,
2562 5595 2720 5675 etc),
2737 5595 2845 5659 ubi
2861 5595 2931 5658 d'e
2953 5601 3156 5658 eadem
3175 5595 3556 5660 translatione

1909 5674 2086 5739 verba
2115 5674 2272 5737 facit.

3041 5796 3125 5886 ’ἓ
