3978 6360
426 323 560 382 -875

1629 315 1815 378 ΞᾹΞΕ.
1863 316 1945 379 XI
1987 313 2298 376 MONUM.
2347 309 2658 375 LITURG.

3736 301 3862 361 8'76

444 469 792 510 veneramur
822 452 978 521 festi,
1010 456 1067 508 te
1097 451 1418 524 opitulante
1450 452 1577 523 ejus
1607 449 1936 506 sanctitatis
1961 447 2089 503 imi-
2123 449 2176 514 Α
2278 447 2362 501 Da
2391 445 2579 513 nobis,
2616 459 2974 516 quaesumus,
3003 441 3373 513 omnipotens
3404 437 3578 505 Deus,
3612 438 3681 524 ut
3705 434 3865 489 sicut

438 543 560 615 tari
588 540 887 598 valeamus
904 540 1187 614 exempla,
1207 545 1263 596 et
1280 543 1450 612 cujus
1472 539 1698 595 meritis
1720 553 2093 610 nequaquam

426 615 766 703 possumus
796 631 1103 702 coaequari,
1129 631 1257 702 ejus
1279 628 1548 703 precibus
1575 644 1906 684 mercamur
1926 627 2093 697 adju-

448 720 571 776 vari
602 737 705 792 per
734 721 1051 776 Christum.

840 826 899 863 IN
929 825 1385 865 ANNUNTIATIONE
1407 824 1703 863 DOMINICA.

433 966 436 970 ι
522 897 600 970 (λγ)
625 899 854 952 ίἘίθιιηθ
885 898 1060 954 Deus.
1095 898 1200 962 Qui
1232 915 1334 970 per
1373 898 1553 952 beatae
1597 894 1790 950 Marias
1838 891 2096 964 Virginis

447 991 683 1059 partum
713 985 977 1042 Ecclesia:
1006 991 1120 1042 tua
1151 986 1407 1042 tribuisti
1432 983 1697 1040 mirabile
1729 981 2094 1055 mysterium,

447 1082 502 1130 et
553 1075 942 1131 inenarrabile
991 1079 1447 1142 sacramentum,
1494 1074 1553 1127 in
1598 1089 1715 1142 qua
1764 1074 1961 1125 manet
2007 1069 2094 1122 in-

451 1167 606 1218 tacta
637 1164 899 1229 castitas,
935 1166 1125 1236 pudor
1145 1165 1387 1236 integer,
1414 1163 1582 1216 firma
1603 1158 1948 1222 constantia,
1972 1175 2095 1230 quas

438 1243 696 1319 laetatur,
750 1253 902 1323 quod
953 1253 1128 1325 Virgo
1178 1251 1664 1323 concepit,,quod
1724 1247 1850 1304 coeli
1902 1247 2095 1301 Domi-

452 1358 594 1395 num
627 1342 805 1397 castis
831 1341 1081 1412 portavit
1113 1341 1451 1407 visceribus,
1486 1338 1642 1410 quod
1689 1338 1866 1408 Virgo
1917 1334 2099 1390 edidit

448 1432 704 1500 partum.
735 1429 778 1484 Ο
813 1430 1161 1484 admiranda
1210 1429 1416 1484 divinae
1463 1425 1919 1499 dispensationis
1963 1441 2098 1496 ope-

450 1518 616 1585 ratio,
653 1535 777 1590 quze
823 1518 1014 1573 virum
1065 1535 1179 1573 non
1233 1517 1502 1589 cognovit
1549 1519 1604 1570 et
1652 1518 1838 1570 mater
1885 1516 1991 1579 est,
2044 1516 2102 1565 et

449 1611 582 1678 post
633 1607 817 1663 filium
870 1607 1045 1679 Virgo
1098 1605 1213 1663 est!
1271 1606 1511 1661 Duobus
1561 1604 1716 1659 enim
1767 1602 1968 1676 gavisa
2015 1604 2103 1656 est

448 1696 818 1764 muneribus,
858 1696 1106 1751 miratur
1153 1697 1306 1767 quod
1357 1694 1532 1765 Virgo
1579 1692 1820 1764 peperit,
1873 1691 2102 1745 laetatur

444 1785 604 1859 quod
638 1785 1086 1856 Redemptorem
1120 1785 1324 1839 mundi
1360 1782 1541 1838 edidit
1569 1783 1771 1836 Jesum
1803 1779 2097 1835 Christum

452 1873 767 1929 Dominum
821 1877 1108 1929 nostrum.
1163 1873 1342 1936 Quem
1391 1870 1637 1925 laudant
1688 1867 1879 1939 angeli
1926 1872 2103 1938 atque

453 1960 805 2033 archangeli,
836 1961 1139 2017 cherubim
1168 1976 1399 2032 quoque
1428 1976 1492 2014 ac
1526 1957 1843 2029 seraphim,
1866 1955 1964 2028 qui
1988 1973 2102 2011 non

451 2054 684 2106 cessant
714 2048 968 2105 clamare
1001 2049 1261 2121 quotidie
1295 2065 1413 2103 una
1440 2064 1575 2104 voce
1623 2046 1910 2101 dicentes:
1958 2045 2101 2100 San-

456 2143 606 2214 ctus,
643 2141 902 2194 sanctus.

687 2243 747 2282 IN
779 2243 1102 2282 NATIVITATE
1133 2244 1342 2281 SANCTE
1371 2242 1568 2280 MARIrE
1598 2239 1871 2280 VIRGINIS.

527 2315 605 2386 (t)
633 2316 882 2387 quuum
915 2319 973 2371 et
1004 2314 1280 2385 salutare,
1317 2332 1421 2370 nos
1448 2314 1552 2369 tibi
1586 2314 1643 2368 in
1676 2312 1941 2366 omnium
1971 2328 2103 2367 san-

454 2407 682 2477 ctorum
744 2408 978 2459 tuorum
1027 2409 1298 2476 provectu
1350 2404 1570 2476 gratias
1615 2418 1804 2474 agere,
1861 2401 2105 2456 Domine

454 2497 673 2562 sancte,
716 2495 885 2548 Pater
934 2494 1326 2566 omnipotens,
1379 2498 1590 2548 aeterne
1638 2491 1813 2560 Deus,
1863 2493 1919 2545 et
1961 2507 2104 2561 prae-

456 2579 622 2656 cipue
654 2597 758 2651 pro
789 2579 1015 2636 meritis
1049 2580 1224 2634 beatm
1257 2580 1355 2634 Dei
1385 2579 1682 2651 genitricis
1705 2577 1897 2633 Mariae
1920 2577 2108 2649 gratia

456 2667 663 2740 plenas,
694 2673 854 2723 tuam
887 2669 1370 2741 omnipotentiam
1404 2667 1661 2735 laudare,
1685 2667 2029 2723 benedicere
2053 2668 2132 2721 et'

458 2757 789 2830 praedicare.
823 2758 1006 2821 Quem
1039 2757 1282 2812 laudant
1313 2757 1504 2830 angeli
1535 2766 1594 2812 ut
1635 2774 1820 2828 supra.

711 2863 772 2900 IN
792 2862 1180 2900 SOLEMNITATE
1211 2861 1447 2899 OMNIUM
1494 2862 1857 2899 SANCTORUM.

464 3003 466 3006 ι
534 2935 613 3005 (τ)
636 2934 862 2988 [Eterne
879 2933 1052 2987 Deus.
1078 2931 1457 2987 Clementiam
1479 2937 1642 2986 tuam
1658 2931 1998 3004 suppliciter
2013 2931 2110 2986 ob-

464 3025 781 3086 secrantes,
817 3023 883 3074 ut
911 3037 1045 3075 cum
1077 3019 1474 3076 exultantibus
1508 3021 1725 3076 sanctis
1771 3022 1830 3074 in
1861 3019 2111 3075 caelestis

465 3109 630 3182 regni
662 3108 952 3164 cubilibus
982 3108 1196 3180 gaudia
1226 3113 1425 3164 nostra
1456 3110 1800 3181 conjungas.
1849 3111 1915 3163 Et
1962 3125 2109 3180 quos

464 3197 698 3256 virtutis
729 3196 1049 3253 imitatione
1075 3215 1188 3252 non
1219 3215 1535 3270 possumus
1567 3198 1750 3269 sequi,
1784 3198 1990 3253 debitae
2021 3215 2108 3253 ve-
2138 3177 2181 3243 (ἶ

469 3285 788 3341 nerationis
819 3287 1228 3360 contingamus
1259 3288 1488 3355 affectu,
1525 3303 1627 3359 per
1655 3286 1951 3342 Christum
2002 3292 2108 3342 Do-

471 3375 699 3430 minum
730 3379 1016 3430 nostrum.
1051 3375 1157 3430 Per
1185 3391 1379 3446 quem.

463 3527 468 3530 _
673 3481 733 3518 IN
763 3479 1114 3520 FESTIVITATE
1144 3480 1333 3518 SANCTI
1367 3481 1599 3519 MARTINI
1630 3481 1900 3520 EPISCOPI.

465 3618 468 3621 _
537 3551 614 3624 (ῒ)
648 3553 874 3608 fEterne
903 3553 1076 3608 Deus.
1109 3553 1288 3623 Cujus
1320 3569 1558 3608 munere
1588 3553 1794 3608 beatus
1822 3554 2107 3609 Martinus

461 3641 759 3698 confessor
785 3642 1004 3712 pariter
1033 3645 1090 3696 et
1119 3642 1412 3706 sacerdos,
1446 3645 1503 3696 et
1533 3642 1819 3697 bonorum
1864 3658 2104 3713 operum

456 3730 835 3785 incrementis
868 3730 1138 3799 excrevit,
1171 3736 1229 3784 et
1258 3730 1433 3784 variis
1460 3729 1739 3785 virtutum
1792 3731 1961 3785 donis
2009 3747 2105 3785 ex-

455 3806 719 3874 uberavit
747 3822 804 3873 et
833 3818 1136 3874 miraculis
1189 3818 1531 3873 coruscavit.
1587 3819 1868 3890 Quodque
1913 3819 2104 3874 verbis

457 3905 709 3975 edocuit,
751 3922 992 3976 operum
1040 3906 1394 3961 exhibitione
1443 3904 1770 3978 complevit,
1820 3911 1877 3960 et
1924 3907 2104 3962 docu-

458 3997 654 4048 mento
687 3992 863 4048 simul
897 3998 952 4048 et
983 3993 1246 4065 exemplo
1281 3995 1532 4049 subditis
1555 3996 1627 4049 ad
1650 3994 1905 4050 cmlestia
1924 4011 2104 4067 regna

457 4082 734 4136 ducatum
760 4081 1028 4152 praebuit.
1053 4081 1216 4136 Unde
1237 4071 1398 4136 tuam
1421 4081 1791 4138 clementiam
1823 4082 2099 4154 petimus,

453 4175 520 4225 ut
545 4171 672 4240 ejus
703 4173 804 4242 qui
822 4159 940 4226 tibi
971 4170 1211 4242 placuit,
1240 4171 1522 4242 exemplis
1547 4171 1620 4226 ad
1645 4172 1789 4227 bene
1811 4173 2100 4243 agendum

453 4259 908 4325 conformemur,
941 4258 1164 4314 meritis
1197 4258 1554 4324 muniamur,
1581 4259 2100 4317 intercessionibus

454 4347 818 4426 adjuvemur,
853 4347 1104 4419 qualiter
1132 4348 1202 4402 ad
1235 4346 1465 4402 coeleste
1497 4364 1763 4420 regnum,
1797 4347 1895 4404 illo
1918 4349 2097 4405 inter-

450 4433 734 4500 veniente,
767 4440 824 4491 et
852 4439 907 4490 te
939 4434 1263 4507 opitulante
1294 4436 1592 4508 pervenire
1618 4453 1963 4494 mereamur.
1990 4440 2097 4495 Per

452 4522 752 4581 Christum
778 4523 1089 4580 Dominum
1117 4530 1402 4581 nostrum.

520 4613 694 4683 Deus,
728 4613 828 4685 qui
859 4631 965 4669 nos
997 4614 1416 4686 redemptionis
1448 4617 1657 4671 nostrae
1680 4633 1875 4672 annua
1894 4634 2091 4690 exspe-

449 4701 698 4759 ctatione
756 4701 1038 4772 laatificas,
1091 4708 1305 4777 praesta
1354 4709 1417 4760 ut
1466 4704 1844 4778 Unigenitum
1900 4710 2093 4778 tuum,

448 4808 622 4863 quem
664 4793 1108 4864 Redemptorem
1152 4793 1266 4848 leti
1318 4794 1715 4866 suscepimus;
1765 4795 2095 4850 venientem

447 4894 678 4950 quoque
715 4880 981 4936 Judicem
1032 4882 1220 4938 securi
1264 4882 1566 4938 videamus
1620 4882 1933 4938 Dominum
1984 4900 2091 4938 no-

447 4970 655 5022 strum.

517 5190 628 5267 (ΒΞ)
651 5192 1151 5267 Hebdomadarius
1174 5194 1352 5250 lector
1371 5195 1426 5249 in
1455 5211 1660 5267 mensa
1680 5194 1750 5267 ad
1785 5195 2093 5267 praescrip-

444 5262 806 5334 tumRegulze
819 5264 934 5338 divi
958 5266 1246 5321 Benedicti
1272 5269 1418 5338 (cap.
1437 5267 1525 5336 38)
1545 5262 1935 5336 debebat-post
1951 5262 2090 5321 mi's-

443 5349 539 5414 sas
553 5338 742 5414 etcom
753 5335 1711 5414 munionemdieDomihicopetere
1727 5335 2090 5414 suprascrip-

439 5405 515 5468 tis
544 5405 849 5466 versiculis
863 5408 934 5467 ab
949 5407 1224 5465 omnibus
1242 5413 1306 5464 ut
1322 5425 1424 5482 pro
1453 5405 1780 5481 se—orarent,
1803 5405 1871 5465 'et
1891 5413 1979 5466 ter
2000 5405 2092 5474 re-

2117 4541 2165 4607 D

2206 535 2504 590 adoranda
2535 533 2661 588 Filii
2692 533 2778 587 tui
2811 531 3084 587 Natalitia
3129 527 3538 602 praevenimus,
3591 523 3679 580 sic
3730 525 3864 595 ejus

2206 641 2260 678 m
2271 639 2449 679 unera
2461 622 2762 694 capiamus
2777 621 3131 692 sempiterna
3145 619 3487 691 gaudentes.
3505 613 3613 682 Qui
3635 618 3861 670 tecum.

2278 733 2358 803 (ῒ)
2401 731 2628 786 fEterne
2671 729 2847 796 Deus,
2897 744 2999 800 per
3043 725 3340 783 Christum
3381 721 3704 779 Dominum
3757 736 3866 775 no-

2207 823 2415 875 strum.
2449 819 2630 890 Cujus
2661 818 2833 874 hodie
2877 817 3082 872 faciem
3128 815 3188 870 in
3237 811 3664 869 confessionem
3712 826 3864 882 pre-

2203 910 2494 977 venimus,
2529 912 2585 963 et
2613 924 2752 963 voce
2783 905 3028 978 supplici
3062 919 3391 968 exoramus,
3431 904 3495 956 ut
3538 915 3864 972 superven-

2205 1001 2345 1052 turae
2382 996 2567 1052 noctis
2619 995 2825 1051 officiis
2873 1011 2979 1050 nos
3026 993 3107 1049 ita
3150 988 3460 1064 pervigiles
3509 988 3737 1056 reddat,
3798 989 3867 1041 ut

2206 1086 2452 1141 sinceris
2482 1085 2778 1140 mentibus
2808 1085 2935 1155 ejus
2966 1081 3263 1154 percipere
3290 1094 3622 1135 mereamur
3651 1075 3866 1132 Natale

2203 1179 2538 1230 venturum.
2577 1175 2635 1228 In
2669 1191 2782 1246 quo
2816 1171 3129 1227 invisibilis
3161 1187 3228 1225 ex
3259 1166 3593 1223 substantia
3623 1170 3729 1220 tua
3775 1164 3865 1217 vi-

2207 1264 2363 1319 sibili
2406 1281 2508 1334 per
2557 1279 2789 1317 carnem
2842 1259 3110 1334 apparuit
3157 1259 3214 1314 in
3267 1260 3487 1323 nostra,
3542 1260 3864 1324 tecumque

2209 1369 2324 1406 uno
2358 1369 2471 1406 non
2509 1357 2782 1422 tempore,
2817 1351 3068 1422 genitus,
3102 1365 3216 1402 non
3258 1350 3468 1401 natura
3514 1344 3759 1398 inferior
3790 1342 3863 1396 ad

2211 1459 2317 1496 nos
2348 1441 2504 1496 venit
2529 1458 2596 1495 ex
2629 1445 2905 1512 tempore,
2939 1443 3112 1494 natus
3142 1437 3316 1492 Jesus
3347 1434 3612 1490 Christus
3661 1431 3862 1488 Domi-

2213 1549 2324 1586 nus
2357 1535 2572 1584 noster.
2608 1529 2712 1584 Per
2739 1545 2912 1600 quem
2947 1528 3337 1597 majestatem.

2283 1637 2392 1708 (31)
2425 1636 2665 1691 Domine
2695 1635 2852 1690 labia
2882 1651 3010 1690 mea
3041 1633 3285 1706 aperies.
3330 1630 3562 1687 Salvum
3593 1630 3682 1684 fac
3734 1645 3866 1685 ser-

2215 1743 2350 1780 vum
2381 1731 2569 1780 tuum.
2606 1725 2768 1779 Mitte
2797 1724 2868 1790 ei,
2897 1723 3163 1793 Domine,
3198 1720 3480 1778 auxilium
3511 1721 3580 1775 de
3628 1721 3858 1774 sancto.

2130 1815 2178 1880 B
2213 1815 2475 1880 Domine,
2508 1812 2799 1868 custodiat
2828 1816 2884 1868 te
2915 1811 2985 1866 ab
3017 1811 3178 1866 omni
3208 1809 3383 1866 malo.
3426 1807 3711 1863 Dominus
3760 1823 3866 1861 cu-

2213 1903 2425 1957 stodiat
2458 1901 2758 1956 introitum
2793 1904 2958 1955 tuum
2993 1905 3048 1955 et
3072 1899 3292 1954 exitum
3335 1902 3526 1953 tuum.
3576 1897 3646 1951 Et
3696 1895 3865 1953 aufe-

2212 1995 2301 2045 rat
2326 2010 2355 2044 a
2392 1996 2446 2045 te
2479 1990 2751 2060 spiritum
2782 1986 3069 2044 elationis.
3095 1990 3301 2044 Amen.

2285 2120 2310 2145 ‹‹
2348 2098 2532 2160 Quam
2567 2096 2803 2167 quidem
2837 2095 3067 2167 copiam
3091 2111 3195 2167 ego
3217 2093 3489 2150 Nicolaus
3509 2092 3700 2148 Giomi
3723 2093 3869 2148 San-

2213 2185 2633 2240 cto-Severinas
2667 2183 2936 2256 publicus
2987 2183 3084 2238 Dei
3127 2182 3313 2255 gratia
3361 2181 3701 2254 apostolica,
3753 2179 3868 2236 im-

2196 2273 2536 2346 .perialique
2562 2272 3020 2339 auctoritatibus.
3041 2271 3304 2327 notarius
3351 2271 3410 2326 in
3460 2270 3696 2326 archivo
3749 2270 3870 2326 Ro-

2217 2379 2402 2417 manae
2435 2361 2607 2416 curia
2657 2360 2989 2432 descriptus
3038 2359 3288 2415 ﬁdeliter
3337 2375 3439 2430 per
3484 2358 3666 2414 alium
3718 2359 3870 2414 mihi

2216 2452 2398 2505 ﬁdum
2432 2450 2732 2505 extrahere
2763 2454 2819 2504 et
2849 2449 3077 2521 capiare
3099 2448 3203 2502 feci
3225 2465 3293 2503 ex
3312 2447 3712 2520 suprascripto
3737 2465 3867 2519 per-

2217 2539 2454 2610 antiquo
2488 2538 2712 2594 missali
2746 2539 2815 2592 ad
2850 2555 3024 2592 usum
3056 2536 3194 2592 olim
3218 2536 3369 2591 beati
3401 2536 3550 2590 Petri
3593 2536 3864 2592 cardina-

2216 2628 2289 2682 lis
2327 2628 2588 2682 Damiani
2622 2626 2977 2692 inservienti,
3011 2630 3067 2681 et
3098 2625 3168 2680 ab
3199 2626 3403 2680 eodem
3447 2625 3598 2680 dono
3651 2627 3865 2681 tradito

2217 2717 2418 2771 devoto
2434 2714 3068 2786 illiusdiscipulobeato
3085 2713 3386 2770 Dominico
3409 2713 3692 2782 Loricato,
3718 2715 3864 2770 mihi

2217 2806 2289 2860 ad
2321 2803 2661 2876 hujusmodi
2693 2803 2958 2859 effectum
2986 2803 3198 2858 tradito
3223 2807 3281 2858 et
3323 2807 3523 2875 postea
3570 2803 3864 2858 restituto.

2215 2895 2377 2958 Quod
2409 2893 2643 2965 quidem
2676 2892 2911 2948 Missale
2941 2892 3269 2948 custoditur
3299 2892 3356 2947 in
3406 2890 3648 2963 priorali
3690 2908 3869 2964 paro-

2217 2982 2392 3037 chiali
2423 2982 2666 3038 ecclesia
2694 2985 2914 3036 Sancta:
2943 2984 3121 3035 Annae
3143 2979 3324 3037 Castri
3351 2979 3640 3037 Frontalis
3663 2981 3864 3037 Sancti

2218 3071 2472 3126 Severini
2505 3070 2791 3137 dimcesis,
2826 3086 2891 3125 ac
2933 3069 3176 3141 publica;
3225 3069 3580 3125 venerationi
3627 3073 3867 3142 exponi-

2218 3165 2315 3216 tur
2343 3164 2398 3216 et
2428 3163 2760 3216 asservatur
2789 3160 2846 3213 in
2888 3158 3221 3230 reliquiario
3273 3160 3472 3231 ﬁgurae
3518 3160 3865 3216 orbicularis

2221 3248 2448 3304 carulei
2481 3266 2546 3304 ac
2577 3249 2790 3304 diversi
2820 3247 3030 3304 coloris
3079 3253 3419 3304 ornamento
3468 3248 3714 3305 interius
3766 3250 3863 3305 de-

2220 3339 2391 3410 picto,
2425 3337 2720 3410 similique
2749 3338 2936 3393 forma
2967 3337 3219 3392 exterius
3250 3336 3309 3391 in
3345 3341 3506 3408 parte
3554 3338 3864 3410 posteriori

2219 3427 2520 3495 decorato;
2554 3425 2612 3481 in
2637 3427 2909 3482 anteriori
2937 3443 3070 3481 vero
3098 3425 3297 3482 vitreis
3346 3426 3639 3499 repagulis
3683 3427 3862 3484 simul

2218 3517 2458 3572 annexis
2489 3534 2555 3572 ac
2584 3515 2824 3587 plumbo
2857 3514 3145 3588 colligatis
3175 3514 3392 3582 clauso,
3427 3514 3750 3588 incisisque
3794 3533 3864 3572 ex

2215 3604 2373 3677 ligno
2399 3605 2665 3678 pluribus
2698 3605 3003 3660 frondibus
3033 3621 3099 3660 ac
3129 3604 3369 3660 ﬂoribus
3416 3604 3700 3660 inauratis
3749 3606 3860 3661 cir-

2215 3695 2511 3761 cumdato,
2546 3698 2718 3766 prout
2750 3693 2806 3748 id
2838 3697 3025 3748 totum
3058 3693 3210 3748 clare
3235 3697 3465 3749 constat
3493 3710 3560 3748 ex
3609 3693 3860 3749 authen-

2213 3783 2344 3838 ticis
2377 3784 2441 3838 R.
2477 3784 2536 3838 P.
2581 3784 2647 3838 D.
2697 3781 3006 3838 Alexandri
3054 3782 3230 3850 Calvi,
3281 3782 3420 3838 olim
3471 3783 3541 3837 de
3588 3783 3861 3854 Organis,

2212 3871 2465 3944 episcopi
2508 3871 2702 3927 Sancti
2736 3871 3012 3938 Severini,
3047 3876 3102 3926 et
3135 3870 3458 3927 successive
3491 3887 3561 3926 ex
3604 3871 3739 3942 aliis
3792 3872 3854 3928 R.

2213 3960 2272 4014 P.
2310 3965 2370 4013 [).
2406 3960 2662 4032 Dionysii
2695 3959 3073 4032 Pieragostini
3105 3959 3359 4031 episcopi
3391 3959 3606 4032 pariter
3623 3963 3859 4016 Sancto-

2213 4049 2490 4115 Severini,
2526 4045 2635 4105 sub
2662 4065 2916 4121 quorum
2939 4047 3150 4121 sigillis
3173 4053 3536 4105 asservatum
3560 4050 3853 4105 manebat.

2210 4137 2354 4192 Cum
2390 4137 2487 4209 qui
2520 4137 2756 4209 quidem
2787 4136 3004 4194 Missali
3036 4137 3190 4192 facta
3239 4154 3342 4209 per
3380 4154 3473 4192 me
3526 4137 3854 4209 collatione,

2211 4225 2268 4280 in
2298 4226 2573 4282 omnibus
2604 4231 2660 4282 et
2688 4243 2789 4298 per
2820 4225 3018 4280 omnia
3049 4226 3400 4281 concordare
3431 4225 3625 4282 inveni
3677 4227 3856 4283 etiam

2209 4316 2398 4385 quoad
2451 4316 2701 4371 formam
2751 4315 3079 4387 aliquarum
3126 4315 3452 4370 litterarum
3497 4315 3850 4373 Graecarum.

2208 4404 2374 4459 Salvo
2407 4421 2654 4477 semper,
2689 4409 2795 4460 etc.
2831 4405 2961 4460 Ideo
2999 4406 3070 4460 ad
3119 4404 3293 4460 fidem
3343 4404 3437 4459 hic
3485 4420 3577 4459 me
3621 4405 3852 4477 scripsi,

2206 4493 2529 4565 subscripsi
2564 4497 2621 4549 et
2651 4493 2966 4565 publicavi,
3000 4509 3245 4566 meoque
3276 4493 3445 4548 solito
3496 4494 3686 4566 signo,
3736 4510 3852 4566 quo

2206 4586 2357 4648 utor,
2393 4581 2614 4637 munivi
2647 4581 2984 4652 requisitus.

2277 4712 2304 4737 ‹‹
2333 4688 2507 4760 Apyri
2538 4687 2647 4744 hac
2677 4687 2769 4744 die
2800 4689 3026 4745 decima
3058 4689 3264 4761 quinta
3295 4689 3519 4746 mensis
3550 4689 3688 4745 Maii
3713 4691 3853 4748 anni

2205 4777 2362 4832 4746.

2950 4926 2976 4952 ‹‹
3016 4903 3162 4958 Loco
3188 4907 3216 4969 δ(
3245 4902 3397 4974 signi
3441 4901 3784 4960 notariatus.
3820 4925 3850 4959 ν

2202 5197 2406 5269 petito:
2443 5195 2689 5261 Domine,
2723 5197 2870 5252 labia
2907 5213 3027 5253 mea.
3073 5199 3304 5269 aperies,
3353 5195 3615 5268 accipere
3668 5197 3850 5269 bene—

2202 5267 2533 5340 dictionem.
2560 5269 2665 5332 Qui
2689 5285 2816 5340 mos
2837 5269 2990 5340 apud
3016 5267 3333 5340 monachos
3351 5272 3615 5340 servatur
3631 5267 3850 5337 adhuc,

2203 5345 2268 5414 ut
2299 5339 2500 5414 scribit
2526 5357 2678 5412 saape
2709 5337 2984 5396 laudatus
3015 5338 3327 5395 cardinalis
3369 5340 3524 5396 Bona
3565 5337 3688 5414 (lib.
3722 5357 3763 5411 1,
3796 5357 3847 5409 c,

2200 5412 2252 5485 3,
2288 5429 2344 5471 n.
2378 5413 2453 5488 3),
2486 5427 2717 5489 usuque
2748 5414 2873 5487 ipso
2903 5415 3079 5488 patet.
