3978 6394
409 401 413 404 -
452 365 570 432 859

1639 365 1830 430 ssc.
1875 363 1950 428 xu
1997 364 2308 429 menum.
2354 362 2670 449 meae.

3743 362 3858 426 860

453 519 605 573 mur,
629 505 695 559 ut
733 498 1021 558 famulum
1053 498 1150 574 (as)
1180 503 1348 556 tuum
1370 498 1466 573 (as)
1488 499 1558 556 de
1578 504 1681 558 tua
1701 499 2100 557 misericordia
2127 500 2180 567 Α
2211 499 2280 555 de
2308 485 2547 572 corpore
2579 495 2732 554 exire
2753 493 3025 568 jusseris,
3059 511 3195 570 pars
3241 493 3446 569 iniqua
3475 494 3536 552 in
3594 511 3689 553 me
3741 513 3854 554 non

451 592 840 649 conﬁdentem
873 591 970 663 (es)
1002 588 1221 646 omlesti
1253 594 1523 662 protegas
1545 590 1835 664 benignus
1857 589 2092 657 auxilio,

451 687 508 736 et
536 681 775 737 assidua
804 697 936 736 eum
970 679 1068 751 (as)
1101 677 1456 750 protectione
1514 697 1838 744 conserves,
1897 682 1961 732 ut
1991 677 2095 732 tibi

443 770 668 842 jugiter
691 768 1010 824 famuletur
1040 767 1268 841 (ent-ur),
1301 772 1357 822 et
1392 766 1571 823 nullis
1601 767 2022 822 tentationibus
2064 784 2098 821 a

447 864 504 914 te
534 863 835 931 separetur
865 856 1090 929 (antur).
1129 857 1252 911 Per.

518 950 806 1020 Praefatio.
838 952 1007 1012 Deus,
1043 946 1133 1000 cui
1167 945 1470 1018 proprium
1502 949 1610 1013 est,
1655 949 1762 1000 etc.
1793 962 1806 1012 ;
1838 944 2090 1015 suscipe,

448 1036 901 1094 clementissime
933 1035 1120 1100 Pater,
1155 1034 1406 1089 hostiam
1432 1033 1776 1106 placationis
1794 1037 1848 1088 et
1879 1031 2091 1098 laudis,

449 1143 628 1199 quam
656 1141 760 1197 ego
788 1125 1065 1196 indignus
1098 1122 1354 1178 famulus
1384 1127 1522 1177 tuus
1555 1123 1825 1177 sacerdos
1856 1120 1960 1176 tibi
2008 1122 2088 1175 of-

451 1217 597 1271 ferre
628 1230 916 1286 praesumo
947 1212 1017 1266 ad
1051 1211 1332 1266 honorem
1363 1216 1419 1265 et
1447 1210 1692 1282 gloriam
1723 1207 1977 1264 nominis
2007 1208 2091 1263 tui

449 1321 551 1376 pro
579 1301 977 1357 incolumitate
1010 1298 1210 1355 famuli
1243 1301 1437 1370 (arum)
1474 1298 1563 1353 tui
1593 1298 1858 1369 (tuarum)
1893 1296 1999 1363 ill.,
2029 1300 2093 1351 ut

446 1391 709 1448 omnium
741 1389 1086 1445 delictorum
1127 1405 1369 1444 suorum
1422 1386 1648 1442 veniam
1699 1388 2092 1457 consequatur

445 1482 676 1552 (antur).
703 1479 830 1534 Per.

512 1569 968 1626 Postea-inmunia.
1012 1566 1327 1621 Puriﬁceut
1375 1582 1500 1632 nos,
1562 1579 1922 1636 quaesumus,
1973 1562 2088 1617 Do-

443 1660 620 1726 mine,
657 1661 1024 1714 sacramenta
1065 1659 1267 1711 sancta
1299 1671 1426 1726 quae
1458 1652 1844 1725 sumpsimus,
1896 1656 1951 1707 et
2004 1652 2086 1706 fa-

442 1748 671 1804 mulum
701 1748 800 1818 (as)
832 1746 914 1800 ill.
952 1746 1022 1800 ab
1072 1743 1232 1799 omni
1290 1742 1464 1815 culpa
1522 1741 1768 1797 liberum
1805 1741 1902 1811 ras)
1961 1757 2088 1796 esse

441 1837 710 1902 concede,
745 1841 809 1889 ut
838 1833 935 1906 qui
970 1831 1342 1888 conscientiae
1374 1848 1491 1886 sua:
1543 1835 1701 1885 reatu
1735 1829 2087 1901 constringi-

441 1930 538 1980 tur
567 1924 836 1996 (guntur),
869 1924 940 1977 de
969 1921 1218 1976 caelestis
1264 1919 1506 1974 remedii
1557 1918 1922 1991 plenitudine
1965 1917 2086 1990 glo-

438 2013 624 2070 rietur
650 2011 874 2085 (antur).
909 2011 1031 2066 Per.

943 2142 1113 2181 MISSA
1171 2141 1281 2180 PRO
1343 2141 1604 2179 INFIRMO.

509 2233 890 2305 Omnipotens
921 2230 1272 2303 scmpiterne
1297 2229 1473 2294 Deus,
1507 2229 1668 2284 salus
1698 2233 1913 2284 aeterna
1963 2245 2085 2284 cre-

436 2324 724 2393 dentium,
747 2320 952 2376 exaudi
981 2338 1084 2375 nos
1108 2337 1209 2392 pro
1233 2318 1450 2374 famulo
1474 2319 1563 2390 (is)
1586 2323 1685 2373 tuo
1708 2319 1815 2389 (is),
1843 2335 1944 2389 pro
1968 2334 2084 2389 quo

435 2411 672 2485 (quibus)
705 2409 1114 2465 misericordiae
1174 2413 1286 2464 tua:
1327 2406 1711 2479 imploramus
1760 2407 2063 2468 auxilium.

434 2506 500 2556 ut
529 2499 754 2556 reddita
783 2499 893 2554 sibi
928 2499 1180 2553 sanitate
1206 2496 1528 2570 gratiarum
1563 2497 1668 2551 tibi
1720 2496 1779 2550 in
1829 2495 2086 2551 Ecclesia

433 2595 533 2646 tua
565 2590 773 2644 referat
803 2588 942 2659 (ant)
973 2587 1257 2642 actionem
1292 2587 1408 2658 (es).
1438 2586 1562 2640 Per.

502 2679 737 2734 Secreta.
762 2677 936 2744 Deus,
961 2677 1070 2730 sub
1094 2677 1264 2746 cujus
1287 2675 1687 2729 moderamine
1715 2673 1846 2728 vita:
1872 2678 2080 2729 nostrae

431 2769 730 2823 momenta
759 2767 1100 2834 decurrunt,
1133 2764 1366 2835 suscipe
1396 2779 1596 2835 preces
1628 2767 1686 2816 et
1725 2762 1948 2818 hostias
1997 2763 2078 2817 fa-

434 2855 579 2911 muli
611 2854 719 2920 tui,
752 2870 856 2925 pro
888 2869 1002 2924 quo
1035 2851 1494 2907 misericordiam
1544 2856 1708 2905 tuam
1763 2855 2079 2922 aegrotante

431 2943 839 3016 imploramus,
873 2946 938 2996 ut
965 2942 1035 2996 de
1080 2941 1251 3009 cujus
1313 2938 1568 3012 periculo
1618 2939 1956 3008 metuimus,
2008 2943 2079 2998 de

433 3033 564 3103 ejus
586 3030 776 3088 salute
806 3030 1090 3085 laetemur.
1127 3030 1252 3085 Per.

507 3122 844 3177 Communia.
877 3124 1025 3174 Deus
1056 3116 1414 3173 infirmitatis
1462 3116 1731 3171 humanae
1781 3117 2077 3191 singulare

434 3211 770 3284 praesidium
798 3208 995 3265 auxilii
1018 3208 1104 3263 tui
1158 3223 1331 3280 Super
1372 3207 1772 3280 intirmum(as)
1789 3209 2074 3265 famulum
2107 3239 2150 3305 ρ

433 3300 535 3372 (as)
569 3303 734 3356 tuum
765 3300 866 3369 (as)
898 3299 1136 3353 ostende
1166 3297 1460 3362 virtutem,
1495 3304 1558 3352 ut
1597 3314 1703 3369 ope
1749 3298 2074 3354 misericor-

431 3388 538 3444 diae
571 3395 681 3445 tuae
715 3389 954 3459 adjutus
981 3387 1065 3458 (ti)
1090 3385 1350 3442 Ecclesia:
1381 3390 1490 3441 ture
1521 3389 1732 3442 sancta-3
1759 3391 2075 3458 praesenta-

430 3479 476 3533 ri
509 3481 803 3534 mereatur
831 3477 1060 3550 (antur).
1095 3477 1220 3530 Per.

956 3610 1125 3649 MISSA
1185 3609 1294 3648 PRO
1353 3610 1548 3648 SEIPSO
1559 3632 1568 3644 .

499 3701 848 3775 Suppliciter
886 3705 961 3766 te,
997 3701 1170 3768 Deus,
1206 3700 1372 3755 Pater
1423 3699 1814 3769 omnipotens,
1864 3699 1964 3771 qui
2011 3716 2071 3754 es

426 3797 648 3848 creator
665 3791 928 3846 omnium
952 3806 1168 3855 rerum,
1194 3790 1490 3861 deprecor,
1527 3793 1591 3843 ut
1617 3789 1756 3843 dum
1780 3805 1871 3843 me
1893 3789 2078 3844 famu-

426 3879 550 3935 lum
579 3884 747 3933 tuum
779 3894 974 3933 coram
1001 3877 1424 3948 omnipotentia
1448 3876 1770 3947 majestatis
1802 3881 1912 3932 tum
1948 3895 2078 3949 gra-

425 3967 573 4023 viter
602 3965 920 4037 deliquisse
946 3966 1241 4030 conﬁteor,
1267 3981 1506 4019 manum
1534 3964 1945 4021 misericordiae
1969 3971 2078 4021 tua:

427 4055 569 4110 mihi
598 4055 882 4127 porrigas,
917 4058 1226 4126 quatenus,
1251 4055 1391 4108 dum
1413 4054 1564 4109 hanc
1584 4051 1934 4109 oblationem
1965 4058 2079 4110 tua:

427 4144 661 4218 pietatis
690 4143 886 4211 offero,
920 4142 1076 4214 quod
1110 4143 1376 4213 nequiter
1407 4141 1696 4212 commisi,
1740 4142 2080 4200 clementis-

425 4233 573 4289 sime
603 4230 860 4303 digneris
892 4229 1207 4285 absolvere.
1244 4229 1366 4284 Per.

497 4323 730 4376 Secreta.
784 4320 937 4375 Deus
965 4319 1396 4384 misericordiae,
1437 4318 1591 4373 Deus
1636 4318 1890 4390 pietatis,
1925 4324 2076 4375 Deus

424 4409 823 4481 indulgentiae,
856 4407 1114 4481 indulge,
1144 4411 1424 4480 qumso,et
1446 4406 1720 4462 miserere
1743 4408 1941 4475 mei,et
1969 4409 2077 4465 hoc

425 4497 797 4563 sacriﬁcium,
825 4498 978 4570 quod
1008 4497 1207 4569 pietati
1233 4501 1345 4552 tua:
1370 4496 1669 4552 humiliter
1689 4497 1884 4565 offero,
1913 4498 2074 4554 beni-

2206 589 2420 644 habeat
2453 591 2819 661 potestatem,
2861 587 2963 643 sed
3006 587 3251 660 angelus
3289 591 3428 643 tuus
3487 586 3650 658 pacis
3711 587 3859 643 inter

2206 680 2438 732 sanctos
2470 679 2526 731 et
2554 676 2766 732 electos
2795 681 2926 731 tuos
2959 691 3051 731 me
3083 675 3343 744 collocet,
3373 675 3473 731 ubi
3507 675 3606 730 lux
3636 688 3856 749 perma-

2205 770 2303 821 net
2334 764 2670 821 indeﬁciens
2699 769 2756 821 et
2784 764 2899 820 vita
2946 769 3248 838 perpetua.
3284 763 3391 829 Qui
3451 764 3598 821 vivis
3658 770 3717 822 et
3768 783 3854 822 re-

2205 872 2277 927 gn
2288 872 2371 910 as.

2695 961 2867 998 MISSA
2922 960 3034 998 PRO
3094 959 3368 998 OMNIBUS.

2276 1032 2490 1088 Pietate
2520 1036 2642 1097 tua,
2677 1049 3038 1105 quaesumus,
3075 1032 3337 1099 Domine,
3363 1035 3699 1087 nostrorum
3731 1047 3854 1088 om-

2204 1120 2366 1175 nium
2389 1121 2543 1177 solve
2565 1121 2796 1176 vincula
2816 1121 3251 1186 delictorum,et
3277 1121 3666 1177 intercedente
3689 1121 3855 1177 beata

2202 1212 2258 1264 et
2286 1209 2540 1282 gloriosa
2571 1227 2801 1281 semper
2831 1209 3050 1283 virgine
3079 1210 3179 1264 Dei
3205 1209 3484 1282 genitrice
3515 1209 3698 1266 Maria
3720 1226 3852 1266 cum

2201 1299 2476 1354 omnibus
2509 1299 2728 1354 sanctis
2761 1299 2896 1366 tuis,
2930 1300 3213 1354 domnum
3266 1315 3497 1371 papam,
3549 1299 3854 1371 pontiﬁces

2201 1393 2258 1443 et
2288 1388 2558 1442 abbatem
2590 1393 2880 1453 nostrum,
2915 1403 3081 1460 reges
3112 1392 3168 1443 et
3189 1388 3482 1459 principes
3513 1391 3766 1457 nostros,
3800 1393 3854 1444 et

2200 1490 2432 1530 omnem
2449 1474 2729 1547 populum
2749 1473 3671 1545 Christianum,nosquefamulos
3698 1479 3850 1540 tuos,

2199 1569 2375 1636 atque
2400 1563 2592 1620 locum
2610 1563 2787 1619 istum
2814 1581 2946 1619 cum
2969 1564 3244 1620 omnibus
3267 1563 3670 1620 habitantibus
3700 1563 3760 1618 in
3786 1580 3850 1620 eo

2201 1653 2260 1707 in
2301 1653 2459 1708 omni
2492 1654 2796 1708 sanctitate
2818 1653 3069 1719 custodi,
3104 1668 3425 1724 omnesque
3467 1652 3755 1708 afﬁnitate
3785 1670 3849 1708 ac

2197 1741 2614 1810 familiaritate,
2645 1741 2764 1797 sive
2793 1741 3075 1796 orationis
3125 1741 3631 1798 commendatione
3681 1741 3849 1798 nobis

2199 1832 2542 1901 eonjunctos
2573 1848 2605 1885 a
2635 1830 2788 1886 vitiis
2806 1847 3012 1902 purga,
3035 1830 3349 1887 virtutibus
3372 1829 3622 1898 illustra,
3646 1847 3848 1902 pacem

2199 1919 2514 1975 etsalutem
2540 1919 2707 1974 nobis
2731 1919 3147 1987 tribue,hostes
3166 1918 3428 1975 visibiles
3445 1923 3502 1975 et
3523 1919 3848 1976 invisibiles

2201 2025 2447 2074 remove,
2475 2007 2734 2064 carnalia
2763 2007 3052 2064 desideria
3073 2007 3306 2080 repelle,
3333 2024 3527 2064 aerem
3551 2008 3847 2065 salubrem

2198 2096 2455 2170 indulge,
2490 2097 2745 2152 inimicis
2806 2097 3024 2152 nostris
3082 2097 3427 2154 cbaritatem
3478 2097 3708 2171 largire,
3744 2115 3849 2155 nec

2198 2203 2313 2241 non
2345 2187 2607 2258 quisuas
2639 2185 3036 2258 eleemosynas
3079 2185 3246 2242 nobis
3297 2185 3490 2259 largiti
3535 2191 3696 2254 sunt,
3749 2188 3847 2243 de-

2195 2275 2332 2330 licta
2361 2275 2679 2330 clementer
2707 2275 2965 2348 ignosce,
2997 2279 3053 2330 et
3083 2274 3359 2331 omnibus
3391 2275 3662 2332 ﬁdelibus
3702 2276 3848 2332 vivis

2195 2370 2249 2419 et
2276 2363 2564 2419 defunctis
2598 2365 2654 2419 in
2687 2369 2844 2420 terra
2874 2365 3194 2420 viventium
3228 2365 3408 2421 vitam
3440 2366 3660 2437 pariter
3680 2370 3735 2422 et
3765 2385 3850 2423 re-

2195 2453 2391 2525 quiem
2422 2457 2697 2508 aternam
2728 2453 2996 2509 concede.
3031 2454 3138 2510 Per
3168 2455 3460 2510 eumdem.

2265 2544 2495 2598 Secreta.
2528 2543 2702 2608 Deus,
2737 2543 2836 2614 qui
2869 2543 3154 2616 singulari
3188 2543 3445 2616 corporis
3506 2545 3592 2599 tui
3653 2545 3848 2602 hostia

2191 2632 2370 2688 totius
2397 2632 2601 2687 mundi
2624 2631 2849 2688 solvisti
2872 2632 3098 2701 delicta,
3135 2632 3241 2688 hac
3265 2633 3556 2688 oblatione
3581 2633 3846 2706 placatus

2192 2720 2453 2777 maculas
2485 2721 2773 2776 scelerum
2806 2725 3140 2777 nostrorum
3172 2723 3459 2795 absterge,
3495 2726 3552 2777 et
3577 2723 3845 2780 omnium

2191 2809 2447 2865 fidelium
2467 2809 2934 2864 Christianorum
2959 2811 3218 2865 vivorum
3241 2828 3307 2866 ac
3326 2816 3688 2867 mortuorum
3711 2828 3845 2885 pec-

2188 2903 2320 2954 cata
2350 2899 2598 2964 dimitte,
2631 2897 2834 2970 eisque
2887 2898 3124 2970 praemia
3153 2905 3368 2955 aeterna
3429 2901 3700 2957 concede.
3737 2902 3844 2968 Qui

2187 2987 2351 3043 vivis.

2256 3079 2595 3135 Communia.
2633 3078 2900 3147 Sumpta,
2919 3093 3280 3149 quaesumus,
3310 3078 3847 3147 Domine,coelestia

2187 3169 2550 3222 sacramenta
2562 3166 2759 3221 omnia
2771 3165 3017 3222 crimina
3032 3171 3232 3222 nostra
3250 3168 3848 3240 detergant,omnem-

2189 3271 2302 3327 que
2341 3255 2682 3327 pravitatem
2725 3259 2782 3310 et
2819 3255 3243 3322 inﬁrmitatem,
3289 3273 3392 3311 sou
3427 3256 3717 3313 hosticam
3751 3277 3846 3314 ra-

2187 3343 2476 3409 biem,nec
2498 3361 2612 3399 non
2635 3348 2691 3398 et
2715 3343 3084 3400 subitaneam
3117 3349 3386 3410 mortem,
3412 3345 3635 3402 meritis
3667 3352 3726 3403 et
3752 3348 3844 3404 in-

2185 3432 2537 3488 tercessione
2568 3437 2780 3488 sanetae
2803 3433 2904 3489 Dei
2927 3433 3235 3489 Genitricis
3257 3438 3313 3490 et
3332 3433 3591 3507 Virginis
3618 3436 3842 3506 Mariae,

2187 3525 2361 3594 atque
2392 3521 2655 3577 omnium
2689 3525 3024 3577 sanctorum
3055 3540 3089 3577 a
3109 3523 3278 3577 nobis
3300 3522 3501 3593 procul
3534 3523 3850 3596 repellant,

2187 3615 2242 3666 et
2270 3610 2543 3666 omnibus
2576 3609 2848 3666 ﬁdelibus
2878 3610 3024 3666 vivis
3051 3615 3108 3666 et
3138 3610 3432 3668 defunctis
3493 3613 3723 3684 prosint
3773 3616 3850 3671 ad

2185 3700 2436 3767 veniam,
2469 3717 2573 3772 pro
2606 3717 2857 3772 quorum
2887 3699 2991 3754 tibi
3024 3704 3165 3755 sunt
3223 3700 3419 3756 oblata
3469 3701 3676 3758 salute.
3714 3705 3849 3761 Per.

2536 3789 2644 3861 (26)
2718 3807 2775 3843 1N
2831 3804 3025 3844 saxo-r1
3083 3807 3319 3845 vneam.

2259 3879 2360 3946 Da,
2382 3893 2723 3949 quaesumus
2745 3877 3112 3950 omnipotens
3138 3879 3308 3947 Deus,
3343 3885 3408 3935 ut
3429 3879 3529 3952 qui
3561 3880 3715 3936 beati
3741 3882 3855 3939 Ur-

2191 3966 2324 4021 bani
2345 3967 2617 4038 martyris
2639 3965 2724 4020 tui
2752 3970 2925 4038 atque
2947 3966 3240 4037 pontiﬁcis
3267 3968 3550 4024 solemnia
3571 3969 3855 4039 colimus,

2189 4055 2316 4125 ejus
2348 4059 2544 4125 aperte
2576 4053 3093 4110 intercessionibus
3121 4057 3485 4128 adjuvemur.
3514 4059 3641 4114 Per.

2260 4144 2491 4200 Secreta.
2526 4143 2655 4198 Haec
2685 4143 2896 4208 hostia,
2931 4143 3199 4214 Domino,
3235 4163 3600 4218 quaesumus,
3634 4164 3854 4205 emun-

2189 4233 2286 4288 det
2345 4235 2543 4288 nostra
2601 4231 2831 4300 delicta,
2891 4237 2949 4288 et
3011 4234 3082 4288 ad
3135 4235 3486 4291 sacriﬁcuim
3541 4235 3853 4294 celebran-

2190 4322 2330 4378 dum
2345 4321 2719 4377 subditorum
2744 4321 2846 4376 tibi
2876 4339 3115 4395 corpora
3129 4329 3470 4398 mentesque
3493 4325 3852 4383 sanctiﬁcet.

2189 4410 2315 4466 Per.

2261 4501 2598 4556 Communia.
2635 4499 2849 4555 Refecti
2885 4499 3326 4572 participatione
3371 4501 3630 4556 muneris
3663 4503 3850 4571 sacri,

423 4605 535 4662 gne
566 4587 824 4660 digneris
857 4587 1177 4659 suscipere,
1210 4590 1267 4640 et
1297 4590 1552 4658 peccata,
1577 4601 1703 4657 quae
1738 4586 2074 4644 labentibus
2104 4610 2150 4674 D
2187 4605 2549 4661 quaesumus,
2583 4587 2826 4644 Domine
2857 4589 3009 4645 Deus
3041 4595 3258 4658 noster,
3292 4596 3356 4646 ut
3378 4592 3548 4662 cuius
3578 4592 3857 4664 exsequi-

421 4678 576 4734 vitiis
608 4677 888 4745 contraxi,
910 4676 1042 4748 pius
1076 4680 1132 4729 et
1150 4675 1438 4747 propitius
1460 4692 1524 4730 ac
1548 4676 1860 4731 miseratus
1885 4677 2071 4732 indul-

423 4784 581 4839 geas,
613 4771 679 4822 ut
702 4766 895 4822 locum
921 4764 1267 4838 paenitentiae
1291 4781 1355 4819 ac
1387 4764 1651 4836 plurimae
1676 4765 2068 4837 lacrymarum

422 4871 698 4910 concessa
730 4854 899 4908 venia
929 4857 1042 4908 ate
1075 4869 1299 4909 merear
1327 4853 1604 4925 accipere.
1639 4853 1763 4908 Per.

491 4945 942 4998 Pastcammunia.
977 4942 1131 4998 Deus
1164 4941 1464 4998 charitatis
1498 4946 1554 4998 ct
1603 4941 1782 5013 pacis,
1817 4945 1916 5015 qui
1964 4961 2068 5016 pro

422 5029 610 5087 salute
639 5031 868 5102 generis
900 5031 1351 5086 humanicrucis
1375 5029 1702 5103 patibulum
1736 5032 2066 5104 suscepisti,

420 5123 479 5175 et
499 5119 845 5191 sanguinem
877 5123 1045 5174 tuum
1079 5137 1178 5192 pro
1203 5120 1601 5190 redemptione
1625 5126 1824 5176 nostra
1843 5120 2064 5189 fudisti,

421 5225 620 5282 preces
653 5224 812 5264 meas
836 5209 1096 5280 placatus
1127 5215 1184 5264 et
1216 5209 1504 5282 benignus
1529 5209 1759 5280 suscipe
1804 5214 1860 5265 et
1892 5210 2065 5266 mise-

421 5296 733 5353 ricordiam
754 5301 917 5352 tuam
932 5297 1074 5353 mihi
1097 5300 1434 5368 concede,ut
1451 5315 1583 5353 cum
1603 5297 1860 5352 animam
1876 5315 2066 5355 meam

513 5405 602 5476 26)
626 5403 884 5477 Expletis
905 5405 1103 5461 missis
1126 5405 1352 5474 votivis,
1384 5405 1650 5477 sequitur
1675 5405 1858 5461 missa
1882 5407 2066 5463 sancti

421 5476 637 5550 Urbani
673 5492 830 5547 papae
857 5482 913 5532 et
938 5479 1214 5550 martyris
1243 5479 1300 5531 in
1337 5476 1543 5550 nostro
1581 5479 2063 5550 Sacramentario,

420 5548 575 5620 quod
609 5565 724 5622 non
756 5553 843 5602 est
875 5547 1203 5622 mirandum
1233 5568 1245 5616 ;
1273 5549 1547 5622 peculiari
1581 5548 1881 5622 siquidem,
1905 5547 2066 5607 cultu

421 5619 782 5676 monasticus
800 5621 939 5676 ordo
953 5626 1218 5693 sanctum
1238 5619 1569 5693 pontiﬁcem
1584 5619 2064 5693 prosequebatur.

420 5693 744 5748 Videantur
785 5708 910 5763 quae
970 5692 1077 5749 hac
1134 5691 1310 5766 super
1365 5710 1424 5748 re
1484 5691 1637 5748 dicat
1686 5692 2068 5767 Martene('De

2186 4695 2319 4733 mur
2346 4677 2593 4745 cultum,
2630 4678 2954 4735 sentiamus
2987 4680 3282 4736 eﬂ'ectum.
3317 4681 3442 4736 Per.

2608 4785 2666 4822 IN
2711 4785 2838 4824 NAT.
2892 4786 3072 4825 UNIUS
3130 4785 3425 4824 APOSTOLI.

2256 4858 2624 4924 Quaesumus,
2658 4858 3032 4930 omnipotens
3058 4858 3234 4926 Deus,
3261 4861 3326 4912 ut
3350 4858 3558 4913 beatus
3590 4857 3673 4912 ill.
3699 4875 3855 4932 apo-

2183 4945 2370 5002 stolus
2395 4949 2561 5000 tuum
2594 4963 2696 5018 pro
2730 4947 2900 5003 nobis
2931 4946 3204 5016 imploret
3237 4944 3540 5013 auxilium,
3574 4950 3640 5001 ut
3671 4964 3707 5002 a
3740 4965 3855 5004 no-

2180 5033 2316 5089 stris
2350 5034 2608 5090 reatibus
2653 5034 2928 5101 absoluti,
2987 5051 3019 5089 a
3051 5034 3276 5090 cunctis
3329 5033 3502 5089 etiam
3561 5034 3855 5107 periculis

2183 5140 2479 5178 eruamur.
2516 5123 2640 5178 Per.

2245 5213 2473 5267 Secreta.
2526 5213 2885 5267 Sacrandum
2944 5209 3070 5274 tibi,
3118 5210 3375 5278 Domine,
3427 5227 3645 5266 munus
3693 5215 3851 5272 offe-

2179 5300 2382 5368 rimus,
2410 5317 2524 5372 quo
2547 5299 2699 5355 beati
2723 5299 2803 5354 ill.
2823 5298 3070 5371 apostoli
3092 5299 3178 5354 tui
3207 5300 3492 5356 solemnia
3513 5300 3851 5360 recolentes

2177 5411 2350 5480 antiq.
2376 5409 2504 5463 θεοί.
2538 5407 2824 5482 ritib._lib.
2857 5423 2928 5474 IV,
2963 5424 3089 5482 cap.
3124 5409 3212 5476 32,
3247 5409 3416 5482 n.__i2
3447 5411 3503 5462 et
3555 5425 3678 5482 cap.
3715 5411 3844 5482 27).

2177 5482 2240 5536 In
2293 5478 2487 5551 nostro
2521 5494 2667 5551 agro»
2710 5478 2932 5551 Pyrano
2967 5478 3130 5534 adest
3181 5479 3374 5535 nobile
3433 5479 3720 5551 templum
3759 5478 3844 5537 ad
3923 5495 3926 5498 '

2175 5550 2488 5608 {Esinantis
2512 5549 2669 5603 fluvii
2695 5549 2869 5620 ripas,
2903 5554 3101 5606 sancto
3136 5552 3361 5608 Urbano
3393 5549 3648 5617 sacrum,
3669 5553 3775 5605 cui
3809 5570 3850 5609 a

2177 5623 2384 5679 saeculo
2406 5640 2461 5677 x1
2477 5621 2766 5693 adnexum
2788 5621 3152 5693 eratinsigne
3166 5622 3584 5678 monasterium
3603 5620 3849 5680 ordinis

2177 5694 2364 5751 sancti
2396 5691 2708 5758 Benedicti,
2736 5710 2888 5748 nunc
2912 5691 3144 5751 tandem
3169 5699 3454 5751 vetustate
3477 5693 3843 5765 collapsum.
