  <div class='ocr_page' id='page_1' title='image "/cluster/home/n/w/nwhite01/storage/ocr_20150623/151/umn.31951002477444s/519.png"; bbox 0 0 3978 6362; ppageno 0'>
   <div class='ocr_carea' id='block_1_1' title="bbox 355 383 478 457">
    <p class='ocr_par' dir='ltr' id='par_1_1' title="bbox 355 383 478 457">
     <span class='ocr_line' id='line_1_1' title="bbox 355 383 478 457; baseline 0 -3"><span class='ocrx_word' id='word_1_1' title='bbox 355 383 478 457; x_wconf 69' lang='lat'><strong>863</strong></span> 
     </span>
    </p>
   </div>
   <div class='ocr_carea' id='block_1_2' title="bbox 1542 355 2573 462">
    <p class='ocr_par' dir='ltr' id='par_1_2' title="bbox 1542 355 2573 462">
     <span class='ocr_line' id='line_1_2' title="bbox 1542 355 2573 462; baseline 0 -2"><span class='ocrx_word' id='word_1_2' title='bbox 1542 387 1736 460; x_wconf 47' lang='grc' dir='ltr'><strong>θεολ</strong></span> <span class='ocrx_word' id='word_1_3' title='bbox 1776 386 1856 460; x_wconf 75' lang='lat' dir='ltr'><strong>X1</strong></span> <span class='ocrx_word' id='word_1_4' title='bbox 1901 384 2214 458; x_wconf 74' lang='lat' dir='ltr'><strong>MONU&#39;M.</strong></span> <span class='ocrx_word' id='word_1_5' title='bbox 2261 355 2573 462; x_wconf 80' lang='lat' dir='ltr'><strong>LITURG.</strong></span> 
     </span>
    </p>
   </div>
   <div class='ocr_carea' id='block_1_3' title="bbox 3645 389 3770 464">
    <p class='ocr_par' dir='ltr' id='par_1_3' title="bbox 3645 389 3770 464">
     <span class='ocr_line' id='line_1_3' title="bbox 3645 389 3770 464; baseline 0.016 -2"><span class='ocrx_word' id='word_1_6' title='bbox 3645 389 3770 464; x_wconf 65' lang='lat'><strong>864</strong></span> 
     </span>
    </p>
   </div>
   <div class='ocr_carea' id='block_1_4' title="bbox 354 525 3768 608">
    <p class='ocr_par' dir='ltr' id='par_1_4' title="bbox 354 525 3768 608">
     <span class='ocr_line' id='line_1_4' title="bbox 354 525 3768 608; baseline 0.002 -24"><span class='ocrx_word' id='word_1_7' title='bbox 354 529 422 584; x_wconf 77' lang='lat' dir='ltr'><strong>at</strong></span> <span class='ocrx_word' id='word_1_8' title='bbox 445 525 557 585; x_wconf 85' lang='lat' dir='ltr'><strong>hoc</strong></span> <span class='ocrx_word' id='word_1_9' title='bbox 587 538 774 600; x_wconf 83' lang='lat' dir='ltr'><strong>genus</strong></span> <span class='ocrx_word' id='word_1_10' title='bbox 801 527 1157 599; x_wconf 72' lang='lat' dir='ltr'><strong>vestimenti,</strong></span> <span class='ocrx_word' id='word_1_11' title='bbox 1187 528 1341 604; x_wconf 91' lang='lat' dir='ltr'><strong>quod</strong></span> <span class='ocrx_word' id='word_1_12' title='bbox 1371 532 1560 590; x_wconf 80' lang='lat' dir='ltr'><strong>sancti</strong></span> <span class='ocrx_word' id='word_1_13' title='bbox 1591 531 1788 589; x_wconf 81' lang='lat' dir='ltr'><strong>Patres</strong></span> <span class='ocrx_word' id='word_1_14' title='bbox 1810 532 1881 588; x_wconf 91' lang='lat' dir='ltr'><strong>ad</strong></span> <span class='ocrx_word' id='word_1_15' title='bbox 1915 530 2005 587; x_wconf 89' lang='lat' dir='ltr'><strong>in-</strong></span> <span class='ocrx_word' id='word_1_16' title='bbox 2036 529 2090 597; x_wconf 78' lang='grc' dir='ltr'><strong>Α</strong></span> <span class='ocrx_word' id='word_1_17' title='bbox 2121 533 2221 605; x_wconf 85' lang='lat' dir='ltr'><strong>qui</strong></span> <span class='ocrx_word' id='word_1_18' title='bbox 2255 532 2361 591; x_wconf 83' lang='lat' dir='ltr'><strong>tibi</strong></span> <span class='ocrx_word' id='word_1_19' title='bbox 2388 534 2545 592; x_wconf 83' lang='lat' dir='ltr'><strong>vovit</strong></span> <span class='ocrx_word' id='word_1_20' title='bbox 2573 532 2786 591; x_wconf 77' lang='lat' dir='ltr'><strong>servire</strong></span> <span class='ocrx_word' id='word_1_21' title='bbox 2817 548 2965 608; x_wconf 88' lang='lat' dir='ltr'><strong>pura</strong></span> <span class='ocrx_word' id='word_1_22' title='bbox 2993 535 3188 590; x_wconf 87' lang='lat' dir='ltr'><strong>mente</strong></span> <span class='ocrx_word' id='word_1_23' title='bbox 3217 531 3556 606; x_wconf 84' lang='lat' dir='ltr'><strong>mundoque</strong></span> <span class='ocrx_word' id='word_1_24' title='bbox 3572 535 3768 602; x_wconf 87' lang='lat' dir='ltr'><strong>corde,</strong></span> 
     </span>
    </p>
   </div>
   <div class='ocr_carea' id='block_1_5' title="bbox 355 618 2004 678">
    <p class='ocr_par' dir='ltr' id='par_1_5' title="bbox 355 618 2004 678">
     <span class='ocr_line' id='line_1_5' title="bbox 355 618 2004 678; baseline 0.001 -4"><span class='ocrx_word' id='word_1_25' title='bbox 355 619 636 674; x_wconf 65' lang='lat' dir='ltr'><strong>nocentiae</strong></span> <span class='ocrx_word' id='word_1_26' title='bbox 684 618 773 674; x_wconf 89' lang='lat' dir='ltr'><strong>vel</strong></span> <span class='ocrx_word' id='word_1_27' title='bbox 811 618 1164 677; x_wconf 86' lang='lat' dir='ltr'><strong>humilitatis</strong></span> <span class='ocrx_word' id='word_1_28' title='bbox 1205 621 1488 677; x_wconf 84' lang='lat' dir='ltr'><strong>indicium</strong></span> <span class='ocrx_word' id='word_1_29' title='bbox 1522 622 2004 678; x_wconf 87' lang='lat' dir='ltr'><strong>abrenuntiantes</strong></span> 
     </span>
    </p>
   </div>
   <div class='ocr_carea' id='block_1_6' title="bbox 355 705 2003 784">
    <p class='ocr_par' dir='ltr' id='par_1_6' title="bbox 355 705 2003 784">
     <span class='ocr_line' id='line_1_6' title="bbox 355 705 2003 784; baseline 0.003 -23"><span class='ocrx_word' id='word_1_30' title='bbox 355 705 506 762; x_wconf 83' lang='lat' dir='ltr'><strong>ferre</strong></span> <span class='ocrx_word' id='word_1_31' title='bbox 552 713 893 776; x_wconf 85' lang='lat' dir='ltr'><strong>sanxerunt,</strong></span> <span class='ocrx_word' id='word_1_32' title='bbox 939 709 1021 764; x_wconf 90' lang='lat' dir='ltr'><strong>ita</strong></span> <span class='ocrx_word' id='word_1_33' title='bbox 1071 710 1448 778; x_wconf 69' lang='lat' dir='ltr'><strong>bene’rdicere</strong></span> <span class='ocrx_word' id='word_1_34' title='bbox 1490 711 1770 784; x_wconf 83' lang='lat' dir='ltr'><strong>digneris,</strong></span> <span class='ocrx_word' id='word_1_35' title='bbox 1814 715 1878 766; x_wconf 89' lang='lat' dir='ltr'><strong>ut</strong></span> <span class='ocrx_word' id='word_1_36' title='bbox 1907 711 2003 766; x_wconf 90' lang='lat' dir='ltr'><strong>hic</strong></span> 
     </span>
    </p>
   </div>
   <div class='ocr_carea' id='block_1_7' title="bbox 355 795 2000 870">
    <p class='ocr_par' dir='ltr' id='par_1_7' title="bbox 355 795 2000 870">
     <span class='ocr_line' id='line_1_7' title="bbox 355 795 2000 870; baseline 0.003 -20"><span class='ocrx_word' id='word_1_37' title='bbox 355 795 614 852; x_wconf 83' lang='lat' dir='ltr'><strong>famulus</strong></span> <span class='ocrx_word' id='word_1_38' title='bbox 641 801 802 866; x_wconf 91' lang='lat' dir='ltr'><strong>tuus,</strong></span> <span class='ocrx_word' id='word_1_39' title='bbox 836 798 933 870; x_wconf 88' lang='lat' dir='ltr'><strong>qui</strong></span> <span class='ocrx_word' id='word_1_40' title='bbox 968 797 1076 854; x_wconf 90' lang='lat' dir='ltr'><strong>hoc</strong></span> <span class='ocrx_word' id='word_1_41' title='bbox 1118 816 1262 855; x_wconf 91' lang='lat' dir='ltr'><strong>usus</strong></span> <span class='ocrx_word' id='word_1_42' title='bbox 1292 798 1486 868; x_wconf 89' lang='lat' dir='ltr'><strong>fuerit,</strong></span> <span class='ocrx_word' id='word_1_43' title='bbox 1518 804 1574 856; x_wconf 91' lang='lat' dir='ltr'><strong>te</strong></span> <span class='ocrx_word' id='word_1_44' title='bbox 1606 800 1848 856; x_wconf 84' lang='lat' dir='ltr'><strong>induere</strong></span> <span class='ocrx_word' id='word_1_45' title='bbox 1881 817 2000 855; x_wconf 90' lang='lat' dir='ltr'><strong>me-</strong></span> 
     </span>
    </p>
   </div>
   <div class='ocr_carea' id='block_1_8' title="bbox 354 885 728 952">
    <p class='ocr_par' dir='ltr' id='par_1_8' title="bbox 354 885 728 952">
     <span class='ocr_line' id='line_1_8' title="bbox 354 885 728 952; baseline 0.003 -3"><span class='ocrx_word' id='word_1_46' title='bbox 354 897 571 950; x_wconf 86' lang='lat' dir='ltr'><strong>reatur.</strong></span> <span class='ocrx_word' id='word_1_47' title='bbox 603 885 728 952; x_wconf 88' lang='lat' dir='ltr'><strong>Per.</strong></span> 
     </span>
    </p>
   </div>
   <div class='ocr_carea' id='block_1_9' title="bbox 422 986 2000 1052">
    <p class='ocr_par' dir='ltr' id='par_1_9' title="bbox 422 986 2000 1052">
     <span class='ocr_line' id='line_1_9' title="bbox 422 986 2000 1052; baseline 0 -10"><span class='ocrx_word' id='word_1_48' title='bbox 422 987 558 1042; x_wconf 82' lang='lat' dir='ltr'><strong>Item</strong></span> <span class='ocrx_word' id='word_1_49' title='bbox 578 986 692 1040; x_wconf 84' lang='lat' dir='ltr'><strong>alio</strong></span> <span class='ocrx_word' id='word_1_50' title='bbox 739 988 934 1042; x_wconf 77' lang='lat' dir='ltr'><strong>oratio.</strong></span> <span class='ocrx_word' id='word_1_51' title='bbox 970 987 1144 1052; x_wconf 86' lang='lat' dir='ltr'><strong>Deus,</strong></span> <span class='ocrx_word' id='word_1_52' title='bbox 1181 991 1531 1043; x_wconf 65' lang='lat' dir='ltr'><strong>aeternorum</strong></span> <span class='ocrx_word' id='word_1_53' title='bbox 1571 988 1855 1043; x_wconf 91' lang='lat' dir='ltr'><strong>bonorum</strong></span> <span class='ocrx_word' id='word_1_54' title='bbox 1887 988 2000 1042; x_wconf 89' lang='lat' dir='ltr'><strong>vir-</strong></span> 
     </span>
    </p>
   </div>
   <div class='ocr_carea' id='block_1_10' title="bbox 351 1074 2001 1148">
    <p class='ocr_par' dir='ltr' id='par_1_10' title="bbox 351 1074 2001 1148">
     <span class='ocr_line' id='line_1_10' title="bbox 351 1074 2001 1148; baseline 0.002 -20"><span class='ocrx_word' id='word_1_55' title='bbox 351 1076 548 1128; x_wconf 87' lang='lat' dir='ltr'><strong>tutum</strong></span> <span class='ocrx_word' id='word_1_56' title='bbox 582 1074 769 1140; x_wconf 85' lang='lat' dir='ltr'><strong>dator,</strong></span> <span class='ocrx_word' id='word_1_57' title='bbox 802 1079 859 1130; x_wconf 91' lang='lat' dir='ltr'><strong>et</strong></span> <span class='ocrx_word' id='word_1_58' title='bbox 887 1077 1150 1131; x_wconf 92' lang='lat' dir='ltr'><strong>omnium</strong></span> <span class='ocrx_word' id='word_1_59' title='bbox 1183 1077 1656 1133; x_wconf 90' lang='lat' dir='ltr'><strong>benedictionum</strong></span> <span class='ocrx_word' id='word_1_60' title='bbox 1687 1076 1886 1148; x_wconf 90' lang='lat' dir='ltr'><strong>largus</strong></span> <span class='ocrx_word' id='word_1_61' title='bbox 1909 1076 2001 1131; x_wconf 91' lang='lat' dir='ltr'><strong>in-</strong></span> 
     </span>
    </p>
   </div>
   <div class='ocr_carea' id='block_1_11' title="bbox 352 1161 2000 1236">
    <p class='ocr_par' dir='ltr' id='par_1_11' title="bbox 352 1161 2000 1236">
     <span class='ocr_line' id='line_1_11' title="bbox 352 1161 2000 1236; baseline 0.001 -19"><span class='ocrx_word' id='word_1_62' title='bbox 352 1161 536 1230; x_wconf 85' lang='lat' dir='ltr'><strong>fusor,</strong></span> <span class='ocrx_word' id='word_1_63' title='bbox 567 1166 623 1218; x_wconf 92' lang='lat' dir='ltr'><strong>te</strong></span> <span class='ocrx_word' id='word_1_64' title='bbox 672 1163 938 1218; x_wconf 85' lang='lat' dir='ltr'><strong>subnixis</strong></span> <span class='ocrx_word' id='word_1_65' title='bbox 987 1165 1258 1236; x_wconf 81' lang='lat' dir='ltr'><strong>precibus</strong></span> <span class='ocrx_word' id='word_1_66' title='bbox 1301 1166 1702 1236; x_wconf 78' lang='lat' dir='ltr'><strong>deprecamur,</strong></span> <span class='ocrx_word' id='word_1_67' title='bbox 1755 1169 1819 1219; x_wconf 90' lang='lat' dir='ltr'><strong>ut</strong></span> <span class='ocrx_word' id='word_1_68' title='bbox 1849 1164 2000 1219; x_wconf 85' lang='lat' dir='ltr'><strong>hanc</strong></span> 
     </span>
    </p>
   </div>
   <div class='ocr_carea' id='block_1_12' title="bbox 349 1251 2002 1324">
    <p class='ocr_par' dir='ltr' id='par_1_12' title="bbox 349 1251 2002 1324">
     <span class='ocr_line' id='line_1_12' title="bbox 349 1251 2002 1324; baseline 0.001 -19"><span class='ocrx_word' id='word_1_69' title='bbox 349 1256 570 1307; x_wconf 91' lang='lat' dir='ltr'><strong>vestem</strong></span> <span class='ocrx_word' id='word_1_70' title='bbox 599 1251 975 1317; x_wconf 63' lang='lat' dir='ltr'><strong>benefdioere</strong></span> <span class='ocrx_word' id='word_1_71' title='bbox 1005 1257 1064 1308; x_wconf 85' lang='lat' dir='ltr'><strong>et</strong></span> <span class='ocrx_word' id='word_1_72' title='bbox 1105 1252 1506 1319; x_wconf 61' lang='lat' dir='ltr'><strong>sanctitﬁcare</strong></span> <span class='ocrx_word' id='word_1_73' title='bbox 1556 1253 1834 1324; x_wconf 86' lang='lat' dir='ltr'><strong>digneris,</strong></span> <span class='ocrx_word' id='word_1_74' title='bbox 1883 1270 2002 1324; x_wconf 90' lang='lat' dir='ltr'><strong>qua</strong></span> 
     </span>
    </p>
   </div>
   <div class='ocr_carea' id='block_1_13' title="bbox 351 1339 1999 1412">
    <p class='ocr_par' dir='ltr' id='par_1_13' title="bbox 351 1339 1999 1412">
     <span class='ocr_line' id='line_1_13' title="bbox 351 1339 1999 1412; baseline 0.001 -17"><span class='ocrx_word' id='word_1_75' title='bbox 351 1339 610 1396; x_wconf 86' lang='lat' dir='ltr'><strong>famulus</strong></span> <span class='ocrx_word' id='word_1_76' title='bbox 631 1344 770 1396; x_wconf 89' lang='lat' dir='ltr'><strong>tuus</strong></span> <span class='ocrx_word' id='word_1_77' title='bbox 792 1340 873 1396; x_wconf 92' lang='lat' dir='ltr'>ill.</span> <span class='ocrx_word' id='word_1_78' title='bbox 889 1341 1354 1412; x_wconf 89' lang='lat' dir='ltr'><strong>proindicatione</strong></span> <span class='ocrx_word' id='word_1_79' title='bbox 1375 1342 1732 1398; x_wconf 67' lang='lat' dir='ltr'><strong>castimonia:</strong></span> <span class='ocrx_word' id='word_1_80' title='bbox 1758 1341 1852 1397; x_wconf 92' lang='lat' dir='ltr'><strong>ind</strong></span> <span class='ocrx_word' id='word_1_81' title='bbox 1867 1359 1999 1397; x_wconf 91' lang='lat' dir='ltr'><strong>uere</strong></span> 
     </span>
    </p>
   </div>
   <div class='ocr_carea' id='block_1_14' title="bbox 347 1417 1997 1502">
    <p class='ocr_par' dir='ltr' id='par_1_14' title="bbox 347 1417 1997 1502">
     <span class='ocr_line' id='line_1_14' title="bbox 347 1417 1997 1502; baseline 0.002 -19"><span class='ocrx_word' id='word_1_82' title='bbox 347 1417 494 1493; x_wconf 90' lang='lat' dir='ltr'><strong>vult,</strong></span> <span class='ocrx_word' id='word_1_83' title='bbox 520 1432 585 1484; x_wconf 86' lang='lat' dir='ltr'><strong>ut</strong></span> <span class='ocrx_word' id='word_1_84' title='bbox 604 1417 757 1485; x_wconf 90' lang='lat' dir='ltr'><strong>inter</strong></span> <span class='ocrx_word' id='word_1_85' title='bbox 769 1428 1024 1502; x_wconf 90' lang='lat' dir='ltr'><strong>reliquos</strong></span> <span class='ocrx_word' id='word_1_86' title='bbox 1043 1429 1310 1486; x_wconf 87' lang='lat' dir='ltr'>homines</span> <span class='ocrx_word' id='word_1_87' title='bbox 1336 1430 1440 1485; x_wconf 86' lang='lat' dir='ltr'>tibi</span> <span class='ocrx_word' id='word_1_88' title='bbox 1464 1436 1850 1502; x_wconf 82' lang='lat' dir='ltr'><strong>cognoscatur</strong></span> <span class='ocrx_word' id='word_1_89' title='bbox 1869 1447 1997 1486; x_wconf 87' lang='lat' dir='ltr'><strong>esse</strong></span> 
     </span>
    </p>
   </div>
   <div class='ocr_carea' id='block_1_15' title="bbox 353 1506 1096 1574">
    <p class='ocr_par' dir='ltr' id='par_1_15' title="bbox 353 1506 1096 1574">
     <span class='ocr_line' id='line_1_15' title="bbox 353 1506 1096 1574; baseline 0 -2"><span class='ocrx_word' id='word_1_90' title='bbox 353 1506 612 1573; x_wconf 85' lang='lat' dir='ltr'><strong>devotus.</strong></span> <span class='ocrx_word' id='word_1_91' title='bbox 645 1517 750 1574; x_wconf 91' lang='lat' dir='ltr'><strong>Per</strong></span> <span class='ocrx_word' id='word_1_92' title='bbox 777 1517 1096 1574; x_wconf 88' lang='lat' dir='ltr'><strong>Christum.</strong></span> 
     </span>
    </p>
   </div>
   <div class='ocr_carea' id='block_1_16' title="bbox 428 1607 1996 1664">
    <p class='ocr_par' dir='ltr' id='par_1_16' title="bbox 428 1607 1996 1664">
     <span class='ocr_line' id='line_1_16' title="bbox 428 1607 1996 1664; baseline 0.001 -3"><span class='ocrx_word' id='word_1_93' title='bbox 428 1610 580 1661; x_wconf 84' lang='lat' dir='ltr'><strong>Tunc</strong></span> <span class='ocrx_word' id='word_1_94' title='bbox 607 1613 772 1662; x_wconf 67' lang='lat' dir='ltr'><strong>emuat</strong></span> <span class='ocrx_word' id='word_1_95' title='bbox 805 1611 932 1661; x_wconf 81' lang='lat' dir='ltr'><strong>eum</strong></span> <span class='ocrx_word' id='word_1_96' title='bbox 956 1614 1096 1662; x_wconf 77' lang='lat' dir='ltr'><strong>veste</strong></span> <span class='ocrx_word' id='word_1_97' title='bbox 1132 1608 1276 1662; x_wconf 79' lang='lat' dir='ltr'><strong>loica</strong></span> <span class='ocrx_word' id='word_1_98' title='bbox 1323 1610 1404 1662; x_wconf 84' lang='lat' dir='ltr'><strong>ita</strong></span> <span class='ocrx_word' id='word_1_99' title='bbox 1433 1607 1695 1662; x_wconf 81' lang='lat' dir='ltr'><strong>dicendo:</strong></span> <span class='ocrx_word' id='word_1_100' title='bbox 1726 1609 1912 1663; x_wconf 87' lang='lat' dir='ltr'><strong>Exuat</strong></span> <span class='ocrx_word' id='word_1_101' title='bbox 1940 1612 1996 1664; x_wconf 89' lang='lat' dir='ltr'><strong>te</strong></span> 
     </span>
    </p>
   </div>
   <div class='ocr_carea' id='block_1_17' title="bbox 346 1694 1850 1752">
    <p class='ocr_par' dir='ltr' id='par_1_17' title="bbox 346 1694 1850 1752">
     <span class='ocr_line' id='line_1_17' title="bbox 346 1694 1850 1752; baseline 0.001 -2"><span class='ocrx_word' id='word_1_102' title='bbox 346 1694 633 1750; x_wconf 90' lang='lat' dir='ltr'><strong>Dominus</strong></span> <span class='ocrx_word' id='word_1_103' title='bbox 663 1699 917 1751; x_wconf 86' lang='lat' dir='ltr'><strong>veterem</strong></span> <span class='ocrx_word' id='word_1_104' title='bbox 949 1695 1248 1751; x_wconf 89' lang='lat' dir='ltr'><strong>hominem</strong></span> <span class='ocrx_word' id='word_1_105' title='bbox 1281 1713 1416 1751; x_wconf 90' lang='lat' dir='ltr'><strong>cum</strong></span> <span class='ocrx_word' id='word_1_106' title='bbox 1449 1696 1675 1752; x_wconf 84' lang='lat' dir='ltr'><strong>actibus</strong></span> <span class='ocrx_word' id='word_1_107' title='bbox 1706 1698 1850 1752; x_wconf 91' lang='lat' dir='ltr'><strong>suis.</strong></span> 
     </span>
    </p>
   </div>
   <div class='ocr_carea' id='block_1_18' title="bbox 421 1784 1994 1841">
    <p class='ocr_par' dir='ltr' id='par_1_18' title="bbox 421 1784 1994 1841">
     <span class='ocr_line' id='line_1_18' title="bbox 421 1784 1994 1841; baseline 0.001 -2"><span class='ocrx_word' id='word_1_108' title='bbox 421 1785 648 1840; x_wconf 76' lang='lat' dir='ltr'><strong>Induens</strong></span> <span class='ocrx_word' id='word_1_109' title='bbox 677 1788 875 1840; x_wconf 70' lang='lat' dir='ltr'><strong>vestem</strong></span> <span class='ocrx_word' id='word_1_110' title='bbox 902 1784 1280 1840; x_wconf 80' lang='lat' dir='ltr'><strong>monachicam</strong></span> <span class='ocrx_word' id='word_1_111' title='bbox 1310 1786 1494 1840; x_wconf 86' lang='lat' dir='ltr'><strong>dicat:</strong></span> <span class='ocrx_word' id='word_1_112' title='bbox 1537 1785 1747 1840; x_wconf 81' lang='lat' dir='ltr'><strong>Induat</strong></span> <span class='ocrx_word' id='word_1_113' title='bbox 1794 1789 1850 1840; x_wconf 90' lang='lat' dir='ltr'><strong>te</strong></span> <span class='ocrx_word' id='word_1_114' title='bbox 1883 1786 1994 1841; x_wconf 92' lang='lat' dir='ltr'><strong>Do—</strong></span> 
     </span>
    </p>
   </div>
   <div class='ocr_carea' id='block_1_19' title="bbox 347 1872 2071 1965">
    <p class='ocr_par' dir='ltr' id='par_1_19' title="bbox 347 1872 2071 1965">
     <span class='ocr_line' id='line_1_19' title="bbox 347 1872 2071 1965; baseline 0.001 -37"><span class='ocrx_word' id='word_1_115' title='bbox 347 1873 546 1928; x_wconf 85' lang='lat' dir='ltr'><strong>minus</strong></span> <span class='ocrx_word' id='word_1_116' title='bbox 577 1887 790 1928; x_wconf 89' lang='lat' dir='ltr'><strong>novum</strong></span> <span class='ocrx_word' id='word_1_117' title='bbox 815 1872 1134 1940; x_wconf 89' lang='lat' dir='ltr'><strong>hominem,</strong></span> <span class='ocrx_word' id='word_1_118' title='bbox 1160 1874 1258 1945; x_wconf 86' lang='lat' dir='ltr'><strong>qui</strong></span> <span class='ocrx_word' id='word_1_119' title='bbox 1283 1875 1608 1930; x_wconf 89' lang='lat' dir='ltr'><strong>secundum</strong></span> <span class='ocrx_word' id='word_1_120' title='bbox 1635 1878 1816 1929; x_wconf 88' lang='lat' dir='ltr'><strong>Deum</strong></span> <span class='ocrx_word' id='word_1_121' title='bbox 1839 1891 1995 1930; x_wconf 85' lang='lat' dir='ltr'><strong>crea-</strong></span> <span class='ocrx_word' id='word_1_122' title='bbox 2027 1901 2071 1965; x_wconf 78' lang='grc' dir='ltr'><strong>Β</strong></span> 
     </span>
    </p>
   </div>
   <div class='ocr_carea' id='block_1_20' title="bbox 345 1961 1624 2032">
    <p class='ocr_par' dir='ltr' id='par_1_20' title="bbox 345 1961 1624 2032">
     <span class='ocr_line' id='line_1_20' title="bbox 345 1961 1624 2032; baseline 0 -14"><span class='ocrx_word' id='word_1_123' title='bbox 345 1965 444 2018; x_wconf 82' lang='lat' dir='ltr'><strong>tus</strong></span> <span class='ocrx_word' id='word_1_124' title='bbox 465 1964 555 2017; x_wconf 81' lang='lat' dir='ltr'><strong>est</strong></span> <span class='ocrx_word' id='word_1_125' title='bbox 582 1962 642 2016; x_wconf 89' lang='lat' dir='ltr'><strong>in</strong></span> <span class='ocrx_word' id='word_1_126' title='bbox 666 1961 901 2032; x_wconf 87' lang='lat' dir='ltr'><strong>justitia</strong></span> <span class='ocrx_word' id='word_1_127' title='bbox 929 1965 986 2017; x_wconf 86' lang='lat' dir='ltr'><strong>et</strong></span> <span class='ocrx_word' id='word_1_128' title='bbox 1014 1964 1322 2018; x_wconf 80' lang='lat' dir='ltr'><strong>sanctitate</strong></span> <span class='ocrx_word' id='word_1_129' title='bbox 1345 1963 1624 2019; x_wconf 80' lang='lat' dir='ltr'><strong>veritatis.</strong></span> 
     </span>
    </p>
   </div>
   <div class='ocr_carea' id='block_1_21' title="bbox 416 2050 1992 2124">
    <p class='ocr_par' dir='ltr' id='par_1_21' title="bbox 416 2050 1992 2124">
     <span class='ocr_line' id='line_1_21' title="bbox 416 2050 1992 2124; baseline 0 -18"><span class='ocrx_word' id='word_1_130' title='bbox 416 2050 725 2106; x_wconf 77' lang='lat' dir='ltr'><strong>Benedictio</strong></span> <span class='ocrx_word' id='word_1_131' title='bbox 753 2052 1075 2107; x_wconf 79' lang='lat' dir='ltr'><strong>vestimenti.</strong></span> <span class='ocrx_word' id='word_1_132' title='bbox 1107 2056 1279 2117; x_wconf 88' lang='lat' dir='ltr'><strong>Deus,</strong></span> <span class='ocrx_word' id='word_1_133' title='bbox 1314 2051 1416 2124; x_wconf 89' lang='lat' dir='ltr'><strong>qui</strong></span> <span class='ocrx_word' id='word_1_134' title='bbox 1441 2053 1861 2108; x_wconf 86' lang='lat' dir='ltr'><strong>vestimentum</strong></span> <span class='ocrx_word' id='word_1_135' title='bbox 1896 2069 1992 2107; x_wconf 80' lang='lat' dir='ltr'><strong>sa-</strong></span> 
     </span>
    </p>
   </div>
   <div class='ocr_carea' id='block_1_22' title="bbox 347 2139 1992 2211">
    <p class='ocr_par' dir='ltr' id='par_1_22' title="bbox 347 2139 1992 2211">
     <span class='ocr_line' id='line_1_22' title="bbox 347 2139 1992 2211; baseline 0 -16"><span class='ocrx_word' id='word_1_136' title='bbox 347 2139 534 2195; x_wconf 89' lang='lat' dir='ltr'><strong>lutare</strong></span> <span class='ocrx_word' id='word_1_137' title='bbox 564 2143 623 2195; x_wconf 92' lang='lat' dir='ltr'><strong>et</strong></span> <span class='ocrx_word' id='word_1_138' title='bbox 652 2139 1065 2195; x_wconf 88' lang='lat' dir='ltr'><strong>indumentum</strong></span> <span class='ocrx_word' id='word_1_139' title='bbox 1091 2145 1316 2196; x_wconf 74' lang='lat' dir='ltr'><strong>aeternas</strong></span> <span class='ocrx_word' id='word_1_140' title='bbox 1339 2141 1733 2211; x_wconf 87' lang='lat' dir='ltr'><strong>jucunditatis</strong></span> <span class='ocrx_word' id='word_1_141' title='bbox 1763 2142 1882 2195; x_wconf 91' lang='lat' dir='ltr'><strong>tuis</strong></span> <span class='ocrx_word' id='word_1_142' title='bbox 1926 2142 1992 2195; x_wconf 85' lang='lat' dir='ltr'><strong>ﬁ-</strong></span> 
     </span>
    </p>
   </div>
   <div class='ocr_carea' id='block_1_23' title="bbox 347 2227 1995 2301">
    <p class='ocr_par' dir='ltr' id='par_1_23' title="bbox 347 2227 1995 2301">
     <span class='ocr_line' id='line_1_23' title="bbox 347 2227 1995 2301; baseline 0.001 -18"><span class='ocrx_word' id='word_1_143' title='bbox 347 2227 575 2284; x_wconf 85' lang='lat' dir='ltr'><strong>delibus</strong></span> <span class='ocrx_word' id='word_1_144' title='bbox 595 2227 937 2300; x_wconf 82' lang='lat' dir='ltr'><strong>promisisti,</strong></span> <span class='ocrx_word' id='word_1_145' title='bbox 965 2227 1334 2285; x_wconf 89' lang='lat' dir='ltr'><strong>clementiam</strong></span> <span class='ocrx_word' id='word_1_146' title='bbox 1356 2233 1518 2284; x_wconf 89' lang='lat' dir='ltr'><strong>tuam</strong></span> <span class='ocrx_word' id='word_1_147' title='bbox 1544 2229 1884 2301; x_wconf 85' lang='lat' dir='ltr'><strong>suppliciter</strong></span> <span class='ocrx_word' id='word_1_148' title='bbox 1903 2245 1995 2285; x_wconf 77' lang='lat' dir='ltr'><strong>ex~</strong></span> 
     </span>
    </p>
   </div>
   <div class='ocr_carea' id='block_1_24' title="bbox 342 2315 1994 2382">
    <p class='ocr_par' dir='ltr' id='par_1_24' title="bbox 342 2315 1994 2382">
     <span class='ocr_line' id='line_1_24' title="bbox 342 2315 1994 2382; baseline -0.001 -9"><span class='ocrx_word' id='word_1_149' title='bbox 342 2329 603 2382; x_wconf 84' lang='lat' dir='ltr'><strong>oramus,</strong></span> <span class='ocrx_word' id='word_1_150' title='bbox 635 2320 699 2371; x_wconf 89' lang='lat' dir='ltr'><strong>ut</strong></span> <span class='ocrx_word' id='word_1_151' title='bbox 747 2315 870 2372; x_wconf 79' lang='lat' dir='ltr'><strong>haec</strong></span> <span class='ocrx_word' id='word_1_152' title='bbox 901 2316 1246 2373; x_wconf 88' lang='lat' dir='ltr'><strong>indumenta</strong></span> <span class='ocrx_word' id='word_1_153' title='bbox 1280 2317 1677 2373; x_wconf 87' lang='lat' dir='ltr'><strong>humilitatem</strong></span> <span class='ocrx_word' id='word_1_154' title='bbox 1711 2317 1905 2374; x_wconf 88' lang='lat' dir='ltr'><strong>cordis</strong></span> <span class='ocrx_word' id='word_1_155' title='bbox 1937 2323 1994 2374; x_wconf 91' lang='lat' dir='ltr'><strong>et</strong></span> 
     </span>
    </p>
   </div>
   <div class='ocr_carea' id='block_1_25' title="bbox 345 2405 1992 2478">
    <p class='ocr_par' dir='ltr' id='par_1_25' title="bbox 345 2405 1992 2478">
     <span class='ocr_line' id='line_1_25' title="bbox 345 2405 1992 2478; baseline 0.001 -18"><span class='ocrx_word' id='word_1_156' title='bbox 345 2407 745 2476; x_wconf 87' lang='lat' dir='ltr'><strong>contemptum</strong></span> <span class='ocrx_word' id='word_1_157' title='bbox 770 2405 974 2460; x_wconf 88' lang='lat' dir='ltr'><strong>mundi</strong></span> <span class='ocrx_word' id='word_1_158' title='bbox 997 2406 1407 2477; x_wconf 83' lang='lat' dir='ltr'><strong>signiﬁcantia,</strong></span> <span class='ocrx_word' id='word_1_159' title='bbox 1427 2407 1641 2478; x_wconf 87' lang='lat' dir='ltr'><strong>quibus</strong></span> <span class='ocrx_word' id='word_1_160' title='bbox 1664 2407 1992 2462; x_wconf 86' lang='lat' dir='ltr'><strong>famulotuo</strong></span> 
     </span>
    </p>
   </div>
   <div class='ocr_carea' id='block_1_26' title="bbox 341 2493 1994 2568">
    <p class='ocr_par' dir='ltr' id='par_1_26' title="bbox 341 2493 1994 2568">
     <span class='ocr_line' id='line_1_26' title="bbox 341 2493 1994 2568; baseline 0.002 -20"><span class='ocrx_word' id='word_1_161' title='bbox 341 2493 425 2549; x_wconf 91' lang='lat' dir='ltr'><strong>ill.</strong></span> <span class='ocrx_word' id='word_1_162' title='bbox 459 2493 766 2549; x_wconf 84' lang='lat' dir='ltr'><strong>visibiliter</strong></span> <span class='ocrx_word' id='word_1_163' title='bbox 794 2497 885 2550; x_wconf 90' lang='lat' dir='ltr'><strong>est</strong></span> <span class='ocrx_word' id='word_1_164' title='bbox 913 2495 972 2550; x_wconf 88' lang='lat' dir='ltr'><strong>in</strong></span> <span class='ocrx_word' id='word_1_165' title='bbox 1024 2495 1330 2551; x_wconf 86' lang='lat' dir='ltr'><strong>formando</strong></span> <span class='ocrx_word' id='word_1_166' title='bbox 1373 2497 1690 2568; x_wconf 88' lang='lat' dir='ltr'><strong>proposito,</strong></span> <span class='ocrx_word' id='word_1_167' title='bbox 1726 2497 1994 2568; x_wconf 91' lang='lat' dir='ltr'><strong>propitus</strong></span> 
     </span>
    </p>
   </div>
   <div class='ocr_carea' id='block_1_27' title="bbox 341 2582 1992 2657">
    <p class='ocr_par' dir='ltr' id='par_1_27' title="bbox 341 2582 1992 2657">
     <span class='ocr_line' id='line_1_27' title="bbox 341 2582 1992 2657; baseline 0.001 -18"><span class='ocrx_word' id='word_1_168' title='bbox 341 2582 711 2649; x_wconf 63' lang='lat' dir='ltr'><strong>beuetdicas,</strong></span> <span class='ocrx_word' id='word_1_169' title='bbox 745 2587 800 2638; x_wconf 90' lang='lat' dir='ltr'><strong>et</strong></span> <span class='ocrx_word' id='word_1_170' title='bbox 851 2583 1029 2639; x_wconf 68' lang='lat' dir='ltr'><strong>beatae</strong></span> <span class='ocrx_word' id='word_1_171' title='bbox 1061 2585 1350 2640; x_wconf 85' lang='lat' dir='ltr'><strong>castitatis</strong></span> <span class='ocrx_word' id='word_1_172' title='bbox 1397 2585 1688 2653; x_wconf 89' lang='lat' dir='ltr'><strong>habitum,</strong></span> <span class='ocrx_word' id='word_1_173' title='bbox 1733 2602 1908 2657; x_wconf 90' lang='lat' dir='ltr'><strong>quem</strong></span> <span class='ocrx_word' id='word_1_174' title='bbox 1938 2589 1992 2642; x_wconf 87' lang='lat' dir='ltr'><strong>te</strong></span> 
     </span>
    </p>
   </div>
   <div class='ocr_carea' id='block_1_28' title="bbox 342 2671 1934 2747">
    <p class='ocr_par' dir='ltr' id='par_1_28' title="bbox 342 2671 1934 2747">
     <span class='ocr_line' id='line_1_28' title="bbox 342 2671 1934 2747; baseline 0.001 -20"><span class='ocrx_word' id='word_1_175' title='bbox 342 2671 666 2745; x_wconf 84' lang='lat' dir='ltr'><strong>inspirante</strong></span> <span class='ocrx_word' id='word_1_176' title='bbox 697 2672 975 2744; x_wconf 82' lang='lat' dir='ltr'><strong>suscepit,</strong></span> <span class='ocrx_word' id='word_1_177' title='bbox 1006 2677 1063 2728; x_wconf 88' lang='lat' dir='ltr'><strong>te</strong></span> <span class='ocrx_word' id='word_1_178' title='bbox 1094 2678 1430 2747; x_wconf 82' lang='lat' dir='ltr'><strong>protegente</strong></span> <span class='ocrx_word' id='word_1_179' title='bbox 1462 2674 1774 2730; x_wconf 86' lang='lat' dir='ltr'><strong>custodiat.</strong></span> <span class='ocrx_word' id='word_1_180' title='bbox 1812 2674 1934 2730; x_wconf 90' lang='lat' dir='ltr'><strong>Per.</strong></span> 
     </span>
    </p>
   </div>
   <div class='ocr_carea' id='block_1_29' title="bbox 587 2777 1738 2819">
    <p class='ocr_par' dir='ltr' id='par_1_29' title="bbox 587 2777 1738 2819">
     <span class='ocr_line' id='line_1_29' title="bbox 587 2777 1738 2819; baseline 0 -3"><span class='ocrx_word' id='word_1_181' title='bbox 587 2777 660 2816; x_wconf 81' lang='lat' dir='ltr'><strong>AD</strong></span> <span class='ocrx_word' id='word_1_182' title='bbox 699 2778 1042 2818; x_wconf 75' lang='lat' dir='ltr'><strong>INDUENDUI</strong></span> <span class='ocrx_word' id='word_1_183' title='bbox 1091 2778 1310 2818; x_wconf 79' lang='lat' dir='ltr'><strong>VESTEM</strong></span> <span class='ocrx_word' id='word_1_184' title='bbox 1349 2779 1738 2819; x_wconf 71' lang='lat' dir='ltr'><strong>HONACHICAM.</strong></span> 
     </span>
    </p>
   </div>
   <div class='ocr_carea' id='block_1_30' title="bbox 413 2848 1988 2923">
    <p class='ocr_par' dir='ltr' id='par_1_30' title="bbox 413 2848 1988 2923">
     <span class='ocr_line' id='line_1_30' title="bbox 413 2848 1988 2923; baseline 0.003 -20"><span class='ocrx_word' id='word_1_185' title='bbox 413 2848 622 2921; x_wconf 81' lang='lat' dir='ltr'><strong>Accipe</strong></span> <span class='ocrx_word' id='word_1_186' title='bbox 650 2854 870 2906; x_wconf 90' lang='lat' dir='ltr'><strong>vestem</strong></span> <span class='ocrx_word' id='word_1_187' title='bbox 903 2851 1053 2907; x_wconf 87' lang='lat' dir='ltr'><strong>hanc</strong></span> <span class='ocrx_word' id='word_1_188' title='bbox 1077 2856 1342 2908; x_wconf 88' lang='lat' dir='ltr'><strong>sanctam</strong></span> <span class='ocrx_word' id='word_1_189' title='bbox 1365 2855 1542 2923; x_wconf 91' lang='lat' dir='ltr'><strong>atque</strong></span> <span class='ocrx_word' id='word_1_190' title='bbox 1565 2852 1988 2919; x_wconf 89' lang='lat' dir='ltr'><strong>monachicam,</strong></span> 
     </span>
    </p>
   </div>
   <div class='ocr_carea' id='block_1_31' title="bbox 342 2938 1991 3011">
    <p class='ocr_par' dir='ltr' id='par_1_31' title="bbox 342 2938 1991 3011">
     <span class='ocr_line' id='line_1_31' title="bbox 342 2938 1991 3011; baseline 0.002 -17"><span class='ocrx_word' id='word_1_191' title='bbox 342 2955 521 3011; x_wconf 90' lang='lat' dir='ltr'><strong>quam</strong></span> <span class='ocrx_word' id='word_1_192' title='bbox 557 2938 963 2994; x_wconf 88' lang='lat' dir='ltr'><strong>antetribunal</strong></span> <span class='ocrx_word' id='word_1_193' title='bbox 987 2941 1219 2996; x_wconf 91' lang='lat' dir='ltr'><strong>Domini</strong></span> <span class='ocrx_word' id='word_1_194' title='bbox 1242 2941 1424 2996; x_wconf 87' lang='lat' dir='ltr'><strong>nostri</strong></span> <span class='ocrx_word' id='word_1_195' title='bbox 1456 2945 1593 2996; x_wconf 89' lang='lat' dir='ltr'><strong>Jesu</strong></span> <span class='ocrx_word' id='word_1_196' title='bbox 1629 2941 1844 2996; x_wconf 90' lang='lat' dir='ltr'><strong>Christi</strong></span> <span class='ocrx_word' id='word_1_197' title='bbox 1865 2941 1991 2997; x_wconf 91' lang='lat' dir='ltr'><strong>sine</strong></span> 
     </span>
    </p>
   </div>
   <div class='ocr_carea' id='block_1_32' title="bbox 346 3026 1988 3100">
    <p class='ocr_par' dir='ltr' id='par_1_32' title="bbox 346 3026 1988 3100">
     <span class='ocr_line' id='line_1_32' title="bbox 346 3026 1988 3100; baseline 0.001 -16"><span class='ocrx_word' id='word_1_198' title='bbox 346 3026 574 3084; x_wconf 86' lang='lat' dir='ltr'><strong>macula</strong></span> <span class='ocrx_word' id='word_1_199' title='bbox 623 3028 899 3100; x_wconf 85' lang='lat' dir='ltr'><strong>perferas,</strong></span> <span class='ocrx_word' id='word_1_200' title='bbox 951 3045 1054 3100; x_wconf 91' lang='lat' dir='ltr'><strong>per</strong></span> <span class='ocrx_word' id='word_1_201' title='bbox 1100 3029 1372 3085; x_wconf 87' lang='lat' dir='ltr'><strong>virtutem</strong></span> <span class='ocrx_word' id='word_1_202' title='bbox 1416 3033 1474 3086; x_wconf 89' lang='lat' dir='ltr'><strong>et</strong></span> <span class='ocrx_word' id='word_1_203' title='bbox 1525 3030 1988 3086; x_wconf 89' lang='lat' dir='ltr'><strong>misericordiam</strong></span> 
     </span>
    </p>
   </div>
   <div class='ocr_carea' id='block_1_33' title="bbox 344 3115 1990 3190">
    <p class='ocr_par' dir='ltr' id='par_1_33' title="bbox 344 3115 1990 3190">
     <span class='ocr_line' id='line_1_33' title="bbox 344 3115 1990 3190; baseline 0.002 -19"><span class='ocrx_word' id='word_1_204' title='bbox 344 3115 637 3186; x_wconf 88' lang='lat' dir='ltr'><strong>ejusdem,</strong></span> <span class='ocrx_word' id='word_1_205' title='bbox 672 3115 932 3188; x_wconf 90' lang='lat' dir='ltr'><strong>quicum</strong></span> <span class='ocrx_word' id='word_1_206' title='bbox 977 3121 1192 3174; x_wconf 65' lang='lat' dir='ltr'><strong>aeterno</strong></span> <span class='ocrx_word' id='word_1_207' title='bbox 1241 3119 1407 3174; x_wconf 88' lang='lat' dir='ltr'><strong>Patre</strong></span> <span class='ocrx_word' id='word_1_208' title='bbox 1451 3122 1508 3174; x_wconf 88' lang='lat' dir='ltr'><strong>et</strong></span> <span class='ocrx_word' id='word_1_209' title='bbox 1538 3119 1755 3190; x_wconf 90' lang='lat' dir='ltr'><strong>Spiritu</strong></span> <span class='ocrx_word' id='word_1_210' title='bbox 1789 3123 1990 3175; x_wconf 89' lang='lat' dir='ltr'><strong>sancto</strong></span> 
     </span>
    </p>
   </div>
   <div class='ocr_carea' id='block_1_34' title="bbox 341 3203 1984 3278">
    <p class='ocr_par' dir='ltr' id='par_1_34' title="bbox 341 3203 1984 3278">
     <span class='ocr_line' id='line_1_34' title="bbox 341 3203 1984 3278; baseline 0.001 -18"><span class='ocrx_word' id='word_1_211' title='bbox 341 3203 482 3260; x_wconf 72' lang='lat' dir='ltr'><strong>viVit</strong></span> <span class='ocrx_word' id='word_1_212' title='bbox 538 3208 594 3260; x_wconf 90' lang='lat' dir='ltr'><strong>et</strong></span> <span class='ocrx_word' id='word_1_213' title='bbox 646 3209 851 3278; x_wconf 86' lang='lat' dir='ltr'><strong>regnat</strong></span> <span class='ocrx_word' id='word_1_214' title='bbox 896 3223 998 3278; x_wconf 87' lang='lat' dir='ltr'><strong>per</strong></span> <span class='ocrx_word' id='word_1_215' title='bbox 1064 3205 1295 3263; x_wconf 84' lang='lat' dir='ltr'><strong>infinita</strong></span> <span class='ocrx_word' id='word_1_216' title='bbox 1355 3205 1566 3262; x_wconf 61' lang='lat' dir='ltr'><strong>secula</strong></span> <span class='ocrx_word' id='word_1_217' title='bbox 1618 3205 1984 3263; x_wconf 69' lang='lat' dir='ltr'><strong>saeculorum.</strong></span> 
     </span>
    </p>
   </div>
   <div class='ocr_carea' id='block_1_35' title="bbox 340 3294 544 3349">
    <p class='ocr_par' dir='ltr' id='par_1_35' title="bbox 340 3294 544 3349">
     <span class='ocr_line' id='line_1_35' title="bbox 340 3294 544 3349; baseline -0.01 0"><span class='ocrx_word' id='word_1_218' title='bbox 340 3294 544 3349; x_wconf 84' lang='lat' dir='ltr'><strong>Amen.</strong></span> 
     </span>
    </p>
   </div>
   <div class='ocr_carea' id='block_1_36' title="bbox 410 3382 1982 3453">
    <p class='ocr_par' dir='ltr' id='par_1_36' title="bbox 410 3382 1982 3453">
     <span class='ocr_line' id='line_1_36' title="bbox 410 3382 1982 3453; baseline 0.001 -15"><span class='ocrx_word' id='word_1_219' title='bbox 410 3382 750 3438; x_wconf 90' lang='lat' dir='ltr'><strong>Dominator</strong></span> <span class='ocrx_word' id='word_1_220' title='bbox 795 3382 1061 3453; x_wconf 90' lang='lat' dir='ltr'><strong>Domine,</strong></span> <span class='ocrx_word' id='word_1_221' title='bbox 1101 3389 1255 3440; x_wconf 92' lang='lat' dir='ltr'><strong>Deus</strong></span> <span class='ocrx_word' id='word_1_222' title='bbox 1313 3383 1587 3440; x_wconf 90' lang='lat' dir='ltr'><strong>salutaris</strong></span> <span class='ocrx_word' id='word_1_223' title='bbox 1634 3387 1851 3452; x_wconf 89' lang='lat' dir='ltr'><strong>noster,</strong></span> <span class='ocrx_word' id='word_1_224' title='bbox 1885 3402 1982 3440; x_wconf 87' lang='lat' dir='ltr'><strong>cu-</strong></span> 
     </span>
    </p>
   </div>
   <div class='ocr_carea' id='block_1_37' title="bbox 339 3469 1986 3545">
    <p class='ocr_par' dir='ltr' id='par_1_37' title="bbox 339 3469 1986 3545">
     <span class='ocr_line' id='line_1_37' title="bbox 339 3469 1986 3545; baseline 0.002 -19"><span class='ocrx_word' id='word_1_225' title='bbox 339 3469 488 3526; x_wconf 84' lang='lat' dir='ltr'><strong>stodi</strong></span> <span class='ocrx_word' id='word_1_226' title='bbox 521 3469 676 3527; x_wconf 89' lang='lat' dir='ltr'><strong>hunc</strong></span> <span class='ocrx_word' id='word_1_227' title='bbox 707 3471 995 3528; x_wconf 86' lang='lat' dir='ltr'><strong>famulum</strong></span> <span class='ocrx_word' id='word_1_228' title='bbox 1027 3476 1218 3543; x_wconf 84' lang='lat' dir='ltr'><strong>tuum,</strong></span> <span class='ocrx_word' id='word_1_229' title='bbox 1245 3471 1327 3527; x_wconf 92' lang='lat' dir='ltr'><strong>ill.</strong></span> <span class='ocrx_word' id='word_1_230' title='bbox 1359 3471 1469 3528; x_wconf 84' lang='lat' dir='ltr'><strong>sub</strong></span> <span class='ocrx_word' id='word_1_231' title='bbox 1500 3473 1607 3529; x_wconf 93' lang='lat' dir='ltr'><strong>hoc</strong></span> <span class='ocrx_word' id='word_1_232' title='bbox 1626 3474 1772 3545; x_wconf 89' lang='lat' dir='ltr'><strong>jugo</strong></span> <span class='ocrx_word' id='word_1_233' title='bbox 1798 3490 1986 3545; x_wconf 89' lang='lat' dir='ltr'><strong>usque</strong></span> 
     </span>
    </p>
   </div>
   <div class='ocr_carea' id='block_1_38' title="bbox 339 3558 1986 3634">
    <p class='ocr_par' dir='ltr' id='par_1_38' title="bbox 339 3558 1986 3634">
     <span class='ocr_line' id='line_1_38' title="bbox 339 3558 1986 3634; baseline 0.003 -21"><span class='ocrx_word' id='word_1_234' title='bbox 339 3558 399 3613; x_wconf 89' lang='lat' dir='ltr'><strong>in</strong></span> <span class='ocrx_word' id='word_1_235' title='bbox 430 3559 628 3626; x_wconf 87' lang='lat' dir='ltr'><strong>ﬁnem,</strong></span> <span class='ocrx_word' id='word_1_236' title='bbox 663 3565 718 3616; x_wconf 89' lang='lat' dir='ltr'><strong>et</strong></span> <span class='ocrx_word' id='word_1_237' title='bbox 739 3561 984 3633; x_wconf 89' lang='lat' dir='ltr'><strong>dignum</strong></span> <span class='ocrx_word' id='word_1_238' title='bbox 1005 3579 1140 3617; x_wconf 90' lang='lat' dir='ltr'><strong>eum</strong></span> <span class='ocrx_word' id='word_1_239' title='bbox 1174 3562 1262 3616; x_wconf 86' lang='lat' dir='ltr'><strong>fac</strong></span> <span class='ocrx_word' id='word_1_240' title='bbox 1295 3577 1427 3616; x_wconf 91' lang='lat' dir='ltr'><strong>cum</strong></span> <span class='ocrx_word' id='word_1_241' title='bbox 1459 3560 1554 3616; x_wconf 89' lang='lat' dir='ltr'><strong>his</strong></span> <span class='ocrx_word' id='word_1_242' title='bbox 1583 3561 1683 3634; x_wconf 90' lang='lat' dir='ltr'><strong>qui</strong></span> <span class='ocrx_word' id='word_1_243' title='bbox 1705 3561 1806 3617; x_wconf 86' lang='lat' dir='ltr'><strong>tibi</strong></span> <span class='ocrx_word' id='word_1_244' title='bbox 1840 3563 1986 3618; x_wconf 89' lang='lat' dir='ltr'><strong>bene</strong></span> 
     </span>
    </p>
   </div>
   <div class='ocr_carea' id='block_1_39' title="bbox 337 3645 1984 3720">
    <p class='ocr_par' dir='ltr' id='par_1_39' title="bbox 337 3645 1984 3720">
     <span class='ocr_line' id='line_1_39' title="bbox 337 3645 1984 3720; baseline 0.002 -17"><span class='ocrx_word' id='word_1_245' title='bbox 337 3645 702 3720; x_wconf 85' lang='lat' dir='ltr'><strong>placuerunt,</strong></span> <span class='ocrx_word' id='word_1_246' title='bbox 745 3650 922 3706; x_wconf 92' lang='lat' dir='ltr'><strong>indue</strong></span> <span class='ocrx_word' id='word_1_247' title='bbox 971 3667 1106 3705; x_wconf 92' lang='lat' dir='ltr'><strong>eum</strong></span> <span class='ocrx_word' id='word_1_248' title='bbox 1156 3647 1638 3706; x_wconf 78' lang='lat' dir='ltr'><strong>sanctificationis</strong></span> <span class='ocrx_word' id='word_1_249' title='bbox 1686 3649 1857 3716; x_wconf 86' lang='lat' dir='ltr'><strong>stola,</strong></span> <span class='ocrx_word' id='word_1_250' title='bbox 1892 3668 1984 3706; x_wconf 91' lang='lat' dir='ltr'><strong>ac-</strong></span> 
     </span>
    </p>
   </div>
   <div class='ocr_carea' id='block_1_40' title="bbox 338 3735 1986 3810">
    <p class='ocr_par' dir='ltr' id='par_1_40' title="bbox 338 3735 1986 3810">
     <span class='ocr_line' id='line_1_40' title="bbox 338 3735 1986 3810; baseline 0.001 -17"><span class='ocrx_word' id='word_1_251' title='bbox 338 3735 506 3810; x_wconf 88' lang='lat' dir='ltr'><strong>cinge</strong></span> <span class='ocrx_word' id='word_1_252' title='bbox 534 3737 769 3794; x_wconf 89' lang='lat' dir='ltr'><strong>lumbos</strong></span> <span class='ocrx_word' id='word_1_253' title='bbox 798 3740 926 3809; x_wconf 91' lang='lat' dir='ltr'><strong>ejus</strong></span> <span class='ocrx_word' id='word_1_254' title='bbox 950 3739 1282 3809; x_wconf 85' lang='lat' dir='ltr'><strong>sobrietate,</strong></span> <span class='ocrx_word' id='word_1_255' title='bbox 1307 3738 1548 3794; x_wconf 88' lang='lat' dir='ltr'><strong>ostende</strong></span> <span class='ocrx_word' id='word_1_256' title='bbox 1572 3738 1736 3794; x_wconf 91' lang='lat' dir='ltr'><strong>illum</strong></span> <span class='ocrx_word' id='word_1_257' title='bbox 1768 3743 1986 3795; x_wconf 90' lang='lat' dir='ltr'><strong>creato-</strong></span> 
     </span>
    </p>
   </div>
   <div class='ocr_carea' id='block_1_41' title="bbox 336 3826 1989 3899">
    <p class='ocr_par' dir='ltr' id='par_1_41' title="bbox 336 3826 1989 3899">
     <span class='ocr_line' id='line_1_41' title="bbox 336 3826 1989 3899; baseline 0.002 -18"><span class='ocrx_word' id='word_1_258' title='bbox 336 3842 460 3881; x_wconf 88' lang='lat' dir='ltr'><strong>rem</strong></span> <span class='ocrx_word' id='word_1_259' title='bbox 492 3827 549 3882; x_wconf 83' lang='lat' dir='ltr'>in</span> <span class='ocrx_word' id='word_1_260' title='bbox 581 3826 741 3882; x_wconf 90' lang='lat' dir='ltr'><strong>omni</strong></span> <span class='ocrx_word' id='word_1_261' title='bbox 790 3827 1169 3893; x_wconf 84' lang='lat' dir='ltr'><strong>abstinentia,</strong></span> <span class='ocrx_word' id='word_1_262' title='bbox 1214 3827 1424 3899; x_wconf 83' lang='lat' dir='ltr'><strong>perfice</strong></span> <span class='ocrx_word' id='word_1_263' title='bbox 1479 3826 1647 3882; x_wconf 92' lang='lat' dir='ltr'><strong>illum</strong></span> <span class='ocrx_word' id='word_1_264' title='bbox 1701 3829 1759 3883; x_wconf 94' lang='lat' dir='ltr'><strong>in</strong></span> <span class='ocrx_word' id='word_1_265' title='bbox 1820 3827 1989 3884; x_wconf 90' lang='lat' dir='ltr'><strong>donis</strong></span> 
     </span>
    </p>
   </div>
   <div class='ocr_carea' id='block_1_42' title="bbox 335 3913 1989 3987">
    <p class='ocr_par' dir='ltr' id='par_1_42' title="bbox 335 3913 1989 3987">
     <span class='ocr_line' id='line_1_42' title="bbox 335 3913 1989 3987; baseline 0.002 -19"><span class='ocrx_word' id='word_1_266' title='bbox 335 3913 534 3986; x_wconf 68' lang='lat' dir='ltr'><strong>gratiae</strong></span> <span class='ocrx_word' id='word_1_267' title='bbox 565 3915 907 3987; x_wconf 89' lang='lat' dir='ltr'><strong>spiritualis,</strong></span> <span class='ocrx_word' id='word_1_268' title='bbox 942 3917 1013 3970; x_wconf 90' lang='lat' dir='ltr'><strong>ad</strong></span> <span class='ocrx_word' id='word_1_269' title='bbox 1046 3915 1292 3987; x_wconf 86' lang='lat' dir='ltr'><strong>gloriam</strong></span> <span class='ocrx_word' id='word_1_270' title='bbox 1329 3915 1597 3987; x_wconf 80' lang='lat' dir='ltr'><strong>potentiae</strong></span> <span class='ocrx_word' id='word_1_271' title='bbox 1631 3920 1741 3970; x_wconf 72' lang='lat' dir='ltr'><strong>tum</strong></span> <span class='ocrx_word' id='word_1_272' title='bbox 1787 3915 1989 3971; x_wconf 89' lang='lat' dir='ltr'><strong>lauda-</strong></span> 
     </span>
    </p>
   </div>
   <div class='ocr_carea' id='block_1_43' title="bbox 336 4001 1988 4076">
    <p class='ocr_par' dir='ltr' id='par_1_43' title="bbox 336 4001 1988 4076">
     <span class='ocr_line' id='line_1_43' title="bbox 336 4001 1988 4076; baseline 0.001 -18"><span class='ocrx_word' id='word_1_273' title='bbox 336 4001 494 4068; x_wconf 90' lang='lat' dir='ltr'><strong>bilis,</strong></span> <span class='ocrx_word' id='word_1_274' title='bbox 528 4003 668 4076; x_wconf 92' lang='lat' dir='ltr'><strong>quia</strong></span> <span class='ocrx_word' id='word_1_275' title='bbox 692 4008 756 4059; x_wconf 93' lang='lat' dir='ltr'><strong>tu</strong></span> <span class='ocrx_word' id='word_1_276' title='bbox 785 4020 847 4060; x_wconf 91' lang='lat' dir='ltr'><strong>es</strong></span> <span class='ocrx_word' id='word_1_277' title='bbox 880 4004 1032 4058; x_wconf 88' lang='lat' dir='ltr'><strong>Deus</strong></span> <span class='ocrx_word' id='word_1_278' title='bbox 1065 4007 1282 4072; x_wconf 90' lang='lat' dir='ltr'><strong>noster,</strong></span> <span class='ocrx_word' id='word_1_279' title='bbox 1312 4003 1412 4076; x_wconf 88' lang='lat' dir='ltr'><strong>qui</strong></span> <span class='ocrx_word' id='word_1_280' title='bbox 1448 4003 1768 4060; x_wconf 84' lang='lat' dir='ltr'><strong>visomnes</strong></span> <span class='ocrx_word' id='word_1_281' title='bbox 1800 4004 1988 4060; x_wconf 90' lang='lat' dir='ltr'><strong>homi-</strong></span> 
     </span>
    </p>
   </div>
   <div class='ocr_carea' id='block_1_44' title="bbox 343 4091 1177 4156">
    <p class='ocr_par' dir='ltr' id='par_1_44' title="bbox 343 4091 1177 4156">
     <span class='ocr_line' id='line_1_44' title="bbox 343 4091 1177 4156; baseline 0 -9"><span class='ocrx_word' id='word_1_282' title='bbox 343 4107 449 4147; x_wconf 87' lang='lat' dir='ltr'><strong>nes</strong></span> <span class='ocrx_word' id='word_1_283' title='bbox 480 4091 672 4148; x_wconf 90' lang='lat' dir='ltr'><strong>salvos</strong></span> <span class='ocrx_word' id='word_1_284' title='bbox 702 4092 846 4147; x_wconf 85' lang='lat' dir='ltr'><strong>ﬁeri.</strong></span> <span class='ocrx_word' id='word_1_285' title='bbox 881 4091 988 4156; x_wconf 88' lang='lat' dir='ltr'><strong>Qui</strong></span> <span class='ocrx_word' id='word_1_286' title='bbox 1019 4091 1177 4147; x_wconf 90' lang='lat' dir='ltr'><strong>vivit.</strong></span> 
     </span>
    </p>
   </div>
   <div class='ocr_carea' id='block_1_45' title="bbox 409 4180 1992 4249">
    <p class='ocr_par' dir='ltr' id='par_1_45' title="bbox 409 4180 1992 4249">
     <span class='ocr_line' id='line_1_45' title="bbox 409 4180 1992 4249; baseline 0.001 -13"><span class='ocrx_word' id='word_1_287' title='bbox 409 4181 612 4237; x_wconf 79' lang='lat' dir='ltr'><strong>Oratio.</strong></span> <span class='ocrx_word' id='word_1_288' title='bbox 662 4181 740 4236; x_wconf 93' lang='lat' dir='ltr'><strong>Te</strong></span> <span class='ocrx_word' id='word_1_289' title='bbox 800 4180 1164 4247; x_wconf 89' lang='lat' dir='ltr'><strong>invocamus,</strong></span> <span class='ocrx_word' id='word_1_290' title='bbox 1236 4182 1480 4237; x_wconf 91' lang='lat' dir='ltr'><strong>Domine</strong></span> <span class='ocrx_word' id='word_1_291' title='bbox 1536 4185 1755 4249; x_wconf 88' lang='lat' dir='ltr'><strong>sancte,</strong></span> <span class='ocrx_word' id='word_1_292' title='bbox 1819 4187 1992 4239; x_wconf 90' lang='lat' dir='ltr'><strong>Pater</strong></span> 
     </span>
    </p>
   </div>
   <div class='ocr_carea' id='block_1_46' title="bbox 335 4269 1986 4342">
    <p class='ocr_par' dir='ltr' id='par_1_46' title="bbox 335 4269 1986 4342">
     <span class='ocr_line' id='line_1_46' title="bbox 335 4269 1986 4342; baseline 0.001 -18"><span class='ocrx_word' id='word_1_293' title='bbox 335 4269 728 4341; x_wconf 89' lang='lat' dir='ltr'><strong>omnipotens,</strong></span> <span class='ocrx_word' id='word_1_294' title='bbox 762 4273 974 4325; x_wconf 62' lang='lat' dir='ltr'><strong>aeterne</strong></span> <span class='ocrx_word' id='word_1_295' title='bbox 1004 4269 1177 4334; x_wconf 91' lang='lat' dir='ltr'><strong>Deus,</strong></span> <span class='ocrx_word' id='word_1_296' title='bbox 1213 4287 1390 4342; x_wconf 89' lang='lat' dir='ltr'><strong>super</strong></span> <span class='ocrx_word' id='word_1_297' title='bbox 1411 4270 1566 4325; x_wconf 92' lang='lat' dir='ltr'><strong>hunc</strong></span> <span class='ocrx_word' id='word_1_298' title='bbox 1593 4269 1880 4326; x_wconf 91' lang='lat' dir='ltr'><strong>famulum</strong></span> <span class='ocrx_word' id='word_1_299' title='bbox 1905 4271 1986 4326; x_wconf 88' lang='lat' dir='ltr'><strong>ill.</strong></span> 
     </span>
    </p>
   </div>
   <div class='ocr_carea' id='block_1_47' title="bbox 407 4403 1991 4478">
    <p class='ocr_par' dir='ltr' id='par_1_47' title="bbox 407 4403 1991 4478">
     <span class='ocr_line' id='line_1_47' title="bbox 407 4403 1991 4478; baseline 0.004 -15"><span class='ocrx_word' id='word_1_300' title='bbox 407 4403 520 4478; x_wconf 77' lang='lat'><strong>(27)</strong></span> <span class='ocrx_word' id='word_1_301' title='bbox 547 4409 825 4466; x_wconf 78' lang='lat' dir='ltr'><strong>lnordin&#39;e</strong></span> <span class='ocrx_word' id='word_1_302' title='bbox 846 4412 918 4466; x_wconf 90' lang='lat' dir='ltr'><strong>ad</strong></span> <span class='ocrx_word' id='word_1_303' title='bbox 937 4411 1287 4468; x_wconf 89' lang='lat' dir='ltr'><strong>initiandum</strong></span> <span class='ocrx_word' id='word_1_304' title='bbox 1315 4412 1669 4468; x_wconf 88' lang='lat' dir='ltr'><strong>monachum</strong></span> <span class='ocrx_word' id='word_1_305' title='bbox 1694 4412 1870 4468; x_wconf 90' lang='lat' dir='ltr'><strong>ritum</strong></span> <span class='ocrx_word' id='word_1_306' title='bbox 1896 4414 1991 4470; x_wconf 89' lang='lat' dir='ltr'><strong>ha-</strong></span> 
     </span>
    </p>
   </div>
   <div class='ocr_carea' id='block_1_48' title="bbox 336 4481 1990 4556">
    <p class='ocr_par' dir='ltr' id='par_1_48' title="bbox 336 4481 1990 4556">
     <span class='ocr_line' id='line_1_48' title="bbox 336 4481 1990 4556; baseline 0.003 -20"><span class='ocrx_word' id='word_1_307' title='bbox 336 4481 545 4556; x_wconf 81' lang='lat' dir='ltr'><strong>bemus</strong></span> <span class='ocrx_word' id='word_1_308' title='bbox 575 4482 1300 4556; x_wconf 63' lang='lat' dir='ltr'><strong>adbarbamtondendam.</strong></span> <span class='ocrx_word' id='word_1_309' title='bbox 1361 4483 1571 4540; x_wconf 90' lang='lat' dir='ltr'><strong>Priscis</strong></span> <span class='ocrx_word' id='word_1_310' title='bbox 1627 4487 1990 4556; x_wconf 88' lang='lat' dir='ltr'><strong>temporibus</strong></span> 
     </span>
    </p>
   </div>
   <div class='ocr_carea' id='block_1_49' title="bbox 333 4552 1989 4629">
    <p class='ocr_par' dir='ltr' id='par_1_49' title="bbox 333 4552 1989 4629">
     <span class='ocr_line' id='line_1_49' title="bbox 333 4552 1989 4629; baseline 0.005 -24"><span class='ocrx_word' id='word_1_311' title='bbox 333 4552 460 4629; x_wconf 71' lang='lat' dir='ltr'><strong>viri</strong></span> <span class='ocrx_word' id='word_1_312' title='bbox 477 4552 784 4609; x_wconf 70' lang='lat' dir='ltr'><strong>saeculares</strong></span> <span class='ocrx_word' id='word_1_313' title='bbox 806 4553 1050 4629; x_wconf 84' lang='lat' dir='ltr'><strong>barbam</strong></span> <span class='ocrx_word' id='word_1_314' title='bbox 1076 4554 1426 4629; x_wconf 75' lang='lat' dir='ltr'><strong>praelongam</strong></span> <span class='ocrx_word' id='word_1_315' title='bbox 1452 4552 1767 4629; x_wconf 78' lang='lat' dir='ltr'><strong>portabant</strong></span> <span class='ocrx_word' id='word_1_316' title='bbox 1795 4563 1854 4612; x_wconf 90' lang='lat' dir='ltr'><strong>et</strong></span> <span class='ocrx_word' id='word_1_317' title='bbox 1882 4575 1989 4612; x_wconf 90' lang='lat' dir='ltr'><strong>nu-</strong></span> 
     </span>
    </p>
   </div>
   <div class='ocr_carea' id='block_1_50' title="bbox 335 4622 1991 4698">
    <p class='ocr_par' dir='ltr' id='par_1_50' title="bbox 335 4622 1991 4698">
     <span class='ocr_line' id='line_1_50' title="bbox 335 4622 1991 4698; baseline 0.004 -19"><span class='ocrx_word' id='word_1_318' title='bbox 335 4622 608 4698; x_wconf 74' lang='lat' dir='ltr'><strong>triebant,</strong></span> <span class='ocrx_word' id='word_1_319' title='bbox 657 4629 895 4698; x_wconf 75' lang='lat' dir='ltr'><strong>eratque</strong></span> <span class='ocrx_word' id='word_1_320' title='bbox 929 4622 1173 4698; x_wconf 68' lang='lat' dir='ltr'><strong>proinde</strong></span> <span class='ocrx_word' id='word_1_321' title='bbox 1217 4622 1469 4698; x_wconf 46' lang='lat' dir='ltr'><strong>sig’num&#39;</strong></span> <span class='ocrx_word' id='word_1_322' title='bbox 1503 4627 1778 4683; x_wconf 88' lang='lat' dir='ltr'><strong>vanitatis</strong></span> <span class='ocrx_word' id='word_1_323' title='bbox 1807 4630 1991 4685; x_wconf 88' lang='lat' dir='ltr'><strong>barba</strong></span> 
     </span>
    </p>
   </div>
   <div class='ocr_carea' id='block_1_51' title="bbox 335 4693 1988 4770">
    <p class='ocr_par' dir='ltr' id='par_1_51' title="bbox 335 4693 1988 4770">
     <span class='ocr_line' id='line_1_51' title="bbox 335 4693 1988 4770; baseline 0.004 -21"><span class='ocrx_word' id='word_1_324' title='bbox 335 4693 558 4770; x_wconf 46' lang='lat' dir='ltr'><strong>prolixa</strong></span> <span class='ocrx_word' id='word_1_325' title='bbox 588 4700 645 4752; x_wconf 87' lang='lat' dir='ltr'><strong>et</strong></span> <span class='ocrx_word' id='word_1_326' title='bbox 674 4693 1220 4770; x_wconf 24' lang='lat' dir='ltr'><strong>oblo‘ngalMonachi</strong></span> <span class='ocrx_word' id='word_1_327' title='bbox 1245 4693 1316 4753; x_wconf 85' lang='lat' dir='ltr'><strong>ad</strong></span> <span class='ocrx_word' id='word_1_328' title='bbox 1347 4699 1736 4770; x_wconf 89' lang='lat' dir='ltr'><strong>respuendam</strong></span> <span class='ocrx_word' id='word_1_329' title='bbox 1755 4717 1988 4756; x_wconf 91' lang='lat' dir='ltr'><strong>omnem</strong></span> 
     </span>
    </p>
   </div>
   <div class='ocr_carea' id='block_1_52' title="bbox 337 4765 1987 4826">
    <p class='ocr_par' dir='ltr' id='par_1_52' title="bbox 337 4765 1987 4826">
     <span class='ocr_line' id='line_1_52' title="bbox 337 4765 1987 4826; baseline 0.002 -4"><span class='ocrx_word' id='word_1_330' title='bbox 337 4765 531 4822; x_wconf 62' lang='lat' dir='ltr'><strong>seculi</strong></span> <span class='ocrx_word' id='word_1_331' title='bbox 563 4765 880 4823; x_wconf 74' lang='lat' dir='ltr'><strong>vanitatem</strong></span> <span class='ocrx_word' id='word_1_332' title='bbox 902 4768 1194 4824; x_wconf 88' lang='lat' dir='ltr'><strong>tironibus</strong></span> <span class='ocrx_word' id='word_1_333' title='bbox 1217 4770 1341 4825; x_wconf 91' lang='lat' dir='ltr'><strong>suis</strong></span> <span class='ocrx_word' id='word_1_334' title='bbox 1372 4765 1614 4825; x_wconf 77' lang='lat' dir='ltr'><strong>barbam</strong></span> <span class='ocrx_word' id='word_1_335' title='bbox 1649 4771 1987 4826; x_wconf 86' lang='lat' dir='ltr'><strong>tondebant.</strong></span> 
     </span>
    </p>
   </div>
   <div class='ocr_carea' id='block_1_53' title="bbox 336 4836 1992 4910">
    <p class='ocr_par' dir='ltr' id='par_1_53' title="bbox 336 4836 1992 4910">
     <span class='ocr_line' id='line_1_53' title="bbox 336 4836 1992 4910; baseline 0.004 -19"><span class='ocrx_word' id='word_1_336' title='bbox 336 4836 481 4910; x_wconf 83' lang='lat' dir='ltr'><strong>_Vi-d&#39;e</strong></span> <span class='ocrx_word' id='word_1_337' title='bbox 509 4854 636 4910; x_wconf 65' lang='lat' dir='ltr'><strong>quae</strong></span> <span class='ocrx_word' id='word_1_338' title='bbox 665 4839 738 4894; x_wconf 91' lang='lat' dir='ltr'><strong>de</strong></span> <span class='ocrx_word' id='word_1_339' title='bbox 766 4838 876 4895; x_wconf 87' lang='lat' dir='ltr'><strong>hoc</strong></span> <span class='ocrx_word' id='word_1_340' title='bbox 910 4856 1072 4896; x_wconf 90' lang='lat' dir='ltr'><strong>more</strong></span> <span class='ocrx_word' id='word_1_341' title='bbox 1097 4841 1294 4897; x_wconf 87' lang='lat' dir='ltr'><strong>dicant</strong></span> <span class='ocrx_word' id='word_1_342' title='bbox 1338 4841 1652 4898; x_wconf 88' lang='lat' dir='ltr'><strong>Annalium</strong></span> <span class='ocrx_word' id='word_1_343' title='bbox 1683 4842 1992 4898; x_wconf 85' lang='lat' dir='ltr'><strong>Camaldu-</strong></span> 
     </span>
    </p>
   </div>
   <div class='ocr_carea' id='block_1_54' title="bbox 332 4907 1988 4984">
    <p class='ocr_par' dir='ltr' id='par_1_54' title="bbox 332 4907 1988 4984">
     <span class='ocr_line' id='line_1_54' title="bbox 332 4907 1988 4984; baseline 0.003 -21"><span class='ocrx_word' id='word_1_344' title='bbox 332 4907 597 4984; x_wconf 67' lang='lat' dir='ltr'><strong>lensium</strong></span> <span class='ocrx_word' id='word_1_345' title='bbox 625 4910 945 4984; x_wconf 80' lang='lat' dir='ltr'><strong>scriptores</strong></span> <span class='ocrx_word' id='word_1_346' title='bbox 988 4911 1050 4983; x_wconf 92' lang='lat' dir='ltr'><strong>(t.</strong></span> <span class='ocrx_word' id='word_1_347' title='bbox 1083 4912 1147 4984; x_wconf 14' lang='lat' dir='ltr'><strong>gl,</strong></span> <span class='ocrx_word' id='word_1_348' title='bbox 1201 4930 1256 4984; x_wconf 90' lang='lat' dir='ltr'><strong>p.</strong></span> <span class='ocrx_word' id='word_1_349' title='bbox 1307 4914 1465 4984; x_wconf 15' lang='lat'><strong>380).,</strong></span> <span class='ocrx_word' id='word_1_350' title='bbox 1509 4912 1603 4968; x_wconf 88' lang='lat' dir='ltr'><strong>Sic</strong></span> <span class='ocrx_word' id='word_1_351' title='bbox 1635 4917 1829 4967; x_wconf 91' lang='lat' dir='ltr'><strong>tamen</strong></span> <span class='ocrx_word' id='word_1_352' title='bbox 1864 4931 1988 4969; x_wconf 91' lang='lat' dir='ltr'><strong>mo-</strong></span> 
     </span>
    </p>
   </div>
   <div class='ocr_carea' id='block_1_55' title="bbox 336 4930 1989 5054">
    <p class='ocr_par' dir='ltr' id='par_1_55' title="bbox 336 4930 1989 5054">
     <span class='ocr_line' id='line_1_55' title="bbox 336 4930 1988 4984; baseline 0.003 -21"><span class='ocrx_word' id='word_1_353' title='bbox 336 4930 590 4964; x_wconf 69' lang='lat' dir='ltr'><strong>rensmm</strong></span> <span class='ocrx_word' id='word_1_354' title='bbox 634 4930 945 4982; x_wconf 74' lang='lat' dir='ltr'><strong>scriptores</strong></span> <span class='ocrx_word' id='word_1_355' title='bbox 988 4930 1050 4983; x_wconf 70' lang='grc' dir='ltr'><strong><em>ῃ.</em></strong></span> <span class='ocrx_word' id='word_1_356' title='bbox 1103 4930 1147 4980; x_wconf 82' lang='grc' dir='ltr'><strong>ι,</strong></span> <span class='ocrx_word' id='word_1_357' title='bbox 1245 4955 1256 4966; x_wconf 97' lang='grc'>.</span> <span class='ocrx_word' id='word_1_358' title='bbox 1307 4930 1453 4984; x_wconf 62' lang='lat' dir='ltr'><strong>sev).</strong></span> <span class='ocrx_word' id='word_1_359' title='bbox 1509 4930 1603 4968; x_wconf 71' lang='lat' dir='ltr'><strong>Sic</strong></span> <span class='ocrx_word' id='word_1_360' title='bbox 1635 4930 1829 4967; x_wconf 84' lang='lat' dir='ltr'><strong>tamen</strong></span> <span class='ocrx_word' id='word_1_361' title='bbox 1864 4931 1988 4969; x_wconf 91' lang='lat' dir='ltr'><strong>mo-</strong></span> 
     </span>
     <span class='ocr_line' id='line_1_56' title="bbox 336 4930 1989 5054; baseline 0.003 -20"><span class='ocrx_word' id='word_1_362' title='bbox 336 4979 508 5054; x_wconf 80' lang='lat' dir='ltr'><strong>nachi</strong></span> <span class='ocrx_word' id='word_1_363' title='bbox 540 4981 831 5052; x_wconf 88' lang='lat' dir='ltr'><strong>imberbes</strong></span> <span class='ocrx_word' id='word_1_364' title='bbox 863 4930 1235 5054; x_wconf 67' lang='lat' dir='ltr'><strong>apparebanlJ</strong></span> <span class='ocrx_word' id='word_1_365' title='bbox 1251 4988 1316 5040; x_wconf 91' lang='lat' dir='ltr'><strong>ut</strong></span> <span class='ocrx_word' id='word_1_366' title='bbox 1345 4983 1507 5039; x_wconf 87' lang='lat' dir='ltr'><strong>nulla</strong></span> <span class='ocrx_word' id='word_1_367' title='bbox 1537 4985 1595 5038; x_wconf 93' lang='lat' dir='ltr'><strong>in</strong></span> <span class='ocrx_word' id='word_1_368' title='bbox 1624 5001 1824 5038; x_wconf 90' lang='lat' dir='ltr'><strong>eorum</strong></span> <span class='ocrx_word' id='word_1_369' title='bbox 1865 4984 1989 5039; x_wconf 92' lang='lat' dir='ltr'><strong>vul-</strong></span> 
     </span>
    </p>
   </div>
   <div class='ocr_carea' id='block_1_56' title="bbox 333 5051 1983 5128">
    <p class='ocr_par' dir='ltr' id='par_1_56' title="bbox 333 5051 1983 5128">
     <span class='ocr_line' id='line_1_57' title="bbox 333 5051 1983 5128; baseline 0.004 -22"><span class='ocrx_word' id='word_1_370' title='bbox 333 5051 496 5128; x_wconf 77' lang='lat' dir='ltr'><strong>tibus</strong></span> <span class='ocrx_word' id='word_1_371' title='bbox 527 5057 830 5128; x_wconf 68' lang='lat' dir='ltr'><strong>notaretur”</strong></span> <span class='ocrx_word' id='word_1_372' title='bbox 868 5051 1167 5128; x_wconf 69' lang='lat' dir='ltr'><strong>mollities,</strong></span> <span class='ocrx_word' id='word_1_373' title='bbox 1203 5073 1330 5128; x_wconf 66' lang='lat' dir='ltr'><strong>qua:</strong></span> <span class='ocrx_word' id='word_1_374' title='bbox 1360 5055 1717 5128; x_wconf 9' lang='lat' dir='ltr'><strong>sanernimia</strong></span> <span class='ocrx_word' id='word_1_375' title='bbox 1752 5056 1983 5125; x_wconf 84' lang='lat' dir='ltr'><strong>fuisset,</strong></span> 
     </span>
    </p>
   </div>
   <div class='ocr_carea' id='block_1_57' title="bbox 335 5121 1992 5198">
    <p class='ocr_par' dir='ltr' id='par_1_57' title="bbox 335 5121 1992 5198">
     <span class='ocr_line' id='line_1_58' title="bbox 335 5121 1992 5198; baseline 0.003 -21"><span class='ocrx_word' id='word_1_376' title='bbox 335 5121 386 5198; x_wconf 92' lang='lat' dir='ltr'><strong>_si</strong></span> <span class='ocrx_word' id='word_1_377' title='bbox 427 5121 1240 5198; x_wconf 14' lang='lat' dir='ltr'><strong>novaculamgadhibuisse’nt:</strong></span> <span class='ocrx_word' id='word_1_378' title='bbox 1302 5121 1642 5198; x_wconf 87' lang='lat' dir='ltr'><strong>Forcipibus</strong></span> <span class='ocrx_word' id='word_1_379' title='bbox 1681 5121 1992 5198; x_wconf 84' lang='lat' dir='ltr'><strong>propterea</strong></span> 
     </span>
    </p>
   </div>
   <div class='ocr_carea' id='block_1_58' title="bbox 335 5142 1988 5254">
    <p class='ocr_par' dir='ltr' id='par_1_58' title="bbox 335 5142 1988 5254">
     <span class='ocr_line' id='line_1_59' title="bbox 335 5142 1988 5252; baseline 0.002 -74"><span class='ocrx_word' id='word_1_380' title='bbox 335 5142 386 5178; x_wconf 78' lang='grc' dir='ltr'>δι</span> <span class='ocrx_word' id='word_1_381' title='bbox 427 5142 767 5180; x_wconf 70' lang='lat' dir='ltr'><strong>novaculam</strong></span> <span class='ocrx_word' id='word_1_382' title='bbox 816 5142 1240 5182; x_wconf 71' lang='lat' dir='ltr'><strong>aumounssent.</strong></span> <span class='ocrx_word' id='word_1_383' title='bbox 1303 5142 1642 5198; x_wconf 82' lang='lat' dir='ltr'><strong>r&#39;orcipmus</strong></span> <span class='ocrx_word' id='word_1_384' title='bbox 1681 5142 1988 5252; x_wconf 50' lang='lat' dir='ltr'><strong>propterea</strong></span> 
     </span>
     <span class='ocr_line' id='line_1_60' title="bbox 335 5193 1988 5254; baseline 0.003 -5"><span class='ocrx_word' id='word_1_385' title='bbox 335 5193 579 5250; x_wconf 83' lang='lat' dir='ltr'><strong>barbam</strong></span> <span class='ocrx_word' id='word_1_386' title='bbox 609 5196 947 5252; x_wconf 82' lang='lat' dir='ltr'><strong>tendebant.</strong></span> <span class='ocrx_word' id='word_1_387' title='bbox 994 5198 1280 5254; x_wconf 89' lang='lat' dir='ltr'><strong>Addimus</strong></span> <span class='ocrx_word' id='word_1_388' title='bbox 1312 5203 1580 5254; x_wconf 89' lang='lat' dir='ltr'><strong>sanctum</strong></span> <span class='ocrx_word' id='word_1_389' title='bbox 1615 5200 1679 5250; x_wconf 88' lang='grc' dir='ltr'><strong>ΑΙ</strong></span> <span class='ocrx_word' id='word_1_390' title='bbox 1728 5197 1988 5254; x_wconf 89' lang='lat' dir='ltr'><strong>ertinum</strong></span> 
     </span>
    </p>
   </div>
   <div class='ocr_carea' id='block_1_59' title="bbox 334 5264 1986 5340">
    <p class='ocr_par' dir='ltr' id='par_1_59' title="bbox 334 5264 1986 5340">
     <span class='ocr_line' id='line_1_61' title="bbox 334 5264 1986 5340; baseline 0.003 -21"><span class='ocrx_word' id='word_1_391' title='bbox 334 5264 588 5340; x_wconf 78' lang='lat' dir='ltr'><strong>priorem</strong></span> <span class='ocrx_word' id='word_1_392' title='bbox 616 5267 1142 5333; x_wconf 81' lang='lat' dir='ltr'><strong>Fontis-Avellame,</strong></span> <span class='ocrx_word' id='word_1_393' title='bbox 1179 5270 1236 5325; x_wconf 88' lang='lat' dir='ltr'>in</span> <span class='ocrx_word' id='word_1_394' title='bbox 1269 5269 1690 5340; x_wconf 81' lang='lat' dir='ltr'><strong>antiquissima</strong></span> <span class='ocrx_word' id='word_1_395' title='bbox 1739 5269 1904 5324; x_wconf 86' lang='lat' dir='ltr'><strong>icone</strong></span> <span class='ocrx_word' id='word_1_396' title='bbox 1930 5270 1986 5324; x_wconf 88' lang='lat' dir='ltr'>in</span> 
     </span>
    </p>
   </div>
   <div class='ocr_carea' id='block_1_60' title="bbox 333 5337 1986 5421">
    <p class='ocr_par' dir='ltr' id='par_1_60' title="bbox 333 5337 1986 5421">
     <span class='ocr_line' id='line_1_62' title="bbox 333 5337 1986 5421; baseline 0.004 -31"><span class='ocrx_word' id='word_1_397' title='bbox 333 5337 465 5421; x_wconf 66' lang='lat' dir='ltr'><strong>ejus</strong></span> <span class='ocrx_word' id='word_1_398' title='bbox 512 5340 858 5421; x_wconf 70' lang='lat' dir='ltr'><strong>monasterii</strong></span> <span class='ocrx_word' id='word_1_399' title='bbox 901 5342 1118 5412; x_wconf 89' lang='lat' dir='ltr'><strong>templo</strong></span> <span class='ocrx_word' id='word_1_400' title='bbox 1167 5337 1495 5421; x_wconf 37' lang='lat' dir='ltr'><strong>depictum;</strong></span> <span class='ocrx_word' id='word_1_401' title='bbox 1537 5342 1722 5421; x_wconf 71' lang='lat' dir='ltr'><strong>barba</strong></span> <span class='ocrx_word' id='word_1_402' title='bbox 1764 5358 1986 5421; x_wconf 45' lang='lat' dir='ltr'><strong>‘carere.</strong></span> 
     </span>
    </p>
   </div>
   <div class='ocr_carea' id='block_1_61' title="bbox 331 5407 1994 5484">
    <p class='ocr_par' dir='ltr' id='par_1_61' title="bbox 331 5407 1994 5484">
     <span class='ocr_line' id='line_1_63' title="bbox 331 5407 1994 5484; baseline 0.004 -22"><span class='ocrx_word' id='word_1_403' title='bbox 331 5407 587 5484; x_wconf 82' lang='lat' dir='ltr'><strong>Antiqua</strong></span> <span class='ocrx_word' id='word_1_404' title='bbox 599 5411 829 5484; x_wconf 12' lang='lat' dir='ltr'><strong>pariter;</strong></span> <span class='ocrx_word' id='word_1_405' title='bbox 847 5407 1040 5484; x_wconf 77' lang='lat' dir='ltr'><strong>imago</strong></span> <span class='ocrx_word' id='word_1_406' title='bbox 1073 5407 1260 5467; x_wconf 81' lang='lat' dir='ltr'><strong>sancti</strong></span> <span class='ocrx_word' id='word_1_407' title='bbox 1283 5411 1434 5484; x_wconf 89' lang='lat' dir='ltr'><strong>Petri</strong></span> <span class='ocrx_word' id='word_1_408' title='bbox 1458 5412 1746 5484; x_wconf 83' lang='lat' dir='ltr'><strong>Damiani,</strong></span> <span class='ocrx_word' id='word_1_409' title='bbox 1764 5411 1994 5484; x_wconf 86' lang='lat' dir='ltr'><strong>labente</strong></span> 
     </span>
    </p>
   </div>
   <div class='ocr_carea' id='block_1_62' title="bbox 337 5482 1994 5556">
    <p class='ocr_par' dir='ltr' id='par_1_62' title="bbox 337 5482 1994 5556">
     <span class='ocr_line' id='line_1_64' title="bbox 337 5482 1994 5556; baseline 0.004 -22"><span class='ocrx_word' id='word_1_410' title='bbox 337 5482 550 5556; x_wconf 65' lang='lat' dir='ltr'><strong>seculo</strong></span> <span class='ocrx_word' id='word_1_411' title='bbox 579 5482 1040 5556; x_wconf 27' lang='lat' dir='ltr'><strong>xuitcoloribus</strong></span> <span class='ocrx_word' id='word_1_412' title='bbox 1068 5499 1354 5556; x_wconf 77' lang='lat' dir='ltr'><strong>expressa</strong></span> <span class='ocrx_word' id='word_1_413' title='bbox 1378 5483 1432 5538; x_wconf 91' lang='lat' dir='ltr'><strong>in</strong></span> <span class='ocrx_word' id='word_1_414' title='bbox 1458 5483 1682 5556; x_wconf 79' lang='lat' dir='ltr'><strong>tabula</strong></span> <span class='ocrx_word' id='word_1_415' title='bbox 1715 5483 1994 5556; x_wconf 80' lang='lat' dir='ltr'><strong>principis</strong></span> 
     </span>
    </p>
   </div>
   <div class='ocr_carea' id='block_1_63' title="bbox 342 5553 1998 5626">
    <p class='ocr_par' dir='ltr' id='par_1_63' title="bbox 342 5553 1998 5626">
     <span class='ocr_line' id='line_1_65' title="bbox 342 5553 1998 5626; baseline 0.003 -21"><span class='ocrx_word' id='word_1_416' title='bbox 342 5568 454 5606; x_wconf 65' lang='lat' dir='ltr'><strong>ara:</strong></span> <span class='ocrx_word' id='word_1_417' title='bbox 484 5553 1103 5626; x_wconf 70' lang='lat' dir='ltr'><strong>San&#39;ctiExsuperantii</strong></span> <span class='ocrx_word' id='word_1_418' title='bbox 1130 5553 1378 5626; x_wconf 83' lang='lat' dir='ltr'><strong>Cinguli,</strong></span> <span class='ocrx_word' id='word_1_419' title='bbox 1415 5555 1510 5609; x_wconf 88' lang='lat' dir='ltr'><strong>ubi</strong></span> <span class='ocrx_word' id='word_1_420' title='bbox 1546 5553 1814 5609; x_wconf 78' lang='lat' dir='ltr'><strong>monachi</strong></span> <span class='ocrx_word' id='word_1_421' title='bbox 1838 5553 1998 5610; x_wconf 73' lang='lat' dir='ltr'><strong>Avel-</strong></span> 
     </span>
    </p>
   </div>
   <div class='ocr_carea' id='block_1_64' title="bbox 333 5625 1994 5690">
    <p class='ocr_par' dir='ltr' id='par_1_64' title="bbox 333 5625 1994 5690">
     <span class='ocr_line' id='line_1_66' title="bbox 333 5625 1994 5690; baseline 0.002 -12"><span class='ocrx_word' id='word_1_422' title='bbox 333 5631 604 5685; x_wconf 88' lang='lat' dir='ltr'><strong>lanenses</strong></span> <span class='ocrx_word' id='word_1_423' title='bbox 633 5625 734 5679; x_wconf 92' lang='lat' dir='ltr'><strong>diu</strong></span> <span class='ocrx_word' id='word_1_424' title='bbox 767 5626 1056 5690; x_wconf 82' lang='lat' dir='ltr'><strong>vixerunt,</strong></span> <span class='ocrx_word' id='word_1_425' title='bbox 1091 5625 1380 5681; x_wconf 88' lang='lat' dir='ltr'><strong>hirsutam</strong></span> <span class='ocrx_word' id='word_1_426' title='bbox 1413 5625 1470 5681; x_wconf 87' lang='lat' dir='ltr'><strong>et</strong></span> <span class='ocrx_word' id='word_1_427' title='bbox 1495 5627 1727 5680; x_wconf 89' lang='lat' dir='ltr'><strong>brevem</strong></span> <span class='ocrx_word' id='word_1_428' title='bbox 1753 5627 1994 5682; x_wconf 87' lang='lat' dir='ltr'><strong>barbam</strong></span> 
     </span>
    </p>
   </div>
   <div class='ocr_carea' id='block_1_65' title="bbox 333 5693 1996 5774">
    <p class='ocr_par' dir='ltr' id='par_1_65' title="bbox 333 5693 1996 5774">
     <span class='ocr_line' id='line_1_67' title="bbox 333 5693 1996 5774; baseline 0.005 -27"><span class='ocrx_word' id='word_1_429' title='bbox 333 5693 585 5773; x_wconf 60' lang='lat' dir='ltr'><strong>exhibet,</strong></span> <span class='ocrx_word' id='word_1_430' title='bbox 629 5695 885 5752; x_wconf 91' lang='lat' dir='ltr'><strong>similem</strong></span> <span class='ocrx_word' id='word_1_431' title='bbox 932 5694 1069 5764; x_wconf 90' lang='lat' dir='ltr'><strong>illis,</strong></span> <span class='ocrx_word' id='word_1_432' title='bbox 1103 5713 1230 5767; x_wconf 86' lang='lat' dir='ltr'><strong>quae</strong></span> <span class='ocrx_word' id='word_1_433' title='bbox 1263 5714 1414 5774; x_wconf 81' lang='lat' dir='ltr'><strong>saepe</strong></span> <span class='ocrx_word' id='word_1_434' title='bbox 1461 5697 1722 5754; x_wconf 87' lang='lat' dir='ltr'><strong>forcibus</strong></span> <span class='ocrx_word' id='word_1_435' title='bbox 1757 5697 1996 5756; x_wconf 88' lang='lat' dir='ltr'><strong>detrun-</strong></span> 
     </span>
    </p>
   </div>
   <div class='ocr_carea' id='block_1_66' title="bbox 2114 623 3763 696">
    <p class='ocr_par' dir='ltr' id='par_1_66' title="bbox 2114 623 3763 696">
     <span class='ocr_line' id='line_1_68' title="bbox 2114 623 3763 696; baseline 0.001 -16"><span class='ocrx_word' id='word_1_436' title='bbox 2114 628 2181 680; x_wconf 91' lang='lat' dir='ltr'><strong>ut</strong></span> <span class='ocrx_word' id='word_1_437' title='bbox 2211 641 2346 680; x_wconf 89' lang='lat' dir='ltr'><strong>eum</strong></span> <span class='ocrx_word' id='word_1_438' title='bbox 2380 625 2600 681; x_wconf 89' lang='lat' dir='ltr'><strong>sociare</strong></span> <span class='ocrx_word' id='word_1_439' title='bbox 2633 624 2892 696; x_wconf 85' lang='lat' dir='ltr'><strong>digneris</strong></span> <span class='ocrx_word' id='word_1_440' title='bbox 2924 623 3075 680; x_wconf 92' lang='lat' dir='ltr'><strong>inter</strong></span> <span class='ocrx_word' id='word_1_441' title='bbox 3105 623 3206 679; x_wconf 90' lang='lat' dir='ltr'><strong>illa</strong></span> <span class='ocrx_word' id='word_1_442' title='bbox 3235 628 3474 680; x_wconf 91' lang='lat' dir='ltr'><strong>centum</strong></span> <span class='ocrx_word' id='word_1_443' title='bbox 3505 625 3763 696; x_wconf 87' lang='lat' dir='ltr'><strong>quadra-</strong></span> 
     </span>
    </p>
   </div>
   <div class='ocr_carea' id='block_1_67' title="bbox 2112 713 3771 788">
    <p class='ocr_par' dir='ltr' id='par_1_67' title="bbox 2112 713 3771 788">
     <span class='ocr_line' id='line_1_69' title="bbox 2112 713 3771 788; baseline 0.002 -20"><span class='ocrx_word' id='word_1_444' title='bbox 2112 714 2277 787; x_wconf 88' lang='lat' dir='ltr'><strong>ginta</strong></span> <span class='ocrx_word' id='word_1_445' title='bbox 2305 719 2555 786; x_wconf 89' lang='lat' dir='ltr'><strong>quatuor</strong></span> <span class='ocrx_word' id='word_1_446' title='bbox 2604 713 2791 770; x_wconf 89' lang='lat' dir='ltr'><strong>millia</strong></span> <span class='ocrx_word' id='word_1_447' title='bbox 2831 713 3170 781; x_wconf 87' lang='lat' dir='ltr'><strong>infantium,</strong></span> <span class='ocrx_word' id='word_1_448' title='bbox 3203 713 3306 785; x_wconf 91' lang='lat' dir='ltr'><strong>qui</strong></span> <span class='ocrx_word' id='word_1_449' title='bbox 3352 713 3609 788; x_wconf 85' lang='lat' dir='ltr'><strong>virgines</strong></span> <span class='ocrx_word' id='word_1_450' title='bbox 3641 721 3771 788; x_wconf 88' lang='lat' dir='ltr'><strong>per-</strong></span> 
     </span>
    </p>
   </div>
   <div class='ocr_carea' id='block_1_68' title="bbox 2114 801 3774 876">
    <p class='ocr_par' dir='ltr' id='par_1_68' title="bbox 2114 801 3774 876">
     <span class='ocr_line' id='line_1_70' title="bbox 2114 801 3774 876; baseline 0.001 -18"><span class='ocrx_word' id='word_1_451' title='bbox 2114 807 2477 869; x_wconf 87' lang='lat' dir='ltr'><strong>manserunt,</strong></span> <span class='ocrx_word' id='word_1_452' title='bbox 2525 808 2581 858; x_wconf 88' lang='lat' dir='ltr'><strong>et</strong></span> <span class='ocrx_word' id='word_1_453' title='bbox 2612 820 2675 858; x_wconf 91' lang='lat' dir='ltr'><strong>se</strong></span> <span class='ocrx_word' id='word_1_454' title='bbox 2725 819 2858 857; x_wconf 93' lang='lat' dir='ltr'><strong>cum</strong></span> <span class='ocrx_word' id='word_1_455' title='bbox 2898 801 3244 857; x_wconf 90' lang='lat' dir='ltr'><strong>mulieribus</strong></span> <span class='ocrx_word' id='word_1_456' title='bbox 3277 818 3393 858; x_wconf 87' lang='lat' dir='ltr'><strong>non</strong></span> <span class='ocrx_word' id='word_1_457' title='bbox 3421 803 3774 876; x_wconf 85' lang='lat' dir='ltr'><strong>coinquina-</strong></span> 
     </span>
    </p>
   </div>
   <div class='ocr_carea' id='block_1_69' title="bbox 2111 889 3772 963">
    <p class='ocr_par' dir='ltr' id='par_1_69' title="bbox 2111 889 3772 963">
     <span class='ocr_line' id='line_1_71' title="bbox 2111 889 3772 963; baseline 0.001 -17"><span class='ocrx_word' id='word_1_458' title='bbox 2111 897 2342 957; x_wconf 89' lang='lat' dir='ltr'><strong>verunt,</strong></span> <span class='ocrx_word' id='word_1_459' title='bbox 2377 893 2436 947; x_wconf 91' lang='lat' dir='ltr'><strong>in</strong></span> <span class='ocrx_word' id='word_1_460' title='bbox 2469 908 2720 963; x_wconf 90' lang='lat' dir='ltr'><strong>quorum</strong></span> <span class='ocrx_word' id='word_1_461' title='bbox 2752 907 2850 946; x_wconf 91' lang='lat' dir='ltr'><strong>ore</strong></span> <span class='ocrx_word' id='word_1_462' title='bbox 2893 889 3065 946; x_wconf 91' lang='lat' dir='ltr'><strong>dolus</strong></span> <span class='ocrx_word' id='word_1_463' title='bbox 3095 890 3364 946; x_wconf 89' lang='lat' dir='ltr'><strong>inventus</strong></span> <span class='ocrx_word' id='word_1_464' title='bbox 3397 892 3512 946; x_wconf 83' lang='lat' dir='ltr'><strong>non</strong></span> <span class='ocrx_word' id='word_1_465' title='bbox 3543 895 3650 962; x_wconf 89' lang='lat' dir='ltr'><strong>est,</strong></span> <span class='ocrx_word' id='word_1_466' title='bbox 3685 893 3772 949; x_wconf 81' lang='lat' dir='ltr'><strong>ita</strong></span> 
     </span>
    </p>
   </div>
   <div class='ocr_carea' id='block_1_70' title="bbox 2111 979 3769 1055">
    <p class='ocr_par' dir='ltr' id='par_1_70' title="bbox 2111 979 3769 1055">
     <span class='ocr_line' id='line_1_72' title="bbox 2111 979 3769 1055; baseline 0.002 -19"><span class='ocrx_word' id='word_1_467' title='bbox 2111 985 2167 1036; x_wconf 87' lang='lat' dir='ltr'><strong>et</strong></span> <span class='ocrx_word' id='word_1_468' title='bbox 2196 981 2354 1036; x_wconf 91' lang='lat' dir='ltr'><strong>hunc</strong></span> <span class='ocrx_word' id='word_1_469' title='bbox 2401 980 2688 1036; x_wconf 86' lang='lat' dir='ltr'><strong>famulum</strong></span> <span class='ocrx_word' id='word_1_470' title='bbox 2720 985 2889 1036; x_wconf 91' lang='lat' dir='ltr'><strong>tuum</strong></span> <span class='ocrx_word' id='word_1_471' title='bbox 2923 979 3005 1034; x_wconf 93' lang='lat' dir='ltr'><strong>ill.</strong></span> <span class='ocrx_word' id='word_1_472' title='bbox 3059 981 3238 1036; x_wconf 85' lang='lat' dir='ltr'><strong>facias</strong></span> <span class='ocrx_word' id='word_1_473' title='bbox 3287 981 3630 1052; x_wconf 84' lang='lat' dir='ltr'><strong>permanere</strong></span> <span class='ocrx_word' id='word_1_474' title='bbox 3662 997 3769 1055; x_wconf 90' lang='lat' dir='ltr'><strong>per</strong></span> 
     </span>
    </p>
   </div>
   <div class='ocr_carea' id='block_1_71' title="bbox 2110 1069 3762 1138">
    <p class='ocr_par' dir='ltr' id='par_1_71' title="bbox 2110 1069 3762 1138">
     <span class='ocr_line' id='line_1_73' title="bbox 2110 1069 3762 1138; baseline 0.002 -15"><span class='ocrx_word' id='word_1_475' title='bbox 2110 1069 2556 1125; x_wconf 89' lang='lat' dir='ltr'><strong>immaculatum</strong></span> <span class='ocrx_word' id='word_1_476' title='bbox 2570 1069 2779 1125; x_wconf 89' lang='lat' dir='ltr'><strong>Filium</strong></span> <span class='ocrx_word' id='word_1_477' title='bbox 2806 1074 2975 1125; x_wconf 89' lang='lat' dir='ltr'><strong>tuum</strong></span> <span class='ocrx_word' id='word_1_478' title='bbox 3002 1070 3308 1126; x_wconf 90' lang='lat' dir='ltr'><strong>Dominum</strong></span> <span class='ocrx_word' id='word_1_479' title='bbox 3332 1074 3762 1138; x_wconf 88' lang='lat' dir='ltr'><strong>nostrum,cum</strong></span> 
     </span>
    </p>
   </div>
   <div class='ocr_carea' id='block_1_72' title="bbox 2110 1159 3763 1230">
    <p class='ocr_par' dir='ltr' id='par_1_72' title="bbox 2110 1159 3763 1230">
     <span class='ocr_line' id='line_1_74' title="bbox 2110 1159 3763 1230; baseline 0.002 -16"><span class='ocrx_word' id='word_1_480' title='bbox 2110 1175 2225 1229; x_wconf 88' lang='lat' dir='ltr'><strong>quo</strong></span> <span class='ocrx_word' id='word_1_481' title='bbox 2254 1159 2396 1214; x_wconf 89' lang='lat' dir='ltr'><strong>vivis</strong></span> <span class='ocrx_word' id='word_1_482' title='bbox 2427 1163 2485 1214; x_wconf 89' lang='lat' dir='ltr'><strong>et</strong></span> <span class='ocrx_word' id='word_1_483' title='bbox 2507 1175 2716 1230; x_wconf 88' lang='lat' dir='ltr'><strong>regnas</strong></span> <span class='ocrx_word' id='word_1_484' title='bbox 2742 1159 2896 1215; x_wconf 91' lang='lat' dir='ltr'><strong>Deus</strong></span> <span class='ocrx_word' id='word_1_485' title='bbox 2917 1176 3020 1230; x_wconf 89' lang='lat' dir='ltr'><strong>per</strong></span> <span class='ocrx_word' id='word_1_486' title='bbox 3051 1159 3250 1215; x_wconf 89' lang='lat' dir='ltr'><strong>omnia</strong></span> <span class='ocrx_word' id='word_1_487' title='bbox 3281 1159 3495 1216; x_wconf 62' lang='lat' dir='ltr'><strong>secula</strong></span> <span class='ocrx_word' id='word_1_488' title='bbox 3523 1161 3763 1218; x_wconf 74' lang='lat' dir='ltr'><strong>saeculo-</strong></span> 
     </span>
    </p>
   </div>
   <div class='ocr_carea' id='block_1_73' title="bbox 2109 1249 3603 1304">
    <p class='ocr_par' dir='ltr' id='par_1_73' title="bbox 2109 1249 3603 1304">
     <span class='ocr_line' id='line_1_75' title="bbox 2109 1249 3603 1304; baseline 0.002 -2"><span class='ocrx_word' id='word_1_489' title='bbox 2109 1264 2262 1303; x_wconf 87' lang='lat' dir='ltr'><strong>rum.</strong></span> <span class='ocrx_word' id='word_1_490' title='bbox 2295 1249 2502 1304; x_wconf 88' lang='lat' dir='ltr'><strong>Amen.</strong></span> <span class='ocrx_word' id='word_1_491' title='bbox 3601 1273 3603 1275; x_wconf 58' lang='grc' dir='ltr'>ί</span> 
     </span>
    </p>
   </div>
   <div class='ocr_carea' id='block_1_74' title="bbox 2546 1354 3316 1397">
    <p class='ocr_par' dir='ltr' id='par_1_74' title="bbox 2546 1354 3316 1397">
     <span class='ocr_line' id='line_1_76' title="bbox 2546 1354 3316 1397; baseline 0.001 -3"><span class='ocrx_word' id='word_1_492' title='bbox 2546 1354 2614 1394; x_wconf 77' lang='grc' dir='ltr'><strong>ΔΒ</strong></span> <span class='ocrx_word' id='word_1_493' title='bbox 2650 1355 2937 1395; x_wconf 81' lang='lat' dir='ltr'><strong>CLERICUM</strong></span> <span class='ocrx_word' id='word_1_494' title='bbox 2977 1357 3316 1397; x_wconf 77' lang='lat' dir='ltr'><strong>FACIENDUM.</strong></span> 
     </span>
    </p>
   </div>
   <div class='ocr_carea' id='block_1_75' title="bbox 2181 1419 3756 1497">
    <p class='ocr_par' dir='ltr' id='par_1_75' title="bbox 2181 1419 3756 1497">
     <span class='ocr_line' id='line_1_77' title="bbox 2181 1419 3756 1497; baseline 0.004 -17"><span class='ocrx_word' id='word_1_495' title='bbox 2181 1427 2386 1482; x_wconf 77' lang='lat' dir='ltr'><strong>Oratio.</strong></span> <span class='ocrx_word' id='word_1_496' title='bbox 2437 1428 2708 1497; x_wconf 90' lang='lat' dir='ltr'><strong>Oremus,</strong></span> <span class='ocrx_word' id='word_1_497' title='bbox 2754 1419 3121 1484; x_wconf 82' lang='lat' dir='ltr'><strong>dilectissimi</strong></span> <span class='ocrx_word' id='word_1_498' title='bbox 3164 1429 3393 1494; x_wconf 82' lang='lat' dir='ltr'><strong>fratres,</strong></span> <span class='ocrx_word' id='word_1_499' title='bbox 3440 1429 3756 1486; x_wconf 90' lang='lat' dir='ltr'><strong>Dominum</strong></span> 
     </span>
    </p>
   </div>
   <div class='ocr_carea' id='block_1_76' title="bbox 2108 1515 3755 1587">
    <p class='ocr_par' dir='ltr' id='par_1_76' title="bbox 2108 1515 3755 1587">
     <span class='ocr_line' id='line_1_78' title="bbox 2108 1515 3755 1587; baseline 0.004 -18"><span class='ocrx_word' id='word_1_500' title='bbox 2108 1518 2373 1570; x_wconf 91' lang='lat' dir='ltr'><strong>nostrum</strong></span> <span class='ocrx_word' id='word_1_501' title='bbox 2420 1515 2624 1570; x_wconf 91' lang='lat' dir='ltr'><strong>Jesum</strong></span> <span class='ocrx_word' id='word_1_502' title='bbox 2685 1515 2980 1572; x_wconf 87' lang='lat' dir='ltr'><strong>Christum</strong></span> <span class='ocrx_word' id='word_1_503' title='bbox 3039 1533 3212 1587; x_wconf 87' lang='lat' dir='ltr'><strong>super</strong></span> <span class='ocrx_word' id='word_1_504' title='bbox 3259 1519 3416 1574; x_wconf 88' lang='lat' dir='ltr'><strong>hunc</strong></span> <span class='ocrx_word' id='word_1_505' title='bbox 3464 1518 3755 1575; x_wconf 84' lang='lat' dir='ltr'><strong>famulum</strong></span> 
     </span>
    </p>
   </div>
   <div class='ocr_carea' id='block_1_77' title="bbox 2103 1605 3751 1679">
    <p class='ocr_par' dir='ltr' id='par_1_77' title="bbox 2103 1605 3751 1679">
     <span class='ocr_line' id='line_1_79' title="bbox 2103 1605 3751 1679; baseline 0.004 -22"><span class='ocrx_word' id='word_1_506' title='bbox 2103 1607 2272 1658; x_wconf 89' lang='lat' dir='ltr'><strong>tuum</strong></span> <span class='ocrx_word' id='word_1_507' title='bbox 2305 1605 2396 1668; x_wconf 85' lang='lat' dir='ltr'><strong>N.,</strong></span> <span class='ocrx_word' id='word_1_508' title='bbox 2430 1605 2528 1676; x_wconf 91' lang='lat' dir='ltr'><strong>qui</strong></span> <span class='ocrx_word' id='word_1_509' title='bbox 2578 1605 2649 1660; x_wconf 90' lang='lat' dir='ltr'><strong>ad</strong></span> <span class='ocrx_word' id='word_1_510' title='bbox 2701 1606 3110 1677; x_wconf 90' lang='lat' dir='ltr'><strong>deponendam</strong></span> <span class='ocrx_word' id='word_1_511' title='bbox 3156 1623 3384 1662; x_wconf 88' lang='lat' dir='ltr'><strong>comam</strong></span> <span class='ocrx_word' id='word_1_512' title='bbox 3419 1607 3628 1679; x_wconf 89' lang='lat' dir='ltr'><strong>capitis</strong></span> <span class='ocrx_word' id='word_1_513' title='bbox 3658 1609 3751 1664; x_wconf 85' lang='lat' dir='ltr'><strong>sui</strong></span> 
     </span>
    </p>
   </div>
   <div class='ocr_carea' id='block_1_78' title="bbox 2106 1693 3756 1769">
    <p class='ocr_par' dir='ltr' id='par_1_78' title="bbox 2106 1693 3756 1769">
     <span class='ocr_line' id='line_1_80' title="bbox 2106 1693 3756 1769; baseline 0.004 -22"><span class='ocrx_word' id='word_1_514' title='bbox 2106 1709 2208 1764; x_wconf 90' lang='lat' dir='ltr'><strong>pro</strong></span> <span class='ocrx_word' id='word_1_515' title='bbox 2240 1709 2436 1748; x_wconf 89' lang='lat' dir='ltr'><strong>amore</strong></span> <span class='ocrx_word' id='word_1_516' title='bbox 2475 1693 2689 1749; x_wconf 90' lang='lat' dir='ltr'><strong>Christi</strong></span> <span class='ocrx_word' id='word_1_517' title='bbox 2743 1695 2996 1760; x_wconf 78' lang='lat' dir='ltr'><strong>festinat,</strong></span> <span class='ocrx_word' id='word_1_518' title='bbox 3033 1701 3097 1751; x_wconf 88' lang='lat' dir='ltr'><strong>ut</strong></span> <span class='ocrx_word' id='word_1_519' title='bbox 3149 1696 3326 1752; x_wconf 87' lang='lat' dir='ltr'><strong>donet</strong></span> <span class='ocrx_word' id='word_1_520' title='bbox 3371 1697 3420 1753; x_wconf 89' lang='lat' dir='ltr'><strong>ei</strong></span> <span class='ocrx_word' id='word_1_521' title='bbox 3469 1697 3756 1769; x_wconf 89' lang='lat' dir='ltr'><strong>Spiritum</strong></span> 
     </span>
    </p>
   </div>
   <div class='ocr_carea' id='block_1_79' title="bbox 2104 1781 3756 1857">
    <p class='ocr_par' dir='ltr' id='par_1_79' title="bbox 2104 1781 3756 1857">
     <span class='ocr_line' id='line_1_81' title="bbox 2104 1781 3756 1857; baseline 0.004 -21"><span class='ocrx_word' id='word_1_522' title='bbox 2104 1785 2396 1848; x_wconf 90' lang='lat' dir='ltr'><strong>sanctum,</strong></span> <span class='ocrx_word' id='word_1_523' title='bbox 2449 1783 2550 1853; x_wconf 90' lang='lat' dir='ltr'><strong>qui</strong></span> <span class='ocrx_word' id='word_1_524' title='bbox 2581 1781 2848 1838; x_wconf 89' lang='lat' dir='ltr'><strong>habitum</strong></span> <span class='ocrx_word' id='word_1_525' title='bbox 2882 1783 3181 1854; x_wconf 65' lang='lat' dir='ltr'><strong>religi-onis</strong></span> <span class='ocrx_word' id='word_1_526' title='bbox 3214 1785 3274 1840; x_wconf 88' lang='lat' dir='ltr'><strong>in</strong></span> <span class='ocrx_word' id='word_1_527' title='bbox 3306 1802 3440 1841; x_wconf 91' lang='lat' dir='ltr'><strong>eum</strong></span> <span class='ocrx_word' id='word_1_528' title='bbox 3475 1791 3756 1857; x_wconf 85' lang='lat' dir='ltr'><strong>perpetuo</strong></span> 
     </span>
    </p>
   </div>
   <div class='ocr_carea' id='block_1_80' title="bbox 2105 1871 3756 1944">
    <p class='ocr_par' dir='ltr' id='par_1_80' title="bbox 2105 1871 3756 1944">
     <span class='ocr_line' id='line_1_82' title="bbox 2105 1871 3756 1944; baseline 0.004 -21"><span class='ocrx_word' id='word_1_529' title='bbox 2105 1871 2413 1937; x_wconf 90' lang='lat' dir='ltr'><strong>custodiat,</strong></span> <span class='ocrx_word' id='word_1_530' title='bbox 2448 1876 2506 1926; x_wconf 93' lang='lat' dir='ltr'><strong>et</strong></span> <span class='ocrx_word' id='word_1_531' title='bbox 2554 1889 2587 1926; x_wconf 91' lang='lat' dir='ltr'><strong>a</strong></span> <span class='ocrx_word' id='word_1_532' title='bbox 2633 1872 2837 1926; x_wconf 90' lang='lat' dir='ltr'><strong>mundi</strong></span> <span class='ocrx_word' id='word_1_533' title='bbox 2885 1872 3302 1944; x_wconf 88' lang='lat' dir='ltr'><strong>impedimento</strong></span> <span class='ocrx_word' id='word_1_534' title='bbox 3337 1874 3427 1930; x_wconf 87' lang='lat' dir='ltr'><strong>vel</strong></span> <span class='ocrx_word' id='word_1_535' title='bbox 3489 1874 3756 1930; x_wconf 68' lang='lat' dir='ltr'><strong>saeculari</strong></span> 
     </span>
    </p>
   </div>
   <div class='ocr_carea' id='block_1_81' title="bbox 2101 1959 3758 2031">
    <p class='ocr_par' dir='ltr' id='par_1_81' title="bbox 2101 1959 3758 2031">
     <span class='ocr_line' id='line_1_83' title="bbox 2101 1959 3758 2031; baseline 0.003 -17"><span class='ocrx_word' id='word_1_536' title='bbox 2101 1959 2388 2016; x_wconf 91' lang='lat' dir='ltr'><strong>desiderio</strong></span> <span class='ocrx_word' id='word_1_537' title='bbox 2409 1961 2539 2031; x_wconf 88' lang='lat' dir='ltr'><strong>ejus</strong></span> <span class='ocrx_word' id='word_1_538' title='bbox 2563 1962 2738 2016; x_wconf 90' lang='lat' dir='ltr'><strong>corda</strong></span> <span class='ocrx_word' id='word_1_539' title='bbox 2763 1962 3078 2030; x_wconf 89' lang='lat' dir='ltr'><strong>custodiat,</strong></span> <span class='ocrx_word' id='word_1_540' title='bbox 3103 1967 3162 2018; x_wconf 90' lang='lat' dir='ltr'><strong>et</strong></span> <span class='ocrx_word' id='word_1_541' title='bbox 3178 1963 3330 2019; x_wconf 92' lang='lat' dir='ltr'><strong>sicut</strong></span> <span class='ocrx_word' id='word_1_542' title='bbox 3359 1967 3624 2020; x_wconf 89' lang='lat' dir='ltr'><strong>mutatus</strong></span> <span class='ocrx_word' id='word_1_543' title='bbox 3647 1964 3758 2021; x_wconf 89' lang='lat' dir='ltr'><strong>erit</strong></span> 
     </span>
    </p>
   </div>
   <div class='ocr_carea' id='block_1_82' title="bbox 2102 2047 3758 2126">
    <p class='ocr_par' dir='ltr' id='par_1_82' title="bbox 2102 2047 3758 2126">
     <span class='ocr_line' id='line_1_84' title="bbox 2102 2047 3758 2126; baseline 0.004 -25"><span class='ocrx_word' id='word_1_544' title='bbox 2102 2047 2160 2102; x_wconf 91' lang='lat' dir='ltr'><strong>in</strong></span> <span class='ocrx_word' id='word_1_545' title='bbox 2194 2047 2376 2112; x_wconf 88' lang='lat' dir='ltr'><strong>vultu,</strong></span> <span class='ocrx_word' id='word_1_546' title='bbox 2407 2048 2711 2105; x_wconf 89' lang='lat' dir='ltr'><strong>itamanus</strong></span> <span class='ocrx_word' id='word_1_547' title='bbox 2740 2050 2984 2106; x_wconf 68' lang='lat' dir='ltr'><strong>dexterae</strong></span> <span class='ocrx_word' id='word_1_548' title='bbox 3013 2055 3126 2107; x_wconf 69' lang='lat' dir='ltr'><strong>tua:</strong></span> <span class='ocrx_word' id='word_1_549' title='bbox 3149 2052 3207 2108; x_wconf 88' lang='lat' dir='ltr'><strong>in</strong></span> <span class='ocrx_word' id='word_1_550' title='bbox 3240 2069 3373 2108; x_wconf 91' lang='lat' dir='ltr'><strong>eum</strong></span> <span class='ocrx_word' id='word_1_551' title='bbox 3399 2052 3611 2109; x_wconf 88' lang='lat' dir='ltr'><strong>virtute</strong></span> <span class='ocrx_word' id='word_1_552' title='bbox 3632 2070 3758 2126; x_wconf 89' lang='lat' dir='ltr'><strong>per-</strong></span> 
     </span>
    </p>
   </div>
   <div class='ocr_carea' id='block_1_83' title="bbox 2103 2135 3753 2208">
    <p class='ocr_par' dir='ltr' id='par_1_83' title="bbox 2103 2135 3753 2208">
     <span class='ocr_line' id='line_1_85' title="bbox 2103 2135 3753 2208; baseline 0.004 -18"><span class='ocrx_word' id='word_1_553' title='bbox 2103 2135 2367 2191; x_wconf 88' lang='lat' dir='ltr'><strong>fectionis</strong></span> <span class='ocrx_word' id='word_1_554' title='bbox 2400 2137 2535 2192; x_wconf 92' lang='lat' dir='ltr'><strong>boni</strong></span> <span class='ocrx_word' id='word_1_555' title='bbox 2584 2139 2777 2208; x_wconf 90' lang='lat' dir='ltr'><strong>operis</strong></span> <span class='ocrx_word' id='word_1_556' title='bbox 2809 2139 3028 2195; x_wconf 91' lang='lat' dir='ltr'><strong>tribuat</strong></span> <span class='ocrx_word' id='word_1_557' title='bbox 3056 2140 3116 2195; x_wconf 93' lang='lat' dir='ltr'>in</span> <span class='ocrx_word' id='word_1_558' title='bbox 3149 2143 3368 2206; x_wconf 88' lang='lat' dir='ltr'><strong>actum,</strong></span> <span class='ocrx_word' id='word_1_559' title='bbox 3401 2146 3457 2197; x_wconf 90' lang='lat' dir='ltr'><strong>et</strong></span> <span class='ocrx_word' id='word_1_560' title='bbox 3487 2135 3558 2198; x_wconf 87' lang='lat' dir='ltr'><strong>ab</strong></span> <span class='ocrx_word' id='word_1_561' title='bbox 3591 2143 3753 2199; x_wconf 91' lang='lat' dir='ltr'><strong>omni</strong></span> 
     </span>
    </p>
   </div>
   <div class='ocr_carea' id='block_1_84' title="bbox 2103 2225 3752 2301">
    <p class='ocr_par' dir='ltr' id='par_1_84' title="bbox 2103 2225 3752 2301">
     <span class='ocr_line' id='line_1_86' title="bbox 2103 2225 3752 2301; baseline 0.005 -21"><span class='ocrx_word' id='word_1_562' title='bbox 2103 2225 2357 2281; x_wconf 71' lang='lat' dir='ltr'><strong>caecitate</strong></span> <span class='ocrx_word' id='word_1_563' title='bbox 2389 2226 2638 2297; x_wconf 88' lang='lat' dir='ltr'><strong>spiritali</strong></span> <span class='ocrx_word' id='word_1_564' title='bbox 2683 2228 2882 2284; x_wconf 90' lang='lat' dir='ltr'><strong>oculos</strong></span> <span class='ocrx_word' id='word_1_565' title='bbox 2913 2228 3156 2301; x_wconf 90' lang='lat' dir='ltr'><strong>aperiat,</strong></span> <span class='ocrx_word' id='word_1_566' title='bbox 3202 2245 3268 2287; x_wconf 88' lang='lat' dir='ltr'><strong>ac</strong></span> <span class='ocrx_word' id='word_1_567' title='bbox 3298 2229 3498 2287; x_wconf 91' lang='lat' dir='ltr'><strong>lumen</strong></span> <span class='ocrx_word' id='word_1_568' title='bbox 3529 2233 3752 2288; x_wconf 66' lang='lat' dir='ltr'><strong>aeterni-</strong></span> 
     </span>
    </p>
   </div>
   <div class='ocr_carea' id='block_1_85' title="bbox 2101 2313 2963 2385">
    <p class='ocr_par' dir='ltr' id='par_1_85' title="bbox 2101 2313 2963 2385">
     <span class='ocr_line' id='line_1_87' title="bbox 2101 2313 2963 2385; baseline 0.005 -17"><span class='ocrx_word' id='word_1_569' title='bbox 2101 2313 2240 2369; x_wconf 88' lang='lat' dir='ltr'><strong>tatis</strong></span> <span class='ocrx_word' id='word_1_570' title='bbox 2270 2314 2472 2385; x_wconf 72' lang='lat' dir='ltr'><strong>gratiae</strong></span> <span class='ocrx_word' id='word_1_571' title='bbox 2504 2317 2801 2372; x_wconf 89' lang='lat' dir='ltr'><strong>concedat.</strong></span> <span class='ocrx_word' id='word_1_572' title='bbox 2839 2317 2963 2372; x_wconf 92' lang='lat' dir='ltr'><strong>Per.</strong></span> 
     </span>
    </p>
   </div>
   <div class='ocr_carea' id='block_1_86' title="bbox 2173 2403 3746 2480">
    <p class='ocr_par' dir='ltr' id='par_1_86' title="bbox 2173 2403 3746 2480">
     <span class='ocr_line' id='line_1_88' title="bbox 2173 2403 3746 2480; baseline 0.006 -23"><span class='ocrx_word' id='word_1_573' title='bbox 2173 2403 2310 2458; x_wconf 86' lang='lat' dir='ltr'><strong>Dum</strong></span> <span class='ocrx_word' id='word_1_574' title='bbox 2341 2404 2520 2459; x_wconf 73' lang='lat' dir='ltr'><strong>tendis</strong></span> <span class='ocrx_word' id='word_1_575' title='bbox 2549 2421 2674 2460; x_wconf 86' lang='lat' dir='ltr'><strong>eum</strong></span> <span class='ocrx_word' id='word_1_576' title='bbox 2696 2405 2832 2461; x_wconf 84' lang='lat' dir='ltr'><strong>dicis</strong></span> <span class='ocrx_word' id='word_1_577' title='bbox 2851 2409 3233 2479; x_wconf 80' lang='lat' dir='ltr'><strong>antiphonam.</strong></span> <span class='ocrx_word' id='word_1_578' title='bbox 3265 2411 3350 2465; x_wconf 90' lang='lat' dir='ltr'><strong>Tu</strong></span> <span class='ocrx_word' id='word_1_579' title='bbox 3369 2407 3452 2478; x_wconf 87' lang='lat' dir='ltr'><strong>es,</strong></span> <span class='ocrx_word' id='word_1_580' title='bbox 3482 2411 3746 2480; x_wconf 88' lang='lat' dir='ltr'><strong>Domine,</strong></span> 
     </span>
    </p>
   </div>
   <div class='ocr_carea' id='block_1_87' title="bbox 2102 2491 3748 2563">
    <p class='ocr_par' dir='ltr' id='par_1_87' title="bbox 2102 2491 3748 2563">
     <span class='ocr_line' id='line_1_89' title="bbox 2102 2491 3748 2563; baseline 0.007 -18"><span class='ocrx_word' id='word_1_581' title='bbox 2102 2491 2202 2563; x_wconf 91' lang='lat' dir='ltr'><strong>qui</strong></span> <span class='ocrx_word' id='word_1_582' title='bbox 2234 2492 2509 2548; x_wconf 84' lang='lat' dir='ltr'><strong>restitues</strong></span> <span class='ocrx_word' id='word_1_583' title='bbox 2553 2492 2950 2551; x_wconf 60' lang='lat' dir='ltr'><strong>hereditatem</strong></span> <span class='ocrx_word' id='word_1_584' title='bbox 3001 2513 3190 2553; x_wconf 90' lang='lat' dir='ltr'><strong>meam</strong></span> <span class='ocrx_word' id='word_1_585' title='bbox 3243 2497 3409 2554; x_wconf 90' lang='lat' dir='ltr'><strong>mihi.</strong></span> <span class='ocrx_word' id='word_1_586' title='bbox 3465 2499 3748 2556; x_wconf 89' lang='lat' dir='ltr'><strong>Dominus</strong></span> 
     </span>
    </p>
   </div>
   <div class='ocr_carea' id='block_1_88' title="bbox 2101 2580 3484 2654">
    <p class='ocr_par' dir='ltr' id='par_1_88' title="bbox 2101 2580 3484 2654">
     <span class='ocr_line' id='line_1_90' title="bbox 2101 2580 3484 2654; baseline 0.007 -21"><span class='ocrx_word' id='word_1_587' title='bbox 2101 2589 2238 2651; x_wconf 88' lang='lat' dir='ltr'><strong>pars</strong></span> <span class='ocrx_word' id='word_1_588' title='bbox 2259 2580 2656 2637; x_wconf 72' lang='lat' dir='ltr'><strong>haereditatem</strong></span> <span class='ocrx_word' id='word_1_589' title='bbox 2689 2599 2879 2638; x_wconf 88' lang='lat' dir='ltr'><strong>meam</strong></span> <span class='ocrx_word' id='word_1_590' title='bbox 2908 2585 3048 2654; x_wconf 84' lang='lat' dir='ltr'><strong>(sic).</strong></span> <span class='ocrx_word' id='word_1_591' title='bbox 3083 2585 3278 2642; x_wconf 88' lang='lat' dir='ltr'><strong>Gloria</strong></span> <span class='ocrx_word' id='word_1_592' title='bbox 3307 2588 3484 2644; x_wconf 88' lang='lat' dir='ltr'><strong>Patri.</strong></span> 
     </span>
    </p>
   </div>
   <div class='ocr_carea' id='block_1_89' title="bbox 2171 2670 3745 2748">
    <p class='ocr_par' dir='ltr' id='par_1_89' title="bbox 2171 2670 3745 2748">
     <span class='ocr_line' id='line_1_91' title="bbox 2171 2670 3745 2748; baseline 0.007 -25"><span class='ocrx_word' id='word_1_593' title='bbox 2171 2670 2300 2724; x_wconf 84' lang='lat' dir='ltr'><strong>Item</strong></span> <span class='ocrx_word' id='word_1_594' title='bbox 2328 2671 2443 2725; x_wconf 84' lang='lat' dir='ltr'><strong>alia</strong></span> <span class='ocrx_word' id='word_1_595' title='bbox 2489 2671 2815 2743; x_wconf 82' lang='lat' dir='ltr'><strong>antiphona.</strong></span> <span class='ocrx_word' id='word_1_596' title='bbox 2851 2673 2967 2729; x_wconf 88' lang='lat' dir='ltr'><strong>Hac</strong></span> <span class='ocrx_word' id='word_1_597' title='bbox 3027 2678 3117 2729; x_wconf 89' lang='lat' dir='ltr'><strong>est</strong></span> <span class='ocrx_word' id='word_1_598' title='bbox 3145 2677 3441 2747; x_wconf 89' lang='lat' dir='ltr'><strong>generatio</strong></span> <span class='ocrx_word' id='word_1_599' title='bbox 3485 2693 3745 2748; x_wconf 61' lang='lat' dir='ltr'><strong>quaren-</strong></span> 
     </span>
    </p>
   </div>
   <div class='ocr_carea' id='block_1_90' title="bbox 2099 2757 3747 2832">
    <p class='ocr_par' dir='ltr' id='par_1_90' title="bbox 2099 2757 3747 2832">
     <span class='ocr_line' id='line_1_92' title="bbox 2099 2757 3747 2832; baseline 0.008 -20"><span class='ocrx_word' id='word_1_600' title='bbox 2099 2757 2249 2813; x_wconf 91' lang='lat' dir='ltr'><strong>tium</strong></span> <span class='ocrx_word' id='word_1_601' title='bbox 2279 2757 2616 2828; x_wconf 91' lang='lat' dir='ltr'><strong>Dominum,</strong></span> <span class='ocrx_word' id='word_1_602' title='bbox 2649 2761 3034 2832; x_wconf 83' lang='lat' dir='ltr'><strong>quaerentium</strong></span> <span class='ocrx_word' id='word_1_603' title='bbox 3058 2763 3265 2820; x_wconf 86' lang='lat' dir='ltr'><strong>faciem</strong></span> <span class='ocrx_word' id='word_1_604' title='bbox 3297 2765 3396 2821; x_wconf 90' lang='lat' dir='ltr'><strong>Dei</strong></span> <span class='ocrx_word' id='word_1_605' title='bbox 3422 2767 3621 2824; x_wconf 81' lang='lat' dir='ltr'><strong>Jacob.</strong></span> <span class='ocrx_word' id='word_1_606' title='bbox 3646 2767 3747 2826; x_wconf 87' lang='lat' dir='ltr'><strong>Hic</strong></span> 
     </span>
    </p>
   </div>
   <div class='ocr_carea' id='block_1_91' title="bbox 2100 2847 3696 2919">
    <p class='ocr_par' dir='ltr' id='par_1_91' title="bbox 2100 2847 3696 2919">
     <span class='ocr_line' id='line_1_93' title="bbox 2100 2847 3696 2919; baseline 0.004 -17"><span class='ocrx_word' id='word_1_607' title='bbox 2100 2847 2335 2919; x_wconf 86' lang='lat' dir='ltr'><strong>accipet-</strong></span> <span class='ocrx_word' id='word_1_608' title='bbox 2351 2848 2816 2905; x_wconf 90' lang='lat' dir='ltr'><strong>benedictionem</strong></span> <span class='ocrx_word' id='word_1_609' title='bbox 2847 2869 2881 2906; x_wconf 90' lang='lat' dir='ltr'><strong>a</strong></span> <span class='ocrx_word' id='word_1_610' title='bbox 2911 2851 3176 2908; x_wconf 91' lang='lat' dir='ltr'><strong>Domino.</strong></span> <span class='ocrx_word' id='word_1_611' title='bbox 3693 2873 3696 2876; x_wconf 50' lang='grc' dir='ltr'>ν</span> 
     </span>
    </p>
   </div>
   <div class='ocr_carea' id='block_1_92' title="bbox 2169 2947 3747 3026">
    <p class='ocr_par' dir='ltr' id='par_1_92' title="bbox 2169 2947 3747 3026">
     <span class='ocr_line' id='line_1_94' title="bbox 2169 2947 3747 3026; baseline 0.008 -28"><span class='ocrx_word' id='word_1_612' title='bbox 2169 2947 2466 3018; x_wconf 81' lang='lat' dir='ltr'><strong>Postquam</strong></span> <span class='ocrx_word' id='word_1_613' title='bbox 2530 2953 2842 3004; x_wconf 66' lang='lat' dir='ltr'><strong>toucuratus</strong></span> <span class='ocrx_word' id='word_1_614' title='bbox 2924 2955 3017 3006; x_wconf 80' lang='lat' dir='ltr'><strong>est.</strong></span> <span class='ocrx_word' id='word_1_615' title='bbox 3101 2952 3304 3007; x_wconf 73' lang='lat' dir='ltr'><strong>Oratio.</strong></span> <span class='ocrx_word' id='word_1_616' title='bbox 3365 2953 3747 3026; x_wconf 84' lang='lat' dir='ltr'><strong>Omnipotens</strong></span> 
     </span>
    </p>
   </div>
   <div class='ocr_carea' id='block_1_93' title="bbox 2099 3035 3748 3112">
    <p class='ocr_par' dir='ltr' id='par_1_93' title="bbox 2099 3035 3748 3112">
     <span class='ocr_line' id='line_1_95' title="bbox 2099 3035 3748 3112; baseline 0.007 -23"><span class='ocrx_word' id='word_1_617' title='bbox 2099 3035 2450 3106; x_wconf 89' lang='lat' dir='ltr'><strong>sempiterne</strong></span> <span class='ocrx_word' id='word_1_618' title='bbox 2480 3036 2651 3104; x_wconf 91' lang='lat' dir='ltr'><strong>Deus,</strong></span> <span class='ocrx_word' id='word_1_619' title='bbox 2693 3039 3007 3110; x_wconf 87' lang='lat' dir='ltr'><strong>propitiare</strong></span> <span class='ocrx_word' id='word_1_620' title='bbox 3038 3041 3288 3112; x_wconf 88' lang='lat' dir='ltr'><strong>peccatis</strong></span> <span class='ocrx_word' id='word_1_621' title='bbox 3325 3043 3540 3099; x_wconf 86' lang='lat' dir='ltr'><strong>nostris</strong></span> <span class='ocrx_word' id='word_1_622' title='bbox 3588 3045 3645 3100; x_wconf 83' lang='lat' dir='ltr'><strong>&#39;et</strong></span> <span class='ocrx_word' id='word_1_623' title='bbox 3674 3045 3748 3100; x_wconf 88' lang='lat' dir='ltr'><strong>ab</strong></span> 
     </span>
    </p>
   </div>
   <div class='ocr_carea' id='block_1_94' title="bbox 2099 3123 3747 3203">
    <p class='ocr_par' dir='ltr' id='par_1_94' title="bbox 2099 3123 3747 3203">
     <span class='ocr_line' id='line_1_96' title="bbox 2099 3123 3747 3203; baseline 0.007 -26"><span class='ocrx_word' id='word_1_624' title='bbox 2099 3123 2259 3178; x_wconf 91' lang='lat' dir='ltr'><strong>omni</strong></span> <span class='ocrx_word' id='word_1_625' title='bbox 2306 3124 2582 3181; x_wconf 87' lang='lat' dir='ltr'><strong>servitute</strong></span> <span class='ocrx_word' id='word_1_626' title='bbox 2622 3125 2886 3182; x_wconf 70' lang='lat' dir='ltr'><strong>saeculari</strong></span> <span class='ocrx_word' id='word_1_627' title='bbox 2934 3128 3204 3184; x_wconf 90' lang='lat' dir='ltr'><strong>habitum</strong></span> <span class='ocrx_word' id='word_1_628' title='bbox 3247 3139 3424 3203; x_wconf 77' lang='lat' dir='ltr'><strong>sUper</strong></span> <span class='ocrx_word' id='word_1_629' title='bbox 3452 3131 3611 3188; x_wconf 89' lang='lat' dir='ltr'><strong>hunc</strong></span> <span class='ocrx_word' id='word_1_630' title='bbox 3663 3133 3747 3189; x_wconf 83' lang='lat' dir='ltr'><strong>fa-</strong></span> 
     </span>
    </p>
   </div>
   <div class='ocr_carea' id='block_1_95' title="bbox 2102 3211 3749 3291">
    <p class='ocr_par' dir='ltr' id='par_1_95' title="bbox 2102 3211 3749 3291">
     <span class='ocr_line' id='line_1_97' title="bbox 2102 3211 3749 3291; baseline 0.007 -26"><span class='ocrx_word' id='word_1_631' title='bbox 2102 3211 2329 3268; x_wconf 90' lang='lat' dir='ltr'><strong>mulum</strong></span> <span class='ocrx_word' id='word_1_632' title='bbox 2381 3217 2552 3269; x_wconf 90' lang='lat' dir='ltr'><strong>tuum</strong></span> <span class='ocrx_word' id='word_1_633' title='bbox 2602 3215 2692 3282; x_wconf 91' lang='lat' dir='ltr'><strong>N.,</strong></span> <span class='ocrx_word' id='word_1_634' title='bbox 2729 3216 2870 3271; x_wconf 92' lang='lat' dir='ltr'><strong>dum</strong></span> <span class='ocrx_word' id='word_1_635' title='bbox 2922 3218 3305 3290; x_wconf 84' lang='lat' dir='ltr'><strong>ignominiam</strong></span> <span class='ocrx_word' id='word_1_636' title='bbox 3352 3218 3609 3291; x_wconf 85' lang='lat' dir='ltr'><strong>deponit,</strong></span> <span class='ocrx_word' id='word_1_637' title='bbox 3645 3225 3749 3278; x_wconf 86' lang='lat' dir='ltr'><strong>tua</strong></span> 
     </span>
    </p>
   </div>
   <div class='ocr_carea' id='block_1_96' title="bbox 2019 3271 3746 3379">
    <p class='ocr_par' dir='ltr' id='par_1_96' title="bbox 2019 3271 3746 3379">
     <span class='ocr_line' id='line_1_98' title="bbox 2019 3271 3746 3379; baseline 0.007 -25"><span class='ocrx_word' id='word_1_638' title='bbox 2019 3271 2062 3336; x_wconf 63' lang='grc' dir='ltr'><strong>δ</strong></span> <span class='ocrx_word' id='word_1_639' title='bbox 2100 3316 2332 3373; x_wconf 86' lang='lat' dir='ltr'><strong>semper</strong></span> <span class='ocrx_word' id='word_1_640' title='bbox 2361 3302 2420 3357; x_wconf 91' lang='lat' dir='ltr'><strong>in</strong></span> <span class='ocrx_word' id='word_1_641' title='bbox 2444 3317 2577 3358; x_wconf 90' lang='lat' dir='ltr'><strong>eum</strong></span> <span class='ocrx_word' id='word_1_642' title='bbox 2603 3271 3183 3379; x_wconf 59' lang='lat' dir='ltr'><strong>perfrueturugratia,</strong></span> <span class='ocrx_word' id='word_1_643' title='bbox 3208 3313 3264 3364; x_wconf 91' lang='lat' dir='ltr'><strong>et</strong></span> <span class='ocrx_word' id='word_1_644' title='bbox 3294 3271 3456 3365; x_wconf 83' lang='lat' dir='ltr'><strong>sicutr</strong></span> <span class='ocrx_word' id='word_1_645' title='bbox 3475 3271 3746 3366; x_wconf 80' lang='lat' dir='ltr'><strong>similitu-</strong></span> 
     </span>
    </p>
   </div>
   <div class='ocr_carea' id='block_1_97' title="bbox 2095 3388 3745 3468">
    <p class='ocr_par' dir='ltr' id='par_1_97' title="bbox 2095 3388 3745 3468">
     <span class='ocr_line' id='line_1_99' title="bbox 2095 3388 3745 3468; baseline 0.007 -24"><span class='ocrx_word' id='word_1_646' title='bbox 2095 3388 2293 3445; x_wconf 85' lang='lat' dir='ltr'><strong>dinem</strong></span> <span class='ocrx_word' id='word_1_647' title='bbox 2325 3397 2686 3448; x_wconf 81' lang='lat' dir='ltr'><strong>‘coronoe&#39;tuae</strong></span> <span class='ocrx_word' id='word_1_648' title='bbox 2717 3399 2988 3451; x_wconf 90' lang='lat' dir='ltr'><strong>ornatum</strong></span> <span class='ocrx_word' id='word_1_649' title='bbox 3021 3400 3248 3468; x_wconf 89' lang='lat' dir='ltr'><strong>gestare</strong></span> <span class='ocrx_word' id='word_1_650' title='bbox 3280 3397 3523 3454; x_wconf 81' lang='lat' dir='ltr'><strong>fecimus</strong></span> <span class='ocrx_word' id='word_1_651' title='bbox 3555 3399 3613 3454; x_wconf 90' lang='lat' dir='ltr'>in</span> <span class='ocrx_word' id='word_1_652' title='bbox 3643 3406 3745 3456; x_wconf 58' lang='lat' dir='ltr'><strong>ea.</strong></span> 
     </span>
    </p>
   </div>
   <div class='ocr_carea' id='block_1_98' title="bbox 2095 3476 3768 3558">
    <p class='ocr_par' dir='ltr' id='par_1_98' title="bbox 2095 3476 3768 3558">
     <span class='ocr_line' id='line_1_100' title="bbox 2095 3476 3768 3558; baseline 0.007 -26"><span class='ocrx_word' id='word_1_653' title='bbox 2095 3476 2236 3550; x_wconf 89' lang='lat' dir='ltr'><strong>pite,</strong></span> <span class='ocrx_word' id='word_1_654' title='bbox 2267 3478 2350 3534; x_wconf 90' lang='lat' dir='ltr'><strong>sic</strong></span> <span class='ocrx_word' id='word_1_655' title='bbox 2381 3483 2484 3536; x_wconf 88' lang='lat' dir='ltr'><strong>tua</strong></span> <span class='ocrx_word' id='word_1_656' title='bbox 2514 3481 2728 3537; x_wconf 91' lang='lat' dir='ltr'><strong>virtute</strong></span> <span class='ocrx_word' id='word_1_657' title='bbox 2767 3487 2825 3539; x_wconf 86' lang='lat' dir='ltr'><strong>et</strong></span> <span class='ocrx_word' id='word_1_658' title='bbox 2874 3484 3274 3540; x_wconf 76' lang='lat' dir='ltr'><strong>haereditatem</strong></span> <span class='ocrx_word' id='word_1_659' title='bbox 3308 3486 3590 3558; x_wconf 86' lang='lat' dir='ltr'><strong>subsequi</strong></span> <span class='ocrx_word' id='word_1_660' title='bbox 3621 3493 3768 3544; x_wconf 60' lang='lat' dir='ltr'><strong>me-</strong></span> 
     </span>
    </p>
   </div>
   <div class='ocr_carea' id='block_1_99' title="bbox 2096 3568 2758 3626">
    <p class='ocr_par' dir='ltr' id='par_1_99' title="bbox 2096 3568 2758 3626">
     <span class='ocr_line' id='line_1_101' title="bbox 2096 3568 2758 3626; baseline 0.008 -5"><span class='ocrx_word' id='word_1_661' title='bbox 2096 3569 2292 3623; x_wconf 90' lang='lat' dir='ltr'><strong>reatur</strong></span> <span class='ocrx_word' id='word_1_662' title='bbox 2322 3568 2378 3622; x_wconf 91' lang='lat' dir='ltr'><strong>in</strong></span> <span class='ocrx_word' id='word_1_663' title='bbox 2408 3570 2599 3625; x_wconf 89' lang='lat' dir='ltr'><strong>corde.</strong></span> <span class='ocrx_word' id='word_1_664' title='bbox 2634 3571 2758 3626; x_wconf 92' lang='lat' dir='ltr'><strong>Per.</strong></span> 
     </span>
    </p>
   </div>
   <div class='ocr_carea' id='block_1_100' title="bbox 2169 3650 3743 3734">
    <p class='ocr_par' dir='ltr' id='par_1_100' title="bbox 2169 3650 3743 3734">
     <span class='ocr_line' id='line_1_102' title="bbox 2169 3650 3743 3734; baseline 0.007 -25"><span class='ocrx_word' id='word_1_665' title='bbox 2169 3657 2305 3710; x_wconf 67' lang='lat' dir='ltr'><strong>Alia</strong></span> <span class='ocrx_word' id='word_1_666' title='bbox 2323 3657 2526 3712; x_wconf 84' lang='lat' dir='ltr'><strong>Oratio.</strong></span> <span class='ocrx_word' id='word_1_667' title='bbox 2545 3650 3154 3732; x_wconf 67' lang='lat' dir='ltr'><strong>Presta,quaasumus,</strong></span> <span class='ocrx_word' id='word_1_668' title='bbox 3179 3663 3547 3734; x_wconf 76' lang='lat' dir='ltr'><strong>omnipotens</strong></span> <span class='ocrx_word' id='word_1_669' title='bbox 3573 3665 3743 3733; x_wconf 89' lang='lat' dir='ltr'><strong>Deus,</strong></span> 
     </span>
    </p>
   </div>
   <div class='ocr_carea' id='block_1_101' title="bbox 2098 3745 3748 3823">
    <p class='ocr_par' dir='ltr' id='par_1_101' title="bbox 2098 3745 3748 3823">
     <span class='ocr_line' id='line_1_103' title="bbox 2098 3745 3748 3823; baseline 0.007 -25"><span class='ocrx_word' id='word_1_670' title='bbox 2098 3747 2163 3798; x_wconf 90' lang='lat' dir='ltr'><strong>ut</strong></span> <span class='ocrx_word' id='word_1_671' title='bbox 2222 3745 2510 3801; x_wconf 90' lang='lat' dir='ltr'><strong>famulum</strong></span> <span class='ocrx_word' id='word_1_672' title='bbox 2554 3751 2722 3804; x_wconf 90' lang='lat' dir='ltr'><strong>tuum</strong></span> <span class='ocrx_word' id='word_1_673' title='bbox 2766 3749 2857 3816; x_wconf 91' lang='lat' dir='ltr'><strong>N.,</strong></span> <span class='ocrx_word' id='word_1_674' title='bbox 2892 3763 3066 3822; x_wconf 90' lang='lat' dir='ltr'><strong>quem</strong></span> <span class='ocrx_word' id='word_1_675' title='bbox 3101 3751 3268 3806; x_wconf 92' lang='lat' dir='ltr'><strong>hodie</strong></span> <span class='ocrx_word' id='word_1_676' title='bbox 3314 3752 3489 3823; x_wconf 86' lang='lat' dir='ltr'><strong>capiti</strong></span> <span class='ocrx_word' id='word_1_677' title='bbox 3519 3770 3748 3810; x_wconf 84' lang='lat' dir='ltr'><strong>comam</strong></span> 
     </span>
    </p>
   </div>
   <div class='ocr_carea' id='block_1_102' title="bbox 2099 3835 3747 3911">
    <p class='ocr_par' dir='ltr' id='par_1_102' title="bbox 2099 3835 3747 3911">
     <span class='ocr_line' id='line_1_104' title="bbox 2099 3835 3747 3911; baseline 0.007 -24"><span class='ocrx_word' id='word_1_678' title='bbox 2099 3849 2267 3888; x_wconf 90' lang='lat' dir='ltr'><strong>suam</strong></span> <span class='ocrx_word' id='word_1_679' title='bbox 2301 3851 2405 3906; x_wconf 89' lang='lat' dir='ltr'><strong>pro</strong></span> <span class='ocrx_word' id='word_1_680' title='bbox 2431 3835 2624 3892; x_wconf 88' lang='lat' dir='ltr'><strong>divino</strong></span> <span class='ocrx_word' id='word_1_681' title='bbox 2657 3854 2885 3894; x_wconf 90' lang='lat' dir='ltr'><strong>armore</strong></span> <span class='ocrx_word' id='word_1_682' title='bbox 2914 3840 3319 3911; x_wconf 88' lang='lat' dir='ltr'><strong>deposuimus,</strong></span> <span class='ocrx_word' id='word_1_683' title='bbox 3356 3845 3418 3896; x_wconf 92' lang='lat' dir='ltr'><strong>ut</strong></span> <span class='ocrx_word' id='word_1_684' title='bbox 3445 3843 3503 3896; x_wconf 92' lang='lat' dir='ltr'><strong>in</strong></span> <span class='ocrx_word' id='word_1_685' title='bbox 3528 3846 3632 3898; x_wconf 90' lang='lat' dir='ltr'><strong>tua</strong></span> <span class='ocrx_word' id='word_1_686' title='bbox 3659 3842 3747 3898; x_wconf 91' lang='lat' dir='ltr'><strong>di-</strong></span> 
     </span>
    </p>
   </div>
   <div class='ocr_carea' id='block_1_103' title="bbox 2097 3919 3751 3996">
    <p class='ocr_par' dir='ltr' id='par_1_103' title="bbox 2097 3919 3751 3996">
     <span class='ocr_line' id='line_1_105' title="bbox 2097 3919 3751 3996; baseline 0.007 -21"><span class='ocrx_word' id='word_1_687' title='bbox 2097 3919 2344 3979; x_wconf 85' lang='lat' dir='ltr'><strong>lectione</strong></span> <span class='ocrx_word' id='word_1_688' title='bbox 2390 3931 2674 3996; x_wconf 90' lang='lat' dir='ltr'><strong>perpetua</strong></span> <span class='ocrx_word' id='word_1_689' title='bbox 2705 3932 2958 3992; x_wconf 89' lang='lat' dir='ltr'><strong>maneat,</strong></span> <span class='ocrx_word' id='word_1_690' title='bbox 3011 3933 3069 3984; x_wconf 91' lang='lat' dir='ltr'><strong>et</strong></span> <span class='ocrx_word' id='word_1_691' title='bbox 3100 3945 3238 3984; x_wconf 92' lang='lat' dir='ltr'><strong>eum</strong></span> <span class='ocrx_word' id='word_1_692' title='bbox 3270 3930 3397 3985; x_wconf 90' lang='lat' dir='ltr'><strong>sine</strong></span> <span class='ocrx_word' id='word_1_693' title='bbox 3428 3931 3660 3988; x_wconf 87' lang='lat' dir='ltr'><strong>macula</strong></span> <span class='ocrx_word' id='word_1_694' title='bbox 3689 3933 3751 3988; x_wconf 91' lang='lat' dir='ltr'><strong>in</strong></span> 
     </span>
    </p>
   </div>
   <div class='ocr_carea' id='block_1_104' title="bbox 2105 4011 2968 4083">
    <p class='ocr_par' dir='ltr' id='par_1_104' title="bbox 2105 4011 2968 4083">
     <span class='ocr_line' id='line_1_106' title="bbox 2105 4011 2968 4083; baseline 0.006 -17"><span class='ocrx_word' id='word_1_695' title='bbox 2105 4011 2462 4083; x_wconf 89' lang='lat' dir='ltr'><strong>sempiterno</strong></span> <span class='ocrx_word' id='word_1_696' title='bbox 2493 4014 2808 4070; x_wconf 89' lang='lat' dir='ltr'><strong>custodias.</strong></span> <span class='ocrx_word' id='word_1_697' title='bbox 2842 4020 2968 4071; x_wconf 89' lang='lat' dir='ltr'><strong>Per.</strong></span> 
     </span>
    </p>
   </div>
   <div class='ocr_carea' id='block_1_105' title="bbox 2475 4104 3377 4173">
    <p class='ocr_par' dir='ltr' id='par_1_105' title="bbox 2475 4104 3377 4173">
     <span class='ocr_line' id='line_1_107' title="bbox 2475 4104 3377 4173; baseline 0.007 -17"><span class='ocrx_word' id='word_1_698' title='bbox 2475 4104 2588 4173; x_wconf 85' lang='lat'><strong>(27)</strong></span> <span class='ocrx_word' id='word_1_699' title='bbox 2629 4121 2702 4159; x_wconf 81' lang='lat' dir='ltr'><strong>AD</strong></span> <span class='ocrx_word' id='word_1_700' title='bbox 2743 4121 2977 4160; x_wconf 77' lang='lat' dir='ltr'><strong>BARBAM</strong></span> <span class='ocrx_word' id='word_1_701' title='bbox 3015 4117 3377 4162; x_wconf 74' lang='lat' dir='ltr'><strong>TONDENDAM.</strong></span> 
     </span>
    </p>
   </div>
   <div class='ocr_carea' id='block_1_106' title="bbox 2171 4187 3756 4263">
    <p class='ocr_par' dir='ltr' id='par_1_106' title="bbox 2171 4187 3756 4263">
     <span class='ocr_line' id='line_1_108' title="bbox 2171 4187 3756 4263; baseline 0.008 -20"><span class='ocrx_word' id='word_1_702' title='bbox 2171 4187 2345 4253; x_wconf 89' lang='lat' dir='ltr'><strong>Deus,</strong></span> <span class='ocrx_word' id='word_1_703' title='bbox 2382 4191 2553 4260; x_wconf 85' lang='lat' dir='ltr'><strong>cujus</strong></span> <span class='ocrx_word' id='word_1_704' title='bbox 2586 4190 2807 4263; x_wconf 91' lang='lat' dir='ltr'><strong>Spiritu</strong></span> <span class='ocrx_word' id='word_1_705' title='bbox 2858 4198 3126 4250; x_wconf 89' lang='lat' dir='ltr'><strong>creatura</strong></span> <span class='ocrx_word' id='word_1_706' title='bbox 3155 4195 3347 4251; x_wconf 90' lang='lat' dir='ltr'><strong>omnis</strong></span> <span class='ocrx_word' id='word_1_707' title='bbox 3388 4197 3588 4254; x_wconf 87' lang='lat' dir='ltr'><strong>adulta</strong></span> <span class='ocrx_word' id='word_1_708' title='bbox 3616 4212 3756 4254; x_wconf 77' lang='lat' dir='ltr'><strong>con-‘</strong></span> 
     </span>
    </p>
   </div>
   <div class='ocr_carea' id='block_1_107' title="bbox 2099 4277 3753 4356">
    <p class='ocr_par' dir='ltr' id='par_1_107' title="bbox 2099 4277 3753 4356">
     <span class='ocr_line' id='line_1_109' title="bbox 2099 4277 3753 4356; baseline 0.008 -26"><span class='ocrx_word' id='word_1_709' title='bbox 2099 4277 2336 4348; x_wconf 89' lang='lat' dir='ltr'><strong>gaudet,</strong></span> <span class='ocrx_word' id='word_1_710' title='bbox 2361 4277 2568 4333; x_wconf 83' lang='lat' dir='ltr'><strong>exaudi</strong></span> <span class='ocrx_word' id='word_1_711' title='bbox 2595 4295 2792 4350; x_wconf 88' lang='lat' dir='ltr'><strong>preces</strong></span> <span class='ocrx_word' id='word_1_712' title='bbox 2816 4284 3046 4338; x_wconf 88' lang='lat' dir='ltr'><strong>nostras</strong></span> <span class='ocrx_word' id='word_1_713' title='bbox 3078 4300 3256 4356; x_wconf 91' lang='lat' dir='ltr'><strong>super</strong></span> <span class='ocrx_word' id='word_1_714' title='bbox 3277 4284 3434 4340; x_wconf 85' lang='lat' dir='ltr'><strong>hunc</strong></span> <span class='ocrx_word' id='word_1_715' title='bbox 3462 4286 3753 4344; x_wconf 82' lang='lat' dir='ltr'><strong>famulum</strong></span> 
     </span>
    </p>
   </div>
   <div class='ocr_carea' id='block_1_108' title="bbox 2099 4420 3753 4487">
    <p class='ocr_par' dir='ltr' id='par_1_108' title="bbox 2099 4420 3753 4487">
     <span class='ocr_line' id='line_1_110' title="bbox 2099 4420 3753 4487; baseline 0.009 -15"><span class='ocrx_word' id='word_1_716' title='bbox 2099 4423 2326 4474; x_wconf 86' lang='lat' dir='ltr'><strong>cantur.</strong></span> <span class='ocrx_word' id='word_1_717' title='bbox 2379 4420 2598 4476; x_wconf 87' lang='lat' dir='ltr'><strong>Morem</strong></span> <span class='ocrx_word' id='word_1_718' title='bbox 2648 4422 2828 4478; x_wconf 90' lang='lat' dir='ltr'><strong>istum</strong></span> <span class='ocrx_word' id='word_1_719' title='bbox 2878 4424 3070 4481; x_wconf 80' lang='lat' dir='ltr'><strong>barbae</strong></span> <span class='ocrx_word' id='word_1_720' title='bbox 3117 4428 3384 4484; x_wconf 62' lang='lat' dir='ltr'><strong>radenda:</strong></span> <span class='ocrx_word' id='word_1_721' title='bbox 3427 4429 3638 4486; x_wconf 63' lang='lat' dir='ltr'><strong>seculo</strong></span> <span class='ocrx_word' id='word_1_722' title='bbox 3694 4449 3753 4487; x_wconf 81' lang='lat' dir='ltr'><strong>x1</strong></span> 
     </span>
    </p>
   </div>
   <div class='ocr_carea' id='block_1_109' title="bbox 2101 4491 3751 4569">
    <p class='ocr_par' dir='ltr' id='par_1_109' title="bbox 2101 4491 3751 4569">
     <span class='ocr_line' id='line_1_111' title="bbox 2101 4491 3751 4569; baseline 0.009 -26"><span class='ocrx_word' id='word_1_723' title='bbox 2101 4491 2255 4560; x_wconf 90' lang='lat' dir='ltr'><strong>apud</strong></span> <span class='ocrx_word' id='word_1_724' title='bbox 2307 4492 2618 4569; x_wconf 80' lang='lat' dir='ltr'><strong>nonnullas</strong></span> <span class='ocrx_word' id='word_1_725' title='bbox 2667 4493 2956 4569; x_wconf 81' lang='lat' dir='ltr'><strong>Ecclesias</strong></span> <span class='ocrx_word' id='word_1_726' title='bbox 2985 4496 3196 4569; x_wconf 85' lang='lat' dir='ltr'><strong>locum</strong></span> <span class='ocrx_word' id='word_1_727' title='bbox 3248 4499 3613 4569; x_wconf 85' lang='lat' dir='ltr'><strong>obtinuisse;</strong></span> <span class='ocrx_word' id='word_1_728' title='bbox 3649 4504 3751 4558; x_wconf 89' lang='lat' dir='ltr'><strong>sed</strong></span> 
     </span>
    </p>
   </div>
   <div class='ocr_carea' id='block_1_110' title="bbox 2102 4564 3756 4645">
    <p class='ocr_par' dir='ltr' id='par_1_110' title="bbox 2102 4564 3756 4645">
     <span class='ocr_line' id='line_1_112' title="bbox 2102 4564 3756 4645; baseline 0.008 -30"><span class='ocrx_word' id='word_1_729' title='bbox 2102 4578 2249 4645; x_wconf 42' lang='lat' dir='ltr'><strong>non.</strong></span> <span class='ocrx_word' id='word_1_730' title='bbox 2277 4579 2446 4645; x_wconf 52' lang='lat' dir='ltr'><strong>aque</strong></span> <span class='ocrx_word' id='word_1_731' title='bbox 2492 4564 2564 4619; x_wconf 92' lang='lat' dir='ltr'><strong>ab</strong></span> <span class='ocrx_word' id='word_1_732' title='bbox 2633 4565 2908 4645; x_wconf 83' lang='lat' dir='ltr'><strong>omnibus</strong></span> <span class='ocrx_word' id='word_1_733' title='bbox 2972 4568 3153 4645; x_wconf 83' lang='lat' dir='ltr'><strong>fuisse</strong></span> <span class='ocrx_word' id='word_1_734' title='bbox 3202 4577 3494 4645; x_wconf 87' lang='lat' dir='ltr'><strong>receptum</strong></span> <span class='ocrx_word' id='word_1_735' title='bbox 3544 4564 3756 4645; x_wconf 81' lang='lat' dir='ltr'><strong>probat</strong></span> 
     </span>
    </p>
   </div>
   <div class='ocr_carea' id='block_1_111' title="bbox 2021 4633 3755 4726">
    <p class='ocr_par' dir='ltr' id='par_1_111' title="bbox 2021 4633 3755 4726">
     <span class='ocr_line' id='line_1_113' title="bbox 2021 4633 3755 4726; baseline 0.009 -41"><span class='ocrx_word' id='word_1_736' title='bbox 2021 4645 2067 4708; x_wconf 81' lang='lat' dir='ltr'><strong>D</strong></span> <span class='ocrx_word' id='word_1_737' title='bbox 2099 4633 2394 4726; x_wconf 57' lang='lat' dir='ltr'><strong>qppddam</strong></span> <span class='ocrx_word' id='word_1_738' title='bbox 2441 4641 2894 4726; x_wconf 58' lang='lat' dir='ltr'><strong>monumentum</strong></span> <span class='ocrx_word' id='word_1_739' title='bbox 2927 4633 3250 4725; x_wconf 78' lang='lat' dir='ltr'><strong>genuinum</strong></span> <span class='ocrx_word' id='word_1_740' title='bbox 3259 4633 3434 4726; x_wconf 48' lang='lat' dir='ltr'><strong>Eﬁud</strong></span> <span class='ocrx_word' id='word_1_741' title='bbox 3467 4633 3755 4726; x_wconf 69' lang='lat' dir='ltr'><strong>Papebro-</strong></span> 
     </span>
    </p>
   </div>
   <div class='ocr_carea' id='block_1_112' title="bbox 2101 4703 3756 4796">
    <p class='ocr_par' dir='ltr' id='par_1_112' title="bbox 2101 4703 3756 4796">
     <span class='ocr_line' id='line_1_114' title="bbox 2101 4703 3756 4796; baseline 0.009 -39"><span class='ocrx_word' id='word_1_742' title='bbox 2101 4703 2300 4759; x_wconf 90' lang='lat' dir='ltr'><strong>chium</strong></span> <span class='ocrx_word' id='word_1_743' title='bbox 2333 4704 2585 4796; x_wconf 46' lang='lat' dir='ltr'><strong>inlAjcti‘s</strong></span> <span class='ocrx_word' id='word_1_744' title='bbox 2631 4703 3227 4796; x_wconf 42' lang='lat' dir='ltr'><strong>sanctorum,‘q_ui_in_</strong></span> <span class='ocrx_word' id='word_1_745' title='bbox 3259 4703 3496 4796; x_wconf 63' lang='lat' dir='ltr'><strong>Eiegesi</strong></span> <span class='ocrx_word' id='word_1_746' title='bbox 3526 4703 3756 4796; x_wconf 53' lang='lat' dir='ltr'><strong>episco—</strong></span> 
     </span>
    </p>
   </div>
   <div class='ocr_carea' id='block_1_113' title="bbox 2100 4776 3753 4900">
    <p class='ocr_par' dir='ltr' id='par_1_113' title="bbox 2100 4776 3753 4900">
     <span class='ocr_line' id='line_1_115' title="bbox 2100 4776 3753 4900; baseline 0.007 -71"><span class='ocrx_word' id='word_1_747' title='bbox 2100 4791 2312 4900; x_wconf 63' lang='lat' dir='ltr'><strong>Eorum</strong></span> <span class='ocrx_word' id='word_1_748' title='bbox 2363 4776 2882 4837; x_wconf 89' lang='lat' dir='ltr'><strong>Mediolanensium</strong></span> <span class='ocrx_word' id='word_1_749' title='bbox 2933 4776 3165 4839; x_wconf 60' lang='lat' dir='ltr'><strong>exhibet</strong></span> <span class='ocrx_word' id='word_1_750' title='bbox 3212 4776 3529 4857; x_wconf 67' lang='lat' dir='ltr'><strong>imaginem</strong></span> <span class='ocrx_word' id='word_1_751' title='bbox 3561 4776 3753 4843; x_wconf 46' lang='lat' dir='ltr'><strong>‘Heri—</strong></span> 
     </span>
     <span class='ocr_line' id='line_1_116' title="bbox 2143 4848 3732 4900; baseline 0 0"><span class='ocrx_word' id='word_1_752' title='bbox 2143 4850 2249 4900; x_wconf 86' lang='lat' dir='ltr'><strong>ert1</strong></span> <span class='ocrx_word' id='word_1_753' title='bbox 2298 4848 2564 4900; x_wconf 59' lang='lat' dir='ltr'><strong>praesulis</strong></span> <span class='ocrx_word' id='word_1_754' title='bbox 2621 4852 3087 4900; x_wconf 66' lang='lat' dir='ltr'><strong>Medinlnnnngig-</strong></span> <span class='ocrx_word' id='word_1_755' title='bbox 3137 4857 3286 4900; x_wconf 68' lang='lat' dir='ltr'><strong>circa</strong></span> <span class='ocrx_word' id='word_1_756' title='bbox 3337 4872 3556 4900; x_wconf 82' lang='lat' dir='ltr'><strong>nnnnm</strong></span> <span class='ocrx_word' id='word_1_757' title='bbox 3589 4859 3732 4900; x_wconf 65' lang='lat' dir='ltr'><strong>MHR</strong></span> 
     </span>
    </p>
   </div>
   <div class='ocr_carea' id='block_1_114' title="bbox 2143 4848 3752 4928">
    <p class='ocr_par' dir='ltr' id='par_1_114' title="bbox 2143 4848 3752 4928">
     <span class='ocr_line' id='line_1_117' title="bbox 2143 4848 3752 4928; baseline 0.009 -28"><span class='ocrx_word' id='word_1_758' title='bbox 2143 4848 2249 4928; x_wconf 77' lang='lat' dir='ltr'><strong>erti</strong></span> <span class='ocrx_word' id='word_1_759' title='bbox 2292 4848 2592 4928; x_wconf 40' lang='lat' dir='ltr'><strong>praesulis“</strong></span> <span class='ocrx_word' id='word_1_760' title='bbox 2621 4852 3088 4928; x_wconf 81' lang='lat' dir='ltr'><strong>Mediolanensis,</strong></span> <span class='ocrx_word' id='word_1_761' title='bbox 3137 4857 3292 4911; x_wconf 87' lang='lat' dir='ltr'><strong>circa</strong></span> <span class='ocrx_word' id='word_1_762' title='bbox 3317 4848 3556 4928; x_wconf 50' lang='lat' dir='ltr'><strong>annum</strong></span> <span class='ocrx_word' id='word_1_763' title='bbox 3589 4859 3752 4928; x_wconf 70' lang='grc'><strong>4046,</strong></span> 
     </span>
    </p>
   </div>
   <div class='ocr_carea' id='block_1_115' title="bbox 2100 4917 3754 4998">
    <p class='ocr_par' dir='ltr' id='par_1_115' title="bbox 2100 4917 3754 4998">
     <span class='ocr_line' id='line_1_118' title="bbox 2100 4917 3754 4998; baseline 0.008 -27"><span class='ocrx_word' id='word_1_764' title='bbox 2100 4917 2412 4998; x_wconf 68' lang='lat' dir='ltr'><strong>barbatum</strong></span> <span class='ocrx_word' id='word_1_765' title='bbox 2445 4923 2845 4998; x_wconf 69' lang='lat' dir='ltr'><strong>praeferentem</strong></span> <span class='ocrx_word' id='word_1_766' title='bbox 2877 4917 3217 4998; x_wconf 84' lang='lat' dir='ltr'><strong>episcopum</strong></span> <span class='ocrx_word' id='word_1_767' title='bbox 3240 4926 3415 4998; x_wconf 89' lang='lat' dir='ltr'><strong>pallio</strong></span> <span class='ocrx_word' id='word_1_768' title='bbox 3454 4917 3754 4986; x_wconf 60' lang='lat' dir='ltr'><strong>ornatum:</strong></span> 
     </span>
    </p>
   </div>
   <div class='ocr_carea' id='block_1_116' title="bbox 2099 4987 3757 5074">
    <p class='ocr_par' dir='ltr' id='par_1_116' title="bbox 2099 4987 3757 5074">
     <span class='ocr_line' id='line_1_119' title="bbox 2099 4987 3757 5074; baseline 0.009 -32"><span class='ocrx_word' id='word_1_769' title='bbox 2099 4987 2312 5074; x_wconf 78' lang='lat' dir='ltr'><strong>Probat</strong></span> <span class='ocrx_word' id='word_1_770' title='bbox 2324 4987 2498 5074; x_wconf 65' lang='lat' dir='ltr'><strong>etiam</strong></span> <span class='ocrx_word' id='word_1_771' title='bbox 2620 4993 2717 5050; x_wconf 92' lang='lat' dir='ltr'><strong>ille</strong></span> <span class='ocrx_word' id='word_1_772' title='bbox 2739 4987 3116 5074; x_wconf 60' lang='lat' dir='ltr'><strong>doctissimus</strong></span> <span class='ocrx_word' id='word_1_773' title='bbox 3131 4987 3423 5053; x_wconf 79' lang='lat' dir='ltr'><strong>Romanos</strong></span> <span class='ocrx_word' id='word_1_774' title='bbox 3447 5001 3757 5074; x_wconf 81' lang='lat' dir='ltr'><strong>pontifices</strong></span> 
     </span>
    </p>
   </div>
   <div class='ocr_carea' id='block_1_117' title="bbox 2101 5059 3756 5136">
    <p class='ocr_par' dir='ltr' id='par_1_117' title="bbox 2101 5059 3756 5136">
     <span class='ocr_line' id='line_1_120' title="bbox 2101 5059 3756 5136; baseline 0.009 -22"><span class='ocrx_word' id='word_1_775' title='bbox 2101 5059 2280 5136; x_wconf 82' lang='lat' dir='ltr'><strong>hujus</strong></span> <span class='ocrx_word' id='word_1_776' title='bbox 2328 5061 2649 5136; x_wconf 69' lang='lat' dir='ltr'><strong>disciplinae</strong></span> <span class='ocrx_word' id='word_1_777' title='bbox 2695 5067 2962 5122; x_wconf 88' lang='lat' dir='ltr'><strong>radendae</strong></span> <span class='ocrx_word' id='word_1_778' title='bbox 2996 5068 3186 5123; x_wconf 60' lang='lat' dir='ltr'><strong>barba</strong></span> <span class='ocrx_word' id='word_1_779' title='bbox 3221 5085 3334 5124; x_wconf 92' lang='lat' dir='ltr'><strong>non</strong></span> <span class='ocrx_word' id='word_1_780' title='bbox 3369 5059 3557 5136; x_wconf 72' lang='lat' dir='ltr'><strong>usque</strong></span> <span class='ocrx_word' id='word_1_781' title='bbox 3609 5073 3756 5129; x_wconf 86' lang='lat' dir='ltr'><strong>adeo</strong></span> 
     </span>
    </p>
   </div>
   <div class='ocr_carea' id='block_1_118' title="bbox 2099 5088 3755 5212">
    <p class='ocr_par' dir='ltr' id='par_1_118' title="bbox 2099 5088 3755 5212">
     <span class='ocr_line' id='line_1_121' title="bbox 2101 5088 3755 5136; baseline 0.009 -22"><span class='ocrx_word' id='word_1_782' title='bbox 2101 5088 2280 5131; x_wconf 68' lang='lat' dir='ltr'><strong>UUJua</strong></span> <span class='ocrx_word' id='word_1_783' title='bbox 2328 5088 2649 5136; x_wconf 68' lang='lat' dir='ltr'><strong>uiscipuna:</strong></span> <span class='ocrx_word' id='word_1_784' title='bbox 2695 5088 2962 5122; x_wconf 65' lang='grc' dir='ltr'><strong>ι’δαθιιαω</strong></span> <span class='ocrx_word' id='word_1_785' title='bbox 2996 5088 3186 5123; x_wconf 67' lang='grc' dir='ltr'><strong>081·ῡῶ</strong></span> <span class='ocrx_word' id='word_1_786' title='bbox 3221 5088 3334 5124; x_wconf 88' lang='lat' dir='ltr'><strong>non</strong></span> <span class='ocrx_word' id='word_1_787' title='bbox 3369 5088 3438 5125; x_wconf 79' lang='lat' dir='ltr'><strong>US</strong></span> <span class='ocrx_word' id='word_1_788' title='bbox 3487 5088 3557 5126; x_wconf 90' lang='lat' dir='ltr'><strong>ue</strong></span> <span class='ocrx_word' id='word_1_789' title='bbox 3609 5088 3755 5129; x_wconf 76' lang='lat'><strong>8.030</strong></span> 
     </span>
     <span class='ocr_line' id='line_1_122' title="bbox 2099 5088 3755 5212; baseline 0.008 -27"><span class='ocrx_word' id='word_1_790' title='bbox 2099 5135 2562 5212; x_wconf 56' lang='lat' dir='ltr'><strong>tenacestuisse</strong></span> <span class='ocrx_word' id='word_1_791' title='bbox 2612 5136 2712 5212; x_wconf 73' lang='lat' dir='ltr'><strong>qui</strong></span> <span class='ocrx_word' id='word_1_792' title='bbox 2763 5154 2866 5212; x_wconf 79' lang='lat' dir='ltr'><strong>pro</strong></span> <span class='ocrx_word' id='word_1_793' title='bbox 2907 5137 3146 5212; x_wconf 81' lang='lat' dir='ltr'><strong>arbitrio</strong></span> <span class='ocrx_word' id='word_1_794' title='bbox 3197 5088 3584 5212; x_wconf 56' lang='lat' dir='ltr'><strong>recedendum</strong></span> <span class='ocrx_word' id='word_1_795' title='bbox 3639 5143 3755 5200; x_wconf 91' lang='lat' dir='ltr'><strong>sibi</strong></span> 
     </span>
    </p>
   </div>
   <div class='ocr_carea' id='block_1_119' title="bbox 2103 5202 3753 5280">
    <p class='ocr_par' dir='ltr' id='par_1_119' title="bbox 2103 5202 3753 5280">
     <span class='ocr_line' id='line_1_123' title="bbox 2103 5202 3753 5280; baseline 0.008 -22"><span class='ocrx_word' id='word_1_796' title='bbox 2103 5203 2174 5280; x_wconf 85' lang='lat' dir='ltr'><strong>ab</strong></span> <span class='ocrx_word' id='word_1_797' title='bbox 2208 5202 2308 5259; x_wconf 89' lang='lat' dir='ltr'><strong>illa</strong></span> <span class='ocrx_word' id='word_1_798' title='bbox 2339 5202 2646 5280; x_wconf 52' lang='lat' dir='ltr'><strong>ducerent:</strong></span> <span class='ocrx_word' id='word_1_799' title='bbox 2691 5202 2974 5280; x_wconf 56' lang='lat' dir='ltr'><strong>In&#39;altero</strong></span> <span class='ocrx_word' id='word_1_800' title='bbox 3025 5209 3203 5280; x_wconf 80' lang='lat' dir='ltr'><strong>huius</strong></span> <span class='ocrx_word' id='word_1_801' title='bbox 3235 5210 3367 5266; x_wconf 91' lang='lat' dir='ltr'><strong>libri</strong></span> <span class='ocrx_word' id='word_1_802' title='bbox 3411 5218 3753 5280; x_wconf 79' lang='lat' dir='ltr'><strong>tegumento</strong></span> 
     </span>
    </p>
   </div>
   <div class='ocr_carea' id='block_1_120' title="bbox 2102 5275 3757 5354">
    <p class='ocr_par' dir='ltr' id='par_1_120' title="bbox 2102 5275 3757 5354">
     <span class='ocr_line' id='line_1_124' title="bbox 2102 5275 3757 5354; baseline 0.01 -27"><span class='ocrx_word' id='word_1_803' title='bbox 2102 5275 2308 5354; x_wconf 73' lang='lat' dir='ltr'><strong>eboreo</strong></span> <span class='ocrx_word' id='word_1_804' title='bbox 2341 5277 2604 5354; x_wconf 79' lang='lat' dir='ltr'><strong>sculptus</strong></span> <span class='ocrx_word' id='word_1_805' title='bbox 2635 5279 2990 5348; x_wconf 88' lang='lat' dir='ltr'><strong>conspicitur</strong></span> <span class='ocrx_word' id='word_1_806' title='bbox 3018 5275 3257 5354; x_wconf 77' lang='lat' dir='ltr'><strong>sanctus</strong></span> <span class='ocrx_word' id='word_1_807' title='bbox 3303 5275 3662 5354; x_wconf 71' lang='lat' dir='ltr'><strong>Theodorus,</strong></span> <span class='ocrx_word' id='word_1_808' title='bbox 3696 5292 3757 5343; x_wconf 85' lang='lat' dir='ltr'><strong>et</strong></span> 
     </span>
    </p>
   </div>
   <div class='ocr_carea' id='block_1_121' title="bbox 2103 5345 3754 5422">
    <p class='ocr_par' dir='ltr' id='par_1_121' title="bbox 2103 5345 3754 5422">
     <span class='ocr_line' id='line_1_125' title="bbox 2103 5345 3754 5422; baseline 0.009 -22"><span class='ocrx_word' id='word_1_809' title='bbox 2103 5345 2341 5416; x_wconf 85' lang='lat' dir='ltr'><strong>quidem</strong></span> <span class='ocrx_word' id='word_1_810' title='bbox 2377 5345 2674 5422; x_wconf 74' lang='lat' dir='ltr'><strong>barbatus</strong></span> <span class='ocrx_word' id='word_1_811' title='bbox 2703 5368 2717 5414; x_wconf 87' lang='lat'><strong>;</strong></span> <span class='ocrx_word' id='word_1_812' title='bbox 2773 5345 3012 5422; x_wconf 82' lang='lat' dir='ltr'><strong>sanctus</strong></span> <span class='ocrx_word' id='word_1_813' title='bbox 3041 5353 3402 5422; x_wconf 89' lang='lat' dir='ltr'><strong>Theodorus,</strong></span> <span class='ocrx_word' id='word_1_814' title='bbox 3435 5375 3504 5413; x_wconf 82' lang='lat' dir='ltr'><strong>ex</strong></span> <span class='ocrx_word' id='word_1_815' title='bbox 3537 5345 3754 5415; x_wconf 64' lang='lat' dir='ltr'><strong>Graecis</strong></span> 
     </span>
    </p>
   </div>
   <div class='ocr_carea' id='block_1_122' title="bbox 2103 5419 3753 5490">
    <p class='ocr_par' dir='ltr' id='par_1_122' title="bbox 2103 5419 3753 5490">
     <span class='ocr_line' id='line_1_126' title="bbox 2103 5419 3753 5490; baseline 0.008 -20"><span class='ocrx_word' id='word_1_816' title='bbox 2103 5422 2248 5490; x_wconf 84' lang='lat' dir='ltr'><strong>erat,</strong></span> <span class='ocrx_word' id='word_1_817' title='bbox 2289 5419 2390 5490; x_wconf 91' lang='lat' dir='ltr'><strong>qui</strong></span> <span class='ocrx_word' id='word_1_818' title='bbox 2444 5426 2643 5476; x_wconf 89' lang='lat' dir='ltr'><strong>contra</strong></span> <span class='ocrx_word' id='word_1_819' title='bbox 2687 5421 3025 5478; x_wconf 89' lang='lat' dir='ltr'><strong>Latinorum</strong></span> <span class='ocrx_word' id='word_1_820' title='bbox 3074 5442 3296 5482; x_wconf 82' lang='lat' dir='ltr'><strong>morem</strong></span> <span class='ocrx_word' id='word_1_821' title='bbox 3351 5419 3593 5485; x_wconf 83' lang='lat' dir='ltr'><strong>barbam</strong></span> <span class='ocrx_word' id='word_1_822' title='bbox 3636 5448 3753 5486; x_wconf 89' lang='lat' dir='ltr'><strong>non</strong></span> 
     </span>
    </p>
   </div>
   <div class='ocr_carea' id='block_1_123' title="bbox 2105 5489 3753 5572">
    <p class='ocr_par' dir='ltr' id='par_1_123' title="bbox 2105 5489 3753 5572">
     <span class='ocr_line' id='line_1_127' title="bbox 2105 5489 3753 5572; baseline 0.009 -30"><span class='ocrx_word' id='word_1_823' title='bbox 2105 5489 2450 5572; x_wconf 78' lang='lat' dir='ltr'><strong>tondebant._</strong></span> <span class='ocrx_word' id='word_1_824' title='bbox 2493 5492 2941 5572; x_wconf 80' lang='lat' dir='ltr'><strong>Thomassinius</strong></span> <span class='ocrx_word' id='word_1_825' title='bbox 2972 5494 3096 5564; x_wconf 91' lang='lat' dir='ltr'><strong>(lib.</strong></span> <span class='ocrx_word' id='word_1_826' title='bbox 3131 5515 3274 5572; x_wconf 85' lang='lat' dir='ltr'><strong>u,_c_.</strong></span> <span class='ocrx_word' id='word_1_827' title='bbox 3311 5499 3397 5569; x_wconf 70' lang='grc'><strong>41,</strong></span> <span class='ocrx_word' id='word_1_828' title='bbox 3451 5517 3508 5556; x_wconf 93' lang='lat' dir='ltr'><strong>n.</strong></span> <span class='ocrx_word' id='word_1_829' title='bbox 3544 5501 3594 5572; x_wconf 91' lang='grc'>1)</span> <span class='ocrx_word' id='word_1_830' title='bbox 3626 5501 3753 5556; x_wconf 87' lang='lat' dir='ltr'><strong>ani-</strong></span> 
     </span>
    </p>
   </div>
   <div class='ocr_carea' id='block_1_124' title="bbox 2105 5561 3756 5641">
    <p class='ocr_par' dir='ltr' id='par_1_124' title="bbox 2105 5561 3756 5641">
     <span class='ocr_line' id='line_1_128' title="bbox 2105 5561 3756 5641; baseline 0.008 -27"><span class='ocrx_word' id='word_1_831' title='bbox 2105 5561 2415 5641; x_wconf 75' lang='lat' dir='ltr'><strong>madvertit</strong></span> <span class='ocrx_word' id='word_1_832' title='bbox 2437 5563 2545 5618; x_wconf 89' lang='lat' dir='ltr'><strong>hoc</strong></span> <span class='ocrx_word' id='word_1_833' title='bbox 2578 5563 2711 5641; x_wconf 68' lang='lat' dir='ltr'><strong>ipso</strong></span> <span class='ocrx_word' id='word_1_834' title='bbox 2736 5563 2945 5641; x_wconf 66' lang='lat' dir='ltr'><strong>saeculo</strong></span> <span class='ocrx_word' id='word_1_835' title='bbox 2967 5561 3022 5621; x_wconf 66' lang='lat' dir='ltr'><strong>in</strong></span> <span class='ocrx_word' id='word_1_836' title='bbox 3056 5561 3756 5629; x_wconf 56' lang='lat' dir='ltr'><strong>concilium&#39;Bituri&#39;cense</strong></span> 
     </span>
    </p>
   </div>
   <div class='ocr_carea' id='block_1_125' title="bbox 2105 5631 3756 5710">
    <p class='ocr_par' dir='ltr' id='par_1_125' title="bbox 2105 5631 3756 5710">
     <span class='ocr_line' id='line_1_129' title="bbox 2105 5631 3756 5710; baseline 0.007 -24"><span class='ocrx_word' id='word_1_837' title='bbox 2105 5631 2376 5710; x_wconf 85' lang='lat' dir='ltr'><strong>habitum</strong></span> <span class='ocrx_word' id='word_1_838' title='bbox 2396 5651 2561 5710; x_wconf 83' lang='lat' dir='ltr'><strong>anno</strong></span> <span class='ocrx_word' id='word_1_839' title='bbox 2579 5631 2716 5710; x_wconf 77' lang='lat' dir='ltr'><strong>_f0_31</strong></span> <span class='ocrx_word' id='word_1_840' title='bbox 2740 5637 3036 5710; x_wconf 83' lang='lat' dir='ltr'><strong>statuisse.</strong></span> <span class='ocrx_word' id='word_1_841' title='bbox 3062 5657 3281 5697; x_wconf 90' lang='lat' dir='ltr'><strong>canone</strong></span> <span class='ocrx_word' id='word_1_842' title='bbox 3311 5644 3364 5710; x_wconf 89' lang='lat'><strong>7,</strong></span> <span class='ocrx_word' id='word_1_843' title='bbox 3389 5647 3454 5698; x_wconf 90' lang='lat' dir='ltr'><strong>ut</strong></span> <span class='ocrx_word' id='word_1_844' title='bbox 3473 5653 3756 5700; x_wconf 72' lang='lat' dir='ltr'><strong>tonsuram</strong></span> 
     </span>
    </p>
   </div>
   <div class='ocr_carea' id='block_1_126' title="bbox 2106 5705 3755 5780">
    <p class='ocr_par' dir='ltr' id='par_1_126' title="bbox 2106 5705 3755 5780">
     <span class='ocr_line' id='line_1_130' title="bbox 2106 5705 3755 5780; baseline 0.007 -20"><span class='ocrx_word' id='word_1_845' title='bbox 2106 5705 2529 5762; x_wconf 75' lang='lat' dir='ltr'><strong>ecclesiasticum</strong></span> <span class='ocrx_word' id='word_1_846' title='bbox 2571 5706 2805 5764; x_wconf 84' lang='lat' dir='ltr'><strong>habeant</strong></span> <span class='ocrx_word' id='word_1_847' title='bbox 2833 5708 3084 5780; x_wconf 83' lang='lat' dir='ltr'><strong>(clerici),</strong></span> <span class='ocrx_word' id='word_1_848' title='bbox 3121 5712 3217 5768; x_wconf 85' lang='lat' dir='ltr'><strong>hoc</strong></span> <span class='ocrx_word' id='word_1_849' title='bbox 3268 5705 3360 5769; x_wconf 70' lang='lat' dir='ltr'><strong>est</strong></span> <span class='ocrx_word' id='word_1_850' title='bbox 3390 5715 3615 5771; x_wconf 74' lang='lat' dir='ltr'><strong>barba-in</strong></span> <span class='ocrx_word' id='word_1_851' title='bbox 3657 5732 3755 5771; x_wconf 83' lang='lat' dir='ltr'><strong>ra-</strong></span> 
     </span>
    </p>
   </div>
  </div>
