3978 6352
191 624 312 681 mis
361 626 643 700 auspiciis
690 629 1116 699 attundentem,
1161 630 1391 700 exaudi,
1437 634 1522 697 ut,
1567 631 1846 688 omnibus

186 714 573 786 protectionis
603 718 717 773 tuae
749 718 1035 786 munitus,
1086 718 1300 788 auxilio
1348 718 1637 776 cmlestem
1668 720 1844 777 bene-

187 792 509 861 dictibnem
536 805 785 879 accipiat
812 811 868 863 et
898 808 1201 881 praesentis
1228 808 1358 865 vita:
1390 808 1677 882 praesidiis
1697 826 1841 883 gau-

186 892 327 949 deat
351 895 409 949 et
438 893 691 951 eternis.
726 895 851 951 Per.

418 982 531 1055 (28)
570 999 782 1040 mcwrr
815 1001 888 1041 AD
928 1001 1331 1043 mammarum
1363 1003 1619 1044 DANDAM.

259 1071 618 1143 Apprehende
642 1090 873 1130 manum
907 1076 1026 1147 ejus
1070 1075 1351 1132 dexteram
1395 1084 1447 1132 et
1471 1076 1559 1133 ἄιε
1590 1095 1607 1131 :
1637 1077 1844 1133 Susce-

189 1160 415 1233 pimus,
446 1160 622 1229 Deus,
675 1164 1136 1221 misericordiam
1187 1169 1352 1222 tuam
1398 1182 1568 1239 usque
1613 1167 1848 1223 dextera

191 1253 317 1306 tua.
342 1248 539 1307 Gloria
566 1251 746 1307 Patri.

269 1339 448 1412 Capit.
484 1339 721 1397 Salvum
774 1341 865 1398 fac
910 1358 1143 1398 servum
1198 1347 1390 1399 tuum.
1450 1348 1603 1401 Deus
1658 1360 1848 1417 meus,

194 1427 369 1507 Mitte
391 1428 465 1497 ei,
513 1428 776 1509 Domine,
829 1429 1132 1487 auxilium.
1178 1433 1249 1487 Et
1291 1434 1361 1489 de
1391 1432 1548 1489 Sion.
1582 1433 1847 1503 Domine,

193 1516 405 1573 exaudi
450 1519 796 1597 orationem.
852 1519 918 1575 Et
962 1519 1202 1576 clamor.
1252 1522 1527 1595 Exsurge,
1581 1522 1846 1591 Domine,

195 1606 432 1678 adjuva.
461 1608 535 1664 Et
561 1607 745 1664 libera
775 1626 901 1665 nos.
937 1609 1222 1665 Dominus
1261 1611 1586 1667 vobiscum.
1620 1610 1685 1667 Et
1713 1629 1846 1667 cum

190 1694 436 1773 Spiritu.

266 1784 483 1861 Oratio.
510 1784 751 1862 Exaudi,
797 1802 1158 1859 quaesumus,
1210 1787 1476 1857 Domine,
1511 1789 1846 1862 supplicum

193 1889 422 1947 preces,
445 1879 509 1973 et.
530 1860 932 1931 confitentium
946 1875 1050 1931 tibi
1085 1876 1439 1973 famulo-rum
1461 1860 1694 1973 tuor—uim
1719 1896 1847 1952 par-
1875 1907 1926 1973 Β

193 1979 257 2019 ce
287 1961 564 2035 peccatis,
598 1967 664 2019 ut
690 1964 908 2037 pariter
951 1966 1120 2021 nobis
1149 1965 1580 2040 indulgentiam
1620 1966 1848 2024 tribuas

190 2051 489 2125 benignus
517 2055 574 2109 et
602 2069 823 2125 pacem.
858 2054 984 2110 Per.

265 2141 395 2196 Alia
422 2141 616 2196 oratio.
641 2140 957 2197 Praeveniat
986 2141 1144 2198 hunc
1170 2141 1456 2198 famulum
1475 2147 1664 2211 tuum,
1691 2160 1847 2216 quaa-

194 2245 429 2299 sumus,
462 2228 727 2297 Domine,
759 2234 861 2285 tua
879 2229 1301 2300 misericordia,
1325 2236 1382 2287 et
1402 2248 1607 2288 omnes
1628 2232 1849 2305 iniqui-

194 2323 349 2375 tates
377 2318 508 2390 ejus
537 2318 709 2374 celeri
735 2318 1101 2392 indulgentia
1129 2319 1450 2376 deleantur.
1483 2321 1609 2376 Per.

266 2408 406 2463 Item
458 2408 574 2463 alia
621 2408 819 2463 oratio.
867 2407 1181 2465 Precamur
1231 2406 1602 2466 clementiam
1662 2415 1847 2478 tuam,

197 2494 466 2563 Domine,
509 2512 868 2571 quaesumus,
903 2500 958 2553 et
988 2513 1260 2569 magnam
1293 2498 1706 2554 misericordia:
1737 2503 1849 2555 tuas
1900 2512 1903 2513 '

197 2583 552 2658 majestatis,
583 2590 646 2640 ut
677 2584 896 2641 famulo
944 2590 1045 2642 tuo
1098 2587 1189 2653 N.,
1244 2592 1479 2659 peccata
1507 2592 1565 2644 et
1595 2588 1853 2646 facinora

196 2672 500 2731 conﬁtenti
526 2674 755 2730 veniam
790 2674 1042 2731 relaxare
1078 2679 1136 2732 et
1182 2676 1607 2748 praeteritorum
1660 2679 1853 2733 crimi-

196 2780 343 2820 num
373 2764 587 2838 culpas
607 2763 823 2819 donarc
853 2763 1241 2837 digneris,qui
1273 2764 1537 2822 humeris
1551 2766 1670 2823 tuis
1685 2783 1850 2823 ovem

195 2852 487 2928 perditam
518 2851 798 2910 reduxisti
831 2853 901 2907 ad
937 2851 1159 2920 caulas,
1195 2853 1295 2926 qui
1342 2853 1639 2926 publicani
1676 2857 1857 2930 preci-

197 2945 312 2999 bus
340 2946 400 3000 et
430 2942 793 2999 confessione
840 2940 1104 3014 placatus
1161 2959 1244 3011 es,
1278 2947 1342 2999 tu
1375 2942 1550 3000 etiam
1593 2944 1732 3000 huic
1763 2947 1854 3002 fa-

198 3031 478 3091 mulotuo
499 3030 1090 3104 placare,Domine,tu
1121 3031 1299 3103 hujus
1337 3048 1537 3105 preces
1563 3033 1855 3107 benignus

199 3120 461 3194 suscipe,
483 3120 713 3177 remitte
738 3120 1082 3188 ei,Domine,
1124 3119 1322 3176 omnia
1370 3120 1620 3177 crimina
1646 3127 1703 3177 et
1730 3138 1857 3194 pec-

1375 400 2127 472 SACRAMENTARIUM-
2152 403 2432 476 VETUS.

190 539 393 608 tuum,
422 536 516 606 N.,
541 536 764 608 juvenii
797 541 963 596 etate
993 539 1281 609 decorem,
1316 539 1628 609 laetantem,
1651 545 1708 597 et
1731 541 1845 615 pri-
1874 540 1932 610 Α
1954 542 2161 600 Sancte
2189 546 2377 615 Petre,
2407 564 2494 605 or.

3485 410 3605 486 866

1956 632 2164 689 Sancte
2190 634 2385 705 Paule,
2417 654 2503 693 or.

1953 719 2161 778 Sancte
2186 724 2437 790 Andrea,
2470 743 2556 781 or.

1952 808 2160 865 Sancte
2182 811 2441 870 Joannes
2472 816 2853 889 evangelista.
2886 835 2971 874 or.

1951 901 2160 954 Sancte
2189 899 2433 973 Thoma,
2468 919 2552 959 or.

1954 986 2164 1044 Sancte
2193 987 2428 1057 Jacobe,
2463 1008 2550 1047 or.

1954 1075 2163 1132 Sancte
2193 1076 2476 1152 Philippe,
2510 1097 2596 1136 or.

1953 1167 2161 1222 Sancte
2189 1165 2630 1238 Bartbolomaae,
2662 1188 2749 1227 or.

1955 1254 2164 1310 Sancte
2194 1255 2462 1313 Matthme
2492 1259 2872 1334 evangelista,
2907 1279 2991 1320 or.

1955 1343 2163 1399 Sancte
2193 1343 2460 1416 Matthia,
2492 1365 2576 1403 or.

1954 1431 2163 1487 Sancte
2192 1433 2474 1503 Barnaba,
2509 1452 2590 1492 or.

1957 1520 2165 1575 Sancte
2192 1521 2382 1578 Marce
2410 1524 2787 1597 evangelista,
2813 1544 2895 1582 or.

1957 1608 2165 1665 Sancte
2195 1610 2346 1666 Luca
2375 1613 2750 1686 evangelista,
2783 1633 2866 1672 or.

1956 1698 2164 1754 Sancte
2194 1699 2503 1771 Stephane,
2538 1719 2621 1758 or.

1957 1788 2165 1843 Sancte
2191 1786 2478 1858 Clemens,
2512 1807 2595 1845 or.

1955 1879 2160 1931 Sancte
2188 1876 2565 1949 Apollinaris,
2597 1897 2681 1936 or.

1956 1964 2165 2019 Sancte
2194 1964 2424 2035 Vitalis,
2458 1982 2541 2022 or.

1957 2052 2165 2108 Sancte
2195 2053 2490 2124 Laurenti,
2528 2073 2613 2111 or.

1955 2145 2161 2196 Sancte
2190 2142 2474 2212 Vincenti,
2509 2161 2595 2200 or.

1958 2229 2169 2285 Sancte
2198 2230 2376 2300 Felix,
2410 2249 2495 2287 or.

1957 2320 2166 2375 Sancte
2197 2320 2527 2389 Fortunate,
2562 2340 2647 2378 or.

1956 2411 2165 2463 Sancte
2194 2408 2444 2479 Corneli,
2475 2426 2558 2465 or.

1957 2500 2163 2552 Sancte
2191 2497 2493 2570 Cypriane,
2527 2516 2610 2556 or.

1960 2586 2166 2641 Sancte
2188 2585 2546 2656 Sebastiano,
2580 2606 2665 2645 or.

1961 2674 2169 2730 Sancte
2199 2674 2460 2745 Cosmas,
2494 2694 2579 2733 or.

1961 2763 2170 2819 Sancte
2199 2763 2499 2834 Damiano,
2531 2782 2614 2822 or.

1959 2852 2165 2907 Sancte
2193 2851 2371 2921 Blasi,
2402 2871 2482 2910 or.

1962 2940 2170 2996 Sancte
2199 2940 2493 3011 Silvester,
2525 2960 2609 2999 or.

1960 3034 2166 3086 Sancte
2196 3030 2462 3101 Martiae,
2496 3048 2581 3088 or.

1963 3120 2171 3176 Sancte
2199 3120 2488 3190 Ambrosi,
2521 3138 2606 3177 or.

199 3212 349 3281 cata,
384 3213 443 3265 et
498 3208 575 3265 da
630 3208 682 3264 ei
726 3225 829 3281 pro
877 3209 1183 3281 suppliciis
1238 3208 1489 3278 veniam,
1522 3226 1626 3282 pro
1664 3214 1851 3268 morte
1889 3275 1920 3282 _
1963 3208 2172 3264 Sancte
2201 3209 2540 3281 Augustine,
2564 3227 2647 3266 or.

198 3275 402 3368 vitam,
429 3302 497 3354 ut
525 3297 625 3371 qui
658 3275 1011 3354 ad-tantam-
1042 3314 1207 3370 spem
1255 3275 1729 3372 caelestis-apicis
1760 3305 1850 3357 est
1878 3275 1921 3343 (ἶ
1960 3297 2167 3353 Sancte
2196 3275 2562 3371 Hieronyme,
2595 3315 2679 3356 or.

201 3387 607 3455 devolutus,de
634 3390 737 3441 tua
765 3386 1169 3442 misericordia
1198 3388 1519 3457 confidens,
1543 3388 1614 3444 ad
1639 3392 1855 3446 aeterna

200 3478 422 3555 gaudia
448 3478 505 3533 te
534 3479 872 3549 protegente
900 3476 1216 3548 perveniat.
1250 3477 1375 3533 Per.

360 3581 513 3623 TUNG
551 3581 843 3621 INCIPIUNT
882 3582 1116 3622 LITANLE
1154 3582 1275 3622 CUM
1316 3583 1390 3622 Vll
1431 3584 1691 3624 PSALMIS.

201 3655 395 3731 Kyrie,
425 3653 664 3712 eleison.
698 3652 945 3722 Christe,
976 3653 1216 3711 cleisou.

201 3745 368 3803 Pater
398 3744 470 3800 de
499 3741 661 3799 oculis
688 3742 863 3811 Deus,
901 3742 1175 3800 miserere
1208 3743 1396 3800 nobis.

199 3833 302 3890 Fili
331 3832 666 3905 redemptor
695 3831 899 3887 mundi
932 3836 1102 3901 Deus,
1130 3832 1261 3890 mis.
1296 3833 1432 3888 nob.

196 3921 449 3996 Spiritus
479 3923 678 3994 sanctc
709 3924 879 3991 Deus,
914 3920 1047 3978 mis.
1080 3922 1217 3977 nob.

196 4014 410 4069 Sancta
437 4010 696 4066 Trinitas
727 4027 882 4066 unus
911 4010 1091 4081 Deus,
1123 4010 1256 4067 mis.
1292 4012 1428 4068 nob.

197 4100 413 4169 Sancta.
439 4098 643 4163 Maria,
675 4115 778 4155 ora
809 4115 912 4172 pro
943 4098 1132 4155 nobis.

199 4190 409 4246 Sancte
440 4187 710 4257 Michael,
742 4204 829 4244 or.

199 4280 414 4351 Sancte
442 4276 695 4347 Gabriel,
731 4293 815 4334 or.

200 4369 411 4425 Sancte
440 4364 719 4440 Raphael,
754 4384 837 4423 or.

202 4458 417 4515 Sancte
443 4456 699 4531 Joannes
729 4454 1009 4529 Baptista,
1043 4473 1125 4512 or.

203 4599 346 4649 sam,
378 4584 429 4638 et
450 4597 711 4657 coronam
738 4583 798 4638 in
826 4581 1169 4654 capiteJtem
1192 4585 1514 4657 Coyacense
1542 4599 1693 4657 anno
1717 4584 1855 4657 1050

198 4637 500 4735 canon_e§,
521 4637 743 4735 Vse'mper
759 4637 1004 4735 coronas.
1030 4662 1255 4735 apertas
1271 4637 1851 4735 υὴαὺεαηιζειλὸαἶῦ-ᾇὲ
1884 4637 1931 4703 D

193 4717 737 4808 radant.Gi;egorips
759 4720 882 4808 ΥΠε
906 4724 1011 4808 ᾳᾳί
1030 4717 1138 4808 hoc
1170 4726 1296 4797 ipso
1318 4742 1371 4779 xu
1397 4724 1607 4808 saeculo
1627 4724 1842 4808 floruit,

196 4812 332 4869 cum
365 4790 636 4869 praefecto
652 4790 943 4869 Sardinia?
958 4791 1166 4869 insula:
1186 4790 1424 4869 causam
1457 4796 1721 4869 assignat
1741 4790 1861 4855 cur.

192 4867 468 4996 episctzlpo
497 4867 825 4927 Caralitano
847 4868 1090 4949 jasserit
1120 4867 1361 4951 barbam
1382 4867 1608 4951 radere:
1640 4870 1846 4953 rescri-

195 4940 278 4994 bit
308 4956 322 4993 :
402 4941 424 4992 t
460 4940 672 4994 scilicet
711 4941 956 4995 ecclesiae
999 4938 1369 4995 ()cczdentutzs
1406 4940 1650 4995 moribus
1695 4950 1839 4996 ant:-

191 5011 470 5081 quissimis
496 5026 554 5065 se
580 5010 961 5065 accommodet.
1262 5079 1274 5081 _
1594 5016 1598 5021 ‘

260 5082 333 5137 Et
372 5081 638 5137 hortatur
688 5081 1051 5152 praefectum,
1114 5084 1178 5134 ut
1228 5079 1447 5135 clerum
1500 5082 1840 5139 universum

192 5152 504 5208 compellat
549 5152 793 5208 rasitare
823 5153 1056 5218 barbas,
1099 5156 1474 5208 contumaces
1505 5152 1674 5208 bonis
1705 5170 1838 5218 spo-

190 5222 310 5293 liet,
345 5223 730 5297 Ecclesimgque
776 5226 918 5297 fisco
969 5223 1282 5297 adjurlicet.
1319 5223 1569 5297 Sanctus
1601 5222 1839 5297 Carolus

192 5299 542 5367 Borromcus
598 5294 737 5366 (Act.
796 5295 938 5367 Eccl.
997 5294 1234 5367 Mediot.,
1294 5295 1859 5367 p_.1061)pracipit.

187 5364 414 5435 clericis
445 5364 872 5427 Observandum
899 5366 1095 5423 barba:
1127 5365 1395 5422 radendas
1417 5364 1778 5434 institutum,
1804 5384 1838 5422 a

190 5436 548 5510 Patribusgin
561 5437 803 5510 concilio
824 5436 1265 5510 Carthaginensi
1290 5454 1341 5491 IV
1363 5437 1835 5510 firmatumﬂuid

188 5507 370 5591 igitur
401 5508 837 5591 mi.rum,si'hoc
868 5507 1080 5591 saeculo
1110 5526 1165 5564 xu
1196 5508 1430 5591 quando
1458 5509 1655 5591 barba;
1699 5526 1836 5591 pro-

185 5578 327 5639 lixae.
361 5580 590 5653 vanitas
638 5584 986 5653 excreverat,
1037 5578 1556 5653 monacbi_saeculi
1603 5578 1834 5652 pompis

186 5652 648 5724 contradicentes
677 5652 920 5724 barbam
952 5651 1347 5724 deponerent?

256 5723 371 5808 (28)
388 5721 568 5785 Ritus
598 5723 709 5785 iste
727 5723 797 5783 ad
826 5720 1066 5784 dandam
1087 5720 1467 5802 paenitentiam
1500 5722 1833 5801 vulgatissi-

1961 3385 2170 3441 Sancte
2198 3390 2422 3454 Severe,
2456 3404 2538 3444 or.

1962 3475 2172 3530 Sancte
2187 3474 2440 3543 Nicolae,
2475 3492 2558 3532 or.

1964 3563 2170 3619 Sancte
2203 3564 2337 3637 Leo,
2368 3581 2457 3620 or.

1963 3652 2171 3708 Sancte
2203 3653 2528 3720 Benedicto,
2563 3670 2647 3710 or.

1961 3742 2170 3797 Sancte
2197 3742 2419 3809 Maura,
2450 3760 2534 3799 or.

1958 3833 2167 3886 Sancte
2197 3830 2447 3900 Placide,
2479 3848 2564 3888 or.

1959 3922 2167 3975 Sancte
2196 3919 2530 3989 Pbiliberte,
2564 3938 2647 3978 or.

1959 4012 2165 4065 Sancte
2195 4009 2572 4081 Columbane,
2608 4024 2692 4068 or.

1962 4098 2170 4154 Sancte
2200 4098 2430 4169 Majole,
2465 4116 2548 4156 or.

1963 4188 2171 4243 Sancte
2202 4186 2381 4257 Galle,
2413 4205 2497 4245 or.

1962 4277 2171 4332 Sancte
2195 4276 2390 4346 Wido,
2423 4294 2508 4335 or.

1963 4365 2177 4421 Sancta
2204 4365 2492 4438 Felicitas,
2527 4383 2613 4424 ora.

1961 4456 2173 4509 Sancta
2201 4454 2508 4528 Perpetua,
2538 4474 2621 4513 or.

1965 4594 2099 4633 mus
2130 4581 2219 4632 est
2251 4579 2410 4653 apud
2421 4581 2738 4653 “antiquos
2783 4583 3129 4641 monachos.
3178 4586 3495 4653 Sciendum
3524 4595 3614 4648 est

1962 4665 2180 4705 morem
2215 4647 2368 4720 apud
2398 4647 2528 4729 illos
2562 4647 2743 4729 fuisse
2768 4657 2832 4729 ut
2862 4654 3233 4729 quisquis.ad
3252 4647 3621 4729 Deumx'con'."

1957 4737 2158 4799 versus
2188 4737 2217 4775 c
2245 4719 3357 4799 saeculo,monastcrium'jngrederetur,
3375 4719 3616 4795 deberet

1957 4792 2120 4874 prius
2147 4809 2270 4874 sua}
2314 4792 2690 4874 conscientia;
2734 4792 3032 4874 maculae
3058 4792 3399 4874 monasterii
3431 4792 3613 4874 priori

1953 4863 2037 4918 vel
2070 4864 2263 4919 abbati
2297 4863 2581 4935 detegere,
2615 4869 2670 4919 et
2700 4865 3049 4937 singillatim
3101 4869 3364 4929 conﬁteri
3408 4863 3621 4931 dmuia.

1954 4941 2190 5019 peccata
2218 4951 2347 5001 sua,
2395 4941 2733 5005 recepturus
2784 4939 3303 5019 pmnitentiamad
3347 4947 3615 5019 ρφφωξ-ί-

1951 5012 2115 5091 ptum
2151 5024 2449 5062 sacrorum
2480 5010 3613 5091 canonumApudCarthasianosjuxta

1950 5075 2224 5153 antiquas
2257 5095 2455 5153 eorum
2489 5075 2665 5153 leges,
2701 5075 2988 5153 monachi
3026 5075 3623 5153 conscientiaa'i'r'laniL‘

1949 5148 2314 5227 festationem
2349 5148 2658 5227 iaciebant,
2686 5166 2801 5227 non
2826 5150 3031 5227 solum
3063 5148 3298 5227 quando
3328 5148 3615 5216 monasti-

1951 5237 2082 5302 cam
2129 5221 2861 5303 habitum‘suscipiebant,
2906 5221 3109 5303 verum
3160 5228 3337 5284 etiam
3385 5231 3613 5303 quoties

1948 5292 2108 5364 prior
2167 5292 2734 5366 novuseligeba‘tur.
2777 5293 2857 5350 Ea
2912 5298 3111 5366 tamen
3169 5292 3614 5359 sacramentalis

1947 5362 2264 5440 confessio__
2289 5362 2518 5440 videtur
2548 5362 2689 5440 non
2715 5365 2915 5440 fuisse.
2949 5362 3033 5421 De
3087 5366 3219 5440 hac,
3253 5387 3313 5427 re
3355 5372 3561 5429 consul
3583 5391 3627 5440 θ,

1945 5451 2075 5507 quae
2103 5434 2499 5509 eruditissime
2528 5436 2930 5509 animadvertit
2961 5439 3166 5509 praesul
3199 5439 3519 5506 Sartius,m
3555 5446 3611 5505 ei

1944 5505 2518 5589 amantissimumuin
2552 5505 3075 5589 observatione—vui
3114 5510 3219 5589 ad“
3235 5505 3491 5589 caput}.
3551 5533 3621 5589 p.

1942 5579 2031 5646 43,
2065 5576 2440 5653 Yitzesancti
2483 5577 2727 5636 Joannis
2776 5580 3123 5637 Laudensis.
3170 5576 3361 5653 Hujus
3408 5576 3615 5644 danda:

1941 5650 2295 5724 poenitentiae
2326 5648 2475 5707 ritus
2510 5667 2626 5721 non
2658 5656 2783 5713 erat
2823 5653 3105 5737 privatus,
3149 5648 3279 5714 sed"
3315 5654 3617 5739 publicus,
