3978 6354
379 393 496 455 86⁸1

377 529 591 583 Sancta
617 524 862 598 Agathe,
894 540 976 581 or.

376 618 587 672 Sancta
611 617 823 687 Agnes,
856 629 940 669 or.

375 708 585 759 Sancta
613 701 858 771 Caecilia,
891 719 974 757 or.

377 793 590 849 Sancta
619 790 814 858 Lucia,
848 807 931 847 or.

374 882 588 938 Sancta
614 880 868 948 Justina,
904 896 987 934 or.

375 971 589 1026 Sancta
614 968 946 1034 Anastasis,
979 984 1064 1024 or.

374 1059 587 1115 Sancta
614 1057 846 1125 Savina,
871 1074 958 1113 or.

372 1149 588 1204 Sancta
617 1146 922 1214 Columba,
957 1163 1041 1202 or.

373 1237 591 1293 Sancta
620 1236 897 1303 Barbara,
929 1252 1013 1291 or.

373 1326 590 1381 Omnes
614 1323 825 1390 sancti,
859 1340 944 1379 or.

372 1412 663 1486 Propitius
696 1416 842 1479 esto,
871 1428 1062 1484 parce.

369 1503 459 1558 Ab
487 1500 647 1557 omni
680 1499 854 1567 malo,
887 1500 1091 1556 libera.

368 1591 454 1646 Ad
484 1589 717 1645 insidiis
747 1587 984 1657 diaboli,
1014 1588 1114 1645 lib.

367 1682 415 1735 A
444 1677 702 1752 periculo
732 1678 961 1742 mortis,
997 1676 1096 1731 lib.

368 1770 415 1823 A
440 1765 840 1840 persecutione
871 1766 1114 1834 inimici,
1149 1765 1251 1823 lib.

367 1859 416 1913 A
443 1855 694 1929 peccatis
719 1854 941 1923 multis,
974 1854 1074 1910 lib.

369 1945 456 2001 Ab
485 1944 645 2001 omni
675 1944 1013 2011 testatione,
1037 1943 1138 1999 lib.

369 2034 457 2088 Ab
481 2034 640 2091 omni
673 2032 999 2104 iniquitate,
1040 2032 1141 2089 lib.

368 2122 453 2177 Ab
484 2121 642 2177 omni
674 2121 1071 2189 immunditia,
1107 2120 1210 2178 lib.

367 2213 415 2266 A
445 2210 749 2266 subitanea
779 2213 987 2279 morte,
1021 2210 1123 2265 lib.

368 2302 414 2354 A
443 2300 708 2371 gehenna
741 2298 913 2371 ignis,
938 2297 1039 2354 lib.

370 2388 697 2444 Misericors
726 2389 900 2455 Deus,
932 2392 988 2443 te
1016 2403 1309 2459 rogamus.

368 2476 719 2548 Redemptor
737 2476 965 2541 mundi,
1000 2481 1053 2531 te
1084 2491 1203 2548 rog.

366 2565 722 2633 Peccatores,
754 2570 810 2620 te
842 2581 964 2638 rog.

366 2653 439 2709 Ut
468 2670 670 2726 pacem
694 2654 863 2710 nobis
896 2654 1098 2719 dones,
1134 2655 1187 2707 te
1217 2669 1337 2726 rog.

368 2740 673 2797 Utveniam
691 2741 1032 2797 delictorum
1056 2745 1389 2796 nostrorum
1413 2741 1581 2797 nobis
1594 2742 1796 2808 dones,
1815 2746 1870 2797 te
1887 2758 2011 2814 rog.

366 2829 437 2885 Ut
464 2830 691 2886 veniam
724 2829 1074 2901 pmnitentiae
1105 2829 1275 2885 nobis
1305 2830 1508 2900 dones,
1540 2836 1596 2886 te
1626 2847 1747 2904 rog.

363 2918 435 2974 Ut
464 2917 971 2990 compunctionem
1004 2916 1194 2971 cordis
1227 2919 1395 2972 nobis
1426 2919 1625 2984 dones,
1658 2924 1713 2975 te
1743 2936 1863 2992 rog.

363 3010 436 3062 Ut
461 3007 679 3061 fontem
706 3004 1099 3076 lacrymarum
1131 3007 1301 3062 nobis
1329 3008 1534 3078 dones,
1566 3012 1620 3063 te
1649 3024 1767 3080 reg.

364 3094 435 3150 Ut
464 3092 679 3148 mentis
709 3092 1098 3147 constantiam
1123 3094 1292 3149 nobis
1318 3095 1518 3162 dones,
1552 3100 1609 3151 te
1636 3113 1756 3167 rog.

359 3182 433 3237 Ut
461 3180 868 3236 remissionem
901 3186 1268 3252 peccatorum
1300 3184 1470 3240 nobis
1500 3184 1703 3252 dones,
1735 3190 1790 3240 te
1811 3201 1933 3258 rog.

1566 388 1753 455 sese.
1799 392 1877 454 x1
1923 388 2237 473 MONUM.
2283 388 2597 454 LITURG.

2055 525 2111 592 Α
2141 524 2279 581 tiam
2314 523 2531 579 famulo
2562 527 2682 589 tuo,
2726 527 2779 578 et
2832 521 3186 578 medicinam
3235 520 3425 578 tribue
3468 520 3794 588 vulnerato,

3672 388 3799 451 888

2141 618 2206 669 ut
2234 612 2468 669 exclusa
2497 610 2896 668 dominatione
2926 611 3169 684 peccati,
3208 610 3409 667 liberis
3439 609 3545 666 tibi
3580 610 3797 666 menti-

2137 702 2249 756 bus
2276 701 2388 756 fam
2398 700 2609 756 uletur.
2638 701 2763 755 Per.

2206 790 2331 845 Alia
2360 791 2555 845 oratio.
2592 788 2808 844 Praesta
2832 788 3097 858 Domine,
3132 804 3494 860 quaesumus,
3534 786 3673 844 huic
3704 788 3793 843 fa-

2138 877 2299 933 mulo
2327 882 2428 933 tuo
2450 877 2531 932 ill.
2566 878 2753 950 dignae
2799 876 3150 949 poenitentiae
3184 878 3458 943 fructum,
3497 880 3564 931 ut
3594 876 3797 933 Eccle-

2137 965 2234 1021 siae
2264 970 2377 1021 tuae
2409 970 2640 1036 sanctae,
2676 982 2709 1021 a
2739 966 2908 1037 cujus
2957 965 3292 1039 integritate
3334 965 3627 1038 peccando
3671 964 3795 1021 dis-

2135 1055 2334 1121 cessit,
2393 1056 2465 1110 ad
2524 1056 2653 1125 ejus
2692 1052 3038 1126 mysterium
3087 1054 3317 1110 veniam
3382 1054 3796 1126 consequendo

2136 1144 2417 1199 reddatur
2446 1144 2746 1199 innocens.
2784 1142 2908 1199 Per.

2347 1249 2554 1289 INCIPIT
2585 1249 2994 1288 POENITENTIUM
3028 1248 3173 1288 VERA
3202 1248 3573 1288 CREDULITAS.

2206 1321 2405 1377 Credis
2434 1321 2495 1376 in
2524 1321 2708 1377 Deum
2731 1321 2963 1377 Patrem
2997 1321 3457 1394 omnipotentem
3489 1324 3546 1377 et
3572 1319 3788 1377 Filium

2136 1415 2194 1467 et
2224 1410 2508 1483 Spiritum
2539 1410 2853 1466 sanctum?
2887 1412 2946 1478 ἢ.
2979 1410 3184 1466 Credo.

2203 1500 2403 1554 Credis
2425 1499 2576 1570 quod
2604 1498 2727 1553 istae
2764 1506 2879 1554 tres
2906 1499 3488 1571 personae,quomodo
3505 1497 3787 1567 diximus,

2134 1588 2299 1644 Pater
2329 1592 2387 1642 et
2414 1586 2597 1643 Filius
2626 1591 2685 1643 et
2714 1587 2967 1659 Spiritus
2989 1591 3229 1644 sanctus
3253 1591 3372 1643 tres
3395 1587 3534 1656 sint,
3558 1591 3615 1643 et
3631 1602 3787 1643 unus

2131 1676 2330 1732 Deus?
2362 1678 2420 1745 Ii}.
2455 1676 2655 1731 Credo.
3417 1690 3427 1700 '

2199 1766 2398 1822 Credis
2446 1765 2598 1837 quod
2653 1764 2765 1820 ista
2795 1780 2969 1821 carne
3003 1765 3061 1820 in
3095 1781 3213 1837 qua
3261 1781 3416 1821 nunc
3449 1768 3540 1821 est
3570 1764 3629 1820 in
3657 1764 3792 1837 ipsa

2128 1854 2371 1911 habebis
2402 1858 2787 1925 resurgere,et
2815 1852 3069 1926 recipere
3108 1854 3228 1909 sive
3257 1853 3429 1919 bona,
3461 1852 3581 1910 sive
3610 1852 3791 1921 mala,

2130 1960 2257 2016 quae
2288 1942 2501 2016 egisti?
2534 1944 2591 2011 Ii.
2621 1942 2818 1997 Credo.

2199 2031 2302 2088 Vis
2331 2031 2622 2087 dimittere
2648 2029 2768 2086 illis
2799 2030 2895 2102 qui
2927 2030 2986 2084 in
3016 2034 3071 2085 te
3112 2035 3522 2103 peccaverunt,
3556 2029 3789 2087 dicente

2128 2120 2422 2176 Domino:
2473 2120 2530 2175 Si
2592 2136 2707 2174 non
2763 2119 3107 2174 remiseritis
3164 2117 3506 2175 hominibus
3547 2122 3787 2191 peccata

2127 2215 2319 2265 vestra
2338 2210 2365 2263 Τ
2392 2212 2429 2279 ri,
2463 2209 2727 2264 Dimitte.

2198 2300 2257 2354 Si
2289 2299 2361 2353 de
2391 2296 2798 2353 criminalibus
2832 2297 3084 2370 peccatis
3116 2298 3390 2369 peccasti,
3421 2296 3531 2353 hoc
3559 2301 3650 2353 est
3679 2314 3779 2353 su-

2126 2387 2349 2459 perbia,
2382 2385 2778 2459 sacrilegium,
2812 2385 3219 2457 homicidium,
3252 2385 3627 2454 adulterium,
3659 2386 3782 2442 fur-

2124 2481 2272 2544 tum,
2306 2476 2530 2548 rapina,
2563 2474 2652 2530 vcl
2680 2474 2793 2530 alia
2824 2492 2949 2547 quae
2990 2472 3365 2531 dinumerare
3394 2474 3635 2547 longum
3665 2478 3777 2542 est,

2124 2569 2363 2621 sanctus
2394 2581 2529 2637 ergo
2562 2563 2781 2619 Paulus
2811 2568 2867 2620 et
2888 2564 3253 2637 Augustinus
3270 2568 3328 2619 et
3348 2563 3446 2619 alii
3469 2564 3655 2619 sancti
3684 2564 3783 2620 Pa-

2122 2658 2240 2710 tres
2270 2656 2754 2726 computaverunt
2782 2652 2907 2707 fieri
2948 2669 3051 2724 pro
3098 2651 3192 2708 his
3224 2652 3418 2725 largas
3457 2651 3776 2725 eleemosy-

2122 2760 2251 2808 nas,
2284 2750 2340 2798 et
2366 2742 2536 2815 longe
2569 2748 2828 2812 tempore
2850 2740 3168 2813 jejunium.
3198 2740 3402 2797 Clerici
3426 2757 3453 2797 ν
3486 2740 3777 2809 ann.;dia-

2122 2832 2249 2887 coni
2302 2848 2407 2897 vn;
2443 2831 2761 2902 presbyteri
2792 2848 2827 2884 x
2860 2847 2873 2897 ;
2909 2829 3178 2885 monachi
3223 2846 3336 2897 vn;
3370 2829 3629 2902 episcopi
3670 2847 3769 2885 xu.

2119 2921 2174 2975 Si
2208 2921 2263 2974 in
2298 2920 2717 2975 consuetudine
2752 2919 2942 2985 fuerit,
2977 2919 3227 2973 addatur
3256 2919 3615 2991 pmnitentia.

2190 3011 2331 3064 Tunc
2380 3012 2631 3064 cantetur
2677 3023 2908 3063 oremus.
2972 3007 3353 3079 Omnipotens
3410 3007 3766 3080 sempiterno

2121 3098 2399 3170 l)eus,qui
2431 3097 2755 3153 secundum
2788 3113 3064 3169 magnam
3098 3096 3557 3152 misericordiam
3597 3099 3762 3151 tuam

2114 3193 2351 3260 peccata
2377 3186 2785 3259 pmnitentium
2818 3170 3060 3251 deles,et
3081 3185 3139 3240 in
3165 3190 3223 3241 te
3272 3185 3649 3257 sparantibus
3670 3200 3762 3240 oe-

360 3270 432 3325 Ut
460 3270 533 3324 ad
556 3269 733 3325 vitam
755 3273 1028 3325 aeternam
1046 3287 1153 3327 nos
1168 3272 1771 3345 perduceredigneris,
1793 3279 1847 3330 te
1879 3291 2001 3347 rog.
2034 3258 2076 3324 (ἶ
2115 3258 2221 3332 leri
2251 3258 2465 3348 pietate
2496 3275 2811 3344 succurris,
2847 3273 3064 3330 famulo
3116 3279 3215 3329 tuo
3248 3273 3358 3341 ill.,
3400 3289 3760 3343 quaesumus,

359 3357 431 3413 Ut
461 3374 568 3412 nos
598 3357 871 3413 exaudire
900 3359 1181 3432 digneris,
1214 3364 1271 3417 te
1293 3378 1416 3435 rog.

359 3444 465 3501 Fili
495 3444 611 3513 Dei,
645 3449 701 3501 te
724 3462 999 3518 rogamus
1028 3448 1163 3503 audi
1197 3466 1305 3506 nos
1323 3450 1471 3520 (bis).

353 3535 557 3606 Agnus
586 3534 708 3602 Dei,
743 3535 844 3606 qui
874 3536 1030 3593 tollis
1061 3542 1299 3610 peccata
1329 3538 1556 3605 mundi,
1596 3557 1788 3612 parce.

352 3624 552 3696 Agnus
581 3623 699 3685 Dei.
732 3624 833 3697 qui
859 3624 1018 3681 tollis
1045 3631 1281 3698 peccata
1310 3628 1536 3697 mundi,
1571 3630 1800 3685 exaudi.

353 3712 553 3786 Agnus
584 3712 704 3781 Dei,
739 3713 839 3785 qui
873 3713 1034 3770 tollis
1063 3721 1304 3787 peccata
1332 3718 1563 3786 mundi,
1595 3718 1895 3774 miserere.

354 3801 580 3859 Christe
610 3803 749 3859 audi
782 3820 889 3859 nos
913 3804 1064 3879 (bis).

352 3891 525 3963 Kyrie
556 3890 771 3946 eleison
803 3893 949 3961 (ter).
984 3892 1152 3948 Pater
1182 3897 1396 3950 noster.

426 3979 604 4050 Capit.
638 3979 755 4050 Ego
813 3978 951 4047 dixi,
1005 3980 1269 4050 Domine,
1321 3999 1484 4038 sana.
1540 3984 1686 4052 Fiat,
1738 3985 2000 4053 Domine,

353 4065 749 4123 misericordia
777 4063 897 4122 tua.
945 4069 1471 4134 Quemadmodum.
1515 4072 1779 4140 Domine,
1812 4078 2003 4132 averte

352 4155 558 4211 faciem
616 4160 801 4211 tuam.
837 4156 904 4211 Et
945 4159 1138 4214 omnis
1197 4158 1496 4231 iniquitas.
1548 4161 1826 4219 Converte
1873 4181 1999 4232 nos,

350 4244 506 4301 Deus
526 4243 818 4301 salutaris.
850 4246 919 4300 Et
948 4249 1136 4302 averte
1158 4246 1328 4303 iram.
1361 4248 1622 4317 Domine,
1656 4253 2004 4309 exaudiora-

348 4332 592 4389 tionem.
628 4333 695 4387 Et
725 4332 946 4388 clamor
965 4336 1436 4409 meus.Exsurge,
1470 4338 1734 4408 Domine,
1767 4342 1995 4414 adjuva.

350 4422 420 4477 Et
443 4420 627 4477 libera
657 4438 782 4478 nos.
822 4423 1106 4481 Dominus
1133 4425 1457 4483 vobiscum.
1492 4428 1560 4483 Et
1594 4445 1729 4485 cum
1788 4431 1999 4503 spiritu

347 4514 470 4566 tuo.

2118 3363 2522 3421 remissionem
2555 3363 2819 3419 omnium
2869 3366 3260 3435 peccatorum,
3294 3363 3507 3433 tribue,
3547 3365 3606 3418 et
3631 3365 3766 3417 vota

2114 3452 2379 3525 placatus
2428 3468 2685 3518 assume,
2738 3467 2949 3507 renova
2993 3450 3052 3504 in
3107 3466 3194 3516 eo,
3256 3448 3520 3521 piissime
3577 3448 3762 3518 Pater,

2115 3540 2400 3614 quidquid
2434 3545 2664 3596 terrens.
2714 3538 3029 3614 fragilitate
3075 3542 3416 3611 corruptum
3460 3542 3568 3603 est,
3600 3537 3767 3609 quid-

2115 3630 2254 3703 quid
2283 3628 2570 3685 diabolica
2599 3627 2966 3683 immissione
2994 3626 3296 3693 violatum,
3321 3626 3620 3691 miserere,
3651 3625 3764 3681 Do-

2115 3720 2292 3790 mine,
2326 3719 2657 3792 gemituum
2688 3718 2837 3789 ejus,
2872 3716 3147 3772 miserere
3178 3714 3593 3788 lacrymarum,
3616 3714 3764 3770 utde

2114 3826 2359 3865 maerore
2384 3808 2440 3862 in
2462 3807 2746 3881 gaudium
2769 3823 2872 3878 per
2891 3809 3053 3861 tuam
3080 3804 3541 3861 misericordiam
3569 3808 3762 3860 trans-

2112 3900 2351 3954 feratur.
2390 3898 2511 3952 Per.

2184 3987 2421 4043 Secreta.
2450 3986 2605 4041 Deus
2636 3985 3029 4056 omnipotens,
3065 3987 3214 4038 Deus
3247 3981 3763 4050 misericors,Deus

2112 4076 2390 4141 clemens,
2423 4074 2522 4146 qui
2577 4071 3003 4145 indulgentiam
3035 4077 3197 4127 tuam
3238 4071 3401 4127 nulla
3427 4070 3759 4142 temporum

2110 4166 2237 4238 lege
2260 4162 2580 4226 concludis,
2615 4161 2848 4239 suscipe
2877 4178 3077 4233 preces
3109 4165 3168 4217 et
3195 4160 3440 4229 hostias,
3473 4176 3621 4232 quas
3652 4158 3759 4213 tibi

2111 4270 2214 4324 pro
2246 4251 2611 4325 indulgentia
2641 4249 2843 4305 famuli
2874 4250 2955 4305 tui
2994 4249 3425 4316 ill.deferimus,
3458 4252 3523 4303 ut
3550 4252 3608 4304 et
3627 4264 3757 4319 pec-

2110 4347 2371 4397 catorum
2403 4342 2454 4397 ei
2498 4340 2725 4396 veniam
2776 4339 3107 4395 misericors
3147 4338 3437 4412 largiaris,
3483 4340 3541 4393 et
3567 4336 3760 4392 cordis

2109 4432 2236 4503 ejus
2267 4435 2422 4486 recta
2452 4429 2741 4485 desideria
2771 4427 3011 4501 implere
3043 4426 3319 4501 digneris.
3354 4427 3480 4482 Per.

2179 4520 2633 4575 Postcommunio.
2666 4518 2839 4586 Deus,
2890 4517 2989 4588 qui
3040 4515 3452 4572 misericordiae
3498 4517 3609 4569 tua:
3668 4530 3763 4586 pe-

420 4600 625 4691 0ratio.
654 4600 899 4691 ΔΕιιιιιιιάἱ,
934 4602 1195 4691 Domine,
1229 4619 1430 4676 preces
1476 4610 1727 4676 nostras,
1752 4612 1810 4664 et
1854 4625 1996 4664 con-
2027 4627 2074 4691 D
2109 4609 2250 4665 tenti
2281 4607 2495 4664 auxilio
2527 4612 2583 4663 et
2613 4623 2891 4679 prospera
2934 4606 3166 4672 tribuis,
3205 4609 3261 4660 et
3290 4605 3533 4660 adversa
3563 4601 3759 4674 depel-

345 4688 590 4744 vertenti
621 4688 729 4744 tibi
786 4688 1010 4745 famulo
1054 4694 1153 4746 tuo
1202 4709 1371 4763 parce
1420 4695 1696 4766 peccatis,
1730 4700 1794 4751 ut
1819 4711 1993 4768 quem

347 4776 716 4833 conscientia:
749 4795 868 4833 suae
914 4783 1109 4835 reatus
1159 4784 1413 4849 accusat,
1465 4783 1836 4857 indulgentia
1881 4788 1994 4840 tuae

348 4866 743 4921 miserationis
772 4865 1052 4922 absolvat.
1088 4868 1211 4925 Per.

418 4953 543 5008 Alia
574 4956 770 5009 oratio.
816 4954 969 5010 Deus
1017 4957 1116 5028 qui
1162 4959 1422 5013 omnium
1456 4960 1859 5016 confitentium
1892 4953 1996 5017 tibi

348 5041 524 5096 corda
554 5042 850 5113 purificas,
884 5049 939 5099 et
968 5052 1337 5103 accusantem
1370 5063 1537 5101 suam
1579 5048 1996 5105 conscientiam

347 5129 420 5186 ab
450 5129 606 5184 omni
638 5130 869 5189 vinculo
896 5133 1224 5206 iniquitatis
1276 5133 1549 5200 absolvis,
1582 5135 1655 5191 da
1686 5135 1994 5210 indulgen-

418 5309 529 5434 g29)
567 5310 906 5392 Apostolica:
956 5313 1288 5395 traditionis
1337 5315 1427 5368 est
1478 5310 1831 5368 sacriﬁcium
1890 5332 1993 5387 pro

344 5380 417 5435 de
447 5386 636 5435 unctis
667 5384 872 5435 offerre
929 5386 1124 5435 (Bnm.
1185 5385 1287 5435 lib.
1350 5400 1408 5435 ιι.
1469 5398 1520 5435 ο.
1576 5384 1662 5435 15.
1723 5401 1782 5435 ιι.
1841 5385 1896 5435 4)
1938 5393 1993 5435 et

344 5384 636 5437 defunctis
667 5384 872 5440 otl'erre
929 5386 1124 5457 (BONA.
1184 5385 1287 5439 lib.
1350 5400 1408 5447 ιι,
1469 5398 1520 5437 c.
1576 5384 1662 5449 15,
1723 5401 1782 5439 ιι.
1841 5384 1908 5453 4)“
1938 5393 1996 5444 et

343 5452 489 5508 Aetii
544 5468 703 5536 error
752 5456 871 5535 fuit
901 5533 909 5536 _
937 5473 1159 5536 negare
1198 5452 1565 5536 sacrificium
1610 5454 1991 5536 {offerendum

344 5540 474 5608 esse
505 5540 606 5608 pro
626 5596 635 5605 .
655 5526 818 5608 ipsis,
854 5533 937 5608 ut_
965 5524 1168 5608 scribit
1198 5524 1860 5608 Ερίρζιιιιιιίιιεη(Βᾶθι-(ξε.Δ
1879 5531 1988 5602 75).

347 5595 518 5680 Ditus
547 5595 762 5680 deinde
789 5597 1033 5653 invaluit
1072 5595 1322 5680 sacrum
1346 5595 1994 5680 faciendiprodefune-

344 5669 424 5732 tis
474 5682 588 5725 non
645 5672 875 5726 tantum
931 5684 1133 5727 eorum
1190 5669 1283 5729 die
1338 5669 1644 5729 emortuali
1704 5675 1761 5730 et
1802 5672 1993 5751 sepul-

2105 4698 2200 4763 lis,
2234 4698 2507 4753 universa
2534 4696 2856 4765 obstacula,
2882 4712 3009 4767 quae
3040 4693 3258 4750 famulo
3291 4698 3390 4748 tuo
3431 4691 3515 4747 ill.
3549 4692 3761 4748 adver-

2107 4790 2331 4853 santur,
2365 4802 2642 4858 expurga,
2677 4790 2735 4841 et
2764 4783 3003 4840 remotis
3054 4780 3478 4839 tentationibus
3522 4780 3763 4835 univer-

2109 4876 2192 4932 sis
2234 4875 2644 4932 indefessatibi
2669 4874 2989 4948 gratiarum
3015 4872 3238 4929 actione
3268 4870 3508 4927 laudare
3534 4885 3760 4926 merea-

2108 4970 2222 5019 tur.
2256 4964 2381 5019 Per.

2427 5052 2538 5124 (29)
2580 5067 2744 5106 MISSA
2784 5069 2840 5106 IN
2894 5067 2986 5105 DIE
3026 5063 3432 5105 DEPOSITIONIS.

2178 5142 2353 5208 Deus,
2384 5141 2475 5197 cui
2511 5140 2812 5213 proprium
2845 5143 2934 5196 est
2976 5138 3241 5195 misereri
3273 5152 3506 5210 semper
3532 5138 3590 5190 et
3614 5150 3758 5207 par-

2102 5322 2267 5396 turaa,
2300 5332 2503 5396 verum
2535 5316 2852 5396 etiamdie
2885 5315 3200 5396 tricesima,
3252 5315 3525 5396 septima,
3556 5313 3755 5396 tertia,

2103 5393 2160 5443 et
2188 5387 2587 5443 anniversaria
2633 5387 2826 5442 obitus
2872 5391 3233 5443 eorumdem.
3267 5383 3372 5441 Hic
3419 5402 3535 5440 non
3576 5383 3756 5440 habe-

2105 5476 2236 5514 mus
2260 5457 2373 5513 nisi
2406 5458 2619 5513 missas
2663 5460 2723 5511 in
2749 5458 2838 5511 die
2891 5457 3266 5528 depositionis,
3300 5460 3357 5512 in
3391 5456 3668 5511 tricesima
3697 5461 3760 5511 et

2099 5534 2159 5587 in
2199 5530 2592 5601 anniversaria
2628 5544 2763 5582 cum
2824 5530 3073 5599 propriis
3121 5528 3579 5601 praelationibus,
3629 5528 3755 5601 tam

2105 5602 2199 5682 die
2243 5599 2651 5682 depositionis,
2689 5596 2864 5682 quam
2912 5596 3327 5682 anniversaria.
3375 5596 3761 5682 Aturatorius

2100 5667 2340 5751 (Antiqf
2380 5670 2545 5730 medii
2616 5667 2722 5730 8ευὶ
2792 5680 2832 5729 ι.
2896 5675 3007 5741 ιν,
3083 5673 3292 5732 disser.
3372 5673 3466 5745 55)
3544 5667 3754 5730 multis
