3978 6348
137 386 263 450 869

1322 395 1414 457 SA
1425 395 1633 459 CRAM
1644 393 2049 461 ENTARIUM
2095 396 2379 465 VETUS.

3432 401 3554 463 870
3575 421 3587 441 ’ν

140 522 682 597 cere,'tesupplices
706 523 1090 599 deprecamur
1121 544 1224 600 pro
1256 529 1453 584 anima
1485 530 1685 585 famuli
1711 531 1795 585 tui
1825 534 1879 598 Α
1913 548 2221 604 corporum
2255 536 2570 606 reparator,
2607 532 2705 605 qui
2737 535 2794 588 te
2824 549 2859 588 a
2886 530 3291 605 peccatoribus
3329 537 3549 593 exorari

136 610 225 666 ill.
249 627 433 684 quam
463 611 635 669 hodie
666 614 738 670 de
765 614 876 671 hoc
907 616 1117 672 saeculo
1149 617 1402 692 migrare
1443 619 1698 690 jussisti,
1731 623 1797 676 ut

140 717 260 756 non
281 701 485 758 tradas
506 719 634 758 eam
654 702 715 759 in
737 721 950 761 manus
979 705 1221 776 inimici,
1250 710 1308 763 et
1326 723 1399 764 ne
1431 707 1795 766 obliviscaris

137 788 199 845 in
228 788 434 860 ﬁnem,
451 792 552 849 sed
567 792 781 864 jubeas
798 811 927 850 eam
952 812 986 850 a
1003 796 1222 852 sanctis
1245 795 1467 870 angelis
1489 798 1712 872 suscipi
1739 803 1798 855 et

139 881 213 935 ad
243 880 501 952 patriam
531 882 789 955 paradisi
821 883 1082 957 perduci,
1117 889 1183 940 ut
1212 885 1312 958 qui
1345 886 1404 940 in
1433 891 1490 943 te
1522 888 1794 960 speravit,

137 972 196 1024 et
221 969 489 1037 credidit,
515 988 628 1027 non
653 989 854 1043 poenas
876 972 1086 1029 inferni
1110 974 1416 1046 sustineat,
1449 977 1552 1032 sed
1583 975 1798 1049 gaudia

138 1061 361 1114 aeterna
388 1059 710 1132 possideat.
746 1061 870 1117 Per.

212 1147 449 1204 Secreta.
482 1148 821 1222 Propitiare,
857 1167 1220 1224 quaesumus,
1263 1150 1527 1219 Domine,
1586 1152 1795 1208 animae

141 1235 450 1293 famulitui
464 1236 546 1293 ill.
567 1255 671 1311 pro
695 1256 813 1312 qua
832 1238 938 1295 tibi
969 1240 1226 1296 hostiam
1257 1240 1659 1310 immolemus,
1677 1258 1797 1298 ma-

135 1326 415 1397 jestatem
442 1331 605 1384 tuam
635 1327 982 1402 suppliciter
1009 1329 1409 1403 deprecantes,
1444 1335 1511 1386 ut
1538 1347 1640 1404 per
1677 1331 1797 1387 haec

142 1414 249 1487 piae
281 1414 631 1488 placationis
660 1417 854 1473 ofﬁcia
885 1418 1185 1491 pervenire
1226 1423 1522 1476 mereatur
1576 1421 1648 1475 ad
1706 1437 1794 1476 re-

142 1503 342 1576 quiem
368 1506 806 1579 sempiternam.
837 1507 960 1562 Per.
1512 1568 1517 1573 _

211 1594 505 1666 Prw/atto.
529 1594 760 1651 {Eterne
791 1596 968 1664 Deus,
997 1596 1097 1669 qui
1128 1596 1489 1670 benignitate
1545 1597 1798 1671 gratuita

139 1683 551 1754 peccatoribus
595 1683 853 1757 largiens
890 1685 1143 1753 veniam,
1180 1687 1515 1759 praeparasti
1549 1687 1795 1743 mortuis

140 1770 344 1837 vitam,
384 1788 457 1827 ne
488 1771 714 1828 diutius
742 1764 964 1829 teneret
994 1775 1052 1829 in
1086 1792 1256 1847 poena
1287 1792 1434 1847 quos
1466 1775 1795 1831 misericor-

1903 619 2161 690 voluisti,
2187 622 2395 678 exaudi
2418 639 2639 695 preces,
2663 638 2815 694 quas,
2844 620 3082 695 speciali
3113 622 3419 680 devotione
3449 642 3552 698 pro

1905 706 2103 763 anima
2119 708 2322 764 famuli
2344 709 2426 764 tui
2449 708 2530 765 ill.
2547 708 3122 784 tibilacrymabiliter
3138 711 3464 782 fundimus,
3490 717 3556 768 ut

1903 795 2151 853 liberare
2166 814 2296 854 eam
2319 798 2390 854 ab
2413 798 2776 854 infernorum
2801 798 3175 867 cruciatibus,
3192 805 3250 856 et
3269 800 3555 858 collocare

1906 885 2057 941 inter
2087 886 2325 947 agmina
2382 891 2722 943 sanctorum
2783 892 3018 943 tuorum
3078 888 3362 961 digneris,
3395 893 3554 947 veste

1905 989 2141 1046 quoque
2171 974 2409 1042 caelesti,
2444 978 2502 1030 et
2543 974 2754 1031 stolam
2788 976 3245 1034 immortalitatis
3276 977 3464 1047 indui,
3496 983 3554 1036 et

1904 1062 2161 1134 paradisi
2193 1064 2527 1121 amoenitate
2557 1064 2869 1121 confoveri.
2903 1064 3027 1121 Per.

1974 1152 2102 1206 Alia
2154 1154 2353 1208 oratio.
2387 1157 2559 1221 Deus,
2606 1154 2708 1226 qui
2766 1154 3162 1210 humanarum
3221 1154 3552 1214 animarum

1905 1242 2158 1296 aeternus
2215 1244 2443 1298 amator
2472 1259 2554 1312 es,
2589 1243 2849 1298 animam
2896 1242 3104 1299 famuli
3133 1243 3218 1300 tui
3257 1243 3340 1300 ill.
3373 1262 3553 1317 quam

1903 1344 2059 1397 vera,
2094 1330 2236 1385 dum
2292 1330 2353 1386 in
2412 1347 2653 1403 corpore
2700 1336 2983 1397 maneret,
3024 1331 3215 1389 tenuit
3268 1333 3553 1404 ﬁdes;ab

1905 1415 2065 1472 omni
2090 1417 2352 1474 cruciatu
2378 1419 2699 1476 inferorum
2724 1421 2899 1476 redde
2921 1426 3230 1490 extorrem,
3260 1426 3327 1478 ut
3355 1439 3550 1495 segre-
3594 1477 3597 1480 ἠ

1905 1509 2099 1574 gatam
2119 1507 2190 1562 ab
2218 1506 2603 1563 infernalibus
2627 1507 2923 1575 claustris,
2958 1512 3295 1565 sanctorum
3328 1527 3548 1568 merea-

1904 1599 2003 1650 tur
2031 1595 2289 1651 adunare
2321 1596 2649 1653 consortiis.
2684 1597 2807 1652 Per.

1976 1685 2107 1739 Item
2137 1685 2250 1739 alia
2281 1687 2477 1741 oratio.
2510 1685 2727 1742 Delicta
2751 1686 3077 1757 juventutis
3102 1691 3160 1743 et
3187 1688 3548 1761 ignorantiae

1909 1771 2111 1827 famuli
2127 1773 2212 1827 tui
2235 1773 2319 1828 ill.
2341 1788 2412 1829 ne
2439 1774 2798 1841 memineris,
2820 1775 3077 1843 Domine,
3095 1776 3197 1832 sed
3221 1778 3546 1835 secundum

140 1859 239 1915 dia
259 1858 571 1917 liberasset
598 1876 666 1915 ex
698 1861 889 1934 culpa.
915 1861 1043 1917 Tibi
1094 1878 1253 1935 ergo,
1279 1863 1537 1926 Domine,
1573 1862 1794 1936 suppli-
1826 1901 1873 1965 Β
1906 1877 2181 1934 magnam
2219 1862 2682 1919 misericordiam
2704 1869 2865 1919 tuam
2900 1881 3126 1920 memor
3153 1868 3279 1921 esto
3301 1865 3461 1922 illius
3490 1867 3549 1922 in

141 1965 237 2005 ces
258 1965 462 2022 preces
481 1949 859 2017 effundimus,
874 1950 980 2006 tibi
1004 1951 1207 2006 famuli
1228 1950 1314 2006 tui
1340 1950 1420 2006 ill.
1441 1951 1701 2007 animam
1736 1957 1792 2008 et

142 2037 421 2111 spiritum
451 2039 957 2107 commendamus,
988 2043 1055 2095 ut
1084 2044 1350 2113 receptus
1378 2041 1530 2096 inter
1558 2042 1796 2115 agmina

140 2132 504 2195 sanctorum,
519 2126 647 2183 loca
664 2128 888 2185 nesciat
915 2129 1256 2186 inferorum.
1276 2129 1430 2185 Nihil
1452 2129 1535 2185 illi
1567 2138 1791 2200 noceat,

141 2215 410 2285 Domine,
425 2217 713 2290 quidquid
735 2217 1063 2273 attrahente
1084 2218 1279 2274 carnis
1306 2218 1619 2291 fragilitate
1636 2237 1792 2275 com-

145 2304 327 2375 misit,
362 2309 466 2361 aut
495 2306 649 2379 quod
681 2307 951 2362 humanae
983 2306 1326 2379 cupiditatis
1370 2308 1793 2364 consuetudine

142 2397 526 2468 pergravatus
565 2399 721 2464 actu,
746 2395 920 2452 verbo
966 2395 1054 2451 vel
1107 2395 1457 2469 cogitatione
1514 2398 1789 2470 peccavit,

142 2485 245 2541 sed
286 2500 533 2540 securus
590 2484 835 2556 vestigia
882 2483 1198 2540 Salvatoris
1255 2485 1513 2558 patiatur
1565 2486 1794 2542 infinita

144 2573 457 2630 dulcedine
507 2576 565 2629 et
617 2573 925 2645 praesentia
978 2572 1258 2630 veritatis.
1311 2574 1791 2648 Redemptionem

145 2678 380 2734 quoque
401 2663 661 2734 corporis
686 2662 777 2718 sui
799 2663 1192 2718 commonitus
1223 2662 1568 2719 ﬁducialiter
1595 2680 1793 2737 exspe-

145 2756 326 2821 ctare,
339 2750 628 2825 quidquid
646 2752 851 2807 habuit
871 2751 1035 2824 prius
1056 2751 1114 2806 in
1152 2752 1283 2819 ﬁde,
1309 2758 1702 2824 consequatur
1731 2754 1790 2810 in

147 2855 411 2896 munere.
444 2840 552 2896 Per
578 2838 893 2896 Christum.

214 2930 673 2984 Postcommum’o.
721 2929 957 2995 Praesta,
1004 2944 1365 2999 quaesumus,
1416 2928 1680 3000 Domine,
1729 2935 1794 2986 ut

147 3018 348 3074 anima
366 3015 575 3073 famuli
596 3017 680 3072 tui
703 3017 810 3083 ill.,
834 3034 964 3089 quae
991 3017 1166 3073 hodie
1196 3018 1267 3072 de
1298 3017 1407 3073 hoc
1440 3018 1651 3074 saeculo
1683 3019 1792 3075 mi-

148 3107 356 3181 gravit,
389 3106 486 3163 his
532 3105 835 3163 sacrificiis
876 3107 1202 3179 puriﬁcata,
1235 3110 1291 3162 et
1319 3123 1354 3162 a
1382 3108 1636 3178 peccatis
1668 3126 1793 3165 om-

147 3196 324 3253 nibus
379 3195 666 3268 expedita,
690 3195 1115 3268 indulgentiam
1150 3196 1369 3267 pariter
1396 3201 1453 3253 et
1479 3197 1661 3254 vitam
1694 3216 1790 3255 ca-

146 3286 270 3359 piat
298 3284 746 3359 sempiternam.
780 3284 908 3341 Per.

215 3373 423 3432 Deinde
468 3381 749 3447 sequatur.
782 3373 953 3447 Kyrie
1007 3372 1247 3430 eleison.
1281 3373 1508 3432 Christe
1552 3375 1792 3433 eleison.

148 3464 340 3537 Kyrie,
364 3466 474 3519 etc.
509 3463 793 3518 Dominus
823 3463 1151 3519 vobiscum.

221 3552 426 3610 Oratio.
488 3551 641 3619 Tibi,
696 3551 954 3619 Domine,
1007 3553 1491 3609 commendamus
1536 3552 1793 3611 animam

151 3639 358 3697 famuli
388 3639 477 3695 tui
517 3639 601 3695 ill.
634 3644 700 3695 ut
729 3640 1040 3696 defunctus
1072 3657 1106 3696 a
1135 3641 1345 3697 saeculo
1376 3640 1480 3697 tibi
1529 3642 1704 3711 vivat,
1737 3648 1796 3699 et

146 3728 195 3786 si
217 3746 338 3802 qua
355 3727 731 3803 fragilitatem
752 3729 1060 3784 mundana.
1084 3730 1543 3786 conversationis
1559 3735 1796 3803 peccata

144 3817 406 3887 admisit,
438 3823 504 3873 tu
561 3817 732 3874 venia
780 3816 1343 3874 misericordissimis
1373 3818 1607 3891 pietatis
1660 3821 1792 3877 abs-

143 3911 322 3981 terge.
356 3907 484 3962 Per.

214 3996 344 4052 Atia
401 3997 595 4052 oratio.
658 3995 790 4065 Fac,
850 4011 1210 4067 quaesumus,
1296 3996 1561 4065 Domine,
1644 3997 1793 4054 hanc

146 4101 280 4141 cum
307 4101 474 4142 servo
502 4089 604 4141 tuo
637 4084 717 4140 ill.
751 4085 1212 4142 misericordiam
1243 4090 1310 4141 ut
1339 4087 1624 4142 factorum
1657 4104 1792 4144 suo-

145 4192 278 4230 rum
310 4175 370 4231 in
392 4174 580 4247 poenis
602 4191 717 4230 non
749 4173 990 4247 recipiat
1010 4174 1215 4244 vicem,
1237 4175 1337 4247 qui
1359 4178 1523 4231 tuam
1554 4176 1613 4231 in
1642 4177 1792 4235 votis

141 4264 334 4321 tenuit
382 4262 767 4341 voluntatem,
801 4266 865 4319 ut
893 4262 1046 4319 sicut
1073 4280 1210 4319 eum
1238 4281 1376 4321 vera
1424 4265 1569 4321 ﬁdes
1593 4267 1794 4339 junxit

143 4352 407 4409 ﬁdelium
438 4351 673 4420 turmis,
698 4352 778 4409 ita
833 4369 968 4408 eum
1002 4351 1120 4408 illic
1149 4356 1253 4409 tua
1283 4353 1581 4411 miseratio
1612 4355 1794 4412 societ

142 4441 429 4515 angelicis
459 4441 673 4498 choris.
698 4442 822 4497 Per.

212 4532 341 4587 Alia
368 4532 566 4587 oratio.
585 4530 914 4586 Nonintres
932 4529 988 4584 in
1009 4530 1303 4602 judicium
1335 4548 1466 4587 cum
1484 4548 1648 4588 servo
1666 4536 1787 4604 tuo,

143 4619 414 4689 Domine,
456 4619 734 4692 quoniam
789 4618 989 4675 nullus
1044 4620 1200 4693 apud
1260 4624 1316 4676 te
1364 4621 1791 4692 justiﬁcabitur
1820 4637 1866 4702 Ι)

143 4707 344 4776 homo,
379 4707 494 4764 nisi
526 4724 630 4780 per
657 4712 714 4764 te
756 4708 1020 4764 omnium
1078 4713 1446 4780 peccatorum
1498 4709 1794 4767 tribuatur

142 4797 582 4873 remissio.Non
612 4813 770 4870 ergo,
801 4813 935 4853 eum
967 4800 1089 4862 tua,
1121 4798 1792 4870 quaesumus,judicialis

142 4884 439 4942 sententia
483 4891 729 4958 premat,
769 4903 945 4958 quem
976 4885 1080 4942 tibi
1111 4902 1247 4941 vera
1278 4886 1626 4959 supplicatio
1657 4889 1791 4945 ﬁdei

146 4973 494 5031 Christianae
529 4975 924 5043 commendat,
950 4976 1048 5030 sed
1090 4975 1278 5048 gratia
1306 4979 1405 5031 tua
1434 4975 1518 5031 illi
1553 4993 1791 5033 succur-

146 5067 309 5119 rente
325 5067 622 5119 mereatur
635 5065 875 5120 evadere
892 5063 1188 5134 judicium
1215 5063 1476 5133 ultionis,
1510 5066 1791 5136 qui,dum

146 5151 457 5222 adviveret,
491 5153 810 5227 insignitus
841 5158 930 5209 est
971 5151 1275 5226 signaculo
1333 5158 1549 5209 sancta:
1602 5154 1791 5211 Trini-

144 5241 306 5298 tatis.
340 5240 465 5297 Per.
558 5242 565 5253 “

212 5331 347 5386 Item
376 5332 496 5388 alia
514 5332 711 5388 oratio.
744 5330 922 5398 Deus,
951 5329 1080 5387 vitae
1111 5331 1282 5387 dator
1312 5334 1369 5387 et
1397 5331 1792 5390 humanorum

143 5472 354 5544 probat
373 5474 655 5547 exemplis
667 5474 1070 5547 antiquitatem
1092 5473 1241 5547 ritus
1262 5474 1792 5547 anniversariorum

144 5545 560 5619 emortualium
584 5545 826 5602 dierum'
846 5563 949 5619 pro
965 5545 1275 5619 defunctis.
1300 5546 1676 5619 Desideratur
1698 5547 1794 5603 hic

144 5615 330 5689 missa
357 5615 1048 5689 prorcommemor'atione
1079 5616 1342 5689 ﬁdelium
1385 5618 1792 5675 defunctorum

144 5686 239 5750 die
262 5686 527 5749 secunda
553 5689 920 5760 Novembris,
945 5705 1071 5765 quae
1093 5688 1205 5749 fuit
1232 5688 1506 5752 instituta
1534 5707 1568 5753 a
1589 5693 1792 5753 sancto

1902 1947 2019 2005 vita
2042 1948 2328 2006 claritatis
2362 1955 2496 2019 tuae,
2522 1952 2860 2024 aperiantur
2886 1953 2933 2007 ei
2975 1952 3124 2020 cmli,
3147 1952 3420 2011 laetentur
3448 1973 3549 2013 an-

1904 2037 2038 2112 geli,
2062 2038 2123 2093 in
2146 2055 2391 2112 regnum
2425 2045 2617 2105 tuum,
2642 2041 2905 2109 Domine,
2931 2058 3161 2098 servum
3194 2047 3362 2100 tuum
3415 2062 3548 2102 sus-

1904 2126 2052 2200 cipe.

2249 2234 2565 2274 ABSOLUTIO
2604 2235 2791 2274 SUPER
2828 2236 3192 2278 SEPULCRUM.

1974 2305 2036 2359 In
2067 2322 2135 2360 ea
2167 2310 2450 2377 potestate
2467 2306 2551 2361 vel
2577 2308 2921 2363 auctoritate
2943 2308 3209 2381 ﬁdentes,
3230 2326 3406 2383 quam
3440 2312 3550 2368 Do-

1903 2394 2103 2449 minus
2137 2399 2337 2450 noster
2365 2394 2537 2450 Jesus
2568 2395 2833 2451 Christus
2864 2396 3030 2452 beato
3062 2398 3229 2454 Petro
3289 2400 3551 2472 apostolo

1902 2482 2106 2538 tribuit
2133 2482 2333 2538 dicens
2354 2484 2780 2555 :Quodcunque
2803 2483 3078 2557 ligaveris
3102 2503 3281 2559 super
3310 2492 3548 2557 terram,

1901 2570 2011 2626 erit
2063 2570 2312 2644 ligatum
2344 2575 2402 2626 et
2457 2572 2515 2626 in
2575 2570 2752 2638 ccelis,
2788 2575 2844 2627 et
2875 2573 3264 2646 quodcunque
3308 2574 3548 2633 solveris

1902 2675 2078 2732 super
2107 2664 2344 2727 terram,
2377 2661 2486 2715 erit
2525 2659 2785 2715 solutum
2811 2664 2868 2715 et
2908 2660 2964 2715 in
2994 2660 3152 2717 caelis
3181 2679 3194 2718 :
3230 2663 3299 2718 Et
3327 2665 3550 2722 caeteris

1899 2748 2044 2805 dixit
2082 2748 2387 2820 discipulis
2407 2751 2691 2815 :Quorum
2711 2749 3057 2806 remiseritis
3101 2755 3336 2823 peccata
3354 2754 3549 2809 remit-

1900 2841 2110 2894 tuntur
2129 2838 2233 2894 eis.
2255 2839 2548 2903 Quantum
2574 2838 2746 2894 nobis
2763 2839 3118 2911 permissum
3141 2844 3250 2909 est,
3285 2841 3357 2897 ab
3388 2844 3549 2898 omni
3600 2910 3603 2913 ἰ

1900 2927 2133 2982 vinculo
2152 2930 2519 2999 peccatorum
2540 2925 2902 2982 absolvimus
2920 2930 2997 2994 te,
3021 2931 3085 2983 ut
3105 2928 3392 3001 quidquid
3412 2946 3549 2987 sua-

1903 3016 2076 3072 dente
2095 3015 2326 3071 diabolo
2352 3015 2651 3071 voluntate
2683 3020 2786 3072 aut
2816 3017 3148 3088 operatione
3178 3019 3547 3092 commisisti,

1903 3109 2190 3177 quantum
2212 3105 2328 3160 Deo
2355 3104 2671 3177 adjuvante
2691 3122 3028 3178 possumus,
3060 3109 3291 3162 tantum
3323 3107 3426 3165 tibi
3460 3109 3549 3165 in-

1903 3193 2238 3266 dulgemus,
2254 3198 2319 3248 ut
2336 3193 2520 3249 fracta
2540 3194 2611 3250 de
2632 3193 2778 3249 collo
2792 3198 2893 3250 tuo
2916 3195 3180 3250 omnium
3203 3182 3548 3254 delictorum

1829 3269 1872 3335 C
1906 3286 2113 3338 catena
2132 3280 2281 3339 liber
2309 3287 2366 3338 et
2394 3281 2701 3338 absolutus
2729 3282 2930 3338 venias
2958 3288 3090 3340 ante
3122 3284 3382 3341 tribunal
3430 3286 3548 3344 Do-

1908 3370 2050 3426 mini
2074 3370 2259 3426 nostri
2275 3370 2411 3426 Jesu
2435 3369 2650 3425 Christi
2667 3371 2726 3425 in
2770 3370 2889 3426 vita
2935 3376 3170 3438 (eterna,
3206 3377 3547 3446 recepturus

1904 3460 1976 3515 ab
1994 3458 2123 3532 ipso
2142 3459 2540 3515 haereditatem
2561 3457 2812 3514 caelestis
2842 3459 3003 3532 regni
3036 3464 3094 3515 et
3114 3461 3240 3516 sine
3263 3462 3375 3519 ﬁne
3401 3478 3548 3535 gau-

1905 3548 2079 3605 dendi
2110 3547 2170 3604 in
2205 3546 2421 3603 saecula
2441 3547 2809 3603 saeculorum.
2841 3549 3046 3604 Amen.

1973 3638 2178 3693 Dehinc
2200 3653 2302 3709 pro
2356 3637 2607 3692 omnibus
2656 3639 2719 3691 in
2774 3636 2984 3692 Christo
3041 3639 3441 3709 quiescentibus
3486 3642 3548 3695 in

1903 3726 2087 3782 eodem
2144 3726 2461 3794 cmeterio,
2496 3725 2646 3779 Psat.
2679 3741 2803 3780 cum
2847 3725 3059 3797 amipli.
3096 3725 3251 3796 Dele,
3281 3728 3543 3798 Domine,

1902 3814 2242 3887 iniquitates
2260 3830 2483 3870 eorum.
2504 3814 2655 3869 Psat.
2676 3814 2949 3871 Miserere
2972 3814 3107 3884 mei,
3132 3819 3305 3885 Deus,
3338 3832 3543 3873 secun-

1903 3905 2064 3960 dum.
2096 3903 2264 3959 Pater
2284 3906 2501 3959 noster.
2524 3903 2595 3958 Et
2624 3919 2697 3958 ne
2732 3920 2858 3960 nos.
2882 3909 2929 3957 A
2963 3908 3132 3976 porta
3158 3904 3351 3962 inferi.
3371 3906 3543 3978 Erue,

1901 3993 2164 4060 Domine,
2197 3991 2426 4048 animas
2458 4007 2682 4048 eorum.
2705 3991 2989 4050 Dominus
3016 3993 3340 4051 vobiscum.

1975 4083 2176 4140 Oratio.
2211 4081 2387 4154 Deus,
2420 4083 2590 4153 cujus
2622 4081 2996 4139 miseratione
3026 4082 3237 4140 anima:
3274 4082 3538 4141 ﬁdelium

1899 4173 2297 4244 requiescunt,
2312 4169 2549 4228 famulis
2566 4176 2623 4227 et
2642 4171 2975 4228 famulabus
2998 4171 3134 4239 tuis,
3164 4171 3253 4229 vel
3270 4173 3545 4231 omnibus

1901 4261 2072 4317 hicin
2106 4260 2333 4317 Christo
2382 4260 2842 4334 quiescentibus,
2875 4262 2948 4317 da
2977 4261 3268 4335 propitius
3313 4262 3542 4320 veniam

1900 4354 2291 4423 peccatorum,
2308 4353 2422 4405 uta
2438 4349 2665 4407 cunctis
2684 4350 2941 4407 reatibus
2963 4350 3217 4408 absoluti
3246 4351 3372 4409 sine
3431 4351 3545 4410 ﬁne

1900 4438 2190 4494 laetentur.
2223 4438 2347 4493 Per.

1970 4526 2360 4599 Requiescant
2391 4525 2448 4580 in
2481 4543 2642 4599 pace.
2674 4529 2876 4583 Amen.

2399 4631 2566 4671 MISSA
2606 4632 2665 4670 IN
2701 4631 3030 4671 TRICESIMO.

1969 4704 2339 4768 Quaesumus,
2354 4703 2619 4774 Domine,
2639 4703 2858 4759 famulo
2881 4707 2979 4759 tuo
3001 4703 3083 4760 ill.
3119 4704 3291 4776 cujus
3319 4704 3543 4763 tricesi-

1903 4810 2066 4849 mum
2099 4792 2201 4863 (vel
2233 4791 2574 4862 septimum,
2606 4791 2687 4845 vet
2716 4791 2976 4864 tertium)
3010 4792 3207 4849 obitus
3264 4793 3356 4849 sui
3388 4794 3543 4851 diem

1901 4894 2450 4943 commemoramus,
2475 4882 2813 4935 sanctorum
2843 4884 3019 4952 atque
3048 4880 3367 4938 electorum
3406 4887 3543 4940 tuo-

1902 4984 2030 5023 rum
2062 4966 2329 5039 largiaris
2387 4964 2765 5031 consortium,
2799 4971 2856 5022 et
2891 4984 3080 5025 rorem
3130 4970 3546 5029 misericordiae

1900 5063 2016 5112 tuae
2044 5054 2316 5128 perennis
2345 5054 2641 5110 infundas.
2676 5054 2804 5110 Per.

1973 5145 2206 5201 Secreta.
2266 5144 2499 5212 Adesto,
2553 5143 2815 5213 Domine,
2852 5146 3381 5219 supplicationibus
3439 5168 3543 5208 no-

1901 5234 2062 5306 stris,
2080 5237 2138 5290 et
2179 5233 2331 5289 hanc
2365 5231 2735 5298 oblationem,
2756 5249 2934 5304 quam
2979 5235 3083 5291 tibi
3133 5239 3432 5296 offerimus
3470 5239 3543 5296 ob

1901 5324 2057 5380 diem
2081 5322 2464 5395 depositionis
2494 5321 2776 5378 tricesimi
2807 5322 2910 5395 (vel
2941 5324 3198 5398 septimi,
3230 5329 3315 5384 vel
3342 5328 3542 5401 tertii),

1902 5467 2145 5524 Odilone
2174 5466 2385 5521 abbate
2415 5465 2783 5522 Cluniacensi
2830 5484 2982 5524 anno
3039 5470 3326 5525 duntaxat
3384 5472 3542 5527 1040.

1901 5541 2011 5606 Qui
2029 5537 2256 5612 ritusin
2282 5536 2614 5594 universam
2637 5537 2952 5595 Ecclesiam
2970 5541 3311 5612 pontiﬁcum
3342 5549 3543 5597 aucto-

1902 5613 2075 5667 ritate
2106 5610 2229 5684 fuit
2247 5614 2447 5684 postea
2478 5616 2857 5684 propagatus,
2892 5610 3227 5673 ut‘adnotat
3264 5613 3544 5674 Baronius

1901 5684 2047 5761 (Not.
2080 5682 2150 5742 ad
2177 5681 2462 5758 Martyrot.
2479 5681 2653 5742 'die'2
2669 5681 2869 5762 ’Nov.).
