3978 6364
365 425 478 487 8Ή

1557 415 1742 480 ελδερ.
1790 417 1870 480 XI
1914 412 2229 478 MONUM.
2273 415 2588 478 LI'I‘URG.

3657 409 3778 468 872

366 576 471 634 pro
493 558 690 614 anima
729 555 932 611 famuli
961 554 1064 610 tui.
1086 552 1170 608 ill.
1206 552 1471 624 placatus
1505 567 1571 607 ac
1601 551 1889 622 benignus
1921 565 2011 604 as-
2043 550 2097 616 Α
2127 552 2181 603 et
2210 547 2476 613 credidit,
2512 551 2791 603 aeternum
2845 545 3036 617 capiat
3063 549 3120 601 te
3163 545 3477 602 miserante
3533 555 3779 603 consor-

366 665 554 706 sume.
588 647 714 702 Per.

435 737 891 793 Postcomwunia.
916 732 1301 804 Omnipotens
1326 729 1682 800 sempiterne
1701 733 1872 791 Deus,
1895 725 2012 782 col-

363 826 553 882 locare
576 824 818 896 dignare
851 823 1109 877 animam
1137 819 1339 875 famuli
1371 817 1455 873 tui
1490 817 1598 882 ill.,
1632 818 1801 888 cujus
1832 815 2012 887 depo-

362 913 594 970 sitionis
635 899 790 967 diem
821 911 1190 967 tricesimum
1224 908 1332 978 (vel
1357 906 1611 979 septium
1640 906 1724 960 vel
1750 903 2012 974 tertium)

361 1003 748 1068 celebramus,
791 1001 851 1055 in
901 999 1130 1056 sinibus
1178 996 1441 1064 Abrahaz,
1497 997 1657 1051 Isaac
1701 998 1758 1049 et
1810 993 2010 1059 Jacob,

361 1096 427 1147 ut
455 1107 587 1148 cum
647 1091 774 1145 dies
829 1087 1148 1161 agnitionis
1177 1091 1301 1142 tuae
1339 1083 1655 1149 advenerit,
1690 1083 1844 1138 inter
1871 1099 2010 1136 san-

359 1185 485 1238 ctos
516 1180 730 1236 electos
761 1183 894 1234 tuos
924 1193 1056 1233 eum
1093 1173 1430 1232 resuscitari
1465 1171 1786 1245 praecipias.
1811 1172 1935 1227 Per.

808 1300 978 1339 MISSA
1019 1299 1078 1338 IN
1116 1295 1554 1337 ANNIVERSARlO.

429 1392 666 1460 Praesta,
691 1407 1054 1461 quaesumus,
1080 1388 1348 1454 Domine,
1375 1390 1439 1441 ut
1466 1385 1665 1441 anima
1695 1382 1898 1439 famuli
1920 1382 2007 1437 tui

356 1481 646 1554 ill.,cujus
661 1477 1122 1544 anniversarium
1150 1473 1534 1548 depositionis
1567 1471 1721 1528 diem
1751 1487 2006 1528 comme-

354 1555 676 1636 moramus,
711 1564 1142 1639 indulgentiam
1175 1563 1392 1636 pariter
1423 1566 1480 1618 et
1511 1560 1772 1633 requiem
1817 1560 2008 1633 capiat

356 1657 796 1730 sempiternam.
830 1656 957 1710 Per.

425 1748 660 1803 Secreta.
694 1744 1034 1816 Propitiare,
1070 1741 1311 1797 Domine
1339 1739 1870 1813 supplicationibus
1905 1755 2004 1794 no-

354 1835 494 1892 stris
536 1852 639 1908 pro
680 1833 878 1889 anima
908 1830 1111 1887 famuli
1143 1829 1226 1885 tui
1260 1829 1366 1895 ill.,
1404 1830 1573 1900 cujus
1603 1826 1776 1882 hodie
1807 1843 2005 1882 annua

354 1925 447 1980 die
493 1923 708 1996 agitur,
729 1938 833 1995 pro
883 1937 999 1993 qua
1028 1919 1133 1974 tibi
1165 1919 1465 1974 offerimus
1496 1915 1846 1972 sacrificium
1881 1915 2005 1970 lau-
2036 1918 2082 1984 Β

353 2013 466 2080 dis,
490 2016 557 2066 ut
585 2029 714 2067 eam
748 2014 1083 2067 sanctorum
1132 2012 1369 2063 tuorum
1431 2005 1649 2062 sociare
1707 2004 2001 2060 consortio

357 2100 636 2174 digneris.
671 2099 796 2154 Per.

426 2191 712 2261 Praefatio.
747 2189 825 2259 (λγ)
859 2187 966 2240 Per
1017 2184 1311 2240 Christum
1358 2183 1670 2238 Dominum
1710 2186 1998 2251 nostrum,

358 2295 462 2350 per
493 2295 670 2350 quem
706 2274 867 2332 salus
899 2275 1127 2341 mundi,
1162 2291 1264 2346 per
1295 2289 1469 2344 quem
1512 2272 1629 2327 vita
1670 2271 1998 2338 hominum,

354 2383 456 2440 per
487 2383 662 2440 quem
697 2364 1046 2421 resurrectio
1097 2366 1483 2428 mortuorum,
1516 2379 1618 2434 per
1666 2361 1860 2434 ipsum
1919 2364 1997 2427 te,

357 2456 615 2522 Domine,
649 2453 990 2526 suppliciter
1019 2453 1422 2524 deprecamur,
1455 2455 1520 2506 ut
1551 2451 1757 2506 animai
1794 2449 1999 2505 famuli

352 2546 436 2600 tui
487 2544 594 2613 ill.,
643 2544 812 2615 cujus
860 2541 1014 2598 diem
1085 2539 1549 2596 anniversarium
1611 2538 1998 2606 celebramus,

354 2631 781 2706 indulgentiam
814 2629 1011 2703 largiri
1043 2628 1304 2702 digneris
1349 2633 1712 2700 perpetuam,
1745 2632 1916 2699 atque
1965 2644 2000 2683 a

350 2721 635 2796 contagiis
654 2718 1030 2776 mortalitatis
1050 2722 1308 2783 exutum,
1337 2717 1395 2771 in
1415 2721 1639 2772 aeternae
1656 2715 1998 2772 salvationis

350 2816 578 2884 partem
611 2809 884 2865 restituas
915 2825 1048 2864 cum
1082 2805 1328 2880 angelis.
1365 2806 1430 2860 Et
1454 2805 1599 2861 ideo.

423 2901 760 2958 Communia.
791 2898 1056 2969 Suscipe,
1093 2895 1337 2951 Domine
1369 2909 1569 2966 preces
1602 2898 1830 2948 nostras
1892 2910 1994 2965 pro

351 2991 549 3046 anima
582 2986 784 3043 famuli
832 2986 919 3042 tui
980 2985 1087 3051 ill.,
1123 2985 1293 3056 cujus
1325 2983 1477 3038 diem
1531 2982 1993 3036 anniversarium

353 3079 524 3134 hodie
540 3077 926 3142 celebramus,
963 3078 1023 3129 ut
1054 3072 1103 3129 si
1134 3089 1260 3144 quae
1294 3070 1342 3126 ei
1369 3070 1608 3126 maculae
1641 3070 1713 3125 de
1751 3071 1994 3126 terrenis

351 3165 633 3239 contagiis
656 3159 1431 3230 adhaeserunt,remissionis
1452 3165 1564 3215 tuze
1598 3159 1995 3215 misericordia

349 3256 673 3312 deleantur.
707 3259 832 3309 Per.

845 3375 1016 3413 MISSA
1054 3373 1164 3412 PRO
1202 3372 1491 3411 EPISCOPO.

421 3469 594 3536 Deus,
630 3467 730 3540 qui
787 3465 939 3520 inter
969 3462 1319 3536 apostolicos
1345 3463 1677 3518 sacerdotes
1708 3461 1993 3516 famulum

348 3564 517 3614 tuum
537 3557 645 3623 ill.,
668 3552 989 3627 pontificali
1012 3552 1196 3608 fecisti
1220 3551 1505 3624 dignitate
1534 3552 1746 3624 vigere,
1761 3555 1992 3623 praesta,

348 3662 710 3720 quaesumus,
741 3646 807 3699 ut
831 3659 1033 3699 eorum
1061 3657 1294 3714 quoque
1325 3645 1604 3713 perpetuo
1646 3643 1996 3712 aggregetur

349 3735 664 3793 consortio.
684 3733 810 3789 Per.

417 3826 654 3881 Secreta.
687 3821 951 3892 Suscipe.
988 3819 1246 3885 Domine,
1271 3834 1630 3890 quaasumus,
1665 3834 1767 3889 pro
1798 3815 1996 3873 anima

350 3913 556 3970 famuli
586 3912 674 3967 tui
705 3910 983 3982 episcopi,
1013 3925 1158 3980 quas
1191 3907 1490 3963 offerimus
1519 3906 1762 3972 hostias,
1799 3910 1862 3961 ut
1899 3905 1993 3960 cui

351 4004 410 4058 in
443 4003 552 4057 hoc
586 3999 797 4056 saeculo
829 3996 1187 4054 sacerdotale
1217 3995 1448 4052 donasti
1487 3995 1785 4064 meritum,
1814 3995 1994 4051 dones

349 4097 406 4148 et
436 4089 766 4163 praemium.
801 4088 925 4144 Per.

336 4244 350 4258 ι
422 4180 762 4236 Communia.
796 4176 1135 4248 Propitiare,
1170 4174 1435 4241 Domine,
1466 4172 1996 4246 supplicationibus

349 4269 568 4325 nostris
619 4271 674 4323 et
733 4267 992 4322 animam
1053 4262 1259 4319 famuli
1317 4263 1402 4318 tui
1461 4261 1717 4335 episcopi
1777 4261 1886 4328 ill.,
1934 4263 1995 4318 in

347 4357 611 4413 vivorum
663 4355 898 4428 regione
947 4352 1180 4409 aeternis
1236 4351 1468 4424 gaudiis
1521 4352 1734 4425 jubeas
1764 4351 1993 4408 sociari.

352 4447 479 4502 Per.

877 4549 1045 4588 MISSA
1088 4547 1196 4586 PRO
1235 4547 1470 4586 ΑΒΒΑΤΕ.

2122 638 2291 691 tium.
2324 637 2446 691 Per.

2585 741 2756 780 MISSA
2798 741 2909 779 PRO
2949 739 3287 780 SACERDOTE.

2196 817 2364 877 Deus,
2401 813 2568 883 cujus
2595 809 3008 867 misericordiae
3040 829 3154 867 non
3203 815 3294 866 est
3323 827 3626 882 numerus,
3662 808 3791 870 su-'

2121 901 2279 973 scipe
2310 917 2413 973 pro
2443 902 2640 956 anima
2671 899 2873 957 famuli
2931 899 3037 968 ill.,
3071 900 3390 956 sacerdotis
3429 917 3630 971 preces
3663 919 3771 958 no-

2120 994 2366 1055 stras,et
2385 990 2575 1046 lucem
2594 989 2644 1045 ei
2671 989 2883 1046 laetitia:
2901 990 2960 1044 in
2995 990 3230 1061 regione
3259 995 3598 1047 sanctorum
3629 995 3770 1048 tuo-

2120 1096 2250 1133 rum
2275 1081 2610 1136 societatem
2641 1080 2907 1134 concede.
2945 1079 3070 1134 Per.
3673 1073 3680 1080 ’

2190 1168 2424 1224 Secreta.
2465 1168 2695 1223 Hostias
2739 1167 2867 1233 tibi,
2918 1168 3183 1234 Domine,
3225 1167 3426 1224 laudis
3463 1168 3767 1228 offerimus

2118 1274 2221 1329 pro
2243 1257 2440 1312 anima
2464 1256 2665 1311 famuli
2688 1258 2773 1311 tui
2797 1257 3137 1323 sacerdotis,
3161 1261 3228 1312 ut
3258 1274 3390 1313 eam
3422 1257 3482 1313 in
3513 1273 3762 1315 numero

2118 1345 2380 1401 fidelium
2411 1351 2645 1402 tuorum
2678 1345 2777 1400 lux
2803 1350 3016 1401 zeterna
3039 1346 3356 1418 possideat.
3390 1347 3516 1402 Per.

2189 1435 2528 1490 Communia.
2561 1434 2662 1489 His
2723 1433 3043 1500 sacrificiis,
3092 1449 3457 1506 quaesumus,
3517 1435 3766 1493 Domine

2119 1527 2286 1588 Deus,
2313 1527 2560 1595 purgata
2581 1523 2778 1578 anima
2800 1521 3004 1578 famuli
3027 1522 3110 1577 tui
3131 1523 3456 1580 sacerdotis
3471 1525 3539 1579 ad
3564 1524 3761 1581 indul-

2113 1613 2371 1685 gentium
2396 1616 2451 1667 et
2470 1611 2834 1684 refrigerium
2859 1612 3284 1684 sempiternum
3316 1613 3615 1685 pervenire
3636 1611 3759 1670 me-

2114 1706 2326 1756 reatur.
2359 1702 2484 1756 Per.

2441 1807 2604 1845 MISSA
2646 1806 2756 1844 PRO
2794 1805 3048 1844 OMNIBUS
3089 1805 3416 1846 DBFUNGI‘IS.

2186 1878 2424 1944 Inclina,
2454 1879 2713 1945 Domine,
2739 1895 2936 1933 aurem
2971 1882 3129 1933 tuam
3161 1879 3233 1934 ad
3266 1895 3464 1952 preces
3503 1885 3756 1951 nostras,

2114 1967 2330 2039 quibus
2344 1967 2805 2023 misericordiam
2819 1971 2980 2022 tuam
3001 1967 3342 2040 suppliciter
3353 1969 3754 2042 deprecamur,

2113 2062 2176 2111 ut
2231 2057 2489 2112 animam
2521 2057 2623 2127 (as)
2686 2055 2909 2110 famuli
2947 2057 3169 2127 (larum)
3200 2057 3286 2112 tui
3333 2059 3596 2131 (tuarum)
3640 2059 3754 2129 ill.,

2112 2161 2288 2216 quam
2314 2147 2414 2215 (as)
2447 2145 2517 2200 de
2547 2145 2656 2200 hoc
2687 2144 2896 2200 saeculo
2929 2145 3183 2218 migrare
3210 2146 3468 2216 jussisti,
3501 2147 3560 2202 in
3593 2149 3756 2220 pacis

2110 2251 2175 2290 ac
2199 2233 2346 2289 lueis
2379 2234 2611 2306 regione
2643 2233 2985 2301 constituas,
3019 2239 3076 2289 et
3123 2239 3462 2291 sanctorum
3513 2241 3750 2294 tuorum

2101 2323 2313 2394 jubeas
2343 2339 2472 2379 esse
2503 2327 2827 2380 consortem
2855 2323 2974 2396 (es).
3008 2323 3132 2379 Per.

2177 2413 2632 2469 Scareta.Annue
2679 2412 2870 2478 nobis,
2925 2413 3187 2481 Domine,
3209 2417 3274 2468 ut
3323 2415 3532 2470 animae
3571 2416 3752 2486 (tibus)

2110 2502 2309 2558 famuli
2346 2503 2566 2572 (larum)
2600 2502 2685 2557 tui
2740 2502 3000 2573 (tuarum)
3031 2501 3140 2569 ill.,
3171 2502 3293 2558 haec
3348 2504 3534 2574 prosit
3589 2505 3750 2562 obla-

2107 2593 2206 2661 tio,
2224 2607 2398 2663 quam
2420 2590 2778 2646 immolando
2800 2591 2981 2646 totius
3005 2591 3478 2648 munditribuisti
3505 2594 3749 2651 relaxari

2105 2680 2334 2735 delicta.
2370 2680 2494 2734 Per.

2179 2769 2518 2825 Communia.
2553 2768 2761 2838 Prosit,
2814 2784 3176 2840 qmesumus,
3227 2771 3486 2838 Domine,
3537 2772 3748 2828 animas

2106 2859 2280 2929 (alius)
2340 2857 2542 2912 famuli
2577 2858 2796 2929 (lorum)
2832 2858 2914 2912 tui
2949 2857 3208 2929 (tuorum)
3243 2858 3346 2927 ill.,
3379 2860 3575 2917 divina
3601 2861 3748 2917 cele-

2106 2947 2294 3002 bratio
2327 2946 2700 3016 sacramenti,
2732 2950 2794 3000 ut
2825 2947 2952 3016 ejus
2986 2948 3042 3001 in
3078 2963 3193 3018 quo
3226 2949 3484 3020 speravit
3514 2951 3751 3024 (verunt)

2103 3043 2158 3092 et
2200 3036 2446 3091 credidit
2491 3035 2732 3105 (derunt)
2779 3035 3119 3092 aeternitatis
3142 3037 3334 3108 capiat
3371 3038 3511 3110 (ant)
3542 3044 3598 3095 te
3629 3040 3740 3095 mi-

2104 3128 2334 3180 serante
2363 3124 2744 3179 consortium.
2779 3123 2899 3181 Per.

2502 3229 2629 3267 ALIA
2667 3229 2839 3268 MlSSA
2878 3229 2988 3268 PRO
3028 3229 3336 3270 DEFUNCTIS

2020 3281 2062 3347 (ἶ
2173 3301 2553 3374 Omnipotens
2585 3301 2937 3373 sempiterne
2969 3302 3143 3367 Deus,
3163 3303 3256 3358 cui
3288 3321 3590 3377 nunquam
3617 3306 3750 3363 sine

2102 3409 2205 3464 spe
2236 3391 2649 3446 misericordiae
2681 3390 3063 3462 supplicatur,
3089 3391 3402 3463 propitiare
3434 3394 3746 3452 animabus

2103 3480 2457 3536 famulorum
2481 3484 2738 3547 tuorum,
2761 3483 2825 3533 ut
2856 3479 2954 3550 qui
2986 3479 3056 3534 de
3087 3479 3195 3535 hac
3223 3481 3340 3536 vita
3369 3481 3454 3536 tui
3489 3484 3748 3541 nominis

2104 3569 2464 3625 confessione
2495 3569 2889 3636 decesserunt,
2924 3573 3258 3626 sanctorum
3293 3587 3535 3627 numero
3567 3572 3746 3630 facias

2103 3658 2426 3731 aggregari.
2457 3657 2580 3712 Per.

2172 3748 2405 3803 Secreta.
2451 3745 2788 3818 PrOpitiare,
2820 3745 3064 3801 Domine
3123 3763 3487 3818 quaesumus,
3518 3748 3746 3805 anima-

2103 3836 2214 3891 bus
2268 3835 2622 3890 famulorum
2680 3838 2937 3903 tuorum,
2972 3852 3075 3906 pro
3132 3836 3348 3907 quibus
3386 3836 3492 3891 tibi
3523 3837 3746 3895 hostias

2103 3924 2446 3997 placationis
2472 3922 2794 3988 offerimus,
2829 3927 2884 3978 et
2914 3923 3053 3994 quia
3082 3923 3140 3977 in
3171 3923 3280 3979 hac
3313 3924 3438 3980 luce
3469 3942 3603 3980 cum
3637 3926 3752 3982 fide

2105 4017 2449 4069 manserunt
2507 4011 2810 4080 catholica,
2844 4011 2902 4066 in
2936 4013 3132 4067 futura
3173 4014 3292 4068 vita
3321 4015 3407 4069 eis
3437 4015 3748 4071 retributio

2102 4103 2480 4158 condonetur.
2515 4101 2639 4156 Per.

2173 4193 2514 4248 Communia.
2545 4191 3151 4262 Praesta,quaesumus,
3171 4191 3539 4264 omnipotens
3571 4193 3745 4261 Deus,

2104 4287 2167 4338 ut
2197 4280 2424 4336 animas
2447 4279 2798 4334 famulorum
2824 4284 3058 4334 tuorum
3087 4279 3156 4334 ab
3198 4280 3422 4352 angelis
3470 4280 3616 4338 lucis
3641 4299 3744 4337 su—

2105 4375 2334 4442 saeptas
2355 4369 2412 4424 in
2446 4369 2784 4440 praeparatis
2802 4367 3152 4424 habitaculis
3173 4369 3382 4425 deduci
3415 4370 3595 4427 facias
3625 4371 3757 4427 bea-

2107 4465 2319 4514 torum.
2358 4459 2480 4513 Per.

2407 4563 2576 4601 MISSA
2611 4562 2721 4600 PRO
2763 4562 3074 4602 DEFUNC’I‘IS
3114 4547 3453 4604 muniens.

421 4642 574 4698 Deus
608 4640 708 4714 qui
739 4640 1025 4695 famulum
1053 4644 1218 4693 tuum
1244 4636 1661 4693 sacerdotalem
1694 4641 1868 4708 atque
1898 4637 2000 4692 ab-
2034 4650 2078 4713 D
2181 4637 2355 4702 Deus,
2387 4635 2565 4691 Venia)
2597 4635 2839 4707 largitor
2867 4639 2924 4691 et
2952 4636 3222 4692 humanae
3255 4637 3463 4693 salutis
3505 4642 3753 4706 amator,

349 4732 543 4787 batem
605 4729 984 4787 sanctificasti
1015 4728 1316 4784 vocatione
1349 4727 1782 4792 misericordiae,
1811 4729 1868 4780 et
1907 4743 1999 4780 as-

350 4821 654 4891 sumpsisti
687 4818 1197 4875 consummatione
1232 4815 1402 4880 felici,
1438 4815 1670 4886 suscipe
1712 4814 2000 4886 propitius

352 4924 553 4980 preces
570 4912 800 4961 nostras
823 4913 878 4961 et
898 4911 1179 4977 praestant
1210 4909 1264 4958 et
1296 4903 1390 4958 ille
1420 4909 1611 4957 tecum
1646 4902 1721 4956 sit
1753 4902 1996 4969 meritis,

351 5000 409 5051 et
439 5013 471 5051 a
502 4995 670 5051 nobis
705 5012 818 5049 non
855 4996 1085 5050 recedat
1117 4991 1419 5064 exemplis.
1454 4992 1576 5046 Per.

423 5084 654 5140 Secreta.
699 5083 980 5159 Concede,
1027 5098 1389 5154 quaesumus,
1422 5079 1794 5150 omnipotens
1827 5084 1997 5146 Deus,

353 5173 653 5229 ut‘anima
709 5172 857 5227 servi
914 5172 999 5226 tui
1051 5170 1280 5226 abbatis
1327 5172 1500 5239 atque
1531 5168 1871 5235 sacerdotis,
1906 5167 1999 5223 cui

353 5261 653 5334 regiminis
706 5266 763 5317 et
815 5261 1124 5317 sacerdotii
1211 5258 1441 5312 donasti
1523 5257 1817 5326 meritum,
1878 5257 1999 5313 haec

352 5355 556 5406 sancta
587 5351 886 5424 mysteria,
922 5367 1049 5421 quae
1083 5346 1188 5402 tibi
1222 5344 1468 5401 fideliter
1495 5345 1869 5413 ministravit,
1887 5351 1996 5403 etc.

355 5440 478 5495 Per.

427 5529 765 5585 Communia.
801 5526 1008 5591 Prosit,
1071 5539 1431 5596 qumsumus,
1491 5523 1752 5593 Domine,
1790 5525 1997 5579 animm

352 5618 556 5672 famuli
615 5618 701 5672 tui
758 5614 988 5671 abbatis
1028 5619 1204 5684 atque
1233 5613 1552 5668 sacerdotis
1585 5612 1998 5670 misericordia

353 5711 467 5771 tum
519 5705 829 5787 implorata
857 5701 1182 5774 clementia,
1217 5705 1281 5760 ut
1309 5701 1438 5779 ejus
1490 5700 1550 5762 in
1582 5719 1696 5781 quo
1745 5701 2000 5781 speravit

2112 4742 2450 4798 quaesumus
2481 4723 2849 4780 clementiam
2883 4730 3066 4791 tuam,
3101 4730 3166 4781 ut
3196 4731 3406 4782 nostrae
3437 4743 3753 4800 congrega~

2112 4814 2288 4870 tionis
2311 4815 2535 4876 fratres,
2557 4813 2656 4884 qui
2683 4831 2750 4868 ex
2782 4813 2890 4868 hoc
2921 4813 3131 4869 saeculo
3171 4816 3554 4883 transierunt,
3587 4817 3758 4872 beata

2110 4903 2291 4958 Maria
2334 4919 2566 4974 semper
2594 4903 2813 4974 virgine
2869 4901 3263 4958 intercedente
3314 4921 3448 4958 cum
3480 4904 3758 4960 omnibus

2110 4993 2350 5057 sanctis,
2377 4992 2446 5045 ad
2473 4997 2764 5063 perpetuze
2781 4990 3162 5047 beatitudinis
3185 4993 3538 5049 consortium
3560 5009 3754 5065 perve-

2110 5081 2233 5136 nire
2254 5081 2556 5136 concedas.
2597 5081 2718 5135 Per.

2180 5171 2410 5225 Secreta.
2446 5169 2618 5235 Deus,
2661 5169 2832 5240 cujus
2885 5170 3262 5225 misricordiie
3316 5188 3431 5226 non
3491 5175 3578 5226 est
3635 5187 3754 5226 nu-

2111 5274 2326 5326 merus,
2356 5258 2586 5330 suscipe
2605 5257 2893 5329 propitius
2917 5275 3114 5330 preces
3137 5258 3489 5315 humilitatis
3521 5263 3754 5327 nostrai,

2109 5351 2166 5402 et
2189 5346 2406 5402 animis
2455 5346 2670 5418 quibus
2693 5347 2777 5402 tui
2803 5347 3060 5402 nominis
3090 5347 3301 5403 dedisti
3329 5348 3758 5404 confessionem

2110 5451 2210 5506 per
2232 5435 2352 5490 haec
2374 5440 2740 5490 sacramenta
2762 5435 2970 5490 salutis
2990 5443 3333 5492 cunctorum
3348 5438 3759 5494 remissionem

2111 5523 2300 5579 tribue
2332 5529 2720 5595 peccatorum.
2754 5523 2879 5576 Per.
3476 5524 3478 5526 ’

2178 5615 2522 5669 Communia.
2563 5613 2738 5678 Deus,
2770 5611 2887 5666 vita
2930 5612 3268 5681 viventium,
3301 5632 3434 5687 spes
3494 5615 3754 5672 morien-

2107 5709 2275 5773 tium,
2310 5702 2471 5761 salus
2503 5700 2768 5760 omnium
2800 5701 2859 5761 in
2890 5705 2944 5762 te
2971 5705 3355 5776 sperantium,
3392 5709 3603 5782 praesta
3624 5722 3756 5781 pro-
3841 5717 3844 5720 '
