3978 6356
133 331 254 394 8Ἷ3

1312 334 2044 401 SACRAMENTARIUM
2087 339 2366 403 VETUS.

3419 344 3554 415 874,

134 465 327 537 pitius
351 469 416 519 ut
441 463 616 535 hujus
641 465 849 520 animae
871 466 1336 539 congregationis
1358 486 1390 522 a
1412 458 1620 523 nostra:
1645 486 1792 524 mor-
1820 478 1870 540 Α
1899 489 2124 537 xorum,
2149 489 2396 544 quorum
2418 472 3032 527 commemorationem
3055 473 3304 543 agimus,
3330 478 3544 546 etquo-

127 554 386 610 talitatis
416 555 673 611 tenebris
703 555 1000 622 absolutae,
1038 557 1203 611 beata
1226 557 1408 612 Maria
1431 574 1660 629 semper
1680 558 1789 613 vir-

126 642 266 715 gine
289 642 707 711 intercedente,
735 644 792 699 in
820 649 1100 716 perpetua
1121 661 1254 700 cum
1278 645 1551 700 omnibus
1569 647 1788 702 sanctis

124 732 246 787 tuis
276 731 412 787 luce
442 731 730 787 laetentur.
766 732 889 788 Per.

527 836 696 876 mssa
727 838 836 875 pno
869 834 1162 876 DEFUNCTA
1194 831 1424 878 FEMINA.’

197 912 557 976 Quaesumus
592 951 604 976 ,
639 909 884 964 Domine
915 910 1068 966 Deus
1101 911 1493 982 omnipotens,
1547 928 1650 982 pro
1687 915 1790 966 tua

125 997 638 1072 pietatemiserere
665 998 976 1053 animabus
1007 998 1362 1054 famularum
1392 1005 1647 1068 marum,
1677 1004 1734 1055 et
1754 1018 1788 1055 a

126 1087 422 1160 contagiis
453 1085 830 1142 mortalitatis
859 1092 1061 1143 exutas
1092 1088 1150 1142 in
1181 1091 1406 1142 aeternae
1450 1088 1786 1145 salvationis

129 1183 360 1250 partem
391 1176 652 1232 restitue.
687 1177 812 1230 Per.

195 1267 446 1322 Secreta.
467 1265 565 1323 His
579 1264 902 1333 sacrificiis,
919 1265 1184 1333 Domine,
1201 1282 1562 1337 quaesumus,
1577 1266 1786 1322 animm

131 1353 496 1411 famularum
528 1357 764 1408 tuarum
797 1351 904 1421 ill.,
939 1371 972 1409 a
998 1353 1249 1425 peccatis
1272 1354 1546 1410 omnibus
1569 1371 1784 1410 exuan-

131 1449 252 1513 tur,
287 1443 417 1499 sine
445 1442 663 1514 quibus
693 1460 727 1497 a
756 1441 928 1513 culpa
958 1458 1129 1497 nemo
1161 1441 1308 1498 liber
1337 1442 1578 1508 exstitit,
1601 1446 1666 1497 ut
1685 1459 1787 1514 per

130 1533 254 1588 haec
267 1533 378 1604 pia:
391 1530 736 1604 placationis
755 1530 946 1587 officia
963 1536 1304 1604 perpetuam
1327 1531 1786 1588 misericordiam

129 1625 590 1694 consequantur.
626 1619 750 1675 Per.

199 1710 655 1766 Postcommunz'o.
715 1709 1040 1775 lnveniant,
1105 1726 1466 1780 quaesumus,
1517 1709 1780 1774 Domine,

129 1799 344 1854 animm
369 1796 723 1852 famularum
749 1799 983 1851 tuarum
1008 1795 1111 1863 ill.,
1137 1795 1286 1850 lucis
1309 1800 1532 1850 aeternae
1555 1812 1785 1851 conson

129 1889 302 1954 tium,
336 1885 510 1955 cujus
542 1890 880 1958 perpetuam
905 1883 1157 1957 gratiam
1182 1889 1506 1940 consecuta
1529 1888 1670 1941 sunt
1689 1900 1781 1940 sa-

130 1973 523 2034 cramentum.
557 1975 682 2029 Per.

435 2079 599 2120 MISSA
629 2079 728 2118 ΡΜ]
736 2079 790 2116 R1
799 2079 957 2116 MORU
965 2079 1007 2116 M
1039 2077 1482 2117 DEFUNCTORUM.

204 2149 495 2211 Fidelium
530 2155 682 2207 Deus
715 2151 980 2207 omnium
1010 2150 1277 2207 conditor
1323 2155 1378 2206 et
1429 2151 1782 2221 redemptor,

133 2242 450 2298 animabus
463 2240 815 2296 famulorum
835 2239 1307 2311 famularumque
1328 2244 1563 2294 tuarum
1580 2238 1782 2293 remis-

134 2332 360 2388 sionem
393 2335 738 2386 cunctorum
762 2329 954 2385 tribue
975 2333 1364 2400 peccatorum,
1391 2333 1453 2382 ut
1475 2325 1782 2399 indulgen-

132 2423 298 2493 tiam,
312 2436 492 2492 quam
507 2435 735 2490 semper
746 2422 1112 2490 optaverunt,
1129 2416 1241 2488 piis
1255 2415 1782 2490 supplicationibus

133 2512 591 2577 consequantur.
624 2507 748 2563 Per.

205 2600 438 2656 Secreta.
468 2596 723 2664 Hostias,
755 2611 1116 2667 quaesumus,
1166 2593 1424 2658 Domine,
1479 2609 1624 2664 quas
1675 2592 1777 2647 tibi

135 2705 236 2759 pro
269 2686 582 2743 animabus
626 2683 975 2740 famulorum
1026 2683 1497 2752 famularumque
1547 2687 1781 2737 tuarum

135 2777 240 2844 ill.,
274 2775 597 2842 offerimus,
633 2772 981 2845 propitiatus
1011 2772 1266 2838 intende,
1296 2776 1359 2824 ut
1403 2771 1620 2841 quibus
1645 2770 1782 2825 ﬁdei

135 2865 480 2921 Christianae
513 2862 786 2918 meritum
819 2860 1139 2929 contulisti,
1168 2861 1348 2916 dones
1374 2863 1430 2914 et
1450 2858 1776 2930 praemium.

135 2955 259 3011 Per.
391 3005 394 3010 .

203 3042 662 3099 Postcommum’o.
705 3038 1052 3104 Animabus,
1104 3054 1466 3108 quzesumus,
1515 3036 1778 3104 Domine,

135 3131 493 3187 famulorum
533 3128 1003 3199 famularumque
1033 3133 1268 3182 tuarum
1297 3127 1401 3195 ill.,
1436 3128 1618 3183 oratio
1645 3145 1780 3199 pro-

1898 578 2028 616 rum
2060 578 2301 634 corpora
2332 561 2388 616 in
2418 561 2524 616 hoc
2547 561 2902 617 monasterio
2925 563 2982 615 et
3001 561 3061 615 in
3085 558 3309 617 cnnctis
3331 567 3540 619 coe'me-

1896 649 2058 706 teriis
2073 649 2332 706 fidelium
2348 650 2744 722 requiescunt,
2763 648 3172 706 remissionem
3195 655 3538 708 cunctorum

1897 738 2087 794 tribue
2118 743 2507 811 peccatorum.
2542 739 2666 793 Per.

2163 827 2278 899 (30)
2311 842 2370 882 IN
2398 843 2820 882 TRANSLATIONE
2849 831 3044 882 SANCTI
3075 841 3286 892 MARCI._

1967 921 2141 982 Deus,
2162 916 2262 988 qui
2282 916 2450 970 nobis
2467 933 2570 988 per
2585 909 2977 971 ministerium
2997 913 3146 971 beati
3167 905 3344 972 Marci
3364 929 3538 972 evan-

1896 1004 2112 1077 gelista:
2145 1009 2202 1060 et
2231 1004 2506 1076 martyris
2531 1005 2616 1059 tui
2640 1004 2939 1060 veritatem
2963 1001 3254 1076 Evangelii
3278 992 3539 1076 patefieri

1893 1093 2150 1160 voluisti,
2185 1093 2450 1160 concede,
2483 1109 2845 1164 quaesumus,
2880 1095 2946 1147 ut
2977 1092 3131 1164 quod
3165 1091 3237 1148 ab
3262 1081 3421 1148 illius
3440 1101 3539 1149 ore

1895 1180 2231 1247 didicimus,
2260 1182 2449 1253 gratia
2476 1186 2577 1237 tua
2606 1182 2790 1252 adjuti
2824 1181 3048 1253 operari
3069 1179 3388 1237 valeamus.
3411 1181 3540 1238 Per.

1966 1270 2198 1326 Secreta.
2233 1271 2359 1325 Haec
2383 1287 2487 1325 nos
2505 1270 2740 1338 oblatio,
2763 1269 2939 1340 Deus,
2963 1270 3354 1326 intercedente
3371 1269 3540 1326 beato

1895 1359 2086 1414 Marco
2116 1358 2470 1431 evangelista
2489 1364 2609 1425 tuo,
2635 1359 2879 1414 mundet
2899 1362 2956 1413 et
2972 1361 3226 1426 renovet,
3251 1357 3537 1430 gubernet

1894 1454 1951 1503 et
1980 1451 2264 1520 protegat,
2298 1452 2355 1504 et
2385 1449 2456 1504 ad
2488 1445 2741 1504 caelestis
2771 1447 2969 1520 patriae
3002 1463 3183 1520 regna
3232 1435 3534 1520 perducat.

1894 1536 2018 1591 Per.

1965 1626 2308 1681 Communia.
2369 1625 2669 1697 Sumptis,
2727 1624 3002 1693 Domine,
3063 1623 3232 1681 donis
3282 1621 3534 1684 omlestis

1894 1715 2162 1786 mysterii
2209 1713 2510 1768 humiliter
2565 1715 2964 1786 deprecamur,
3026 1719 3091 1769 ut
3140 1713 3537 1770 intercedente

1892 1805 2061 1859 beato
2094 1803 2284 1858 Marco
2317 1801 2670 1874 evangelista
2699 1803 2755 1858 et
2783 1805 3036 1875 martyre
3065 1806 3187 1873 tuo,
3220 1805 3279 1858 et
3310 1805 3537 1874 tempus

1890 1891 2029 1948 ralis
2057 1891 2184 1947 vitae
2219 1908 2325 1947 nos
2352 1891 2530 1946 facias
2557 1906 2696 1963 pace
2728 1891 3002 1962 gaudere,
3035 1894 3093 1948 et
3124 1893 3347 1954 aeternae
3379 1893 3538 1963 repe-

1890 1981 2003 2036 rire
2035 1979 2388 2036 subsidium.
2424 1979 2549 2035 Per.

2555 2083 2855 2125 APPENDIX.

1962 2157 2222 2224 Custodi,
2256 2158 2451 2224 frater,
2484 2160 2704 2213 vestem
2737 2157 2887 2213 hanc
2909 2159 3171 2212 sanctam
3195 2171 3374 2228 quam
3398 2159 3538 2213 ante

1891 2246 2146 2303 tribunal
2169 2246 2398 2301 Domini
2423 2246 2606 2300 nostri
2626 2245 2766 2301 Jesu
2786 2243 3000 2300 Christi
3022 2244 3147 2300 sine
3169 2244 3538 2318 maculapro-

1891 2336 2041 2392 feras
2073 2352 2175 2407 per
2200 2335 2472 2389 virtutem
2505 2338 2562 2388 et
2592 2332 3054 2389 misericordiam
3093 2325 3380 2404 ejusdem,
3430 2333 3531 2406 qui

1891 2442 2024 2480 cum
2055 2428 2337 2480 coaeterno
2367 2423 2532 2478 Patre
2560 2426 2617 2478 et
2645 2422 2858 2493 Spiritu
2907 2425 3107 2477 sancto
3154 2421 3295 2477 vivit
3342 2425 3399 2478 et
3444 2433 3532 2476 re-

1889 2517 2048 2586 gnaL

1962 2601 2270 2656 Precamur
2302 2603 2374 2663 te,
2414 2597 2669 2664 Domine,
2698 2601 2764 2653 ut
2791 2597 3180 2654 intercedente
3208 2598 3378 2654 beato
3425 2595 3532 2654 ne;

1891 2691 2118 2746 nedicto
2136 2689 2462 2743 confessore
2479 2691 2598 2756 tuo,
2618 2686 2754 2742 huic
2772 2686 2988 2742 famulo
3005 2690 3125 2755 tuo,
3150 2685 3243 2741 cui
3264 2685 3533 2742 habitum

1891 2783 2102 2834 sanctae
2126 2776 2424 2848 religionis
2447 2775 2824 2848 imponimus,
2847 2774 3272 2847 indulgentiam
3305 2774 3535 2832 tribuas

1890 2884 2130 2924 suorum
2162 2866 2425 2922 omnium
2458 2868 2848 2936 peccatorum,
2880 2880 3026 2936 opus
3057 2864 3186 2935 ejus
3216 2863 3276 2919 in
3311 2863 3534 2922 bonum

1891 2957 2176 3028 perlicias,
2212 2952 2672 3009 misericordiam
2703 2956 2866 3009 tuam
2905 2957 2962 3008 et
3009 2952 3258 3024 gratiam
3302 2951 3354 3008 ei
3396 2967 3535 3007 con-

1890 3046 2081 3109 cedas,
2115 3044 2248 3111 ﬁde,
2284 3059 2385 3114 spe
2415 3049 2472 3098 et
2503 3041 2784 3097 charitate
2814 3057 2948 3098 eum
2981 3041 3226 3113 repleas,
3278 3044 3535 3101 mentem

1888 3133 1939 3190 ei
1966 3133 2035 3188 ad
2070 3132 2327 3203 coelestia
2355 3129 2646 3186 desideria
2676 3130 2887 3202 erigas,
2913 3128 2986 3184 ab
3005 3128 3164 3184 omni
3186 3127 3536 3192 adversitate

136 3222 292 3277 ficiat
321 3218 806 3292 supplicantium,
839 3222 903 3271 ut
951 3231 1050 3270 eas
1097 3220 1153 3272 et
1200 3233 1233 3272 a
1279 3216 1530 3289 peccatis
1578 3233 1777 3285 exuas,
1811 3209 1852 3276 C
1890 3239 2024 3278 eum
2057 3221 2359 3286 defendas,
2389 3223 2446 3274 et
2475 3219 2547 3274 ad
2598 3219 2813 3274 bonam
2865 3217 3356 3290 perseverantiam
3399 3231 3535 3273 eum

135 3314 190 3365 et
217 3315 331 3366 tuae
364 3305 782 3378 redemptionis
813 3304 992 3360 facias
1021 3321 1148 3360 esse
1180 3305 1511 3376 participes.
1547 3305 1671 3360 Per.

135 3414 306 3456 MISSA
335 3415 391 3453 ΙΝ
421 3411 698 3451 HONOREM
729 3410 963 3450 OMNIUM
995 3410 1338 3448 SANCTORUM
1361 3409 1480 3448 'PRO
1517 3410 1666 3448 VIVIS
1715 3409 1782 3448 ET

790 3499 1122 3538 DEFUNCTIS.

202 3578 550 3632 Sanctorum
582 3578 816 3632 tuorum
848 3571 1383 3638 intercessionibus,
1419 3587 1777 3642 quaesumus,

135 3665 398 3730 Domine,
432 3663 618 3736 gratia
647 3667 750 3716 tua
781 3677 884 3715 nos
916 3665 1172 3731 protege,
1204 3664 1261 3714 et
1289 3659 1526 3714 famulis
1570 3659 1655 3714 vel
1697 3660 1779 3713 fa-

139 3753 414 3808 mulabus
446 3751 586 3814 tuis,
616 3766 866 3822 quorum
890 3747 1504 3804 commemorationem
1527 3747 1781 3819 agimus,

139 3849 191 3897 et
222 3857 478 3914 quorum
504 3838 901 3910 eleemosynas
933 3836 1280 3906 recepimus,
1315 3851 1416 3890 seu
1465 3836 1640 3891 etiam
1689 3835 1782 3891 his

142 3931 239 4002 qui
273 3929 443 3984 nobis
493 3925 888 3982 familiaritate
937 3929 994 3980 et
1043 3923 1547 3995 consanguinitate
1590 3923 1781 3994 juncti

141 4024 296 4084 sunt,
332 4014 794 4072 misericordiam
832 4018 994 4068 tuam
1027 4011 1244 4082 ubique
1275 4014 1574 4083 protende,
1609 4016 1673 4066 ut
1710 4013 1781 4067 ab

141 4107 294 4162 omni
328 4103 771 4177 impugnatione
803 4101 1024 4157 defensi
1046 4106 1146 4155 tua
1167 4099 1543 4171 opitulatione
1566 4099 1784 4155 salven-

142 4202 262 4257 tur._
283 4195 353 4249 Et
386 4194 614 4250 animas
647 4191 996 4247 famulorum
1028 4188 1500 4260 famularumque
1547 4193 1782 4244 tuarum

142 4283 404 4340 omnium
433 4281 700 4337 videlicet
727 4279 989 4336 fidelium
1040 4277 1459 4334 catholicorum
1509 4277 1782 4333 orthodo-

209 4391 320 4470 (30)
353 4384 871 4470 ᾼὺωωίεεξιηᾳμω
919 4390 1007 4470 est
1056 4385 1114 4439 in
1149 4383 1550 4470 ‘translatione
1598 4384 1784 4470 sancti

142 4455 333 4528 Marci,
369 4459 601 4514 initium
636 4455 810 4513 habet
831 4462 1132 4528 postrema
1149 4455 1326 4528 hujus
1344 4455 1782 4528 sacramentarii

142 4526 463 4613 Appendix:
475 4530 688 4613 _Sancti
719 4526 1094 4613 eli/angelieas.
1115 4526 1293 4613 Mar‘ci
1314 4526 1571 4613 corporis
1592 4532 1784 4613 trans-

145 4597 278 4660 la'tio
312 4601 589 4658 recolitur
618 4601 709 4655 die
737 4602 800 4656 3t
837 4597 1120 4664 Januarii,
1153 4604 1210 4652 et
1234 4597 1484 4660 habetur
1531 4598 1587 4651 in
1637 4597 1786 4651 Mar-

147 4674 428 4747 tyrolegio
461 4673 719 4747 Romano
747 4670 899 4747 etin
921 4669 1062 4747 aliis
1091 4668 1500 4747 ecclesiasticis
1547 4668 1785 4747 tabulis.

145 4740 511 4817 Alugustinus
541 4742 761 4817 Calmet
790 4742 1010 4812 (Hister.
1045 4742 1285 4817 ᾳηίυενις.
1320 4744 1361 4817 t.
1396 4740 1666 4817 IV,__cap_._
1698 4741 1788 4817 54)

147 4811 480 4890 opinionem
503 4815 668 4890 affert
689 4811 945 4890 illorum,
970 4812 1070 4883 qui
1094 4812 1454 4890 contendunt
1475 4811 1589 4865 divi
1613 4811 1789 4890 Marci

148 4882 358 4962 corpus
376 4886 646 4962 ernetias
664 4882 1012 4962 translatum
1036 4884 1145 4962 sub
1172 4884 1351 4962 Leone
1367 4884 1619 4962 Armeno
1639 4882 1792 4962 circa

149 4952 365 5015 aurium
395 4959 519 5012 815.
539 4956 687 5012 Illud
707 4973 808 5028 pro
827 4960 980 5028 certo
1000 4953 1335 5028 habendum
1356 4971 1506 5028 anno
1520 4952 1792 5028 870__hanc

150 5024 724 5099 translationemjani
749 5025 1081 5099 contigisse,
1106 5030 1162 5099 e__t
1181 5024 1414 5099 Venetis
1432 5024 1792 5099 custoditum

152 5103 329 5157 fuisse
352 5101 480 5170 ejus
504 5094 734 5154 sacrum
759 5094 1100 5170 corpus.ilta
1122 5094 1793 5170 Bernardusmonachus

151 5174 296 5255 apud
334 5166 740 5255 M'abill'onium
773 5166 903 5255 gelat.
1065 5173 1107 5222 t.
1145 5167 1395 5255 [νε-οδε).
1421 5168 1560 5255 ).
1614 5166 1794 5255 Baro;

152 5237 281 5299 nius
294 5242 758 5312 meminithujus
773 5237 984 5295 festiva:
996 5237 1399 5312 translationis
1411 5237 1520 5292 sub
1536 5237 1795 5312 ann08_20

153 5317 228 5384 (n.
273 5318 368 5382 22)
418 5307 678 5384 eticirca
723 5311 843 5384 hzec
893 5316 1160 5384 tempore.
1210 5310 1423 5384 factam
1462 5307 1794 5384 contendit.

156 5377 1242 5454 Bollandianihuicadhaerentopinioni
1264 5381 1324 5454 in
1347 5378 1516 5454 titulo
1540 5377 1798 5454 De_cu_ltu

155 5458 336 5513 sancti
370 5455 573 5521 Marci,
600 5455 698 5526 qui
730 5453 952 5526 pariter
978 5449 1236 5526 referunt
1263 5451 1570 5526 historiam
1600 5449 1798 5526 hujus

155 5520 564 5585 translationis
587 5520 655 5580 ei:
684 5520 880 5580 codice
911 5541 1021 5579 ms.
1075 5523 1439 5579 bibliothecae
1484 5520 1797 5587 Vaticanis,

159 5600 330 5657 relato
364 5600 541 5654 etiam
574 5613 606 5653 a
633 5595 877 5651 Baronio
911 5596 968 5650 in
997 5595 1124 5652 suis
1156 5594 1308 5650 notis
1341 5594 1412 5666 ad
1459 5591 1798 5666 Martyrolo-

159 5673 338 5756 gium,
367 5687 436 5730 ex
467 5686 582 5747 quo
615 5667 810 5726 codice
841 5666 1145 5727 translatio
1175 5666 1278 5727 illa
1308 5665 1557 5728 refertur
1595 5664 1668 5722 ad
1698 5680 1801 5726 an-

473 5796 740 5864 Puaon.
784 5792 927 5862 CLI.

1890 3311 2195 3384 perducas.
2230 3308 2354 3363 Per.

1996 3417 2054 3454 IN
2079 3413 2523 3453 ClRCUMCISIONE
2553 3412 2759 3451 DOMINI
2792 3411 2995 3450 NOSTRI
3023 3409 3160 3450 JESU
3182 3409 3426 3449 CHRISTI.

1962 3489 2039 3559 (ψ)
2065 3487 2171 3541 Per
2194 3485 2490 3540 Christum
2514 3484 2824 3540 Dominum
2850 3486 3138 3538 nostrum.
3162 3470 3341 3553 Cujus
3364 3480 3538 3537 hodie

1890 3573 2352 3631 circumcisionis
2393 3573 2547 3628 diem
2595 3576 2653 3628 et
2699 3570 3020 3626 nativitatis
3067 3573 3333 3625 octavum
3383 3566 3539 3624 cele-

1891 3665 2145 3731 brantes,
2179 3666 2297 3729 tua,
2332 3661 2594 3730 Domine,
2643 3659 2934 3716 mirabilia
2979 3673 3348 3724 veneramur,
3397 3651 3539 3738 quia

1892 3770 2016 3824 quae
2050 3751 2292 3824 peperit,
2319 3756 2376 3805 et
2405 3749 2598 3821 Virgo,
2635 3753 2691 3804 et
2716 3749 2898 3804 Mater
2922 3751 3029 3814 est,
3056 3747 3154 3819 qui
3179 3751 3352 3801 natus
3373 3743 3462 3801 est
3481 3747 3538 3802 et

1891 3843 2044 3897 Deus
2074 3844 2181 3906 est,
2210 3839 2416 3894 merito
2448 3837 2573 3893 cceli
2605 3837 2781 3892 locuti
2815 3841 2974 3903 sunt,
3007 3833 3199 3909 angeli
3232 3829 3537 3907 gratulati,

1892 3934 2154 4003 pastores
2186 3926 2378 3996 laetati,
2414 3927 2567 3999 magi
2602 3926 2834 3994 mutati,
2862 3940 3027 3997 reges
3050 3922 3288 3991 turbati,
3311 3919 3543 3995 parvuli

1891 4018 2144 4092 gloriosa
2175 4018 2443 4088 passione
2473 4016 2855 4072 coronati.'Et
2880 4015 3007 4070 ideo
3039 4029 3173 4069 cum
3218 4010 3462 4084 angelis.

2241 4123 2298 4161 IN
2326 4121 2604 4161 'I'RANSITU
2637 4120 2834 4159 SANCTI
2875 4119 3189 4158 BENEDICTI.

1964 4197 2044 4268 (λγ)
2069 4198 2288 4250 Eterne
2320 4195 2494 4250 Deus.
2529 4194 2595 4248 Et
2619 4191 2865 4265 gloriam
2896 4197 3060 4248 tuam
3105 4187 3360 4263 profusis
3408 4198 3548 4268 pre-'

1892 4267 2058 4340 cibus
2084 4299 2339 4349 exorare,
2375 4286 2438 4338 ut
2467 4281 2566 4363 qui
2590 4281 2742 4338 beati
2765 4275 3062 4337 Benedicti
3085 4275 3434 4335 confessoris
3456 4267 3542 4332 til'i

1893 4407 2034 4444 num
2066 4391 2190 4442 8‘20.
2224 4387 2547 4443 Sabellicus
2580 4390 2697 4442 stat
2740 4404 2842 4454 pro
2893 4402 3046 4441 anno
3094 4383 3219 4451 831,
3267 4385 3558 4454 regnante.

1893 4407 2034 4444 num
2066 4404 2190 4442 rszu.
2224 4404 2547 4443 sabellicus
2580 4404 2697 4442 Stat
2779 4404 2842 4442 ro
2893 4404 3046 4441 anno
3094 4404 3219 4451 σοι,
3267 4404 3546 4454 regnante

1892 4459 2151 4536 'Venetiis
2182 4459 2516 4536 Justiniano
2551 4458 2717 4536 duce.
2740 4404 2978 4536 $latina
3005 4452 3546 4536 hujus'translatio-

1896 4531 1988 4586 nis
2021 4530 2289 4584 meminit
2319 4530 2428 4583 sub
2461 4529 2807 4600 pontificatu
2839 4524 3099 4600 Gregorii
3127 4525 3198 4579 III
3220 4524 3321 4600 qui
3344 4524 3546 4600 sedere

1897 4602 2070 4673 cmpit
2098 4616 2252 4673 anno
2281 4601 2408 4673 823_,
2439 4593 2584 4673 etin
2618 4593 3304 4673 pontiﬁcatu—vixitannis
3325 4609 3426 4648 sex
3446 4593 3544 4673 de-

1897 4663 2032 4729 cim.
2065 4671 2172 4726 Sed
2205 4686 2338 4725 cum
2361 4663 2735 4726 Justiniahus
2764 4669 2937 4723 fuerit
2966 4668 3084 4721 dux
3102 4665 3356 4719 Venetus
3375 4663 3565 4734 annis,

1897 4747 2127 4800 tantum
2159 4739 2409 4809 duobus,
2445 4741 2776 4795 necessario
2807 4740 2928 4794 haec
2958 4735 3265 4809 translatio
3313 4733 3545 4805 ﬁgenda

1899 4822 1988 4870 est
2005 4814 2094 4869 vel
2119 4814 2188 4867 ad
2211 4829 2286 4877 ιν,
2303 4808 2400 4866 vel
2413 4811 2484 4865 ad
2501 4829 2534 4866 v
2555 4825 2777 4865 annum
2801 4808 3163 4881 Gregorii,_et
3183 4819 3545 4881 consequens

1899 4893 1989 4942 ter
2015 4887 2086 4941 ad
2120 4875 2338 4940 annum
2369 4882 2462 4937 834
2502 4881 2587 4936 vel
2619 4883 2741 4935 832.
2773 4875 3058 4936 Antonius
3091 4878 3302 4950 Pagius
3335 4875 3546 4950 in__.ori-

1902 4958 2035 5013 ticis
2081 4956 2234 5010 notis
2266 4955 2360 5026 (ad
2393 4971 2485 5008 an.
2520 4957 2735 5026 820,An.
2781 4953 2863 5026 ‘9),
2896 4947 3203 5026 _An_t_oniu_s
3250 4947 3548 5026 Srandinus

1904 5030 1960 5083 in
1995 5045 2102 5082 sua
2133 5018 2384 5080 Historia
2411 5022 2741 5096 Apostolica
2771 5018 2856 5096 (de
2884 5023 2939 5077 S.
2983 5021 3198 5096 Marco),
3233 5025 3308 5096 et
3352 5018 3550 5096 novis-

1903 5100 2050 5154 sime
2081 5090 2515 5153 eruditissimus
2537 5090 3044 5150 senator'Venetus
3067 5090 3387 5148 Flaminius
3412 5090 3553 5146 Cor-

1905 5169 2096 5226 nelius
2127 5169 2183 5222 in
2219 5166 2684 5222 elaboratissimo
2727 5180 2898 5236 opere
2947 5165 3245 5236 (Dec._x1u,
3273 5179 3330 5234 p.
3365 5164 3418 5234 1)
3468 5162 3549 5218 De

1902 5241 2140 5296 Venetis
2168 5237 2459 5310 Ecclesiis,
2492 5241 2674 5310 agunt
2703 5233 2783 5310 de
2804 5235 2912 5290 hac
2941 5233 3343 5310 translatione.

1978 5312 2175 5382 Hujus
2196 5309 2325 5365 festi
2359 5304 2698 5382 propagatio
2721 5307 2780 5361 in
2803 5305 3120 5382 monachos
3137 5304 3550 5382 Benedictinos

1907 5374 2224 5454 rejicivenda
2249 5384 2336 5436 est
2359 5374 2766 5454 'ad:tev_mpora
2808 5376 3006 5454 sancti
3043 5376 3203 5454 _Pe_tri
3258 5374 3550 5454 Damiani,

1909 5445 2142 5525 quando
2154 5451 2390 5523 Append
2403 5445 2846 5525 inhuicinissali
2870 5447 3024 5525 libro
3039 5447 3189 5525 facta
3207 5450 3315 5525 est,
3335 5445 3554 5525 quique

1909 5516 2084 5579 etiam
2119 5516 2417 5578 sermones
2449 5522 2654 5577 habuit
2682 5522 2744 5592 (t.
2780 5521 2848 5588 ll,
2882 5537 2940 5592 p.
2966 5519 3055 5592 3i,
3088 5521 3220 5588 etc.)
3249 5516 3309 5570 in
3338 5516 3556 5592 festivo

1911 5597 2040 5668 ejus
2066 5596 2157 5668 die
2177 5597 2245 5668 (t.
2271 5593 2340 5662 II,
2363 5611 2420 5668 p.
2442 5594 2533 5664 3|,
2561 5585 2719 5664 etc),
2736 5585 2843 5649 ubi
2859 5585 2930 5648 d'e
2951 5590 3153 5648 eadem
3172 5585 3556 5652 translatione

1909 5665 2086 5730 verba
2114 5665 2270 5728 facit.

3040 5787 3124 5878 3Q
