3978 6360
393 326 526 385 -875

1595 316 1781 378 S/EC.
1827 317 1909 380 XI
1952 314 2262 377 MONUM.
2312 311 2622 375 LITURG.

3694 299 3829 361 8'76

411 472 757 512 veneramur
788 454 943 522 festi,
975 457 1032 510 te
1062 453 1384 526 opitulante
1415 453 1542 524 ejus
1573 450 1901 507 sanctitatis
1925 449 2054 504 imi-
2087 449 2141 515 Α
2242 447 2326 501 Da
2356 446 2544 512 nobis,
2580 460 2939 516 quaesumus,
2967 441 3336 513 omnipotens
3367 436 3542 505 Deus,
3575 437 3641 526 ut
3663 434 3833 526 sicut

413 546 524 601 tari
554 543 851 600 valeamus
869 542 1152 615 exempla,
1173 547 1228 598 et
1245 544 1416 614 cujus
1437 539 1664 597 meritis
1684 554 2058 611 nequaquam

393 619 731 705 possumus
761 632 1068 704 coaequari,
1095 633 1222 703 ejus
1245 630 1514 704 precibus
1541 645 1871 685 mercamur
1891 627 2058 697 adju-

414 723 536 778 vari
567 739 670 794 per
699 722 1015 778 Christum.

805 828 864 865 IN
895 827 1350 867 ANNUNTIATIONE
1372 825 1668 864 DOMINICA.

398 969 402 973 ,
488 899 566 971 (ῒ)
591 901 820 955 ίΕίθιιῐιθ
851 900 1025 955 Deus.
1059 899 1165 964 Qui
1197 916 1300 971 per
1339 900 1518 952 beatae
1562 895 1754 951 Mariae
1803 893 2061 965 Virginis

413 994 649 1061 partum
679 987 942 1044 Ecclesia:
972 993 1084 1044 tuae
1115 987 1372 1042 tribuisti
1397 984 1662 1041 mirabile
1694 982 2058 1055 mysterium,

414 1084 468 1133 et
519 1077 908 1132 inenarrabile
957 1081 1412 1143 sacramentum,
1459 1075 1517 1128 in
1563 1090 1679 1144 qua
1729 1075 1925 1126 manet
1971 1070 2059 1123 in-

416 1169 571 1220 tacta
603 1166 865 1231 castitas,
901 1167 1090 1238 pudor
1110 1166 1352 1237 integer,
1379 1164 1548 1217 ﬁrma
1568 1159 1913 1222 constantia,
1937 1175 2061 1230 qure

405 1246 661 1321 laetatur,
715 1255 869 1326 quod
918 1255 1093 1327 Virgo
1143 1251 1632 1324 concepit,,quod
1690 1248 1816 1304 cceli
1866 1247 2060 1302 Domi-

418 1359 561 1397 num
593 1343 771 1399 castis
797 1343 1046 1414 portavit
1078 1343 1417 1407 visceribus,
1453 1339 1606 1411 quod
1655 1338 1832 1409 Virgo
1882 1335 2064 1391 edidit

415 1435 670 1502 partum.
701 1431 744 1486 Ο
779 1431 1127 1486 admiranda
1176 1430 1382 1485 divinae
1430 1425 1884 1500 dispensationis
1929 1441 2064 1496 ope-

416 1519 584 1586 ratio,
619 1536 743 1591 quaa
790 1519 980 1574 virum
1031 1537 1145 1575 non
1199 1518 1468 1590 cognovit
1514 1521 1569 1571 et
1617 1519 1804 1570 mater
1851 1515 1956 1579 est,
2009 1516 2067 1566 et

416 1613 549 1680 post
600 1608 784 1665 ﬁlium
837 1609 1010 1680 Virgo
1064 1607 1180 1664 est!
1236 1608 1478 1662 Duobus
1527 1605 1682 1660 enim
1733 1602 1934 1676 gavisa
1980 1604 2068 1655 est

415 1698 785 1766 muneribus,
825 1697 1072 1752 miratur
1119 1697 1272 1768 quod
1323 1695 1498 1766 Virgo
1544 1693 1785 1765 peperit,
1839 1691 2068 1746 laetatur

2170 535 2468 590 adoranda
2498 533 2624 589 Filii
2656 533 2742 588 tui
2775 531 3049 588 Natalitia
3094 527 3503 603 praevenimus,
3553 523 3638 580 sic
3687 524 3832 595 ejus

2170 640 2414 679 munera
2425 622 2727 694 capiamus
2741 621 3095 692 sempiterna
3110 619 3452 691 gaudentes.
3469 613 3576 681 Qui
3596 617 3828 669 tecum.

2242 733 2322 803 (ῒ)
2365 732 2593 786 ίΕῘιΘΓΠϐ
2636 729 2812 796 Deus,
2862 744 2964 800 per
3007 725 3304 782 Christum
3345 721 3662 778 Dominum
3715 735 3833 775 no-

2171 824 2380 876 strum.
2413 819 2594 890 Cujus
2625 818 2798 874 hodie
2843 817 3047 872 faciem
3092 815 3152 870 in
3201 810 3626 869 confessionem
3671 825 3830 881 prae-

2167 911 2459 977 venimus,
2494 913 2549 963 et
2578 924 2716 963 voce
2747 905 2993 978 supplici
3027 919 3355 968 exoramus,
3395 903 3460 955 ut
3502 915 3830 970 superven-

2169 1001 2310 1052 turae
2346 997 2532 1052 noctis
2583 995 2790 1051 ofﬁciis
2838 1011 2944 1050 nos
2991 993 3072 1048 ita
3114 988 3425 1064 pervigiles
3472 987 3696 1055 reddat,
3758 989 3834 1041 ut

2171 1087 2416 1142 sinceris
2447 1085 2743 1141 mentibus
2773 1085 2900 1155 ejus
2931 1081 3226 1154 percipere
3255 1093 3586 1134 mereamur
3615 1074 3834 1132 Natale

2169 1179 2503 1230 venturum.
2541 1176 2600 1228 In
2633 1191 2748 1246 quo
2781 1171 3094 1228 invisibilis
3126 1186 3192 1224 ex
3224 1166 3557 1222 substantia
3586 1169 3689 1219 tua
3737 1163 3832 1218 vi-

2173 1264 2328 1319 sibili
2371 1281 2473 1334 per
2522 1279 2754 1317 carnem
2807 1259 3075 1334 apparuit
3121 1258 3179 1313 in
3232 1260 3453 1322 nostra,
3505 1259 3831 1324 tecumque

2173 1369 2289 1407 uno
2324 1370 2436 1406 non
2471 1357 2747 1422 tempore,
2782 1350 3033 1422 genitus,
3067 1365 3180 1402 non
3223 1350 3434 1400 natura
3479 1343 3719 1398 inferior
3753 1341 3830 1396 ad

2176 1459 2282 1497 nos
2312 1441 2468 1496 venit
2494 1458 2561 1494 ex
2595 1445 2870 1512 tempore,
2904 1443 3078 1494 natus
3107 1437 3282 1492 Jesus
3312 1433 3575 1490 Christus
3623 1430 3831 1487 Domi-

2177 1549 2289 1586 nus
2323 1535 2537 1585 noster.
2574 1529 2677 1584 Per
2705 1545 2877 1600 quem
2913 1527 3302 1598 majestatem.

2248 1637 2356 1708 (31)
2391 1635 2630 1692 Domine
2659 1635 2817 1690 labia
2847 1650 2976 1689 mea
3007 1632 3250 1705 aperies.
3295 1629 3528 1686 Salvum
3559 1629 3646 1684 fac
3696 1644 3833 1684 ser-

2180 1743 2315 1781 vum
2346 1731 2534 1780 tuum.
2571 1725 2732 1778 Mitte
2762 1723 2832 1790 ei,
2863 1722 3128 1792 Domine,
3163 1719 3445 1777 auxilium
3477 1720 3546 1774 de
3593 1721 3823 1773 sancto.

411 1787 582 1881 gmd.
606 1786 1052 1881 Redemptprem
1085 1785 1290 1881 mfmdi
1327 1782 1507 1881 egidi}
1534 1784 1737 1881 Jisum
1769 1779 2062 1881 CPriSFum
2096 1815 2143 1881 B
2177 1779 2440 1880 Domine,
2473 1779 2764 1868 custodiat
2793 1779 2849 1868 te
2880 1811 2950 1866 ab
2982 1779 3144 1866 omni
3174 1808 3348 1865 malo.
3391 1806 3674 1862 Dominus
3721 1821 3832 1860 cu-

418 1873 734 1931 Dominum
787 1879 1074 1930 nostrum.
1128 1875 1308 1937 Quem
1359 1871 1602 1926 laudant
1653 1867 1844 1940 angeli
1891 1873 2068 1939 atque

419 1961 772 2034 archangeli,
802 1963 1105 2018 cherubim
1134 1978 1364 2033 quoque
1393 1977 1458 2016 ac
1492 1957 1809 2029 seraphim,
1831 1955 1930 2028 qui
1953 1974 2068 2011 non

417 2056 650 2106 cessant
680 2050 933 2106 clamare
967 2050 1227 2122 quotidie
1261 2067 1378 2104 una
1407 2065 1541 2104 voce
1589 2047 1875 2102 dicentes:
1923 2045 2067 2100 San-

423 2144 572 2215 ctus,
609 2143 868 2195 sanctus.

653 2245 713 2283 1N
746 2245 1068 2284 NATIVITATE
1098 2245 1308 2283 SANCTE
1337 2243 1534 2280 MARUE
1563 2240 1836 2280 VIRGINIS.

495 2317 572 2387 (1‘)
600 2317 848 2388 xEquum
881 2320 940 2372 et
970 2315 1247 2386 salutare,
1282 2333 1387 2370 nos
1413 2314 1517 2369 tibi
1553 2313 1609 2368 in
1642 2313 1908 2367 omnium
1937 2328 2070 2367 san-

424 2408 649 2460 ctorum
711 2409 946 2460 tuorum
993 2410 1264 2477 provectu
1317 2404 1536 2476 gratias
1581 2418 1770 2474 agere,
1827 2401 2071 2456 Domine

423 2497 640 2562 sancte,
684 2495 852 2549 Pater
901 2495 1293 2566 omnipotens,
1346 2497 1557 2547 aeterne
1604 2492 1780 2559 Deus,
1830 2493 1886 2545 et
1927 2507 2070 2560 prae-

424 2579 590 2656 cipue
622 2597 725 2652 pro
756 2580 982 2636 meritis
1015 2581 1191 2635 beatae
1223 2580 1322 2634 Dei
1353 2579 1650 2651 genitricis
1673 2577 1864 2632 Mariae
1887 2577 2074 2649 gratia

424 2668 630 2740 plenae,
661 2673 822 2724 tuam
855 2669 1338 2741 omnipotentiam
1371 2667 1628 2734 laudare,
1653 2666 1995 2722 benedicere
2019 2668 2099 2721 et'

427 2757 756 2830 praedicare.
791 2758 973 2821 Quem
1005 2757 1250 2812 laudant
1281 2755 1471 2829 angeli
1502 2765 1562 2812 ut
1602 2773 1787 2827 supra.

679 2863 734 2900 IN
759 2862 1147 2900 SOLEMNITATE
1179 2861 1414 2900 OMNIUM
1461 2861 1824 2898 SANCTORUM.

501 2935 580 3005 (f)
603 2934 829 2988 [Eterne
846 2933 1019 2987 Deus.
1045 2932 1423 2987 Clementiam
1446 2936 1609 2986 tuam
1625 2931 1966 3004 suppliciter
1980 2931 2076 2985 ob-

432 3026 748 3087 secrantes,
784 3025 849 3075 ut
878 3037 1012 3076 cum
1044 3020 1440 3076 exultantibus
1474 3021 1692 3077 sanctis
1739 3021 1796 3074 in
1827 3019 2078 3075 caelestis

431 3110 596 3182 regni
628 3109 919 3165 cubilibus
949 3109 1162 3182 gaudia
1193 3113 1392 3165 nostra
1423 3111 1767 3181 conjungas.
1816 3110 1882 3164 Et
1929 3126 2076 3180 quos

431 3198 665 3258 virtutis
695 3198 1016 3254 imitatione
1041 3216 1156 3252 non
1186 3215 1502 3270 possumus
1534 3198 1717 3269 sequi,
1751 3198 1957 3253 debitae
1988 3215 2074 3252 ve—
2105 3176 2148 3244 α

436 3287 755 3342 nerationis
787 3287 1195 3360 contingamus
1226 3288 1456 3355 affectu,
1492 3303 1594 3359 per
1622 3286 1917 3342 Christum
1968 3292 2075 3341 Do-

439 3375 666 3430 minum
697 3379 984 3430 nostrum.
1018 3375 1124 3430 Per
1152 3391 1346 3446 quem.

432 3527 436 3530 .
641 3481 701 3519 IN
730 3479 1082 3520 FESTIVITATE
1113 3480 1301 3519 SANCTI
1335 3481 1567 3518 MARTINI
1597 3481 1868 3519 EPISCOPI.

505 3552 583 3625 (τι)
615 3555 842 3609 fEterne
872 3554 1044 3609 Deus.
1077 3553 1256 3623 Cujus
1287 3569 1527 3608 munere
1555 3553 1763 3608 beatus
1790 3553 2074 3608 Martinus

429 3642 727 3698 confessor
754 3642 972 3713 pariter
1003 3645 1058 3696 et
1088 3642 1380 3707 sacerdos,
1414 3645 1472 3696 et
1501 3642 1787 3697 bonorum
1832 3657 2071 3712 operum

425 3730 803 3786 incrementis
837 3730 1106 3799 excrevit,
1140 3736 1197 3783 et
1226 3730 1402 3784 variis
1428 3729 1707 3784 virtutum
1761 3729 1929 3784 donis
1976 3746 2072 3784 ex-

425 3807 688 3875 uberavit
715 3823 772 3873 et
802 3818 1105 3874 miraculis
1157 3818 1498 3873 coruscavit.
1556 3819 1835 3889 Quodque
1881 3818 2071 3873 verbis

426 3905 677 3975 edocuit,
720 3922 961 3976 operum
1009 3906 1362 3961 exhibitione
1411 3904 1738 3977 complevit,
1789 3909 1845 3960 et
1893 3906 2072 3960 docu-

427 3997 622 4048 mento
655 3993 832 4048 simul
865 3998 921 4048 et
951 3993 1215 4064 exemplo
1249 3995 1500 4049 subditis
1524 3995 1595 4048 ad
1619 3993 1872 4049 ccelestia
1892 4010 2072 4066 regna

425 4083 702 4137 ducatum
729 4081 996 4153 praebuit.
1021 4081 1184 4137 Unde
1204 4085 1366 4136 tuam
1389 4081 1759 4137 clementiam
1791 4081 2067 4153 petimus,

422 4176 488 4242 ut
513 4171 640 4241 ejus
671 4173 772 4243 qui
791 4160 908 4226 tibi
940 4170 1180 4242 placuit,
1209 4170 1490 4242 exemplis
1516 4171 1588 4226 ad
1613 4171 1758 4226 bene
1779 4172 2068 4242 agendum

422 4260 876 4325 conformemur,
909 4259 1133 4314 meritis
1166 4258 1523 4324 muniamur,
1549 4258 2068 4315 intercessionibus

422 4348 787 4427 adjuvemur,
821 4347 1072 4418 qualiter
1101 4347 1171 4402 ad
1205 4345 1433 4402 ccelcste
1465 4364 1732 4419 regnum,
1765 4345 1864 4403 illo
1887 4347 2066 4403 inter-

419 4434 702 4502 veniente,
735 4441 792 4490 et
822 4439 876 4490 te
907 4434 1232 4506 opitulante
1263 4436 1561 4506 pervenire
1586 4452 1932 4493 mereamur.
1958 4438 2066 4493 Per

421 4523 720 4580 Christum
748 4524 1058 4580 Dominum
1088 4528 1371 4580 nostrum.

490 4613 663 4682 Deus,
697 4613 798 4685 qui
829 4631 935 4669 nos
966 4612 1385 4685 redemptionis
1417 4617 1626 4670 nostrae
1649 4633 1844 4671 annua
1863 4632 2060 4688 exspe-

418 4701 668 4759 ctatione
725 4701 1008 4771 laetiﬁcas,
1061 4707 1275 4776 praesta
1325 4707 1387 4758 ut
1436 4703 1813 4776 Unigenitum
1869 4709 2062 4777 tuum,

417 4808 592 4863 quem
633 4792 1078 4864 Redemptorem
1122 4792 1237 4846 laeti
1288 4793 1684 4865 suscepimus;
1734 4795 2062 4848 venientem

416 4894 647 4950 quoque
685 4880 950 4936 Judicem
1001 4881 1190 4937 securi
1234 4880 1534 4937 videamus
1588 4881 1901 4936 Dominum
1952 4900 2059 4937 no-

416 4970 599 5023 strum
615 5010 625 5020 .

487 5190 598 5268 (3t)
621 5192 1322 5268 Hebdomadariuslector
1341 5193 1627 5268 inmensa
1649 5195 1717 5268 ad
1752 5196 2061 5268 przescrip-

413 5263 775 5334 tumBegulm
789 5264 904 5337 divi
927 5263 1217 5337 Benedicti
1243 5265 1388 5337 (cap.
1405 5266 1494 5335 38)
1513 5263 1901 5337 debebat—post
1919 5263 2058 5321 mi's-

412 5350 508 5410 sas
523 5335 1106 5410 etcommunionemd
1118 5335 1470 5391 icDominico
1487 5341 1680 5406 petere
1696 5335 2058 5410 suprascrip-

409 5403 486 5468 tis
515 5405 818 5465 versiculis
832 5407 903 5466 ab
917 5405 1194 5464 omnibus
1213 5410 1276 5462 ut
1291 5423 1394 5480 pro
1423 5403 1748 5481 [se—orarent,
1769 5403 1839 5466 'et
1859 5414 1946 5467 ter
1967 5403 2059 5474 re-

2086 4539 2133 4605 D

2179 1903 2390 1957 stodiat
2425 1901 2724 1956 introitum
2758 1904 2923 1955 tuum
2958 1906 3013 1955 et
3038 1898 3258 1954 exitum
3301 1901 3492 1952 tuum.
3543 1896 3612 1950 Et
3660 1894 3830 1950 aufe-

2177 1995 2266 2046 rat
2291 2011 2320 2044 ιι
2357 1997 2410 2045 te
2444 1989 2716 2060 spiritum
2747 1986 3035 2044 elationis.
3061 1990 3266 2043 Amen.

2250 2121 2275 2145 ‹‹
2314 2098 2497 2160 Quam
2532 2096 2768 2167 quidem
2803 2094 3032 2167 copiam
3056 2111 3160 2166 ego
3183 2092 3456 2149 Nicolaus
3476 2090 3664 2147 Giomi
3685 2091 3834 2147 San-

2179 2185 2599 2240 cto-Severinas
2632 2182 2902 2256 publicus
2952 2183 3049 2238 Dei
3092 2181 3279 2256 gratia
3328 2180 3664 2254 apostolica,
3715 2178 3832 2234 im-

2160 2273 2501 2346 .perialique
2528 2272 2986 2338 auctoritatibus.
3007 2270 3270 2327 notarius
3317 2270 3377 2324 in
3426 2269 3660 2324 archivo
3709 2267 3836 2324 Ro-

2183 2379 2369 2417 mana:
2400 2360 2574 2415 curiae
2623 2360 2956 2432 descriptus
3005 2359 3254 2414 fideliter
3303 2375 3405 2430 per
3451 2356 3631 2412 alium
3681 2357 3834 2412 mihi

2181 2452 2364 2506 ﬁdum
2398 2449 2697 2504 extrahere
2728 2453 2785 2503 et
2815 2449 3042 2520 copiare
3065 2447 3170 2502 feci
3191 2465 3259 2503 ex
3279 2446 3674 2519 suprascripto
3699 2463 3832 2517 per-

2183 2539 2420 2609 antiquo
2455 2538 2678 2593 Inissali
2711 2539 2780 2592 ad
2816 2553 2988 2592 usum
3022 2536 3160 2592 olim
3184 2535 3335 2590 beati
3368 2535 3517 2589 Petri
3561 2535 3830 2590 cardina-

2182 2627 2255 2682 lis
2292 2627 2554 2682 Damiani
2587 2625 2943 2692 inservienti,
2977 2630 3033 2681 et
3063 2625 3135 2680 ab
3166 2625 3369 2680 eodem
3414 2625 3566 2679 dono
3615 2625 3830 2679 tradito

2183 2716 2384 2770 devoto
2400 2713 2856 2786 illiusdiscipulo
2868 2715 3034 2770 beato
3051 2713 3352 2769 Dominico
3376 2713 3656 2781 Loricato,
3680 2712 3831 2768 mihi

2183 2805 2256 2860 ad
2288 2802 2627 2875 hujusmodi
2659 2803 2924 2858 effectum
2953 2802 3164 2857 tradito
3190 2807 3247 2857 et
3289 2806 3490 2874 postea
3536 2800 3831 2857 restituto.

2181 2894 2344 2958 Quod
2376 2893 2610 2964 quidem
2643 2891 2877 2948 Missale
2906 2892 3235 2947 custoditur
3265 2891 3323 2946 in
3373 2889 3612 2962 priorali
3654 2906 3835 2962 paro-

2183 2982 2358 3037 chiali
2389 2981 2633 3038 ecclesia
2661 2984 2880 3036 Sanctae
2910 2981 3087 3035 Annae
3109 2979 3292 3036 Castri
3318 2978 3606 3035 Frontalis
3627 2980 3832 3036 Sancti

2185 3070 2440 3126 Severini
2472 3069 2758 3137 dicecesis,
2793 3086 2858 3125 ac
2899 3068 3143 3141 publica:
3192 3069 3546 3124 venerationi
3593 3071 3833 3141 exponi-

2213 3177 2282 3216 ur
2310 3163 2366 3215 et
2395 3163 2726 3216 asservatur
2754 3159 2813 3213 in
2855 3157 3187 3230 reliquiario
3241 3159 3438 3230 ﬁgurae
3485 3158 3832 3215 orbicularis

2188 3247 2415 3304 caerulei
2448 3265 2513 3303 ac
2544 3248 2756 3303 diversi
2787 3247 2996 3304 coloris
3045 3252 3387 3303 ornamento
3435 3247 3679 3302 interius
3728 3247 3830 3303 de-

2187 3338 2358 3410 picto,
2393 3337 2686 3409 similique
2717 3338 2903 3392 forma
2934 3336 3186 3391 exterius
3216 3336 3276 3390 in
3313 3340 3473 3406 parte
3521 3335 3831 3408 posteriori

2186 3427 2488 3494 decorato;
2522 3425 2579 3480 in
2603 3425 2875 3480 anteriori
2903 3442 3036 3480 vero
3064 3424 3264 3481 vitreis
3313 3424 3606 3497 repagulis
3648 3423 3828 3481 simul

2185 3515 2426 3571 annexis
2457 3533 2522 3571 ac
2551 3514 2791 3587 plumbo
2823 3513 3111 3586 colligatis
3142 3513 3360 3582 clauso,
3393 3513 3714 3586 incisisque
3756 3530 3829 3570 ex

2182 3603 2340 3676 ligno
2366 3604 2632 3676 pluribus
2665 3603 2970 3659 frondibus
3000 3620 3066 3658 ac
3095 3603 3336 3659 floribus
3383 3603 3666 3658 inauratis
3713 3603 3826 3658 cir-

2182 3694 2478 3761 cumdato,
2513 3697 2686 3765 prout
2718 3692 2773 3747 id
2805 3696 2992 3747 totum
3025 3691 3177 3747 clare
3203 3695 3432 3748 constat
3460 3707 3527 3748 ex
3577 3691 3826 3746 authen-

2181 3783 2311 3837 ticis
2345 3784 2409 3838 Β.
2445 3783 2503 3837 Ρ.
2548 3783 2615 3838 D.
2663 3781 2974 3837 Alexandri
3022 3781 3198 3848 Calvi,
3249 3780 3387 3836 olim
3439 3781 3508 3835 de
3555 3780 3827 3852 Organis,

2179 3870 2434 3943 epiSOOpi
2475 3871 2670 3927 Sancti
2703 3871 2980 3937 Severini,
3015 3874 3070 3924 et
3102 3868 3425 3925 successive
3459 3885 3529 3924 ex
3572 3868 3704 3924 aliis
3754 3869 3820 3926 R.

2181 3959 2240 4013 Ρ.
2276 3964 2338 4012 D.
2374 3958 2630 4030 Dionysii
2662 3957 3040 4030 Pieragostini
3072 3957 3327 4030 episcOpi
3359 3957 3573 4030 pariter
3590 3961 3826 4013 Sancto-

2181 4048 2458 4114 Severini,
2494 4042 2603 4103 Sub
2631 4063 2883 4119 quorum
2907 4046 3118 4120 sigillis
3141 4051 3504 4103 asservatum
3527 4047 3819 4102 manebat.

2178 4136 2322 4190 Cum
2357 4137 2456 4208 qui
2488 4136 2724 4207 quidem
2755 4135 2972 4192 Missali
3003 4135 3157 4190 facta
3206 4152 3310 4207 per
3348 4152 3440 4191 me
3494 4134 3820 4207 collatione,

2178 4224 2235 4278 in
2266 4225 2541 4280 omnibus
2572 4229 2628 4279 et
2656 4241 2757 4296 per
2788 4223 2985 4279 omnia
3016 4224 3367 4279 concordare
3398 4223 3593 4280 inveni
3643 4223 3821 4280 etiam

2177 4314 2367 4384 quoad
2419 4314 2669 4369 formam
2718 4313 3046 4384 aliquarum
3094 4313 3419 4369 litterarum
3464 4313 3814 4370 Graecarum.

2176 4401 2343 4457 Salvo
2375 4419 2623 4474 semper,
2657 4407 2764 4457 etc.
2799 4402 2928 4458 Ideo
2966 4403 3038 4458 ad
3087 4402 3261 4457 ﬁdem
3311 4401 3404 4457 hic
3453 4418 3545 4457 me
3589 4402 3815 4474 scripsi,

2175 4491 2498 4563 subscripsi
2533 4495 2590 4546 et
2619 4490 2934 4562 publicavi,
2967 4507 3213 4563 meoque
3244 4491 3414 4546 solito
3464 4491 3651 4564 signo,
3702 4507 3816 4562 quo

2175 4583 2326 4646 utor,
2362 4578 2583 4634 munivi
2615 4579 2952 4650 requisitas.

2245 4710 2271 4736 ‹‹
2302 4685 2476 4759 Apyri
2506 4685 2616 4742 hac
2646 4685 2737 4742 die
2768 4687 2994 4744 decima
3026 4686 3233 4759 quinta
3263 4686 3486 4744 mensis
3517 4687 3654 4744 Maii
3679 4686 3816 4744 anni

2172 4776 2331 4832 4746.

2918 4925 2944 4951 ‹‹
2984 4902 3129 4957 Loco
3156 4906 3184 4969 ῒ
3213 4900 3366 4972 signi
3409 4899 3749 4957 notariatus.
3781 4921 3812 4956 v

2171 5196 2375 5268 petito:
2411 5194 2658 5268 Domine,
2691 5195 2839 5250 labia
2875 5210 2994 5268 mea
3041 5197 3272 5268 “paries,
3321 5193 3583 5266 accipere
3635 5194 3814 5268 bene-

2171 5265 2502 5323 dictionem.
2529 5267 2632 5330 Qui
2657 5283 2784 5321 mos
2805 5266 2958 5336 apud
2985 5266 3301 5321 monachos
3319 5265 3583 5336 servatur
3598 5265 3814 5335 adhuc,

2172 5343 2237 5394 ut
2267 5338 2469 5394 scribit
2495 5355 2647 5410 saepe
2677 5334 2952 5392 laudatus
2984 5337 3296 5394 cardinalis
3337 5338 3493 5394 Bona
3533 5334 3656 5411 (lib.
3689 5354 3732 5408 ι,
3763 5334 3812 5408 c,

2168 5411 2220 5485 3,
2257 5429 2313 5470 n.
2347 5412 2422 5487 3),
2455 5425 2685 5486 usuque
2717 5411 2842 5484 ipso
2872 5412 3047 5485 patet.
