3978 6384
493 421 617 484 879

1705 420 1893 482 SEO.
1937 420 2019 482 XI
2063 418 2347 482 MONUM
2391 413 2698 482 LITURG.

3781 406 3900 482 890

497 571 598 610 nos
629 554 868 636 nomina
884 553 1503 636 sancti-apollinaris,
1535 552 1718 636 sancti
1746 553 2040 636 Laurentii
2085 557 2144 608 et
2172 557 2226 622 Α
2257 551 2591 636 Dominicis,
2717 552 2906 636 Natali
2937 551 3118 636 sancti
3141 551 3381 636 Andreae
3408 551 3679 636 apostoli,
3714 553 3900 636 sancti

495 627 684 698 sancti
717 625 1016 698 Benedicti,
1039 625 1398 698 adjiciuntur
1443 625 1782 698 nominibus
1799 625 2144 698 archange—

493 695 683 770 lorum
715 695 1216 770 etapostolorum.
1235 695 1767 770 Sacramentarium
1799 695 1978 770 hocce
2009 695 2144 770 can-

493 767 644 824 tinet
672 767 935 825 ordinem
967 769 1038 824 ad
1069 768 1558 824 catechumenum
1603 768 1960 832 faciendum,
1992 767 2145 822 ordi-

493 855 646 912 nem
680 839 1076 912 baptismatis,
1101 840 1173 896 ad
1233 840 1719 912 succurcndum,_
1751 839 2016 912 ordinem
2059 838 2146 912 _ad

535 909 898 968 (enitentiam
929 911 1205 979 dandam,
1240 911 1503 966 ordinem
1557 911 1626 966 ad
1673 910 2026 966 visitandum
2057 909 2146 963 in-

517 981 756 1053 irmum,
789 987 848 1038 et
879 983 1097 1038 denum
1129 983 1393 1038 ordinem
1425 983 1510 1053 ad,
1531 981 1897 1053 sepulturam
1939 981 2144 1036 defun-

497 1052 748 1126 ctorum.
794 1053 946 1109 Ordo
993 1070 1227 1126 quoque
1275 1054 1350 1126 in_
1383 1070 1449 1108 eo
1500 1052 1750 1126 habetur
1797 1053 1869 1107 ad
1919 1067 2146 1126 sacram

496 1122 799 1197 liturgiam
833 1122 1250 1197 peragendam;
1285 1124 1501 1197 adsunt
1551 1129 1608 1197 et
1657 1123 1850 1197 missa:
1877 1122 2145 1197 quaedam

498 1211 567 1251 ac
597 1193 902 1268 orationes,
919 1193 1023 1268 pr'o
1053 1193 1725 1268 variis'necessitatibus,
1749 1193 1875 1268 aliae
1897 1193 1974 1268 de
1989 1209 2142 1268 com-

500 1267 800 1334 munibus,
832 1265 957 1322 aliis
985 1267 1222 1322 demum
1255 1282 1358 1338 pro
1393 1265 1570 1321 variis
1599 1265 1915 1338 generibus
1943 1265 2146 1320 detun-

505 1341 754 1392 ctorum.

567 1408 828 1464 Tertium
861 1408 1114 1480 denique
1161 1413 1250 1464 est
1303 1408 1632 1464 breviarum
1665 1407 1837 1480 cujus
1886 1405 2096 1462 titulus
2129 1421 2142 1480 ξ

496 1481 696 1551 Incipit
741 1481 986 1552 o/ﬁcium
1018 1477 1298 1552 breviarii
1341 1480 1638 1552 secundum
1669 1477 2149 1552 Aordinem_eremi

491 1549 711 1608 Sanctae
738 1549 930 1609 crucis
957 1552 1142 1623 Fontis
1168 1551 1465 1623 Avellanaz.
1501 1549 1860 1623 Incipit__ab_
1879 1549 2144 1623 Adventu

492 1623 741 1679 Domini.
777 1623 1078 1698 Leguntur
1107 1621 1311 1695 hymni
1343 1622 1567 1695 antiqui
1599 1618 1657 1676 in
1689 1620 1783 1676 die
1813 1618 2146 1675 Nativitatis

1993 1772 2346 1782 —————.————

2257 624 2551 680 Benedicti
2585 624 2903 692 abbatis,in
2935 624 3140 680 festivo
3171 623 3264 680 die
3300 623 3656 680 Inventionis
3685 629 3900 679 sanctae

2255 695 2475 764 Crucis,
2501 695 2564 768 in
2599 693 2949 768 aliisfestis
2972 694 3369 768 apostolorum
3397 695 3588 768 _Petrii
3610 698 3669 750 et
3717 693 3901 768 Pauli,

2256 771 2468 839 sanetae
2500 765 2694 839 Mariae
2725 765 3545 839 Magdalenaa,A_ssumptionis
3577 767 3762 822 beatae
3792 767 3903 839 Ma-

2259 838 2356 910 ria:
2388 837 2648 910 Virginis
2678 841 2738 893 et
2767 837 2950 894 sa'ncti
3003 837 3254 894 Martini.
3306 837 3612 910 Orationes
3660 838 3902 910 propria:

2255 909 2547 982 habentur
2575 909 2646 964 de
2677 915 2880 982 sancto
2908 909 3900 982 Ambrosio,Zenone,Syro’,Blasio,

2255 980 2532 1054 Gregorio
2581 997 2647 1035 ac
2692 981 3016 1054 Aimygdio.
3051 979 3902 1054 _ls_celebraturpotissimum

2255 1053 2313 1106 in
2376 1051 2520 1106 urbe
2567 1051 2888 1108 Asculanai
2938 1051 3196 1108 Ecclesia
3244 1051 3442 1108 Sancti
3508 1051 3734 1118 Hilarii,
3791 1052 3907 1109 alia

2256 1123 2479 1196 Sanctae
2507 1121 2706 1178 Crucis
2733 1123 2797 1196 in
2820 1141 2887 1180 ea
2909 1123 3052 1179 urbe
3073 1127 3252 1196 erant
3260 1122 3416 1196 juris
3431 1122 3902 1181 Avellanensium

2255 1193 2697 1268 monachorum.
2732 1194 2811 1250 De
2841 1199 3040 1250 sancto
3070 1193 3425 1268 Apollinare,
3456 1210 3632 1265 quem
3671 1211 3908 1268 summa

2255 1263 2536 1338 religione
2565 1263 2875 1338 coluerunt
2904 1263 3139 1338 semper
3175 1263 3606 1338 Avellanenses,
3638 1265 3900 1338 officium

2254 1335 2550 1416 integrum
2587 1337 2886 1416 proprium
2909 1335 3476 1416 _legit_ur._Post_remo
3491 1337 3564 1416 _i_r_1
3595 1335 3752 1416 calce
3782 1337 3908 1416 bre-

2253 1407 2419 1462 viarii
2454 1407 2741 1481 reperitur
2757 1407 3028 1481 Aofficiur'n
3054 1409 3232 1464 beatae
3265 1407 3461 1463 Mariae
3491 1407 3767 1481 Virginis.
3791 1410 3898 1466 Sed

2257 1482 2528 1551 excerpta
2576 1479 2704 1551 ipsa
2751 1479 2811 1534 in
2865 1480 3125 1535 medium
3155 1481 3492 1546 all'eramus,
3521 1479 3904 1537 iis—nimirum

2255 1549 2531 1624 omnibus
2565 1549 2996 1624 prtetermissis,
3029 1568 3156 1624 quae
3188 1555 3420 1607 exstant
3457 1551 3516 1607 in
3565 1551 3738 1609 editis
3771 1553 3908 1608 mis-

2256 1620 2479 1676 salibus
2510 1620 2651 1676 etin
2685 1622 3002 1678 breviariis.

2349 1773 2510 1780 ...ὡ

1398 1908 1774 1965 EXCERPTA
1811 1907 1904 1964 EX
1943 1905 2174 1963 PRIMO
2213 1905 2464 1962 CODlCE
2498 1906 3008 1964 AVELLANENSI.

851 2154 1016 2197 FERIA
1054 2155 1298 2204 QUARTA.
1333 2157 1516 2196 CAPUT
1552 2157 1791 2196 JEJUNII.

817 2230 1059 2287 Collecta
1086 2229 1156 2286 ad
1184 2233 1431 2286 sanctam
1460 2230 1822 2284 Auastasiam.

563 2325 624 2379 In
649 2321 853 2394 primis
881 2335 1006 2376 vero
1037 2319 1334 2375 benedictio
1363 2321 1583 2374 cineris.

563 2409 946 2482 Omnipotens
995 2407 1354 2480 sempiterna
1400 2407 1574 2474 Deus,
1626 2411 1736 2462 etc.
1793 2408 1917 2461 Ha’c
1962 2407 2147 2478 prima

497 2501 676 2558 oratio
700 2503 780 2554 est
806 2497 992 2554 eadem
1017 2513 1138 2569 quae
1167 2497 1395 2552 habetur
1429 2498 1488 2551 in
1538 2495 1718 2552 editis.

564 2589 690 2644 Alia
747 2588 942 2644 oratio.
1001 2585 1260 2642 Concede
1308 2584 1498 2653 nobis,
1549 2583 1813 2652 Domine,
1877 2582 2147 2656 praesidia

491 2677 712 2735 militiae
741 2675 1083 2732 Christiana:
1110 2675 1326 2730 sanctis
1348 2674 1623 2730 inchoare
1644 2673 1986 2745 jejuniis,ut
2007 2689 2140 2729 con-

491 2771 586 2823 tra
605 2763 944 2838 Spirituales
964 2763 1258 2836 nequitias
1279 2761 1594 2836 pugnaturi
1621 2761 1992 2818 continentiae
2015 2779 2144 2816 mu-

494 2855 730 2910 niamur
757 2852 1008 2910 anxillis.
1041 2852 1164 2908 Per.

562 2943 711 2998 Alia.
745 2935 898 2998 Deus
929 2939 1326 3012 indulgentiae,
1360 2944 1511 2996 Deus
1541 2939 1775 3013 pietatis
1819 2944 1877 2995 et
1908 2939 2144 2995 miseri-

501 3031 731 3096 cordiae,
765 3030 867 3103 qui
901 3028 1194 3093 Ninivitis,
1229 3029 1420 3085 cinere
1466 3035 1522 3084 et
1567 3028 1754 3085 cilicio
1797 3028 2042 3093 indutis,
2089 3033 2146 3082 et

499 3117 964 3176 misericordiam
985 3122 1148 3174 tuam
1169 3117 1561 3174 clamantibus
1583 3115 2142 3185 subvenisti,exaudi

497 3226 606 3266 nos
633 3207 920 3282 propitius
949 3206 1268 3263 clamantes
1315 3207 1387 3262 ad
1437 3211 1512 3271 te,
1548 3211 1605 3262 et
1633 3206 1784 3262 hanc
1814 3209 2142 3262 creaturam

493 3298 728 3366 cineris,
761 3314 877 3370 quo
921 3300 1272 3370 peccatores,
1307 3295 1731 3368 indulgentiam
1782 3301 1894 3350 tuae
1927 3298 2141 3351 sanctae

489 3385 902 3445 misericordiae
940 3385 1342 3458 implorantes,
1377 3387 1648 3450 utuntur,
1691 3383 2053 3448 benedicere,
2085 3387 2143 3439 et

2169 2140 2218 2205 B
2250 2154 2420 2210 usque
2447 2139 2516 2194 ad
2552 2140 2731 2195 locum
2756 2141 3096 2212 palmarum,
3130 2140 3230 2196 ubi
3272 2140 3574 2213 antiphona
3621 2149 3674 2198 et
3720 2159 3911 2200 versus

2260 2227 2419 2284 Unus
2448 2235 2642 2284 autem
2671 2230 2850 2300 ﬁnito,
2883 2237 2934 2286 et
2963 2231 3192 2302 repetito
3223 2230 3305 2286 Ne
3347 2229 3515 2298 forte,
3544 2231 3912 2290 subdiaconus

2253 2332 2438 2372 versus
2488 2334 2654 2389 super
2697 2319 2921 2374 titulum
2965 2318 3035 2374 ad
3080 2321 3346 2376 orientem
3384 2321 3580 2393 incipit
3623 2321 3912 2379 lectionem

2254 2405 2439 2461 Dicite
2488 2405 2618 2460 ﬁliae
2669 2407 2829 2462 Sion.
2876 2407 2992 2475 Qua
3033 2409 3190 2479 ﬁnita
3235 2413 3484 2466 cantetur
3530 2409 3596 2466 Β.
3629 2409 3906 2468 Christus

2255 2494 2444 2549 factus
2500 2498 2608 2549 est.
2661 2495 2865 2551 Deinde
2919 2495 3184 2552 diaconus
3238 2513 3423 2553 versus
3475 2497 3546 2554 ad
3591 2499 3909 2572 aquilonem

2253 2584 2485 2654 incipiat
2533 2583 2891 2653 Evangelium
2942 2603 2954 2641 :
3004 2585 3148 2641 Cum
3197 2586 3746 2660 appropinquasset.
3792 2588 3906 2657 Quo

2252 2671 2408 2742 ﬁnito
2455 2671 2846 2728 benedicuntur
2887 2674 3090 2745 palma:
3130 2677 3180 2730 et
3229 2675 3386 2731 olivae
3433 2693 3468 2731 a
3513 2677 3786 2734 sacerdote
3833 2677 3908 2732 ad

2253 2762 2518 2817 orientem
2550 2778 2700 2816 verso
2732 2779 2752 2816 :

2325 2849 2609 2905 Dominus
2637 2850 2961 2906 vobiscum.
2999 2884 3064 2894 —
3097 2852 3364 2909 Oremus.
3386 2855 3546 2927 Auge
3567 2854 3764 2922 ﬁdem,
3788 2859 3901 2912 etc.

2251 2940 2350 2993 Hic
2392 2943 2677 3010 ponuntur
2727 2956 2910 2996 omnes
2955 2943 3194 2998 rationes
3243 2945 3303 2998 ut
3362 2945 3422 2998 in
3465 2943 3641 3012 editis,
3694 2949 3908 3016 praeter

2252 3028 2410 3083 illam
2440 3029 2738 3097 longiorem
2769 3046 2888 3100 qua:
2919 3031 3154 3103 incipit:
3177 3035 3326 3088 Deus
3357 3031 3457 3104 qui
3490 3031 3637 3089 miro
3669 3032 3906 3106 dispen-

2251 3117 2498 3172 sationis
2527 3117 2748 3187 ordine,
2781 3121 2890 3175 etc.

2327 3207 2471 3260 Tunc
2515 3208 2661 3262 rami
2709 3207 2976 3264 benedicti
3017 3214 3382 3280 aspergantur
3428 3227 3574 3282 aqua
3621 3210 3903 3268 benedicta

2248 3310 2374 3349 cum
2405 3294 2707 3366 antiphona
2731 3314 2750 3350 :
2772 3298 3057 3370 Asperges
3077 3314 3190 3365 me,
3223 3298 3485 3355 Domine.
3511 3300 3698 3356 Postea
3722 3303 3902 3375 proji-

2216 3397 2222 3404 ·
2247 3385 2390 3439 citur
2417 3401 2560 3457 aqua
2587 3401 2750 3457 super
2776 3391 3097 3442 conventum
3121 3387 3369 3444 ordinate
3397 3390 3700 3445 venientem
3717 3399 3771 3446 et
3799 3407 3900 3448 su-

487 3473 967 3534 sanctiticationis
997 3473 1385 3572 tute-gratiam
1417 3472 1724 3572 infundere
1767 3471 2043 3572 digneris,
2073 3475 2142 3572 ut
2168 3501 2212 3572 α
2243 3489 2346 3545 per
2359 3474 2646 3545 populum.

487 3565 822 3639 quicunque
843 3563 1017 3620 istius
1039 3561 1300 3636 pulveris
1320 3561 1624 3618 exustione
1643 3578 1920 3634 aspersus
1940 3561 2134 3632 fuerit,

484 3653 911 3729 indulgentiam
941 3657 998 3710 et
1027 3651 1433 3710 remissionem
1465 3650 1729 3708 omnium
1761 3655 2134 3724 peccatorum

485 3761 522 3800 a
550 3748 606 3800 te
632 3743 798 3820 prius
826 3743 1002 3811 Deus,
1037 3743 1328 3797 mereatur
1356 3739 1636 3814 accipere.
1668 3741 1794 3795 Per.

553 3833 680 3888 Alia
708 3833 900 3890 oratio.
952 3831 1108 3887 Deus
1153 3830 1254 3902 qui
1304 3829 1714 3885 humiliatione
1745 3832 1850 3884 etc.
1887 3830 2008 3884 Haec
2033 3846 2132 3900 pa-

481 3922 622 3977 riter
649 3922 824 3976 oratio
854 3927 932 3975 est
959 3919 1162 3985 eadem,
1197 3935 1315 3990 quae
1347 3920 1407 3973 in
1436 3919 1616 3986 editis,
1659 3918 1777 3972 alia
1821 3933 1964 3985 vero,
2013 3935 2132 3990 quae

482 4011 546 4066 in
569 4009 764 4065 iisdem
783 4008 1148 4078 subsequitur,
1181 4009 1242 4062 in
1270 4010 1450 4063 nostro
1480 4007 1698 4063 missali
1723 4023 1824 4061 ms.
1855 4007 2130 4064 desidera-

484 4106 594 4155 tur.

554 4187 810 4260 Sequitur
848 4185 1168 4256 antiphona.
1220 4185 1571 4240 Immutetur
1619 4183 1843 4240 habitu.
1899 4187 2130 4242 Interim

479 4277 720 4350 ponendi
744 4283 872 4332 sunt
899 4275 1107 4330 cineres
1133 4290 1294 4347 super
1321 4275 1502 4346 capita
1531 4273 1832 4330 hominum.
1869 4276 2125 4332 Memen-

479 4370 561 4433 to,
590 4363 935 4436 homo,quia
963 4363 1154 4436 pulvis
1183 4379 1267 4431 es,
1291 4367 1349 4419 et
1379 4363 1439 4418 in
1471 4362 1766 4436 pulverem
1796 4366 2124 4437 reverteris,

478 4455 577 4512 His
604 4455 782 4526 ﬁnitis
809 4452 955 4509 dicat
982 4455 1173 4508 cantor
1202 4451 1490 4509 Miseret-is
1517 4452 1780 4508 omnium

1119 4559 1185 4598 AD
1223 4559 1454 4598 MISSAM.

875 4632 1048 4690 Statio
1073 4631 1143 4687 ad
1171 4639 1414 4688 sanctam
1444 4632 1725 4688 Sabinam.

545 4725 752 4781 Oratio.
786 4723 1020 4790 Praesta,
1054 4721 1316 4788 Domine,
1348 4724 1478 4790 etc.,
1530 4729 1590 4778 ut
1633 4723 1690 4777 in
1739 4722 1900 4778 editis
1953 4724 2120 4778 etiam

473 4814 650 4886 quoad
676 4820 934 4870 secretam
951 4814 1005 4866 et
1034 4827 1280 4866 commun
1290 4812 1615 4882 ionem,cum
1643 4810 1742 4867 hoc
1769 4813 2119 4884 tamen,un

473 4904 536 4958 in
563 4919 666 4958 ms.
690 4918 804 4957 una
831 4905 1048 4957 tantum
1069 4902 1244 4956 oratio
1269 4903 1512 4974 ponitur.

812 5007 1088 5046 DOMINICA
1127 5006 1188 5046 IN
1227 5007 1404 5046 RAMIS
1444 5005 1780 5046 PALMARUM.

545 5078 791 5135 Secunda
811 5079 945 5136 hora
963 5079 1075 5136 diei
1092 5079 1366 5136 mediante
1381 5079 1712 5135 conveniunt
1733 5079 1793 5133 in
1811 5080 2113 5138 ecclesiam.

467 5169 659 5240 Itaque
724 5170 995 5240 fratribus
1065 5171 1286 5225 tertiam
1341 5168 1706 5230 cantantibus,
1758 5167 1996 5224 induunt
2061 5188 2116 5226 se

468 5257 718 5312 ministri
743 5257 804 5312 in
833 5258 1108 5322 vestiario,
1137 5273 1280 5311 unus
1308 5255 1379 5309 ad
1406 5270 1640 5322 crucem,
1675 5254 1782 5311 duo
1818 5256 1887 5311 ad
1915 5258 2114 5314 cande-

467 5344 646 5412 labra,
678 5345 824 5402 alter
867 5343 936 5400 ad
988 5362 1188 5417 aquam
1243 5343 1598 5412 benedictum,
1647 5343 2012 5402 subdiaconus
2040 5348 2114 5404 ad

461 5433 808 5490 thuribulum
830 5436 887 5490 in
918 5435 1128 5499 tunica,
1177 5433 1436 5488 diaconus
1482 5433 1542 5487 in
1592 5432 1901 5506 dalmatica,
1930 5453 2108 5492 sacer-

459 5521 555 5582 dos
601 5525 662 5579 in
703 5541 898 5595 cappa.
948 5523 1135 5578 Finita
1188 5523 1373 5589 tertia,
1419 5520 1514 5576 ubi
1558 5526 1750 5579 cantor
1792 5525 2112 5594 imposuerit

455 5612 817 5684 antiphonam
866 5629 879 5667 :
927 5609 1317 5682 Collegerunt,
1372 5612 1614 5667 ministri
1672 5615 1960 5670 transeunt
2008 5634 2109 5689 per

457 5701 684 5764 chorum
745 5707 998 5776 sequente
1061 5703 1345 5773 conventu,
1415 5701 1684 5761 cantando
1749 5704 2105 5782 antiphonam

2319 3563 2526 3619 Oratio.
2559 3568 2712 3620 Deus
2737 3564 2838 3637 qui
2863 3564 3074 3622 Filium
3105 3569 3294 3635 tuum,
3319 3571 3430 3624 etc.

2319 3653 2443 3709 Post
2491 3652 2602 3708 hac
2649 3654 2846 3726 incipit
2895 3658 3086 3712 cantor
3115 3656 3473 3730 antiphonam
3507 3673 3520 3712 :
3551 3657 3718 3714 Pueri
3773 3641 3902 3717 Dte-

2244 3742 2517 3798 breorum
2550 3759 2563 3798 :
2595 3745 2645 3798 et
2677 3744 2838 3798 alias.
2871 3745 3098 3800 Interim
3121 3747 3372 3802 ministri
3405 3748 3683 3818 accipiunt
3709 3741 3903 3806 ramos

2241 3831 2306 3888 de
2333 3849 2504 3888 manu
2532 3832 2844 3900 sacerdotis,
2881 3837 3068 3904 postea
3105 3835 3385 3890 osculatur
3429 3840 3722 3893 conventus
3774 3856 3900 3895 ma-

2240 3937 2377 3976 num
2405 3922 2539 3992 ejus.
2573 3920 2775 3976 Deinde
2822 3920 3030 3977 dantur
3072 3923 3272 3995 populo
3321 3924 3604 3996 repetendo
3629 3927 3902 3999 antipha-

2239 4027 2390 4078 nam,
2421 4010 2587 4066 donec
2627 4025 2810 4065 omnes
2852 4012 3146 4082 accipiant.
3199 4014 3312 4082 Quo
3358 4001 3638 4085 completo,
3691 4017 3899 4089 incipit

2236 4103 2427 4155 cantor
2445 4098 2810 4171 antiphonum
2857 4119 2875 4154 :
2925 4099 3068 4156 Cum
3116 4101 3636 4174 appropinquaret.
3668 4103 3735 4160 Et
3761 4121 3899 4162 cum

2235 4191 2390 4245 omni
2419 4189 2758 4244 veneratione
2787 4191 2948 4260 quasi
2975 4192 3154 4260 ipsum
3199 4191 3495 4247 Dominum
3541 4195 3896 4265 comitantes,

2227 4277 2528 4350 procedunt
2557 4277 2626 4332 ad
2654 4279 2958 4334 ecclesiam.
2984 4279 3172 4350 Ibique
3195 4283 3324 4336 ante
3351 4282 3552 4337 ostium
3587 4281 3892 4354 ordinatis,

2232 4368 2394 4438 ﬁnita
2439 4367 2762 4438 antiphona,
2791 4369 3002 4424 intrant
3049 4367 3156 4424 duo
3200 4369 3402 4440 fratres
3433 4372 3494 4426 in
3520 4371 3809 4428 ecclesiam
3838 4379 3896 4430 et

2230 4464 2449 4512 cantent
2471 4475 2490 4510 :
2519 4455 2774 4524 Glauria,
2804 4455 2936 4512 laus
2966 4461 3024 4513 et
3055 4456 3241 4514 honor
3269 4458 3394 4514 tibi.
3443 4461 3514 4516 Et
3553 4467 3678 4532 post
3715 4461 3896 4533 ﬁnem

2232 4547 2488 4601 binorum
2513 4561 2766 4601 versuum
2796 4550 3043 4618 repetunt
3061 4545 3126 4603 de
3144 4549 3302 4618 loris:
3321 4547 3536 4620 Gloria,
3569 4549 3721 4606 laus.
3750 4552 3892 4607 Per-

2228 4635 2460 4690 cantatis
2506 4635 2750 4690 versibus
2803 4636 3014 4692 intrant
3069 4637 3129 4692 in
3178 4637 3462 4694 ecclesiam
3512 4638 3788 4696 cantando
3821 4641 3890 4712 Ii}.

2229 4723 2616 4797 Ingrediente,
2641 4723 2880 4780 sonando
2900 4725 3152 4780 omnibus
3181 4727 3378 4796 signis.

2297 4815 2524 4870 Demum
2566 4813 2810 4870 ministri
2848 4819 3168 4886 prwparent
3211 4831 3267 4870 se
3307 4815 3380 4871 ad
3424 4817 3684 4879 missam;
3714 4825 3770 4875 et
3798 4827 3890 4892 ol-

2148 4874 2198 4938 D
2226 4903 2432 4974 ﬁciales
2479 4902 2584 4959 duo
2633 4905 2822 4975 cappis
2848 4874 3179 4961 induuntur
3223 4906 3285 4960 in
3327 4905 3508 4962 choro.
3541 4905 3622 4962 Ad

2227 4993 2530 5049 induantur
2593 4993 2697 5048 alii
2759 4993 2884 5061 duo,
2952 5001 3002 5049 et
3065 5002 3301 5066 quatuor
3359 4999 3600 5064 cantent,
3650 4996 3761 5054 duo
3834 4999 3891 5054 et

2223 5082 2350 5137 duo.

2557 5189 2720 5227 FERIA
2759 5187 2966 5234 QUINTA
3006 5191 3063 5228 IN
3103 5191 3278 5230 COENA
3319 5189 3540 5230 DOHINI.

2293 5263 2436 5317 "ora
2464 5278 2608 5315 nona
2637 5263 2915 5317 excutitur
2944 5264 3091 5332 ignis
3119 5262 3185 5320 de
3209 5264 3544 5336 crystallum)
3573 5265 3658 5320 vel
3695 5266 3884 5337 silice,
3943 5261 3956 5282 ¹

2219 5353 2298 5409 ita
2325 5359 2384 5407 ut
2413 5367 2482 5406 ex
2511 5351 2627 5423 ipso
2653 5351 2826 5423 possit
2850 5351 3073 5408 accendi
3099 5352 3358 5419 candela;
3401 5357 3453 5409 et
3484 5353 3758 5412 benedicit
3787 5372 3884 5412 sa-

2217 5441 2400 5497 cerdos
2430 5442 2612 5512 ignem
2641 5440 2786 5512 apud
2812 5457 2931 5507 nos,
2963 5441 3187 5498 indutus
3215 5443 3354 5499 stola
3385 5445 3602 5498 tantum
3649 5448 3705 5500 et
3741 5446 3885 5518 plu-

2215 5531 2352 5586 viali
2381 5538 2432 5586 et
2459 5546 2604 5600 aqua
2635 5529 2909 5586 benedicta
2938 5547 2950 5588 :
2983 5531 3452 5604 Asperges.Apud
3471 5533 3735 5604 quosdam
3755 5533 3887 5591 dia-

2214 5636 2380 5678 conus
2402 5617 2688 5675 benedicit.

2290 5709 2494 5770 Oratio.
2529 5711 2702 5780 Deus,
2737 5707 2838 5788 qui
2885 5725 2990 5786 per
3034 5709 3248 5770 Filium
3295 5715 3488 5784 tuum,
3521 5709 3882 5794 angularem
