3978 6352
82 400 197 477 881

897 410 1281 477 EXGERPT.
1324 410 1429 477 EX
1469 412 1696 478 CODD.
1740 415 2051 482 LITURG.
2096 422 2695 493 FONTAVELLAN.

3371 431 3495 496 882

78 541 320 638 ξοίιίοεξξὶ
374 540 651 638 ξβρίάθξη,
683 543 1002 638 Charitatig
1040 545 1313 604 ﬁdelibus
1368 548 1501 638 tuis
1538 546 1734 621 ignem
1923 556 2139 614 Refecti
2168 558 2446 618 vitalibus
2506 561 2821 634 alimentis,
2856 581 3216 638 quaesumus,
3250 566 3494 626 Domine

79 633 418 727 contulisti.
450 634 863 727 productume
913 635 1075 692 silice
1123 638 1340 727 nostris
1374 636 1746 727 profuturum
1782 633 1787 637 ’
1830 645 2009 713 Deus
2039 651 2254 718 noster,
2287 654 2355 706 ut
2385 653 2539 724 quod
2570 633 2830 727 tempore
2861 633 3237 715 mortalitatis
3286 662 3495 716 nostrae

78 724 331 792 usibus,
364 739 582 784 novum
632 723 790 781 hunc
827 723 1022 799 ignem
1055 725 1375 793 sanctiﬁca,
1409 729 1466 781 et
1495 726 1747 782 concede

78 812 259 871 nobis
280 811 371 869 ita
389 828 494 884 per
508 811 630 869 haec
660 811 809 869 festa
824 813 1123 886 paschalia
1153 812 1489 870 omlestibus
1520 814 1744 871 deside-

78 902 182 959 riis
214 899 579 958 inﬂammari
610 905 675 956 ut
695 902 765 957 ad
782 905 1070 975 perpetua:
1092 901 1374 959 claritatis
1403 903 1569 975 puris
1587 920 1744 958 men-

77 993 244 1052 tibus
274 989 579 1072 valeamus
609 990 759 1047 festa
784 989 1133 1072 pertingere.
1170 993 1294 1048 Per.

148 1083 285 1138 Alia
313 1068 509 1153 oratio.
547 1080 783 1137 Domine
811 1068 987 1151 Deus,
1025 1080 1192 1137 Pater
1220 1081 1613 1154 omnipotens,
1646 1081 1738 1137 lu-

80 1188 217 1230 men
249 1169 622 1235 indeﬁciens,
643 1172 700 1225 et
728 1172 926 1227 sancte
969 1169 1231 1229 conditor
1268 1170 1532 1226 omnium
1563 1170 1741 1227 lumi-

81 1258 555 1337 num,benefdic
585 1257 693 1315 hoc
725 1258 946 1328 lumen,
971 1259 1127 1331 quod
1161 1276 1195 1315 a
1220 1262 1277 1316 te
1308 1260 1739 1316 sanctificatum

80 1355 265 1424 atque
290 1347 667 1406 benedictum
687 1350 792 1421 est,
820 1348 920 1421 qui
937 1347 1283 1406 illuminasti
1305 1364 1539 1405 omnem
1566 1365 1740 1404 mun-

82 1441 250 1509 dum,
268 1443 337 1495 ut
358 1438 432 1495 ab
449 1454 515 1494 eo
557 1436 781 1493 lumine
804 1426 1212 1505 accendamur,
1247 1442 1305 1493 et
1333 1437 1740 1494 illuminemur

81 1530 220 1603 igne
244 1525 535 1597 claritatis
557 1530 685 1594 tum,
704 1531 762 1582 et
783 1526 937 1583 sicut
959 1527 1155 1600 ignem
1168 1525 1518 1584 illuminasti
1532 1528 1736 1600 Moysi,

80 1619 165 1674 ita
187 1615 498 1674 illumines
529 1616 705 1672 corda
734 1620 790 1671 et
823 1632 1031 1672 sensus
1073 1619 1324 1684 nostros,
1360 1620 1422 1672 ut
1454 1617 1527 1673 ad
1557 1617 1738 1673 vitam

80 1711 366 1783 aeternam
386 1703 687 1779 pervenire
717 1720 1069 1761 mereamur.
1104 1704 1231 1761 Per.

147 1795 284 1851 Alia
311 1797 510 1855 oratio.
543 1794 771 1860 Veniat,
790 1810 1151 1866 quaesumus,
1177 1793 1734 1867 omnipotensDeus,

79 1902 263 1959 super
283 1884 397 1941 hoc
418 1883 724 1940 incensum
746 1883 909 1961 larga
929 1886 1040 1939 tuae
1059 1882 1731 1952 benedictionisinfusio,

80 1978 138 2032 et
166 1974 333 2033 hunc
362 1975 714 2029 nocturnum
737 1970 1109 2045 splendorem
1127 1971 1441 2028 invisibilis
1463 1976 1740 2044 regnator

82 2063 363 2153 accende,
386 2065 450 2118 ut
472 2078 587 2145 non
611 2060 801 2117 solum
843 2060 1220 2127 sacrificium,
1242 2062 1397 2133 quod
1429 2062 1539 2117 hac
1570 2064 1738 2117 nocte

81 2148 320 2223 litatum
378 2154 470 2227 est
525 2166 737 2208 arcana
791 2148 1035 2205 luminis
1066 2149 1151 2205 tui
1183 2150 1533 2206 admistione
1563 2148 1737 2205 reful-

74 2244 236 2317 geat,
254 2240 357 2317 sed
377 2239 436 2296 in
454 2254 805 2312 quocunque
825 2238 949 2295 loco
969 2255 1037 2294 ex
1058 2238 1237 2309 hujus
1256 2238 1736 2295 sanctiﬁcationis

83 2327 365 2406 mysterio
385 2326 561 2399 fuerit
580 2327 970 2399 deportatum,
994 2325 1237 2403 expulsa
1265 2325 1564 2382 diabolica:
1584 2327 1736 2383 frau-

84 2418 175 2474 dis
206 2410 495 2490 nequitia,
525 2414 711 2487 virtus
741 2418 852 2472 tua:
888 2414 1213 2487 majestatis
1243 2415 1502 2471 assistat.
1534 2415 1658 2471 Per.

154 2508 229 2563 De
252 2521 364 2583 quo
406 2506 534 2575 igne
586 2519 721 2560 novo
778 2504 990 2576 lampas
1044 2521 1157 2559 una
1211 2492 1453 2560 servetur
1508 2521 1736 2561 accensa

84 2612 255 2666 usque
269 2596 328 2650 in
340 2592 668 2650 Sabbbatum
680 2610 777 2669 sun
784 2601 933 2648 ctum
958 2593 1028 2648 ad
1048 2592 1206 2648 illum
1213 2593 1481 2648 inandum
1495 2609 1732 2663 cereum,

82 2686 181 2760 qui
228 2684 414 2741 eodem
454 2682 542 2738 die
572 2681 962 2748 benedicendus
994 2685 1068 2737 est
1098 2681 1288 2737 ordine
1311 2696 1413 2753 quo
1444 2683 1504 2737 in
1536 2683 1730 2737 Sacra-

80 2774 353 2833 mentario
381 2772 706 2829 continetur.
737 2775 857 2828 Hoc
887 2771 1118 2843 expleto,
1142 2772 1294 2826 omni
1340 2771 1549 2826 lumine
1578 2771 1729 2826 deco-

81 2872 205 2920 rata
260 2861 510 2928 ecclesia,
570 2859 957 2931 ingrediantur
1015 2858 1086 2917 ad
1160 2860 1398 2931 missam,
1453 2874 1578 2929 quae
1628 2876 1731 2931 pro

78 2952 375 3026 praesentis
430 2950 694 3019 sacriﬁcii
746 2949 953 3004 recenti
1008 2949 1350 3003 institutione
1393 2948 1733 3005 devotissime

80 3043 422 3097 decantetur.
460 3040 526 3094 In
580 3037 681 3093 hac
726 3039 875 3094 enim
929 3037 1017 3093 die
1079 3035 1416 3106 sacriﬁcium
1489 3039 1729 3109 corporis

79 3132 252 3199 sacri,
274 3131 323 3185 et
345 3128 461 3183 divi
481 3128 729 3182 muneris
748 3128 892 3182 sacri
932 3128 1221 3198 sanguinis
1251 3128 1317 3180 ab
1359 3127 1471 3198 ipso
1500 3128 1728 3183 Domino

81 3218 472 3277 celebrationis
527 3217 756 3288 sumpsit
815 3217 1061 3271 initium.
1113 3217 1222 3272 Hoc
1259 3215 1348 3270 die
1375 3217 1431 3270 in
1467 3218 1572 3271 toto
1601 3218 1729 3271 orbe

1854 736 2248 810 exsequimur,
2279 741 2741 801 immortalitatis
2773 763 3015 805 munere
3044 764 3498 822 consequamur.

1854 826 1981 883 Per.

1920 920 2211 990 Postquam
2266 921 2525 981 diaconus
2578 924 2713 981 dicit
2776 926 3193 985 Benedicamus
3248 926 3497 984 Domino

1849 1006 1911 1060 In
1938 1007 2200 1077 plurimis
2220 1012 2500 1082 Ecclesiis,
2531 1013 2632 1081 Ite,
2667 1014 2851 1072 missa
2879 1019 2970 1072 est
3022 1016 3247 1084 dicitur,
3281 1019 3415 1088 quia
3443 1020 3496 1072 et

1852 1092 2047 1152 Gloria
2068 1096 2125 1151 in
2143 1098 2386 1156 excelsis
2415 1102 2625 1170 dicunt,
2659 1105 2799 1176 quod
2816 1120 2915 1162 nos
2943 1120 3055 1162 non
3083 1106 3338 1165 dicimus.

2218 1206 2385 1244 FERIA
2422 1208 2597 1248 SEXTA
2635 1210 2697 1248 IN
2736 1211 3120 1251 PARASCEVEN.
3456 1240 3459 1245 -

1919 1273 2060 1329 Dum
2106 1281 2365 1333 cantatur
2402 1296 2549 1336 nona
2596 1282 2835 1339 induunt
2881 1284 3129 1340 sacerdos
3173 1292 3227 1341 et
3247 1282 3495 1341 ministri

1847 1362 2050 1417 casulis
2096 1365 2294 1435 nigris,
2342 1368 2393 1422 si
2457 1368 2745 1439 habentur,
2801 1374 3122 1443 faciuntque
3176 1373 3380 1430 ibidem
3432 1373 3494 1427 in

1849 1451 2102 1508 vestiario
2174 1458 2583 1527 confessionem,
2644 1468 2695 1515 et
2753 1463 2883 1516 tunc
2936 1478 3050 1517 non
3120 1462 3491 1518 accenduntur

1847 1540 2084 1597 candelae
2140 1545 2288 1600 circa
2342 1547 2540 1615 altare,
2572 1553 2621 1603 et
2648 1550 2874 1606 mittant
2896 1551 3197 1620 parvulum
3231 1552 3486 1616 linteum,

1846 1631 2271 1688 mundissimum
2321 1643 2523 1701 tamen,
2572 1654 2734 1710 super
2785 1640 2979 1696 altare.
3012 1642 3308 1712 Postquam
3360 1659 3486 1700 vero

1846 1720 2092 1778 sacerdos
2118 1738 2242 1779 cum
2268 1726 2541 1782 ministris
2593 1730 2803 1787 venerit
2846 1745 3031 1784 coram
3079 1731 3267 1798 altari,
3299 1733 3489 1787 statim

1844 1809 2103 1867 diaconus
2125 1813 2376 1870 accendit
2387 1815 2457 1870 ad
2479 1816 2784 1886 legendum,
2796 1820 3166 1890 pronuntiem
3185 1820 3246 1874 in
3263 1820 3489 1876 lcetione

1770 1923 1816 1989 Β
1844 1916 2044 1989 nomen
2092 1903 2387 1973 prophetae,
2419 1907 2501 1961 sic
2531 1923 2544 1962 :
2580 1905 2768 1961 Lectio
2826 1907 2989 1964 Osem
3024 1907 3336 1979 prophetas.
3371 1911 3491 1978 Qua

1846 1988 2007 2058 ﬁnita
2033 1990 2227 2047 dicant
2253 1996 2487 2049 tractum
2514 1995 2575 2049 in
2602 1996 2782 2060 choro,
2814 2000 2936 2066 etc.,
2968 1998 3029 2052 ut
3058 1998 3121 2052 in
3149 1996 3308 2053 editis
3322 2010 3490 2069 usque

1845 2078 1916 2133 ad
1971 2087 2141 2135 totam
2196 2082 2454 2137 ultimam
2482 2086 2786 2141 orationem
2808 2103 2829 2142 :
2861 2084 3242 2158 Omnipotens
3271 2086 3486 2159 sempi-

1845 2170 2006 2223 terne
2027 2169 2203 2226 Deus.

1914 2259 2115 2314 Finitis
2144 2262 2484 2317 orationibus
2503 2263 2663 2334 prior
2685 2265 2820 2333 facit
2854 2279 3158 2321 sermonem
3203 2265 3274 2321 ad
3311 2280 3486 2338 papu-

1845 2342 1962 2397 lum
2010 2343 2075 2398 de
2127 2361 2276 2416 pace,
2313 2354 2364 2402 et
2413 2364 2600 2404 omnes
2652 2350 3020 2408 discordantes
3067 2353 3317 2410 Ecclesiae
3371 2370 3485 2410 suae

1842 2431 1987 2502 ﬁlios
2010 2434 2081 2488 ad
2109 2436 2454 2491 concordiam
2480 2452 2737 2496 revocare
2764 2456 3104 2513 summ0pere
3150 2441 3379 2512 studeat,
3423 2450 3485 2499 ut

1840 2520 1997 2590 digni
2051 2533 2388 2581 stwraniento
2444 2530 2910 2585 reconciliationis
2958 2530 3220 2587 humanae
3246 2545 3357 2586 esse
3383 2546 3481 2586 va-

1842 2610 2009 2665 leant.
2042 2613 2136 2667 His
2192 2617 2483 2671 transactis
2540 2617 2795 2673 accedant
2847 2617 2916 2673 ad
2954 2634 3169 2674 crucem
3209 2618 3480 2691 discoope-

1840 2699 2109 2765 riendam,
2139 2703 2282 2757 sicut
2331 2705 2393 2758 in
2421 2705 2611 2761 ordine
2638 2706 2887 2763 habetur.
2913 2708 3031 2775 Qua
3060 2707 3400 2780 discooperto
3426 2710 3482 2763 et

1839 2788 2084 2856 adorata,
2118 2793 2299 2848 veniat
2350 2793 2597 2851 sacerdos
2646 2811 2771 2851 cum
2825 2797 3099 2852 ministris
3128 2803 3255 2852 ante
3282 2797 3478 2855 altare.

1837 2877 2107 2935 Diaconus
2161 2882 2235 2936 sit
2291 2882 2519 2938 indutus
2574 2885 2763 2941 casula
2811 2901 2933 2953 sua,
2965 2886 3106 2942 sicut
3157 2900 3273 2941 mos
3328 2888 3409 2941 est
3431 2887 3486 2942 ei

1836 2968 2213 3031 ministranti;
2237 2971 2602 3027 subdiaconus
2616 2978 2804 3029 autem
2829 2974 3052 3030 indutus
3077 2986 3193 3029 sua.
3222 2958 3485 3045 Factaque

1836 3057 2173 3125 confessione
2201 3062 2328 3115 ante
2355 3062 2551 3127 altare,
2592 3063 2804 3134 deferat
2840 3063 3108 3120 diaconus
3147 3063 3484 3135 corporalem
3516 3084 3519 3091 ’

1835 3144 1905 3235 ad
1933 3146 2108 3235 altare
2137 3152 2191 3203 et
2218 3151 2491 3235 extendat.
2524 3152 2589 3206 Et
2630 3154 2979 3235 in_sacrario
3025 3153 3096 3235 in
3128 3152 3251 3209 loco
3292 3167 3481 3209 conve-

1833 3227 2013 3280 nienti
2037 3233 2316 3299 praeparet
2343 3230 2604 3285 diaconus
2635 3232 2861 3287 calicem
2890 3248 3012 3288 cum
3041 3234 3168 3288 vino
3204 3248 3318 3301 non
3347 3248 3481 3289 con-

78 3324 298 3365 sacrum
327 3306 573 3380 chrisma
602 3304 903 3375 conﬁcitur.
940 3309 1060 3360 Hac
1104 3304 1193 3361 die
1238 3305 1405 3360 etiam
1458 3307 1727 3376 paenitcn-
1757 3292 1800 3359 C
1836 3292 2064 3383 secrato,
2078 3292 2326 3387 imposito
2347 3335 2511 3388 super
2526 3322 2784 3390 patenum
2798 3319 3092 3389 diligenter
3109 3296 3480 3376 etreverenter

80 3400 228 3455 tibus
252 3412 353 3469 per
380 3394 778 3466 indulgentiam
805 3394 1142 3450 subvenitur.

152 3489 294 3542 Dum
319 3488 506 3555 autem
524 3487 780 3557 cantatur
792 3500 956 3551 nona,
979 3490 1297 3555 praeparent
1317 3499 1374 3538 se
1401 3482 1472 3537 ad
1498 3484 1720 3539 missam

79 3578 273 3649 festive
315 3572 583 3647 sacerdos,
615 3573 877 3630 diaconus
930 3574 988 3628 in
1017 3572 1333 3639 dalmatica,
1364 3571 1725 3628 subdiaconus

81 3668 142 3723 in
173 3665 384 3731 tunica,
425 3664 748 3736 cero/erarii
784 3679 992 3735 quoque
1018 3669 1068 3717 et
1118 3661 1213 3733 qui
1252 3660 1596 3716 thuribulum
1624 3662 1722 3717 de-

77 3758 242 3828 ferat.
274 3754 342 3808 Et
389 3754 636 3807 mutator
690 3753 752 3807 in
798 3752 978 3820 choro,
1010 3751 1237 3807 indutus
1280 3767 1468 3823 cappa,
1500 3753 1726 3806 missam

81 3843 398 3901 solemniter
425 3840 674 3912 incipiat,
709 3856 834 3913 quae
855 3857 958 3914 pro
982 3841 1276 3913 praesentis
1327 3840 1587 3911 sacriﬁcii
1639 3857 1724 3896 re-

72 3933 218 3991 centi
298 3930 646 4003 institutione
700 3930 1041 3986 devotissime
1104 3930 1442 3985 decantetur.
1504 3932 1567 3985 In
1620 3946 1727 4002 qua

70 4025 207 4093 itera
215 4028 306 4076 tur
326 4034 677 4093 responsum;
691 4026 743 4075 et
762 4023 1010 4075 cantetur
1027 4019 1207 4074 Credo
1222 4018 1280 4073 in
1304 4034 1486 4073 unum
1511 4018 1632 4074 Deu
1646 4035 1723 4088 m,

71 4110 271 4169 Gloria
305 4109 365 4165 in
395 4106 638 4171 excelsis
668 4107 803 4165 Deo.

75 4201 180 4258 Ubi
208 4200 450 4255 chrisma
477 4199 782 4269 conﬁcitur,
813 4202 1088 4253 cantatur.

328 4303 502 4344 MISSA
539 4304 611 4342 AD
654 4304 703 4343 S.
742 4304 1007 4343 JOANNEM
1048 4304 1104 4341 IN
1148 4301 1458 4341 LATERANO.

145 4377 364 4443 Oratio,
397 4379 505 4432 etc.
544 4377 607 4433 Ut
634 4378 693 4432 in
724 4376 925 4433 nostris
959 4374 1119 4430 editis
1150 4390 1319 4445 usque
1342 4374 1409 4430 ad
1440 4389 1723 4430 consecra-

74 4471 279 4527 tionem
307 4466 546 4538 corporis
587 4474 638 4522 et
691 4465 983 4537 sanguinis
1031 4464 1315 4520 inclusive.
1350 4465 1478 4519 Post
1523 4464 1725 4535 Agnus

75 4557 196 4625 Dei,
226 4555 472 4613 sacerdos
501 4554 710 4610 dividat
767 4555 998 4621 oblatas,
1032 4557 1087 4609 et
1114 4568 1317 4621 omnes,
1353 4554 1449 4623 qui
1504 4556 1725 4623 possunt

72 4646 486 4704 communicent.
524 4646 701 4701 Tantm
749 4644 857 4700 hac
900 4644 989 4699 die
1017 4644 1394 4698 consecrentur
1422 4642 1616 4698 hostiae
1664 4646 1726 4697 ut

71 4753 144 4794 ex
181 4737 316 4808 ipsis
353 4734 568 4807 possint
598 4739 650 4789 et
687 4734 936 4806 sequenti
991 4732 1085 4790 die.
1127 4730 1465 4803 sufﬁcienter
1524 4731 1722 4787 habere

76 4825 148 4881 ad
174 4822 709 4893 communicandum.
737 4822 1042 4879 Notandum
1101 4827 1283 4876 autem
1341 4820 1481 4892 quod
1509 4819 1573 4875 de
1602 4837 1720 4875 cor-

69 4929 199 4991 pore
227 4914 446 4969 Domini
504 4913 733 4985 integra?
786 4912 987 4968 oblata:
1036 4908 1322 4966 servandae
1365 4918 1498 4965 sunt
1552 4926 1723 4981 usque

72 5019 234 5061 mane
255 5000 344 5058 die
362 4992 677 5070 Parasccve,
692 5002 756 5057 de
775 5002 971 5073 quibus
1009 5000 1430 5055 communicant.
1481 4998 1721 5069 Sanguis

74 5109 209 5151 vero.
228 5091 446 5148 Domini
468 5092 583 5163 ipso
606 5091 693 5148 die
710 5092 930 5163 penitus
959 5089 1301 5145 absumatur.
1331 5088 1558 5144 Interim
1596 5103 1721 5143 vero

74 5183 498 5249 communicant,
552 5181 760 5237 dicitur
789 5198 808 5234 :
840 5182 1043 5251 Agnus
1094 5177 1303 5246 Dei;et
1352 5177 1670 5233 Communia
1700 5195 1718 5231 :

72 5271 356 5330 Dominus
384 5274 579 5338 Jesus,
613 5271 814 5341 absque
845 5270 1041 5325 osculo.

144 5363 337 5418 Postea
387 5360 655 5432 incipitur
702 5358 1005 5431 antiphona
1032 5356 1102 5413 ad
1148 5371 1428 5428 vesperum
1469 5353 1719 5411 Calicem

72 5449 367 5517 salutaris,
428 5466 554 5506 cum
612 5449 864 5521 psalmis,
924 5448 1021 5520 qui
1093 5446 1335 5501 suaviter
1409 5451 1717 5500 cantentur.

72 5542 106 5612 ᾗ
131 5539 396 5598 Gbristus
425 5538 613 5595 factus
643 5542 751 5595 est.
786 5538 1095 5609 Antiphone
1112 5532 1496 5590 Cmnantibus
1526 5536 1721 5590 autem

74 5630 313 5703 accepit.
347 5633 477 5686 Post
504 5627 859 5702 Magniﬁcat,
908 5628 1068 5699 ﬁnita
1119 5623 1423 5695 antiphona
1468 5625 1724 5695 sequitur

74 5720 247 5783 oratio
272 5718 346 5776 ad
362 5717 744 5791 complendum
777 5734 790 5772 :

1832 3416 2053 3473 corpore
2110 3406 2357 3472 Domini,
2383 3408 2439 3461 id
2467 3416 2546 3462 est
2576 3409 2802 3477 integris
2843 3408 3058 3474 oblatis,
3090 3423 3216 3483 quae
3241 3412 3476 3466 servatae

1831 3494 1957 3545 sunt
1985 3491 2050 3545 de
2078 3508 2296 3564 corpore
2322 3497 2543 3551 Domini
2575 3497 2792 3567 pridie;
2823 3499 2874 3552 et
2916 3496 3145 3570 desuper
3195 3497 3475 3569 corponale

1828 3577 2097 3648 plicatam
2124 3590 2426 3654 componat,
2446 3586 2576 3654 quia
2593 3584 2821 3656 dignum
2838 3589 2937 3652 est,
2962 3594 3023 3640 ut
3068 3601 3261 3659 corpus
3288 3585 3472 3661 Domi-

1832 3668 1914 3733 ni,
1935 3669 1991 3722 in
2036 3686 2137 3741 quo
2169 3676 2245 3726 est
2285 3676 2395 3727 Iota
2444 3674 2593 3728 salus
2620 3676 2805 3729 nostra
2834 3678 2886 3729 et
2915 3674 3226 3746 redemptio,
3259 3688 3474 3728 summa

1833 3761 2138 3815 reverentia
2185 3764 2464 3816 tractetur.
2500 3762 2805 3818 Procedunt
2837 3778 2959 3818 vero
3001 3761 3072 3817 ad
3100 3778 3226 3833 eum
3252 3762 3358 3817 duo
3387 3778 3473 3818 ce-

1832 3850 2098 3920 roferarii
2126 3850 2185 3903 in
2214 3850 2372 3919 albis,
2407 3858 2457 3906 et
2480 3853 2675 3906 tertius
2703 3868 2826 3906 cum
2848 3851 3125 3907 thuribulo
3144 3853 3473 3923 fundgante,

1836 3941 1888 3992 et
1916 3938 2282 3994 subdiaconus
2305 3948 2528 4011 portans
2557 3941 2863 4012 ampullam
2890 3956 3072 4013 aqum.
3105 3942 3323 4015 Deferat
3375 3959 3475 3998 au-

1834 4033 1939 4082 tem
1966 4027 2226 4084 diaconus
2257 4030 2479 4085 calicem
2507 4046 2631 4084 cum
2656 4045 2877 4102 corpore
2904 4031 3125 4086 Domini
3134 4029 3317 4104 dicens
3337 4032 3481 4105 apud

1832 4132 1931 4171 86:

1908 4205 2025 4261 Hoc
2056 4223 2288 4279 corpus,
2312 4208 2469 4280 quod
2528 4225 2632 4280 pro
2685 4208 2850 4265 vobis
2880 4208 3179 4280 tradetur,
3197 4209 3292 4265 hic
3330 4208 3479 4266 calix

1836 4293 1977 4350 Novi
2005 4296 2358 4352 Testamenti
2410 4302 2498 4353 est
2534 4298 2593 4353 in
2624 4314 2753 4354 meo
2785 4300 3090 4372 sanguine,
3125 4298 3268 4354 dicit
3290 4299 3480 4356 Domi-

1838 4401 1969 4439 nus.
2003 4384 2121 4438 Hoc
2157 4385 2349 4450 facile,
2383 4387 2844 4459 quotiescunque
2879 4388 3138 4457 sumitis,
3171 4388 3231 4444 in
3285 4405 3479 4447 meam

1836 4474 2469 4529 commemorationem.

1908 4562 2134 4616 Tenente
2187 4569 2371 4616 autem
2425 4563 2651 4619 diacono
2708 4566 2955 4636 calicem,
2983 4565 3229 4621 sacerdos
3258 4568 3479 4623 misceat

1754 4665 1801 4729 Ι)
1835 4666 2054 4721 aquam,
2086 4650 2281 4721 quibus
2330 4650 2530 4705 oblatis
2579 4653 2805 4707 inclinet
2853 4653 3099 4708 sacerdos
3140 4661 3265 4708 ante
3301 4654 3477 4710 altare

1832 4739 2015 4794 dicens
2045 4759 2064 4793 :
2092 4738 2152 4793 In
2183 4736 2394 4809 spiritu
2425 4738 2796 4807 humilitatis,
2829 4744 2887 4796 et
2916 4740 2975 4795 in
3003 4740 3198 4813 animo
3229 4741 3476 4797 contrito

1832 4827 2246 4899 suscipiamur,
2279 4826 2537 4889 Domine,
2573 4846 2606 4883 a
2636 4832 2710 4891 te,
2748 4833 2855 4884 etc.
2889 4834 3018 4885 Post
3049 4830 3162 4886 hac
3200 4831 3385 4886 levans
3421 4847 3479 4888 se

1831 4918 2026 4988 incipit
2056 4916 2315 5009 mediocri
2336 4931 2456 4971 voce
2476 4916 2769 4985 :Oremus,
2795 4919 3098 4991 praeceptis
3119 4918 3480 4976 salutaribus

1831 5005 2074 5073 moniti;
2108 5005 2278 5061 Pater
2333 5008 2548 5060 noster.
2581 5006 2645 5060 Et
2700 5006 2860 5076 ﬁniat
2908 5015 3098 5076 totum,
3130 5008 3482 5082 respondente

1828 5096 1990 5152 choro
2030 5113 2047 5148 :
2080 5096 2191 5151 Sed
2252 5095 2434 5151 libera
2495 5113 2600 5151 nos
2639 5113 2674 5151 a
2721 5096 2897 5152 malo.
2931 5100 3125 5155 Postea
3180 5100 3327 5156 dicat
3381 5102 3482 5156 sub

1827 5186 2046 5240 silentio
2075 5203 2093 5238 :
2127 5185 2332 5239 Libera
2361 5202 2488 5252 nos,
2523 5202 2888 5257 quaesumus,
2914 5187 3158 5244 Domine
3183 5191 3480 5258 ;sicutmos

1830 5282 1926 5343 est,
1959 5276 2010 5328 et
2039 5289 2163 5327 cum
2193 5273 2397 5328 dixerit
2426 5292 2444 5328 :
2468 5273 2575 5328 Per
2605 5273 2805 5329 omnia
2840 5273 3054 5330 saecula
3111 5276 3478 5333 saeculorum.

1830 5365 2035 5429 Amen,
2071 5361 2184 5417 Pax
2214 5362 2449 5418 Domini
2500 5379 2613 5418 non
2665 5361 2902 5432 dicatur,
2935 5379 3109 5435 neque
3156 5380 3258 5436 per
3298 5367 3483 5421 oscula

1830 5451 2027 5514 detur;
2057 5451 2148 5506 sed
2202 5456 2385 5507 sumat
2441 5453 2505 5508 de
2557 5456 2766 5519 sancta,
2798 5460 2850 5509 et
2902 5459 3073 5525 ponat
3124 5454 3184 5507 in
3232 5454 3477 5520 calicem,

1830 5541 1975 5595 nihil
2005 5540 2203 5596 dicens.
2239 5540 2626 5611 Sanctiﬁcatur
2669 5546 2855 5597 autem
2902 5543 3091 5598 vinum
3147 5557 3258 5598 non
3292 5556 3478 5597 consc-

1831 5632 2047 5684 cratum
2058 5645 2158 5699 per
2177 5644 2369 5699 corpus
2393 5630 2613 5685 Domini
2637 5633 2965 5701 immissum,
2983 5634 3032 5688 et
3078 5632 3481 5688 communicent

1831 5732 2021 5775 omnes
2075 5734 2201 5773 cum
2229 5717 2448 5773 silentio
2492 5719 3178 5794 fratres.‘Communieatis
3233 5719 3482 5778 omnibus
