3978 6354
515 433 634 499 883

1701 426 1890 496 S/EC.
1935 430 2018 494 XI
2059 429 2370 494 MONUM.
2415 429 2728 492 LITUBG.

3723 448 3728 450 ·
3804 425 3936 490 884

517 573 702 628 dicant
750 585 996 643 uesperas
1052 569 1254 642 plane;
1279 569 1520 641 psalmos
1579 566 1642 622 de
1699 567 1862 638 feria.
1915 567 2152 620 Postea:
2185 563 2242 630 Α
2268 563 2400 618 Jam
2417 561 2686 620 Christus
2714 561 3000 621 Dominus
3016 561 3352 631 resurrexit,
3374 561 3534 620 choro
3563 561 3936 634 respondente

519 660 873 734 Magniﬁcat,
887 659 1082 714 deinde
1096 658 1264 714 Pater
1287 661 1500 713 noster.
1526 656 1798 711 Miserere
1829 654 1963 719 mei,
1981 653 2154 710 Deus.

487 789 492 793 ς
517 749 787 808 Christus
817 749 1008 804 factus
1037 751 1145 802 est.

591 838 815 894 Sabbati
868 853 992 894 vero
1039 836 1130 892 die
1176 843 1380 902 sancto,
1413 835 1547 890 dum
1599 837 1854 889 cantatur
1871 849 2039 899 nona,
2072 833 2160 886 in-

518 919 692 984 duunt
745 943 802 983 se
863 925 1112 982 ministri
1177 925 1501 980 cultioribus
1579 923 1832 987 vestibus,
1901 921 2162 976 diaconus

519 1016 836 1082 dalmatica,
889 1014 1252 1070 subdiaconus
1306 1015 1494 1068 tunica
1540 1012 1610 1068 ad
1655 1011 2023 1075 thuribulum,
2056 1009 2162 1064 duo

521 1105 592 1162 ad
610 1104 1024 1162 candelabra'in
1053 1104 1214 1158 albis.
1237 1104 1304 1158 Et
1336 1102 1492 1159 ﬁnita
1519 1117 1665 1157 nona
1715 1101 1975 1156 diaconus
2003 1099 2162 1154 bene-

521 1195 667 1252 dicat
695 1211 928 1250 cereum.

488 1275 495 1282 ’
595 1283 856 1340 Exsultet
879 1283 1003 1355 jam
1045 1280 1308 1354 angelica
1335 1279 1510 1335 turba
1544 1279 1844 1347 ccelorum,
1879 1283 1987 1334 etc.
2013 1285 2073 1332 ut
2105 1279 2161 1332 in

524 1371 686 1427 editis
715 1387 882 1442 usque
908 1369 978 1426 ad
1033 1369 1217 1425 verba.
1251 1370 1322 1424 Et
1363 1367 1622 1424 antistite
1678 1371 1898 1423 nostro.
1932 1369 2164 1438 Excepto

523 1459 664 1532 quod
691 1462 753 1514 in
780 1475 878 1515 nos
925 1475 1037 1516 non
1092 1457 1242 1514 adest
1299 1458 1546 1512 decen-sio
1604 1457 2005 1528 lampadarum.
2036 1458 2166 1511 Post

521 1564 646 1620 ergo
674 1548 942 1620 praedicta
968 1549 1131 1604 verba
1157 1545 1416 1603 antistite
1447 1548 1644 1601 nostro
1687 1547 1800 1600 haec
1855 1545 2167 1600 immediate

521 1643 806 1710 sequatur,
836 1639 1084 1694 videlicet
1112 1655 1131 1691 .-

593 1729 667 1783 Et
721 1727 1096 1784 serenissimo
1159 1725 1508 1798 imperatore
1560 1727 1758 1779 nostro
1803 1724 1870 1778 N.
1922 1725 2166 1794 ejusque

525 1815 897 1872 nobilissima
915 1814 1076 1888 prole
1110 1813 1200 1870 vel
1247 1816 1454 1870 cuncto
1491 1811 1744 1868 exercitu
1775 1813 1924 1882 ejus,
1954 1815 2012 1867 et
2041 1828 2164 1866 om-

2267 652 2383 708 Deo
2406 652 2647 725 gratias.
2680 656 2786 709 Hoc
2816 655 2876 724 ﬁt
2933 656 3114 710 tertio.
3147 655 3241 710 His
3292 653 3472 721 dictis,
3503 661 3698 708 cantor
3723 655 3934 724 incipit

2267 741 2388 796 alta
2468 759 2592 797 voce
2620 761 2638 796 :
2669 742 2934 809 Alleluia,
3018 742 3282 809 Alleluia,
3365 740 3630 798 Alleluia.
3688 741 3927 798 Deinde.

2267 831 2441 903 Kyrie
2471 831 2708 887 eleison.
2739 833 2847 900 Quo
2900 833 3054 903 ﬁnito
3103 831 3350 887 sacerdos
3391 832 3744 887 devotissime
3781 833 3931 886 inci-

2264 921 2386 992 piat
2413 938 2426 976 :
2450 920 2645 976 Gloria
2670 921 2729 976 in
2756 921 3000 978 excelsis
3023 921 3159 978 Deo.
3185 923 3312 976 Post
3333 922 3638 976 orationem
3666 921 3932 992 epistola,

2264 1017 2389 1080 post
2443 1011 2727 1081 epistolam
2781 1009 3045 1066 Alleluia.
3106 1009 3310 1066 Deinde
3363 1013 3622 1064 tractus:
3660 1009 3935 1064 Laudato

2269 1099 2739 1168 Dominum.Quo
2769 1101 2946 1170 ﬁnito,
2973 1099 3234 1154 diaconus
3283 1099 3479 1170 incipit
3534 1099 3933 1168 Evangelium,

2269 1192 2397 1242 ante
2433 1188 2574 1259 quod
2602 1205 2713 1244 non
2737 1193 2982 1260 portetur
3007 1189 3214 1256 lumen,
3244 1188 3336 1244 sed
3367 1191 3582 1244 tantum
3611 1189 3933 1244 incensum.

2429 1280 2617 1333 Postea
2660 1277 2910 1332 sacerdos
2955 1276 3092 1332 dicit
3135 1277 3318 1332 Credo
3359 1277 3418 1330 in
3474 1293 3657 1332 unum
3710 1277 3932 1332 Deum.

2271 1366 2500 1422 Deinde:
2519 1365 2803 1422 Dominus
2824 1365 3146 1433 vobiscum,
3169 1369 3219 1420 et
3241 1363 3507 1420 Oremus.
3531 1366 3930 1436 Oﬁ‘ertorium,

2271 1471 2369 1510 nec
2415 1455 2614 1527 Agnus
2664 1454 2789 1520 Dei,
2834 1470 2934 1508 nec
2975 1456 3284 1510 communio
3331 1457 3635 1522 cantatur:
3669 1454 3934 1510 osculum

2271 1550 2455 1598 tamen
2507 1543 2808 1598 secundum
2861 1559 3024 1598 usum
3052 1551 3256 1599 nostra:
3285 1542 3536 1598 Ecclesiae
3567 1541 3754 1598 datur.
3787 1545 3939 1598 Data

2265 1649 2400 1704 pace
2467 1647 2592 1687 cum
2645 1631 2892 1688 sacerdos
2939 1635 2991 1686 et
3036 1633 3285 1686 ministri
3337 1633 3877 1687 communicaverint
3909 1649 3929 1685 :

2271 1721 2520 1777 Alleluia
2565 1723 2622 1776 in
2660 1722 2820 1778 choro
2869 1722 3177 1793 imponitur
3215 1736 3340 1776 cum
3365 1719 3582 1792 psalmo
3610 1737 3629 1774 :
3662 1719 3939 1776 Laudate

2273 1810 2608 1879 Dominum,
2640 1827 2845 1866 omnes
2902 1814 3129 1883 gentes,
3162 1808 3233 1864 ad
3268 1807 3586 1880 neophylos.
3619 1811 3739 1878 Quo
3768 1809 3936 1878 ﬁnito

526 1905 703 1962 nibus
713 1903 1250 1970 circumstantibus,
1270 1901 1462 1974 quiete
1479 1905 1806 1972 temporum
1820 1916 2094 1955 concessa
2107 1899 2164 1953 in
2199 1935 2248 1999 B
2275 1916 2400 1955 cum
2431 1899 2626 1955 Gloria
2645 1897 2896 1954 Alleluia
2913 1901 3206 1970 repetitur,
3228 1904 3281 1953 et
3291 1899 3414 1952 sine
3431 1900 3690 1952 neumate
3705 1896 3932 1966 ﬁnitur.

527 1993 624 2049 his
644 1992 1027 2050 Paschalibus
1057 1990 1288 2064 gaudiis
1318 2006 1656 2046 conservare
1691 1988 1971 2062 digneris.
2005 1993 2170 2044 Hunc

527 2079 666 2156 ergo
687 2099 942 2150 cereum,
959 2080 1218 2148 Domine,
1237 2096 1411 2153 quem
1433 2079 1539 2135 tibi
1568 2080 1734 2135 oﬂ‘ert
1755 2077 2010 2134 famulus
2033 2081 2172 2133 tuus

528 2173 598 2228 N.
619 2175 922 2244 acceptum
939 2187 1066 2226 esse
1087 2168 1368 2242 digneris,
1384 2172 1450 2222 ut
1464 2168 1586 2223 haec
1608 2184 1711 2239 per
1741 2165 1958 2224 multos
1987 2183 2170 2222 annos

530 2259 700 2316 laetus
737 2265 794 2316 et
831 2261 1092 2333 gaudens
1139 2257 1245 2312 tibi
1282 2256 1528 2313 Domino
1571 2261 1705 2311 vota
1752 2254 2064 2328 persolvat,
2116 2259 2172 2310 et

529 2366 720 2422 usque
740 2350 813 2405 ad
842 2351 1101 2422 optatam
1131 2346 1428 2420 perveniat
1456 2349 1834 2402 senectutem.
1868 2344 2032 2400 Unde
2068 2345 2171 2399 be-

529 2439 774 2506 netdico
793 2442 870 2506 te,
905 2441 1172 2493 creatura
1200 2451 1362 2503 certe,
1395 2451 1500 2507 per
1557 2435 1775 2500 Detum
1818 2432 2036 2500 vivum,
2073 2449 2173 2505 per

528 2529 752 2596 Delum
775 2530 1066 2590 sanctum,
1086 2541 1191 2598 per
1209 2525 1417 2590 Deum,
1440 2522 1542 2595 qui
1571 2525 1628 2576 te
1653 2539 1723 2577 ex
1751 2521 2029 2577 omnibus
2047 2521 2172 2594 agri

528 2619 774 2674 ﬂoribus
821 2615 1161 2690 congregari
1199 2611 1492 2686 praecepit,
1526 2614 1582 2666 et
1611 2611 1670 2666 in
1705 2613 2017 2682 conspectu
2051 2626 2170 2664 suae

527 2707 814 2766 claritatis
840 2706 1035 2780 ignem
1069 2703 1380 2760 accendere
1402 2699 1606 2772 jussit,
1637 2703 1704 2754 ut
1737 2699 2072 2770 ubicunque
2102 2715 2171 2754 ex

527 2802 585 2854 te
615 2797 869 2870 positum
891 2794 1084 2863 fuerit,
1105 2793 1184 2849 sit
1205 2791 1368 2848 locus
1419 2789 1529 2844 iste
1555 2787 1840 2852 munitus,
1874 2790 2168 2858 protectus

528 2891 704 2960 atque
729 2885 1002 2943 defensus
1031 2883 1104 2938 ab
1137 2879 1294 2938 omni
1327 2880 1414 2934 ira
1443 2876 1638 2932 divina
1659 2877 1809 2932 etab
1839 2873 2000 2931 omni
2030 2875 2168 2929 infe-

527 2969 776 3034 statione
831 2971 1078 3037 inimici,
1113 2985 1214 3042 per
1262 2969 1537 3023 virtutem
1571 2969 1628 3020 et
1667 2981 1878 3020 nomen
1936 2963 2168 3018 Domini

526 3063 712 3121 nostri
757 3064 899 3120 Jesu
938 3059 1174 3127 Christi,
1199 3056 1302 3128 qui
1350 3054 1491 3109 vivit
1529 3058 1585 3109 et
1629 3057 1834 3124 regnat
1877 3069 2009 3108 cum
2057 3057 2166 3108 Deo

526 3153 695 3210 Patre
725 3152 785 3208 in
816 3149 1039 3206 unitate
1083 3145 1337 3219 Spiritus
1376 3141 1564 3199 sancti
1587 3142 1646 3196 in
1691 3139 1902 3197 saecula
1945 3141 2166 3214 sempi-

525 3249 708 3300 terna.
735 3242 940 3296 Amen.

601 3333 765 3388 Cerco
815 3326 1110 3393 benedicto,
1151 3322 1390 3380 ascendit
1437 3323 1600 3377 lector
1639 3321 1708 3376 ad
1732 3321 2017 3376 umbonem
2040 3335 2167 3392 pro-
2199 3301 2241 3369 Ο

526 3425 795 3482 nuntians
819 3437 832 3474 :
856 3417 1046 3475 Lectio
1079 3414 1210 3470 libri
1243 3413 1501 3468 Genesis.
1526 3413 1590 3467 In
1613 3410 1898 3484 principio
1921 3409 2166 3465 creavit.

529 3513 706 3586 Lectio
749 3509 954 3582 prima.
985 3507 1183 3576 Legens
1223 3505 1387 3576 plane
1434 3509 1484 3557 et
1527 3505 1713 3572 aperte
1758 3500 1828 3555 ad
1859 3501 2166 3569 intelligen-

522 3606 672 3662 dum.
697 3599 777 3656 Ad
806 3597 1054 3668 singulas
1103 3595 1353 3650 lectiones
1399 3591 1638 3662 singulae
1665 3590 1936 3644 orationes
1965 3587 2166 3643 haben-

523 3702 636 3760 tur,
669 3702 905 3760 quarum
946 3685 1186 3756 primam
1231 3681 1462 3736 domnus
1518 3681 1672 3750 prior
1739 3677 1890 3744 dicit,
1941 3676 2167 3731 indutus

523 3794 695 3853 cappa
740 3785 792 3832 et
830 3775 1011 3842 stola;
1041 3778 1318 3844 sequentes
1360 3769 1466 3824 alii
1500 3767 1812 3824 sacerdotes.
1845 3765 1923 3820 Ad
1951 3765 2168 3820 nullam

523 3870 725 3924 harum
773 3865 1086 3920 orationum
1125 3861 1332 3916 dicitur
1372 3856 1654 3914 Dominus
1699 3853 2023 3922 vobiscum,
2073 3854 2166 3909 sed

525 3958 742 4012 tantum
769 3953 1040 4010 Oremus.

593 4043 798 4100 Oratio.
833 4047 986 4096 Deus
1027 4037 1128 4111 qui
1186 4033 1552 4098 mirabiliter,
1600 4037 1732 4099 etc.,
1765 4040 1826 4087 ut
1881 4033 1942 4086 in
1993 4033 2163 4086 editis

519 4149 690 4206 usque
743 4131 814 4188 ad
861 4133 1031 4186 totam
1095 4127 1471 4182 duodecimam
1529 4123 1834 4191 lectionem,
1876 4124 2164 4192 postquam

518 4225 638 4282 haec
663 4221 1050 4294 subjiciuntur,
1081 4220 1285 4273 tractus
1317 4231 1330 4270 ε
1365 4214 1530 4270 Sicut
1559 4227 1782 4267 cervus.

591 4313 796 4368 Oratio.
845 4307 1230 4380 Omnipotens
1302 4302 1654 4375 sempiterne
1715 4299 1891 4366 Deus,
1942 4297 2162 4370 respice

517 4399 808 4475 propitius
855 4399 928 4454 ad
977 4395 1342 4452 devotionem
1391 4390 1593 4465 populi
1625 4387 2002 4452 renascentis,
2057 4386 2154 4459 qui

517 4491 672 4548 sicut
700 4505 906 4546 cervus
951 4501 1238 4558 aquarum
1283 4481 1498 4555 expetit
1527 4480 1770 4545 fontem,
1802 4482 1858 4534 et
1907 4477 2158 4532 concede

515 4577 824 4652 propitius,
857 4579 923 4632 ut
944 4575 1081 4630 ﬁdei
1105 4572 1294 4646 ipsius
1325 4571 1454 4628 sitis
1484 4566 1858 4641 baptismatis
1881 4563 2156 4638 mysterio

513 4669 774 4726 animam
803 4679 1136 4738 corpusque
1167 4659 1505 4718 sanctiﬁcet.
1537 4659 1664 4714 Per.

582 4757 662 4814 Ad
689 4757 945 4812 ultimam
993 4753 1278 4809 lectionem
1322 4747 1566 4805 sacerdos
1595 4745 1874 4818 egrediens
1902 4759 1972 4798 ex
1999 4741 2156 4796 choro

511 4863 637 4902 cum
662 4845 937 4900 ministris
961 4843 1184 4914 optimis
1213 4839 1546 4895 vestimentis
1571 4835 1846 4900 induitur,
1877 4832 1930 4886 si
1974 4834 2158 4886 tamen

513 4935 840 5006 baptismum
868 4947 981 4988 non
1007 4930 1483 4995 est-celebraturus
1507 4933 1666 4993 ;tunc
1688 4923 1838 4994 enim
1868 4919 2156 4976 vilioribus

511 5022 689 5077 utitur
716 5036 884 5094 usque
911 5019 980 5076 ad
1011 5021 1254 5076 missam.
1284 5019 1377 5073 His
1407 5019 1592 5084 itaque
1618 5011 1851 5084 peractis
1906 5016 2156 5064 cantores

511 5109 616 5166 duo
657 5111 842 5182 cappis
870 5109 1052 5166 induti
1079 5109 1338 5164 litaniam
1383 5109 1597 5160 ternam
1645 5101 1876 5172 faciant,
1909 5113 2027 5169 quae
2053 5112 2154 5168 pro

513 5205 748 5271 tempore
771 5201 1152 5272 protrahatur.
1187 5198 1304 5264 Qua
1362 5193 1524 5262 finita
1579 5191 1868 5245 conventus
1898 5187 1957 5240 in
1993 5185 2154 5240 choro

509 5291 844 5361 exspectans,
877 5289 1075 5344 sedeat.
1111 5284 1356 5342 Ministri
1381 5291 1564 5336 autem
1589 5278 1792 5333 reversi
1822 5278 1880 5330 in
1910 5276 2154 5329 sacrario

507 5393 680 5450 usque
707 5378 845 5434 dum
872 5391 1152 5448 campanae
1175 5374 1378 5429 sancta:
1405 5371 1644 5442 fuerint;
1675 5367 1870 5438 quibus
1901 5363 2154 5418 cessanti-

510 5468 608 5524 bus
636 5466 704 5540 ﬁt
717 5468 983 5539 processio
999 5479 1099 5538 per
1121 5464 1442 5525 claustrum,
1458 5462 1511 5514 et
1538 5460 1795 5512 cantatur
1816 5451 2117 5522 antiphona
2134 5471 2153 5517 ,-

507 5561 650 5613 Cum
709 5553 1108 5611 descendisset
1163 5549 1446 5605 Dominus
1486 5547 1557 5603 ad
1591 5545 1838 5600 inferna.
1875 5543 2152 5611 Usquequo

510 5645 731 5702 redeant
787 5647 846 5698 in.
903 5643 1146 5697 chorum.
1203 5639 1301 5696 Ubi
1356 5638 1513 5707 ﬁnita
1560 5634 1860 5706 antiphona
1910 5629 2152 5685 sacerdos

510 5739 636 5788 ante
697 5734 863 5787 basim
926 5732 1120 5787 altaris
1172 5729 1469 5785 consistens
1520 5724 1782 5780 mediocri
1808 5735 1930 5776 voce
1960 5719 2153 5790 incipit

2279 1990 2472 2044 Postea
2513 1989 2688 2059 prior,
2729 1990 2780 2044 si
2830 1989 3061 2042 missam
3117 2003 3230 2042 non
3273 1985 3649 2052 celebraverit,
3688 1986 3935 2057 incipiat

2278 2076 2638 2148 antiphonam
2663 2074 2917 2148 Vespere
2973 2077 3168 2130 autem
3225 2073 3504 2142 Sabbati;
3549 2089 3676 2128 cum
3711 2075 3935 2146 psalmo

2281 2165 2614 2238 Magnificat
2643 2163 2858 2220 anima.
2891 2165 2957 2220 Et
2983 2165 3147 2235 ﬁnita
3173 2163 3492 2235 antiphona,
3524 2169 3576 2218 et
3615 2165 3933 2218 communi-

2279 2257 2414 2311 catis
2459 2255 2748 2326 fratribus,
2801 2255 3021 2310 tandem
3070 2254 3316 2310 oratione
3361 2253 3426 2309 de
3473 2253 3645 2308 missa
3687 2267 3938 2324 vesperae

2281 2344 2572 2414 ﬁniuntur.
2604 2344 2668 2398 Et
2720 2343 2838 2398 ideo
2891 2343 3038 2414 apud
3096 2342 3355 2414 quosdam
3407 2357 3520 2396 non
3557 2343 3865 2410 incongrue
3898 2359 3936 2396 α

2280 2432 2506 2488 diacono
2561 2431 2982 2488 Benedicamus
3040 2431 3287 2487 Domino
3343 2429 3546 2485 dicitur
3571 2447 3593 2491 ;
3638 2429 3730 2484 sed
3783 2430 3939 2502 apud

2277 2537 2376 2576 nos
2403 2521 2612 2592 quoties
2669 2520 2864 2576 Gloria
2901 2520 2962 2575 in
3021 2518 3264 2576 excelsis
3323 2523 3434 2574 Deo
3490 2519 3728 2587 canitur,
3763 2521 3938 2574 etiam

2278 2609 2356 2665 ite
2378 2609 2558 2664 Missa
2578 2611 2667 2664 est
2687 2627 2721 2663 a
2751 2609 2974 2664 diacono
3004 2609 3229 2664 dicitur.

2511 2715 2571 2752 IN
2611 2714 2846 2753 SABBATI
2887 2714 3083 2753 SANCTI
3125 2712 3301 2752 NOCTE
3338 2713 3410 2751 AD
3451 2712 3690 2751 MISSAM.

2350 2787 2557 2842 Oratio.
2595 2787 2768 2851 Deus,
2802 2785 2904 2857 qui
2953 2785 3105 2840 hanc
3159 2783 3618 2840 sacratissimam
3669 2787 3930 2851 noctem,

2277 2879 2410 2942 etc.,
2443 2879 2503 2930 ut
2547 2877 2605 2930 in
2656 2875 2816 2930 editis
2859 2875 3036 2946 quoad
3081 2873 3221 2929 hanc
3265 2875 3584 2940 orationem,
3638 2876 3928 2942 secretam,

2274 2965 2680 3035 przefationem,
2702 2965 3183 3028 communicantes,
3213 2962 3354 3018 hanc
3383 2963 3580 3033 igitur,
3610 2970 3660 3016 et
3687 2977 3932 3018 commu-

2276 3055 2536 3118 nionem;
2566 3069 2692 3126 qum
2742 3054 2931 3109 omnia
2973 3057 3192 3108 tantum
3248 3051 3520 3107 habentur
3547 3053 3610 3106 in
3635 3053 3927 3106 enuntiato

2274 3143 2489 3198 missali
2518 3159 2644 3198 mss.
3117 3155 3124 3161 '
3634 3209 3636 3212 ν

2275 3247 2486 3286 INCIPIT
2524 3248 2674 3286 0RDO
2713 3246 2991 3294 QUALITER
3030 3245 3339 3285 EPISCOPUS
3377 3246 3481 3284 νει.
3512 3244 3825 3284 PRESBITER
3852 3246 3925 3283 AD

2619 3336 2835 3374 MISSAM
2875 3335 2940 3374 SE
2978 3335 3191 3374 DEBEAT
3231 3333 3596 3373 PREPARARE.

2348 3411 2410 3464 In
2425 3410 2624 3481 primis
2653 3411 2872 3465 cantent
2901 3417 3007 3463 tres
3034 3407 3270 3479 psalmos
3293 3421 3396 3478 per
3420 3423 3480 3462 se
3507 3405 3591 3462 vel
3617 3421 3653 3460 a
3681 3407 3928 3462 circum-

2275 3499 2544 3554 stantibus
2595 3499 2824 3564 clericis,
2877 3497 2934 3552 id
2962 3501 3040 3552 est
3077 3497 3357 3570 psalmum
3391 3512 3404 3550 :
3437 3497 3622 3560 Quam
3662 3493 3926 3564 Dilecta;

2271 3603 2354 3658 ps.
2391 3586 2776 3658 Benedixisti;
2806 3603 2888 3656 ps.
2927 3584 3167 3652 Inclina,
3199 3587 3248 3640 et
3288 3599 3637 3656 preces.......
3673 3582 3929 3655 Sequun-

2277 3681 2370 3730 tur
2415 3676 2764 3748 capitulum:
2799 3675 3075 3746 Exsurge,
3135 3673 3282 3738 Fiat,
3339 3671 3492 3728 Deus
3551 3677 3928 3738 couvertens,

2275 3764 2527 3820 Ostende
2557 3763 2747 3832 nobis,
2781 3763 2868 3818 Ab
2893 3760 3156 3829 occultis,
3189 3761 3316 3818 Non
3347 3761 3547 3830 intres,
3580 3761 3927 3820 Sacerdotes

2273 3853 2382 3908 tui.

2343 3941 2546 3996 Deinde
2574 3957 2698 3996 cum
2726 3943 2938 3996 exuerit
2967 3943 3212 3996 tunicam
3250 3940 3382 3995 dicit
3413 3958 3432 3995 :
3455 3941 3608 3994 Exue
3658 3955 3771 4007 me,
3807 3941 3922 3996 Do-

2273 4029 2453 4098 mine,
2473 4033 2722 4086 veterem
2741 4029 3037 4084 hominem
3067 4046 3199 4085 cum
3234 4029 3460 4084 actibus
3493 4027 3711 4097 suis,et
3740 4029 3923 4086 indue

2272 4135 2365 4173 me
2386 4135 2601 4174 novum
2631 4117 2950 4186 hominem,
2972 4118 3072 4191 qui
3108 4119 3431 4173 secundum
3465 4117 3648 4172 Deum
3683 4122 3920 4174 creatus

2270 4213 2359 4263 est
2385 4207 2442 4261 in
2467 4207 2699 4277 justitia
2730 4211 2787 4262 et
2817 4207 3128 4262 sanctitate
3157 4205 3442 4262 veritatis.

2341 4297 2416 4350 Ad
2443 4298 2707 4350 amictum
2737 4312 2750 4350 :
2786 4296 3016 4367 Scinde,
3051 4295 3315 4363 Domine,
3341 4309 3576 4350 saccum
3622 4310 3822 4350 meum
3854 4299 3917 4352 et

2269 4384 2342 4439 da
2373 4383 2632 4440 laetitiam
2658 4385 2852 4457 cordis
2879 4384 3014 4440 mei.
3049 4389 3252 4441 Amen.

2338 4473 2415 4528 Ad
2441 4473 2623 4529 albam
2653 4492 2671 4526 :
2703 4474 2887 4529 Indue
2925 4490 3039 4540 me,
3074 4473 3339 4541 Domine,
3373 4471 3612 4528 loricam
3663 4471 3914 4543 justitia:

2267 4567 2325 4618 et
2353 4561 2581 4634 galeam
2611 4563 2840 4618 salutis.
2872 4565 3079 4618 Amen.

2337 4651 2414 4707 Ad
2437 4653 2720 4724 cingulum
2749 4670 2768 4706 :
2798 4652 3110 4724 Prmcinge,
3134 4651 3399 4717 Domine,
3433 4650 3667 4707 lumbos
3697 4651 3915 4707 mentis

2267 4756 2406 4794 meae
2424 4743 2481 4795 et
2511 4739 2864 4796 circumcide
2889 4741 3031 4796 vitia
3061 4739 3252 4796 cordis
3283 4739 3418 4794 mei.
3450 4741 3655 4794 Amen.

2336 4829 2414 4884 Ad
2460 4829 2658 4885 stolam
2701 4845 2713 4885 :
2766 4829 2926 4885 Stola
2963 4829 3209 4901 justitiae
3271 4829 3592 4899 circumda,
3643 4828 3913 4900 Domine,

2265 4917 2544 4973 cervicem
2577 4921 2863 4985 meam,et
2893 4919 2964 4973 ab
2989 4918 3148 4974 omni
3171 4917 3545 4989 corruptione
3574 4917 3794 4988 peccati
3811 4935 3914 4990 pu-

2265 5006 2427 5061 rilica
2457 5010 2713 5062 mentem
2747 5022 2962 5062 meam.

2335 5095 2410 5150 Ad
2441 5096 2686 5150 casulam
2705 5113 2724 5149 :
2743 5095 2922 5151 Indue
2945 5111 3057 5161 me,
3081 5095 3342 5160 Domine,
3367 5092 3716 5151 sacerdotali
3731 5094 3912 5164 justi-

2265 5184 2362 5251 tia,
2387 5187 2449 5238 ut
2477 5184 2670 5238 induci
2696 5201 2922 5240 merear
2948 5184 3005 5239 in
3039 5183 3418 5240 tabernacula
3458 5182 3836 5255 sempiterna.

2335 5274 2472 5327 Dum.
2522 5274 2693 5328 intrat
2735 5272 2804 5328 ad
2851 5275 3028 5328 altare
3073 5273 3267 5328 dicat:
3308 5273 3562 5328 Introibo
3613 5273 3683 5328 ad
3729 5261 3914 5329 altare

2261 5361 2384 5426 Dei,
2417 5361 2488 5414 ad
2520 5361 2702 5416 Deum
2737 5379 2748 5416 :
2781 5363 2919 5432 psal.
2953 5362 3162 5418 Judica
3203 5377 3316 5428 me,
3341 5360 3514 5418 Deus.

2335 5449 2469 5505 Cum
2496 5452 2802 5519 pervenerit
2831 5450 2900 5505 ad
2938 5451 3115 5506 altare
3144 5451 3433 5522 humiliter
3460 5450 3726 5506 inclinato
3757 5451 3914 5507 vultu

2261 5537 2406 5593 dicat
2431 5540 2822 5609 confessionem
2851 5539 2992 5594 lianc
3033 5544 3201 5596 totam
3239 5556 3335 5611 per
3385 5540 3632 5595 ordinem
3665 5558 3683 5594 :
3714 5539 3908 5610 Kyrie.

2259 5625 2504 5683 Christe.
2529 5626 2697 5681 Pater
2727 5633 2943 5694 noster,
2965 5627 3065 5700 qui
3099 5645 3179 5684 es.
3215 5629 3585 5700 Adjutorium
3616 5633 3905 5684 nostrum.

2261 5715 2368 5782 Qui
2401 5715 2536 5770 fecit
2569 5715 2780 5771 cmlum
2824 5721 2881 5772 et
2925 5721 3158 5772 terram.
3206 5717 3572 5774 Confitemini
3634 5715 3903 5783 Domino,
