3978 6358
142 434 273 504 883

960 441 1342 508 EXCERPT.
1386 442 1491 508 EX
1531 444 1760 510 CODD.
1810 444 2125 547 LITURG.
2172 445 2772 511 FONTAVELLAN.

3451 399 3586 507 est

147 573 445 650 quoniam
476 573 688 645 bonus,
716 575 994 650 quoniam
1023 578 1083 635 in
1105 568 1384 636 saeculum
1410 578 1813 636 misericordia
1837 582 1894 648 Α
1922 579 2143 637 scimus
2173 582 2435 638 conﬁteri
2458 583 2615 654 quod
2647 598 2763 637 non
2788 580 3066 638 timemus
3088 576 3421 651 admittere;
3452 560 3583 647 veri

144 667 306 739 ejus.
330 668 404 725 Et
447 684 553 741 ego
602 668 782 725 miser
829 668 1049 735 infelix,
1077 669 1356 726 confiteor
1398 669 1514 725 Deo
1545 668 1810 741 omnipo-

143 756 299 813 tenti
330 756 512 827 Patri,
544 761 603 814 et
642 757 807 826 Filio,
831 762 889 815 et
918 758 1160 832 Spiritui
1203 762 1427 828 sancto,
1451 761 1507 813 et
1536 758 1812 814 omnibus

144 844 381 919 angelis
412 850 470 903 et
498 847 720 904 sanctis
758 849 906 919 ejus,
929 853 987 903 et
1016 848 1145 916 tibi,
1179 847 1375 912 frater,
1403 847 1542 919 quia
1580 845 1811 919 peccavi

143 934 331 993 nimis
383 952 515 992 mea
552 936 744 1009 culpa,
776 953 908 993 mea
936 936 1128 1010 culpa,
1160 953 1291 992 mea
1339 935 1531 1008 culpa,
1555 935 1614 990 in
1648 936 1810 1008 cogi-

144 1024 396 1094 tatione,
425 1024 738 1095 locutione,
758 1025 1166 1094 delectatione,
1188 1042 1477 1082 consensu
1506 1029 1564 1081 et
1593 1041 1763 1097 opere
1793 1043 1806 1080 :

148 1113 283 1170 ideo
313 1114 599 1186 deprecor
626 1130 829 1171 omnes
855 1118 1088 1171 sanctos
1118 1115 1221 1171 Dei
1243 1118 1300 1170 et
1318 1118 1395 1183 te,
1420 1113 1621 1183 frater,
1648 1129 1814 1171 orare

151 1205 211 1259 et
238 1200 604 1259 intercedere
628 1220 733 1276 pro
755 1220 849 1259 me
877 1207 1177 1278 peccatore
1200 1202 1516 1261 Dominum
1544 1205 1812 1259 nostrum

146 1290 178 1347 J
185 1306 359 1348 esum
390 1291 709 1349 Christum.

220 1379 539 1438 Miseratur
564 1380 651 1437 tui
696 1383 1064 1456 omnipotens
1115 1384 1289 1453 Deus,
1314 1387 1371 1440 et
1399 1382 1659 1439 dimittat
1706 1381 1811 1451 tibi

149 1469 355 1526 omnia
382 1474 624 1543 peccata
652 1475 784 1540 tua;
816 1470 1022 1529 liberet
1050 1478 1107 1529 te
1140 1475 1211 1529 ab
1241 1473 1402 1529 omni
1434 1470 1609 1542 malo,
1631 1469 1814 1526 salvet

149 1560 207 1614 et
237 1558 550 1615 confirmet
578 1564 634 1615 te
665 1560 725 1616 in
756 1562 917 1617 omni
954 1580 1125 1635 opere
1165 1563 1337 1630 bono,
1359 1566 1417 1617 et
1445 1561 1728 1633 perducat
1756 1562 1812 1614 te

148 1645 425 1705 Christus
455 1648 635 1706 Filius
664 1651 765 1706 Dei
798 1651 856 1705 in
884 1650 1066 1707 vitam
1095 1655 1394 1708 aeternam.
1422 1651 1630 1706 Amen.

223 1738 661 1813 lndulgentiam
690 1745 749 1796 et
778 1740 1188 1797 remissionem
1233 1740 1498 1796 omnium
1543 1741 1810 1811 peccato-

144 1845 283 1885 rum
314 1832 672 1897 nostrorum,
698 1834 755 1886 et
785 1830 1042 1901 spatium
1074 1847 1243 1898 verae,
1275 1830 1585 1885 fructuosa
1623 1826 1808 1900 poeni-

141 1918 345 1974 tentiae
379 1918 600 1975 tribuat
628 1918 798 1975 nobis
829 1919 1201 1991 omnipotens
1232 1917 1537 1974 Dominus.

219 2008 274 2075 ἃ.
308 2007 465 2064 Deus
495 2012 558 2064 tu
586 2013 928 2065 convertens
951 2007 1273 2064 vivificabis
1305 2023 1430 2062 nos.

218 2097 281 2166 ἡ.
315 2097 385 2152 Et
412 2096 579 2170 plebs
610 2097 903 2154 lzstabitur
931 2097 992 2152 in
1022 2101 1097 2153 te.

217 2196 274 2263 Ῡ.
307 2194 561 2252 Ostende
591 2196 779 2265 nobis,
805 2195 1071 2262 Domine,
1095 2194 1557 2251 misericordiam
1581 2196 1765 2248 tuam.

220 2285 283 2352 ιῆ.
315 2284 386 2340 Et
415 2284 669 2342 salutare
697 2290 866 2341 tuum
894 2285 969 2341 da
999 2284 1187 2339 nobis.

219 2374 275 2439 ᾗ.
309 2373 436 2430 Non
470 2374 653 2431 intres
681 2373 741 2430 in
768 2374 1017 2447 judicio.

224 2464 284 2531 ιξ.
319 2462 467 2528 Quia
493 2480 609 2519 non
632 2464 1075 2535 justiﬁcabitur.

220 2552 279 2619 ἢ.
309 2550 606 2625 Propitius
635 2557 778 2609 esto.

224 2642 285 2711 ἡ.
319 2641 640 2713 Nequando
670 2642 884 2697 dicant.

220 2731 278 2801 ᾗ.
309 2729 578 2799 Domine,
608 2731 815 2787 exaudi
847 2731 1171 2787 orationem
1202 2748 1417 2787 meam.

226 2821 286 2887 ἢ.
322 2820 392 2875 Et
422 2818 642 2876 clamor
670 2836 838 2876 meus
868 2821 940 2876 ad
969 2823 1027 2876 te
1056 2821 1265 2876 veniat.

226 2909 281 2975 in
314 2908 600 2965 Dominus
629 2908 951 2965 vobiscum.

228 2999 291 3068 ἡ,
322 2998 395 3054 Et
423 3014 557 3053 cum
589 2998 799 3070 spiritu
829 3003 949 3055 tuo.

226 3088 435 3144 Oratio.
466 3087 644 3143 Aufer
673 3105 707 3143 a
735 3087 927 3157 nobis,
962 3087 1227 3151 Domine,
1250 3103 1609 3160 quaesumus,
1629 3086 1811 3141 inter-

147 3176 522 3233 venientibus
551 3176 681 3233 istis
728 3182 785 3234 et
826 3177 1101 3233 omnibus
1132 3177 1350 3233 sanctis
1395 3177 1536 3242 tuis,
1570 3179 1810 3231 cunctas

150 3266 497 3339 iniquitates
528 3269 779 3335 nostras,
807 3270 870 3321 ut
918 3266 990 3322 ad
1035 3266 1248 3321 Sancta
1277 3269 1613 3322 sanctorum
1646 3264 1811 3337 puris

151 3355 455 3412 mentibus
486 3371 819 3410 mereamur
847 3354 1108 3410 introire.
1143 3355 1251 3410 Per
1280 3354 1615 3410 Dominum.

223 3443 452 3514 Quando
481 3445 759 3501 osculatur
787 3446 963 3500 altare
995 3444 1166 3499 dicit:
1189 3444 1439 3499 Oramus
1463 3448 1538 3508 te,
1564 3442 1813 3498 Domine

152 3535 308 3592 Deus
341 3537 540 3590 noster
567 3532 957 3606 omnipotens,
982 3536 1047 3588 ut
1076 3549 1178 3604 pcr
1210 3531 1421 3586 merita
1450 3537 1809 3595 sanctorum,

154 3639 411 3697 quorum
443 3620 701 3694 reliquie
733 3621 827 3678 hic
852 3626 1011 3689 sunt,
1035 3620 1339 3694 indulgere
1362 3620 1531 3675 nobis
1553 3618 1813 3693 digneris

151 3712 359 3769 omnia
386 3716 624 3785 peccata
654 3717 874 3768 nostra.

222 3800 431 3858 Deinde
476 3818 602 3857 cum
647 3802 1008 3870 Evangelium
1054 3800 1330 3855 osculatur
1358 3816 1377 3853 :
1412 3799 1526 3854 Pax
1574 3797 1811 3866 Christi,

157 3908 336 3963 quam
371 3889 539 3946 nobis
570 3906 673 3961 per
696 3889 1073 3962 Evangelium
1106 3905 1281 3945 suum
1312 3888 1576 3957 tradidit,
1609 3888 1816 3943 confir-

158 3985 279 4036 met
307 3985 367 4035 et
393 3982 695 4035 conservet
726 3979 901 4035 corda
942 3983 1000 4035 et
1039 3995 1283 4051 corpora
1310 3982 1513 4033 nostra
1546 3977 1604 4032 in
1635 3977 1815 4032 vitam

159 4074 455 4127 aeternam.
489 4072 693 4125 Amen.

227 4161 366 4217 Ante
396 4159 757 4232 Evangelia-ru
788 4175 912 4215 cum
948 4159 1195 4229 posuerit
1226 4159 1513 4213 incensum
1548 4157 1607 4211 in
1635 4157 1814 4210 thuri-

161 4250 351 4305 bulum
373 4248 526 4317 dicit,
564 4250 644 4304 vel
674 4253 969 4321 antequam
999 4248 1262 4302 diaconus
1290 4263 1347 4301 se
1376 4246 1644 4301 inclinet:
1674 4244 1819 4300 Odo-

160 4355 283 4396 rem
326 4336 577 4394 cmlestis
630 4336 1029 4409 inspirationis
1060 4353 1178 4391 sum
1211 4335 1489 4391 accendat
1537 4334 1594 4388 in
1618 4333 1818 4393 .nobis

160 4427 469 4495 Dominus,
505 4431 563 4481 et
592 4425 834 4499 impleat
877 4426 1056 4482 corda
1086 4429 1285 4480 nostra
1325 4423 1397 4478 ad
1443 4422 1735 4478 audienda
1763 4426 1822 4476 et

161 4515 464 4589 implenda
489 4515 581 4572 sui
613 4514 909 4588 Evangelii
942 4519 1244 4588 praecepta.
1279 4512 1387 4578 Qui
1417 4510 1575 4567 vivit.

236 4588 362 4662 Ᾱιία
389 4606 583 4661 oratio.
616 4603 681 4660 In
714 4604 950 4660 nomine
982 4602 1188 4671 Patris,
1212 4606 1269 4657 et
1299 4598 1449 4668 Filii,
1483 4603 1536 4654 et
1568 4588 1820 4671 spiritus

1920 670 2013 727 bis
2044 670 2162 727 tuis
2206 674 2435 727 tantum
2484 671 2887 744 obsequimur,
2919 671 3089 727 corde
3138 670 3481 740 mentimur,
3514 670 3581 728 et

1921 761 2076 833 quod
2098 760 2241 817 velle
2262 778 2368 816 nos
2391 760 2663 829 dicimus,
2685 760 2839 817 nolle
2857 759 3072 816 nostris
3110 760 3338 818 actibus
3368 777 3575 833 appro-

1920 852 2161 919 bamus;
2199 853 2296 905 sed
2340 866 2534 923 parce,
2560 850 2818 918 Domine,
2856 849 3292 916 confitentibus,
3337 850 3587 923 ignosce-

1922 938 2318 1010 peccantibus,
2344 938 2620 996 miserere
2642 942 2697 995 te
2732 935 3094 1011 rogantibus,
3118 941 3170 996 et
3212 937 3353 1010 quia
3379 939 3574 995 omnis

1922 1044 2135 1084 sensus
2164 1029 2223 1084 in
2253 1030 2637 1085 sacramentis
2660 1029 2779 1085 tuis
2811 1029 3082 1085 infirmus
3109 1032 3217 1095 est,
3242 1030 3299 1083 et
3327 1029 3482 1100 apud
3514 1022 3585 1084 te'

1922 1134 2037 1172 non
2069 1117 2288 1174 habent
2316 1118 2492 1174 verba
2521 1118 2648 1174 sine
2677 1117 2941 1185 crimine,
2966 1120 3196 1190 praesta,
3218 1115 3484 1184 Domine,
3507 1121 3575 1173 ut

1921 1221 1989 1263 ex
2019 1208 2189 1263 nobis
2220 1207 2481 1279 indignis
2511 1215 2566 1263 et
2595 1207 2999 1279 peccatoribus
3028 1205 3207 1262 verba
3235 1222 3353 1261 non
3386 1202 3587 1262 susci-’

1920 1296 2069 1368 pias,
2095 1313 2198 1368 per
2223 1295 2602 1369 temetipsum
2632 1296 2862 1352 veniam
2894 1294 3183 1368 largiaris,
3206 1294 3307 1366 qui
3338 1293 3484 1351 vivis
3514 1298 3573 1351 et

1921 1385 2262 1441 dominaris.
3586 1428 3589 1433 -

1990 1477 2133 1531 Dum
2160 1476 2331 1531 abluit
2364 1492 2562 1531 manus
2585 1477 2874 1547 postquam
2905 1474 3208 1545 perlectum
3235 1473 3313 1527 est
3339 1488 3589 1543 evanger

1920 1565 2099 1635 lium}
2122 1564 2353 1638 Largire
2375 1564 2647 1620 sensibus
2669 1561 2903 1630 nostris,
2918 1561 3289 1633 omnipotens
3310 1560 3572 1629 Pater,ut

1921 1654 2074 1711 sicut
2102 1654 2198 1709 hic
2219 1653 2540 1709 abluuntur
2560 1651 3007 1724 inquinamenta
3026 1666 3331 1720 manuum,
3356 1649 3439 1705 sic
3460 1638 3571 1706 ate

1920 1744 2281 1800 mundentur
2301 1741 2549 1798 interius
2571 1740 2925 1815 pollutiones
2948 1732 3256 1806 mentium,
3273 1741 3329 1794 et
3347 1742 3572 1795 crescat

1919 1833 1980 1889 in
2014 1833 2183 1890 nobis
2209 1836 2592 1905 augmentum
2627 1833 2961 1887 sanctarum
2991 1827 3296 1884 virtutum.

1836 1953 1883 2018 Β
1991 1881 2391 1993 Antequamoad
2433 1923 2777 1977 sacramenta
2823 1918 3062 1985 accedat,
3104 1916 3338 2005 inclinet
3350 1932 3419 2014 “se
3446 1910 3598 2007 ante;

1911 2013 2086 2069 altare
2112 2013 2332 2067 dicens:
2364 2011 2648 2066 Facturus
2679 2024 2787 2081 ego
2817 2011 3086 2079 peccator
3115 2001 3464 2081 memoriam
3487 1998 3598 2061 sa?

1913 2101 2122 2157 lutaris
2151 2101 2355 2157 hostiae
2387 2099 2571 2155 totius
2596 2096 2823 2165 mundi,
2847 2111 2983 2151 cum
3012 2093 3173 2151 illius
3202 2093 3569 2167 dignitatem,

1916 2196 1971 2247 et
2001 2207 2193 2246 meam
2241 2190 2474 2245 intueor
2522 2187 2861 2257 foeditatem,
2894 2182 3249 2240 conscientia
3297 2186 3573 2254 torqueor

1915 2283 2311 2352 peccatorum,
2326 2294 2527 2333 verum
2560 2275 2699 2349 quia
2738 2278 2801 2330 tu
2834 2272 3089 2328 multum
3119 2270 3453 2328 misericors
3482 2267 3597 2339 es,'

1915 2368 2186 2442 imploro,
2210 2371 2275 2423 ut
2302 2366 2559 2439 digneris
2583 2363 2727 2419 mihi
2750 2364 2889 2419 dare
2912 2360 3188 2433 spiritum
3211 2359 3565 2416 contribula-
3595 2430 3603 2439 ἢ

1914 2462 2063 2525 tum,
2096 2457 2250 2529 quod
2283 2454 2389 2511 tibi
2419 2458 2650 2527 gratum
2684 2450 2950 2508 revelasti
2982 2448 3356 2515 sacriﬁcium,
3388 2450 3452 2502 ut
3498 2448 3599 2531 eo,

1914 2546 2258 2618 purificatus
2279 2544 2436 2599 vitali
2463 2541 2667 2598 hostiis
2684 2540 2811 2613 pias
2836 2554 3049 2594 manus
3065 2537 3563 2607 admoveam,quae

1916 2634 2114 2690 omnia
2137 2636 2374 2706 peccata
2405 2648 2534 2687 mea
2563 2628 2812 2696 abolent,
2836 2631 2894 2682 et
2921 2642 2990 2681 ea
3017 2624 3078 2680 in
3108 2625 3459 2696 perpetuum
3482 2623 3566 2677 vi-

1916 2722 2078 2779 tandi
2096 2720 2384 2778 cautelam
2404 2719 2695 2784 infundat,
2710 2715 3121 2786 omnibusque,
3136 2729 3240 2785 pro
3258 2711 3473 2784 quibus
3500 2709 3569 2767 ti-
3594 2710 3600 2716 ’

1916 2813 1974 2867 bi
2007 2812 2248 2868 offertur
2277 2808 2484 2866 salutis
2506 2803 2859 2863 commercia
2885 2802 3187 2875 largiatur.
3207 2801 3332 2856 Per.
3361 2800 3591 2856 Amen..

1990 2900 2214 2970 Quando
2245 2901 2365 2971 quis
2394 2898 2549 2969 o/fert
2575 2896 2909 2952 oblationem
2928 2891 3267 2964 presbytero,
3291 2888 3473 2944 dicat:
3504 2890 3570 2942 In

1919 2990 2130 3063 spiritu
2156 2986 2509 3044 humilitatis
2532 2990 2589 3041 et
2609 2984 2670 3039 in
2702 2981 2897 3038 animo
2928 2979 3177 3036 contrito
3200 2977 3309 3034 tibi
3330 2973 3572 3032 Domino

1919 3077 2175 3136 Creatori
2198 3094 2327 3133 meo
2347 3075 2603 3132 hostiam
2621 3072 2799 3129 otl‘ero
2819 3086 2923 3144 pro
2943 3067 3289 3125 remissione
3309 3064 3574 3122 omnium

1918 3171 2288 3241 peccatorum
2321 3180 2608 3230 meorum,
2642 3165 2699 3217 et
2732 3162 3076 3215 cunctorum
3118 3153 3381 3212 ﬁdelium
3411 3154 3573 3210 vivo-

1922 3240 2054 3313 rum
2086 3260 2262 3327 atque
2294 3258 2678 3309 mortuorum.
3264 3240 3269 3243 ’

1993 3345 2249 3401 Sacerdos
2278 3344 2608 3399 oblationem
2635 3337 2909 3409 accipiens
2936 3335 3122 3390 dicat:
3154 3332 3417 3405 Suscipe,
3448 3348 3575 3386 san-

1920 3439 2013 3491 cta
2041 3434 2319 3499 Trinitas,
2353 3431 2502 3486 hanc
2546 3426 2924 3490 oblationem,
2946 3439 3126 3494 quam
3157 3421 3263 3478 tibi
3293 3421 3461 3477 offert
3488 3419 3574 3475 fa-

1922 3523 2122 3580 mulus
2148 3527 2310 3587 tuus,
2342 3524 2399 3575 et
2430 3520 2641 3591 praesta
2671 3519 2735 3571 ut
2760 3514 2822 3569 in
2853 3515 3234 3584 conspectum
3267 3513 3436 3565 tuum
3468 3507 3574 3564 tibi

1923 3614 2161 3688 placens
2193 3610 2489 3667 ascendat.
3253 3687 3281 3688 η
3314 3685 3323 3688 Α
3368 3660 3373 3671 .

1994 3703 2137 3758 Alia.
2173 3698 2435 3770 Suscipe,
2469 3699 2671 3752 sancta
2715 3690 2990 3758 Trinitas,
3013 3703 3191 3761 quam
3219 3685 3341 3771 tibi.
3373 3686 3573 3753 offero,

1924 3810 2028 3866 pro
2060 3790 2369 3847 animabus
2404 3784 2758 3842 famulorum
2799 3777 3272 3849 famularumque
3313 3778 3573 3844 tuarum,

1927 3862 1993 3937 ut
2027 3880 2286 3952 requiem
2320 3881 2594 3933 cateruam
2628 3871 2710 3927 illi
2741 3871 2923 3927 dones
2948 3868 3101 3924 inter
3120 3868 3354 3922 sanctos
3376 3866 3434 3920 et
3465 3862 3578 3919 cle-

1927 3976 2051 4027 ctos
2080 3974 2236 4035 tuos,
2272 3971 2334 4024 ut
2366 3967 2426 4021 in
2458 3964 2690 4020 illorum
2723 3958 3037 4027 consortio,
3060 3956 3181 4012 vita
3209 3954 3583 4028 perfruamur

1928 4065 2161 4116 interna.
2197 4058 2321 4113 Per.

2000 4149 2305 4219 Presbyter,
2350 4148 2429 4202 vel
2472 4145 2734 4200 diaconus
2777 4140 3004 4195 calicem
3041 4137 3215 4207 oﬂ'ert,
3247 4131 3438 4188 dicat:
3470 4131 3580 4186 Do-

1930 4239 2088 4293 mine
2117 4238 2254 4293 Jesu
2301 4236 2548 4301 Christe,
2572 4232 2672 4304 qui
2718 4230 2777 4285 in
2810 4243 2981 4285 cruce
3012 4222 3304 4298 passionis
3350 4223 3463 4277 tua:
3511 4219 3582 4274 de

1928 4326 2109 4382 latere
2139 4330 2241 4380 tuo
2294 4324 2643 4395 sanguinem
2695 4323 2753 4374 et
2801 4331 3036 4389 aquam,
3066 4313 3221 4370 unde
3262 4308 3582 4371 Ecclesium

1929 4430 2319 4480 consecrares,
2352 4427 2590 4467 manare
2635 4406 2889 4472 voluisti,
2925 4403 3155 4476 suscipe
3204 4401 3312 4456 hoc
3363 4397 3582 4455 sacriﬁ-

1931 4504 2086 4559 cium
2119 4500 2285 4556 altari
2316 4506 2416 4556 tuo
2452 4496 2910 4570 superpositum,
2934 4496 2991 4548 et
3032 4490 3302 4559 concede,
3327 4486 3584 4543 clemen-

1931 4591 2177 4657 tissime,
2204 4593 2267 4643 ut
2297 4605 2399 4661 pro
2432 4584 2830 4657 redemptione
2855 4586 3055 4638 nostra
3085 4583 3141 4635 et
3171 4577 3349 4633 totius
3375 4574 3578 4630 mundi

167 4694 375 4753 sancti;
411 4697 723 4753 Incensum
754 4690 1390 4763 istud,etc.Dirigatur,
1422 4688 1685 4754 Domine,
1710 4690 1818 4742 etc.
1854 4693 1901 4758 Ι)
1932 4682 1991 4737 in
2023 4682 2401 4750 conspectum
2433 4675 2638 4731 divina:
2687 4669 3012 4744 majestatis
3059 4671 3172 4722 tua:
3221 4680 3355 4721 cum
3405 4663 3582 4718 odore

240 4784 376 4839 Cum
404 4787 589 4839 autem
633 4782 897 4839 diaconus
940 4781 1164 4853 petierit
1213 4778 1634 4835 benedictionem
1664 4795 1680 4830 :
1712 4775 1821 4830 Do-

171 4872 370 4929 minus
400 4870 479 4928 sit
508 4871 569 4926 in
601 4871 772 4927 corde
802 4874 900 4927 tuo
932 4874 990 4925 et
1028 4869 1088 4924 in
1121 4867 1293 4924 labiis
1324 4866 1465 4935 tuis,
1501 4869 1565 4921 ut
1594 4880 1823 4936 compe-

169 4965 359 5019 tenter
388 4959 625 5017 nunties
653 4959 1034 5033 Evangelium
1061 4957 1243 5030 pacis.

242 5051 486 5107 Pertecto
515 5053 701 5106 autem
733 5050 1030 5119 Evangelio
1059 5048 1203 5103 dicat
1234 5065 1252 5101 :
1286 5045 1401 5101 Pax
1428 5043 1554 5099 tibi.

245 5140 472 5209 Quando
520 5145 704 5195 autem
750 5140 1030 5195 osculatur
1078 5135 1437 5204 Evangelium
1485 5132 1620 5188 dicit
1658 5147 1673 5186 :
1726 5131 1832 5185 Per

174 5231 319 5288 istos
350 5244 650 5286 sermones
694 5228 882 5284 sancti
934 5224 1228 5297 Evangelii
1282 5221 1412 5279 Filii
1460 5220 1552 5276 sui
1601 5219 1831 5275 Domini

1936 4790 2000 4828 su
2010 4767 2241 4827 avitutis
2272 4765 2567 4821 ascendat.

2009 4860 2142 4914 Cum
2186 4856 2527 4927 superposita
2573 4851 2755 4905 oblata
2803 4849 2891 4920 [t.,
2923 4845 3100 4918 oﬂ‘ert]
3149 4842 3294 4899 dicat
3342 4857 3377 4894 :.
3410 4840 3583 4894 Acce-

1936 4954 2102 5021 ptum
2135 4946 2240 5002 tibi
2272 4943 2349 5000 sit
2374 4939 2758 5012 omnipotenti
2779 4938 2895 4993 Deo
2917 4932 3273 4991 sacrificium
3303 4928 3461 4985 istud
3492 4943 3586 4982 su-

1940 5055 2042 5112 per
2073 5036 2252 5092 altare
2282 5038 2448 5089 tuum
2480 5029 2759 5102 positum.

2016 5129 2161 5182 Tunc
2187 5125 2337 5181 calix
2380 5136 2543 5192 super
2584 5118 2759 5173 altare
2798 5115 3073 5187 ponitur:
3105 5109 3416 5168 Otferimus
3459 5104 3587 5173 tibi,

1942 5215 2188 5273 Domine
2219 5212 2457 5269 calicem
2490 5206 2784 5274 salutaris,
2808 5204 3190 5275 deprecamur
3219 5194 3590 5253 clementiam

176 5318 363 5378 nostri
411 5318 553 5375 Jesu
600 5316 836 5384 Christi,
875 5314 1182 5389 indulgeat
1224 5310 1512 5369 Dominus
1562 5309 1835 5365 universa
1942 5310 2127 5370 tuam,
2158 5307 2222 5357 ut
2250 5301 2309 5356 in
2344 5300 2656 5371 conspectu
2686 5293 2895 5349 divinas
2926 5287 3252 5389 majestatis
3277 5290 3390 5389 tuae
3420 5282 3594 5389 sacri.

178 5409 394 5467 delicta
425 5411 643 5464 nostra.

248 5500 552 5570 Antequam
601 5496 934 5553 oblationem
979 5495 1216 5566 accipiat
1265 5488 1577 5545 humillime
1626 5486 1770 5540 dicat
1814 5502 1835 5547 ,-

178 5590 326 5645 Ante
348 5585 546 5643 oculos
567 5589 721 5654 tuos,
737 5584 912 5651 Deus,
931 5599 1065 5639 reus
1097 5576 1464 5637 conscientiae
1492 5574 1659 5631 testis
1690 5573 1837 5629 assi-

180 5682 294 5750 sto,
316 5692 523 5749 rogare
543 5693 657 5734 non
679 5675 891 5743 audeo,
913 5675 1068 5747 quod
1101 5672 1413 5745 impetrare
1438 5683 1554 5722 non
1583 5680 1836 5731 mereor;

182 5775 249 5828 tu
269 5766 430 5825 enim
462 5764 597 5836 scis,
617 5764 882 5833 Domine,
899 5779 1025 5837 quas
1048 5764 1303 5835 aguntur
1333 5759 1392 5814 in
1424 5754 1617 5827 nobis,
1639 5753 1840 5811 erube-

1946 5394 2144 5450 ﬁcium
2176 5394 2443 5447 nostrum
2475 5403 2609 5443 cum
2641 5384 2815 5440 odore
2845 5378 3149 5438 suavitatis
3180 5373 3476 5431 ascendat.

2018 5485 2159 5538 Tunc
2201 5480 2387 5537 devota
2429 5493 2601 5532 manu
2631 5474 2907 5530 benedicat
2936 5469 3265 5526 oblationem
3292 5466 3344 5518 et
3372 5460 3597 5517 calicem

1945 5572 2128 5628 dicens
2154 5592 2172 5626 :
2197 5565 2775 5637 Veni,sanctiﬁcator
2800 5559 3167 5631 omnipotens
3191 5556 3402 5608 eterna
3424 5553 3594 5617 Deus,

1947 5660 2227 5728 benefdic
2257 5662 2313 5713 et
2343 5654 2646 5712 sanctiﬁca
2675 5653 2784 5709 hoc
2823 5648 3176 5708 sacriﬁcium
3225 5639 3331 5697 tibi
3378 5652 3599 5711 praepa-

1950 5755 2166 5808 ratum.
