3978 6352
375 391 498 462 887

1561 392 1757 458 SEC.
1800 387 1888 456 Χῑ
1923 388 2240 456 NONUM.
2283 392 2600 463 LITUBG.

3627 386 3784 474 .903

449 530 593 607 Atia.
628 529 690 589 In
722 527 958 586 nomine
987 525 1177 585 Patris
1205 531 1262 584 et
1294 527 1419 604 Filii
1450 532 1505 584 et
1529 526 1780 600 Spiritus
1811 526 2020 598 sancti,
2048 525 2106 592 Α
2133 526 2322 599 Hujus
2349 526 2699 589 sacramenti
2723 525 3013 598 susceptio
3035 525 3136 585 ﬁat
3157 523 3348 594 nobis,
3369 522 3637 592 Domine,-
3661 540 3784 582 om-

379 619 459 685 sit
485 617 596 674 hoc
635 614 988 677 sacrificium
1031 615 1494 684 immaculatum,
1519 619 1575 672 et
1606 633 1640 672 a
1667 619 1723 671 te
1751 613 1869 672 Deo
1898 615 2022 674 vivo

379 691 591 765 et'vero
622 705 965 774 adunatum,
991 709 1048 760 et
1075 709 1478 762 consecratum
1509 709 1566 760 et
1592 704 1984 760 benedictum.

424 775 855 874 (Super'o'btata'
901 811 920 848 :
979 793 1310 864 Sanctiﬁca,
1345 810 1706 866 quaesumus.
1755 793 2020 860 Domine,

379 875 530 964 hanc
558 882 970 962 oblaitionem,
1012 885 1078 938 ut
1119 881 1288 939 nobis
1335 881 1630 956 Unigeniti
1677 881 1763 936 tui
1813 898 2024 955 corpus

377 971 504 1030 ﬁat.

441 1035 624 1136 fSuper
667 1061 891 1119 calicem
937 1060 1083 1116 dicat
1109 1077 1129 1116 :
1160 1059 1488 1128 Sanctiﬁca,
1520 1075 1878 1132 quaesumus,
1911 1057 2022 1114 Do-

379 1133 750 1218 mitianum
781 1148 1132 1226 ‘calitcem,
1165 1153 1230 1204 ut
1277 1149 1446 1203 nobis
1477 1147 1602 1204 Filii
1647 1147 1732 1202 tui
1780 1147 2023 1220 sanguis

378 1235 499 1296 ﬁat.
589 1293 593 1298 .
673 1293 676 1296 .

406 1299 587 1383 “Tum
615 1328 896 1384 incensum
919 1326 1162 1398 posuerit
1187 1327 1244 1380 in
1274 1326 1554 1381 thuribulo
1585 1325 1730 1382 dicat
1757 1343 1776 1381 :
1807 1325 1912 1382 Per
1941 1325 2024 1380 in-

375 1415 791 1494 tercessionem
843 1414 1028 1480 sancti
1076 1414 1360 1472 Gabrielis
1409 1413 1763 1488 archangeli,
1809 1417 1945 1485 etc.,
1963 1423 2023 1470 ut

467 1505 666 1568 nostris
693 1503 873 1559 editis.
896 1505 958 1562 In
987 1519 1116 1558 mss.
1149 1507 1330 1559 tamen
1357 1503 1503 1559 deest
1529 1503 1824 1560 conclusio.

444 1593 544 1664 Hic
571 1593 856 1654 incensum
897 1607 1060 1664 super
1087 1593 1421 1664 sacriﬁcium
1446 1594 1621 1664 faciat
1666 1593 1750 1648 vel
1800 1593 1861 1648 in
1904 1593 2020 1650 cir-

373 1682 532 1739 cuitu
559 1680 741 1749 dicat:
769 1680 1082 1738 lncensum
1108 1679 1287 1738 istud.
1316 1681 1544 1753 Require
1571 1684 1732 1736 retro.

444 1769 582 1826 Cum
609 1771 895 1826 incensum
923 1769 1148 1848 offertur
1173 1769 1407 1840 singulis
1434 1769 1566 1824 dicit
1592 1786 1612 1824 :
1642 1770 1932 1826 Accendat
1959 1769 2018 1825 in

374 1858 546 1940 nobis
575 1857 858 1918 Dominus
890 1857 1086 1930 ignem
1115 1856 1353 1924 amoris,
1387 1860 1446 1913 et
1474 1856 1771 1914 flammam
1795 1861 2019 1920 aeternae
2051 1889 2098 1954 Β

375 1945 700 2007 charitatis.
771 1956 775 1961 ‘

409 2033 414 2038 ’
449 2019 646 2104 Postea
698 2041 872 2115 vertat
911 2038 963 2090 te
1009 2033 1081 2090 ad
1136 2036 1546 2090 circumstantes
1603 2035 1787 2095 dicat:
1827 2034 2016 2105 Orate,

378 2126 606 2196 fratres,
634 2139 739 2198 pro
771 2140 884 2190 me,
910 2125 974 2179 ut
1003 2136 1199 2179 meum
1229 2125 1286 2180 et
1313 2126 1569 2181 vestrum
1601 2122 1916 2197 impleatur
1943 2125 2022 2180 of-

376 2214 598 2274 ficium.

416 2291 643 2364 Dicant
687 2301 1111 2379 respondentes:
1143 2300 1320 2361 Orent
1361 2317 1464 2373 pro
1495 2305 1551 2358 te
1581 2317 1783 2358 omnes
1831 2303 2019 2360 sancti

374 2397 433 2452 et
467 2389 635 2460 electi
683 2389 806 2470 Dei.
837 2388 1121 2448 Exaudiat
1167 2391 1222 2444 te
1269 2388 1556 2446 Dominus
1600 2394 1862 2446 orantem
1914 2408 2018 2463 pro

375 2477 574 2556 nostra
625 2463 1013 2552 omniumque
1069 2477 1277 2536 salute.
1327 2480 1548 2534 Memor
1602 2479 1680 2534 sit
1733 2479 2019 2536 Dominus

373 2570 566 2650 omnis
597 2567 866 2628 sacrificii
909 2565 996 2626 tui
1025 2571 1084 2624 et
1129 2565 1536 2624 holocaustum
1582 2570 1754 2624 tuum
1802 2567 2019 2650 pingue

373 2659 494 2717 ﬂat.

413 2739 636 2828 'Postea
661 2745 810 2825 dicat
837 2745 932 2802 has
963 2745 1250 2822 psalmos:
1279 2744 1364 2800 Ad
1406 2747 1480 2812 te,
1514 2743 1779 2810 Domine,
1812 2744 2014 2801 levavi.

373 2837 677 2906 Psalmum',
703 2835 910 2892 Misere
942 2833 1078 2900 mei,
1127 2832 1312 2902 Deus;
1357 2833 1502 2906 psal.
1552 2833 1816 2900 Domine,
1864 2833 2019 2892 refu-

372 2923 536 3001 gium
565 2924 784 3002 factus;
806 2924 950 3000 psal.
972 2921 1080 2988 Qui
1110 2919 1338 2978 habitat
1363 2921 1422 2976 in
1455 2921 1762 2992 adjutorio.
1783 2922 2018 2980 Salvum

373 3016 464 3072 fac
510 3029 742 3072 servum
790 3017 981 3069 tuum.
1013 3011 1158 3080 Fiat,
1191 3008 1454 3078 Domine,
1491 3008 1891 3068 misericordia
1918 3015 2020 3069 tua

373 3120 552 3188 super
579 3120 706 3180 nos.
736 3102 1014 3174 Exsurge,
1045 3097 1308 3155 Domine.

445 3193 649 3251 Oratio.
683 3191 1008 3255 Gaudeant,
1031 3185 1669 3260 Domine,qumsumus,
1697 3188 1899 3245 famuli
1931 3189 2017 3246 tui

369 3280 670 3358 beneﬂciis
695 3275 1048 3352 impetratis,
1071 3279 1130 3330 et
1165 3275 1380 3348 quibus
1409 3275 1682 3333 fiduciam
1715 3279 2015 3350 sperandae

371 3368 580 3432 salutis
625 3366 904 3434 tribuisti,
927 3367 1136 3438 optatae
1173 3363 1583 3420 misericordiae
1613 3365 1804 3424 tribue
1851 3367 2014 3426 beni-

367 3475 522 3534 gnus
549 3459 840 3516 eﬂ‘ectum.
871 3454 999 3510 Per.

418 3535 546 3606 'Per
573 3543 774 3603 omnia
817 3542 1030 3600 saecula
1071 3541 1438 3610 seculorum,
1469 3546 1604 3615 etc.,
1634 3547 1694 3598 ut
1726 3545 1785 3599 in
1813 3548 2014 3602 nostris

365 3637 550 3703 editis,
583 3641 698 3692 tum
745 3633 926 3710 quoad
971 3648 1155 3690 omnes
1195 3633 1552 3706 prwfationes
1597 3647 1935 3689 communem
1963 3643 2016 3690 et

359 3721 742 3802 partiwlares,
763 3739 890 3778 cum
933 3720 1107 3796 quoad
1151 3729 1412 3777 ca‘nonem
1456 3737 1626 3792 usque
1669 3721 1740 3776 ad
1787 3725 2013 3780 nomina

362 3811 606 3872 Joannis
636 3813 694 3866 et
721 3810 906 3879 Pauli,
928 3813 1145 3868 Cosmaa
1194 3812 1252 3866 et
1297 3809 1585 3879 Damiani,
1613 3813 1734 3882 post
1780 3828 1898 3882 qua:
1925 3829 2008 3869 se-

363 3899 610 3980 quuntur
657 3899 778 3958 haec
806 3899 968 3955 verba
999 3916 1016 3953 :
1048 3915 1155 3955 nec
1187 3915 1299 3953 non
1348 3902 1405 3954 et
1451 3897 1708 3965 illorum,
1758 3917 2008 3972 quorum

361 3988 534 4048 hodie
563 3987 951 4045 solemnitatis
982 3987 1039 4042 in
1069 3991 1379 4059 conspectu
1401 3986 1598 4060 gloria:
1619 3991 1731 4042 tuae
1763 3987 2010 4047 celebra-

357 4082 458 4138 tur
482 4075 841 4154 triumphus.
867 4077 999 4146 Quae
1038 4079 1342 4150 sequuntur
1387 4077 1448 4131 in
1493 4093 1595 4132 ms.
1624 4078 1840 4133 missali
1866 4095 2007 4136 com-

353 4167 704 4228 munia'sunt
733 4155 894 4222 editis
915 4181 1086 4238 usque
1112 4165 1182 4220 ad
1219 4167 1386 4222 totam
1414 4167 1720 4222 orationem
1749 4185 1768 4222 :
1801 4167 2007 4226 Libera

353 4274 464 4316 nos
494 4273 860 4332 quaesumus,
889 4257 998 4310 etc.

427 4347 634 4404 Oratio.
665 4341 792 4400 Fiat
821 4341 1152 4402 commistio
1183 4346 1241 4399 et
1269 4342 1623 4399 consecratio
1649 4347 1914 4418 Corporis
1945 4351 2004 4404 et

351 4432 669 4510 Sanguinis
699 4431 930 4510 Domini
963 4431 1145 4488 nostri
1175 4431 1314 4487 Jesu
1336 4431 1549 4488 Christi
1581 4433 2000 4507 accipientibus

347 4515 422 4582 in'
438 4523 617 4581 vitam
647 4527 945 4579 aeternam.
976 4523 1180 4578 Amen.
1805 4517 1812 4526 ’

2131 610 2298 670 nium
2348 619 2715 689 peccatorum
2767 618 3100 674 nostrorum
3151 611 3439 684 remissio,
3471 629 3581 686 per.
3613 613 3781 676 Chri-

2131 707 2312 759 stum.

2205 793 2415 850 Caetera
2442 795 2569 848 sunt
2597 791 2803 863 eadem,
2830 807 2952 865 quae
2994 795 3054 848 in
3094 791 3254 848 editis
3291 807 3455 863 usque
3497 790 3568 846 ad
3613 796 3785 858 tatam

2129 882 2430 938 arationem
2457 899 2476 936 :
2509 880 2740 937 Placeat
2789 880 2914 948 tibi,
2948 884 3150 941 sancta
3197 879 3476 951 Trinitas,
3508 881 3570 940 in
3617 897 3788 954 quam

2131 971 2462 1026 terminatur
2501 970 2663 1026 Missa
2709 971 2988 1026 enuntiati
3032 969 3274 1025 missalis
3324 974 3430 1025 ms."
3457 971 3556 1029 ubi
3579 985 3694 1034 non
3719 970 3786 1040 ﬁt

2129 1061 2353 1132 mentio,
2385 1074 2555 1132 neque
2583 1059 2649 1114 de
2678 1057 2762 1116 Ite
2792 1058 2969 1116 Missa
2997 1062 3106 1126 est,
3133 1061 3255 1126 etc.,
3286 1073 3460 1130 neque
3504 1058 3571 1119 de
3621 1058 3783 1116 bene-

2129 1147 2381 1214 dictione,
2407 1163 2578 1220 neque
2605 1146 2670 1202 de
2711 1147 3026 1219 Evangelia,
3059 1155 3119 1204 ut
3162 1145 3306 1219 apud
3343 1163 3459 1203 nos.
3512 1145 3783 1215 Similiter

2128 1252 2397 1309 nusquam
2421 1237 2481 1292 in
2509 1251 2716 1292 canone
2738 1235 2800 1308 ﬁt
2826 1239 3026 1292 mentio
3055 1235 3120 1292 de
3140 1235 3634 1307 genu/temonibus.

2329 1325 2564 1381 MISSZE
2595 1325 2667 1380 IN
2697 1324 3094 1381 NATALITIIS
3121 1323 3577 1391 SANCTORUM.

2519 1431 2577 1469 IN
2617 1431 2816 1469 manu
2856 1429 3052 1470 SANCTI
3089 1429 3384 1482 aueaosn.

2201 1503 2405 1559 Oratio.
2437 1501 2632 1558 Sancti
2663 1502 2956 1558 Ambrosii
2979 1519 3104 1569 nos,
3128 1497 3393 1572 Domine,
3409 1503 3632 1576 jugiter
3650 1520 3781 1578 pro-

2129 1596 2409 1662 sequatur
2437 1590 2640 1656 oratio,
2663 1595 2729 1646 ut
2772 1590 2928 1662 quod
2969 1589 3168 1664 petitio
3217 1594 3417 1660 nostra
3445 1608 3562 1650 non
3594 1592 3779 1664 impe-

2128 1683 2262 1746 trat,
2293 1679 2421 1753 ipso
2450 1696 2552 1752 pro
2583 1679 2752 1736 nobis
2782 1678 3199 1736 interveniente
3231 1682 3559 1752 praestetur.
3591 1680 3716 1752 Per.

2198 1768 2432 1824 Secreta.
2485 1769 2611 1824 Haec
2659 1767 2720 1823 in
2772 1767 2940 1824 nobis
2989 1767 3294 1836 sacrificia,
3333 1769 3500 1842 Deus,
3533 1767 3781 1844 interce-

2129 1856 2300 1912 dente
2319 1856 2655 1913 beatissimo
2677 1857 3008 1918 contessore
3031 1860 3130 1912 tuo
3146 1856 3454 1914 Ambrosio
3475 1861 3534 1912 et
3553 1855 3783 1928 actione

2130 1948 2530 2019 permaneant,
2562 1947 2620 2002 et
2649 1947 2984 2018 operatione
3015 1945 3341 2002 ﬁrmentur.
3372 1945 3497 2002 Per.

2199 2036 2540 2092 Communia.
2564 2034 2694 2090 Haec
2721 2051 2826 2090 nos
2849 2035 3205 2103 communio,
3229 2033 3492 2103 Domine,
3517 2038 3728 2110 purget
3747 2053 3785 2091 a

2129 2123 2392 2192 crimine,
2415 2127 2473 2179 et
2499 2123 2890 2180 intercedente
2917 2123 3085 2182 beato
3111 2123 3416 2180 Ambrosio
3447 2124 3783 2202 confessore

2127 2215 2229 2268 tuo
2261 2216 2436 2284 atque
2465 2210 2737 2284 pontifice
2768 2210 3102 2270 coelestibus
3143 2210 3416 2268 remediis
3449 2211 3622 2286 faciat
3648 2229 3782 2284 esse

2130 2304 2446 2358 consortes.
2479 2301 2602 2356 Per.
3741 2292 3748 2300 ’

2541 2404 2600 2447 ΙΝ
2630 2405 2842 2446 OCTAVA
2875 2405 3068 2444 SANCTI
3098 2404 3362 2444 ANDREE.

2201 2479 2401 2536 Oratio.
2437 2477 2705 2551 Protegat
2743 2494 2869 2544 nos,
2903 2465 3162 2545 Domine,
3197 2475 3410 2551 saepius
3455 2477 3610 2556 beati
3653 2481 3780 2536 An-

2127 2567 2276 2622 dreae
2308 2565 2553 2639 apostoli
2583 2566 2670 2622 tui
2702 2565 2948 2638 repetita
2976 2565 3336 2635 solemnitas,
3369 2570 3435 2624 ut
3465 2567 3636 2646 cujus
3664 2571 3776 2642 pa-

2127 2654 2374 2711 trocinia
2411 2655 2538 2710 sine
2586 2654 3020 2711 intermissione
3066 2653 3400 2724 recolimus,
3433 2657 3776 2733 perpetuam

2127 2743 2526 2799 defensionem
2557 2743 2900 2800 sentiamus.
2935 2743 3060 2822 Per.

2198 2832 2432 2888 Secreta.
2463 2830 2893 2905 Indulgentiam
2933 2831 3105 2888 nobis
3134 2832 3432 2904 praebeant
3476 2833 3598 2890 haéc
3645 2853 3778 2910 mu-

2129 2937 2290 2990 nera,
2315 2937 2675 2992 quaasumus,
2712 2920 2970 2990 Domine,
3005 2920 3340 2994 largiorem,
3363 2939 3489 2995 quas
3533 2923 3640 2980 tibi
3671 2942 3779 2997 pro

2126 3009 2472 3066 venerandis
2529 3009 2716 3066 sancti
2771 3010 3012 3066 Andreas
3073 3009 3370 3084 suffragiis
3429 3011 3776 3079 offeruntur.

2127 3098 2252 3155 Per.

2200 3188 2536 3245 Communia.
2561 3187 2807 3259 Adjuvet
2827 3186 3109 3244 familiam
3140 3187 3326 3256 tuam,
3353 3188 3614 3262 Domine,
3640 3207 3780 3264 sup-

2126 3276 2394 3350 plicando
2423 3275 2788 3332 venerandus
2817 3277 3076 3340 Andreas
3102 3277 3424 3349 apostolus,
3448 3281 3506 3354 et
3526 3278 3658 3354 pius
3690 3279 3778 3336 in-

2122 3369 2415 3422 terventor
2442 3366 2746 3434 efficiatur,
2781 3365 2879 3437 qui
2913 3364 2998 3421 tui
3031 3365 3287 3422 nominis
3317 3353 3541 3424 exstitit
3565 3369 3775 3442 praedi-

2122 3461 2283 3511 cator
2311 3460 2369 3511 et
2397 3459 2603 3511 rector.
2641 3455 2765 3511 Per.

2414 3561 2474 3599 ΙΝ
2506 3561 2698 3600 ΝΔΤΛΙιΙ
2731 3559 2959 3600 SANCTE
2991 3559 3173 3599 Ι.υοῐῶ
3202 3561 3472 3603 VIRGINIS.

2357 3633 2540 3688 Oratio
2568 3640 2621 3689 et
2645 3637 2850 3688 secreta
2882 3632 3086 3690 caedem
3110 3647 3238 3704 quae
3266 3636 3323 3688 in
3351 3634 3532 3690 editis.

2191 3721 2528 3777 Communia.
2555 3721 2712 3790 Laeti,
2733 3720 2995 3789 Domine,
3017 3721 3382 3794 sumpsimus
3405 3728 3769 3782 sacramenta

2119 3807 2392 3875 cmlestia,
2419 3809 2812 3866 intercedente
2834 3827 2938 3882 pro
2971 3809 3136 3866 nobis
3158 3811 3328 3867 beata
3350 3811 3526 3868 Lucia
3549 3817 3766 3885 marty-

2118 3917 2197 3969 re,
2223 3900 2293 3955 ad
2324 3899 2505 3956 vitam
2536 3898 2706 3955 nobis
2739 3899 3046 3972 proficiant
3077 3899 3514 3972 sempiternam.
3547 3901 3673 3958 Per.

2323 3983 2344 4008 ⁶
2401 4005 2460 4044 IN
2491 4005 2689 4044 NATALI
2721 4003 2916 4044 sum
2949 3988 3163 4044 τΗοΜε
3193 4005 3477 4044 APOS'I'OLI.

2497 4076 2682 4134 Oratio
2712 4081 2764 4132 et
2793 4086 2992 4132 secreta
3021 4081 3082 4133 ut
3111 4079 3171 4133 in
3201 4078 3381 4133 editis.

2186 4167 2524 4223 Communia.
2571 4165 2728 4222 Beati
2778 4165 3024 4240 apostoli
3068 4166 3154 4221 tui
3193 4165 3448 4233 Thomas,
3489 4167 3759 4238 Domine,

2111 4273 2472 4328 quaesumus,
2507 4255 2919 4312 intercessione
2951 4273 3056 4312 nos
3089 4256 3320 4328 adjuva,
3345 4273 3448 4329 pro
3471 4257 3642 4329 cujus
3673 4275 3761 4314 so-

2110 4345 2408 4401 lemnitate
2439 4343 2806 4418 percepimus
2836 4347 2938 4400 tua
2965 4349 3169 4400 sancta
3197 4341 3481 4401 laetantes.
3514 4345 3639 4402 Per.

2349 4451 2408 4488 IN
2440 4449 2635 4488 NATALI
2666 4449 2860 4489 SANCTI
2890 4449 3172 4489 ANASTASII
3205 4449 3512 4492 MARTYRIS.

2181 4520 2648 4580 0ratia.Votivos
2703 4538 2832 4588 nos,
2886 4521 3151 4592 Domine,
3205 4537 3544 4595 quaesumus
3601 4524 3757 4581 beati

415 4597 618 4690 Agnus
647 4609 876 4684 Dei,qui
908 4610 1067 4668 tollis
1091 4612 1328 4684 peccata
1352 4610 1555 4668 mundi
1587 4612 1863 4669 miserere
1893 4629 1995 4668 no-
2025 4617 2072 4683 Β
2101 4611 2392 4668 Anastasii
2426 4609 2700 4683 martyris
2727 4611 2814 4666 tui
2847 4609 3060 4667 natalis
3090 4627 3323 4685 semper
3353 4611 3618 4694 excipiat,
3653 4613 3752 4686 qui

345 4695 466 4759 bis.‘
490 4701 678 4758 Tribus
701 4701 930 4757 vicibus.

414 4790 493 4847 Ad
519 4805 708 4864 pacem
735 4788 1026 4845 osculando
1054 4787 1229 4844 altare
1256 4805 1275 4842 .'
1306 4787 1548 4844 Domine
1577 4791 1716 4844 Jesu
1747 4788 1990 4858 Christe,

343 4882 452 4936 etc.
461 4921 476 4950 ,
510 4883 570 4938 ut
599 4880 661 4936 in
681 4876 844 4934 editis
871 4892 1044 4952 usque
1070 4875 1140 4931 ad
1167 4879 1333 4934 totam
1361 4880 1584 4934 tertiam
1633 4878 1952 4934 orationem.

417 4965 642 5036 Quando
665 4981 858 5037 corpus
900 4966 1121 5022 Domini
1147 4966 1208 5022 in
1235 4968 1494 5022 manibus
1535 4967 1752 5037 accipit,
1796 4966 1940 5022 dicat
1973 4983 1986 5022 :

340 5055 557 5112 Panem
591 5052 880 5113 cmlestem
911 5055 1193 5128 accipiam
1225 5059 1282 5111 et
1319 5071 1532 5110 nomen
1565 5053 1794 5108 Domini
1828 5053 1986 5110 invo-

340 5143 504 5201 cabo.
527 5141 794 5211 Domine,
811 5153 1074 5200 non'sum
1095 5144 1332 5217 dignus,
1349 5146 1414 5198 ut
1435 5143 1617 5196 intres
1635 5142 1744 5196 sub
1769 5147 1984 5199 tectum

337 5247 566 5302 meum;
601 5231 702 5289 sed
752 5235 982 5292 tantum
1022 5231 1114 5289 dic
1160 5231 1355 5300 verbo,
1388 5233 1446 5286 et
1492 5229 1798 5285 sanabitur
1842 5248 1986 5303 puer

339 5337 528 5378 meus.
729 5383 734 5386 _

405 5411 639 5480 Quando
666 5412 1033 5467 communicat
1059 5426 1078 5463 :
1112 5406 1334 5478 Corpus
1362 5405 1594 5461 Domini
1629 5407 1814 5464 nostri
1843 5409 1981 5466 Jesu

331 5498 543 5556 Christi
591 5499 883 5557 custodiat
929 5497 1188 5554 animam
1237 5510 1429 5550 meam
1482 5495 1541 5551 in
1589 5496 1766 5553 vitam
1818 5501 1980 5554 aeter-

333 5605 494 5645 nam.

405 5676 484 5732 Ad
513 5678 754 5733 sonitum
775 5680 1000 5747 patenw
1027 5674 1171 5730 hanc
1199 5674 1395 5744 fratres
1423 5676 1720 5732 orationem
1746 5675 1932 5732 dicant
1957 5691 1976 5730 :

2101 4705 2160 4756 et
2181 4699 2616 4772 jucunditatem
2645 4699 2815 4755 nobis
2841 4717 2958 4756 sua:
2987 4699 3429 4773 gloriﬁcationis
3459 4699 3750 4772 infundat,

2103 4793 2160 4844 et
2188 4787 2293 4844 tibi
2325 4805 2430 4844 nos
2463 4789 2668 4844 reddat
2697 4793 2980 4862 acceptos.
3017 4789 3142 4845 Per.

2173 4879 2403 4934 Secreta.
2437 4877 2749 4933 Praesentia
2779 4894 3042 4948 munera,
3080 4894 3442 4950 quaesumus,
3487 4879 3748 4951 Domine,

2101 4965 2182 5023 ita
2210 4983 2417 5022 serena
2447 4965 2657 5038 pietate
2687 4967 2912 5036 intuere
2936 4971 3000 5022 ut
3025 4967 3221 5036 sancti
3242 4968 3496 5040 Spiritus
3517 4967 3752 5044 perfun-

2098 5055 2312 5110 dantur
2358 5055 2782 5123 benedictione,
2825 5060 2880 5111 et
2929 5057 2988 5110 in
3034 5055 3250 5112 nostris
3298 5057 3570 5112 cordibus
3615 5073 3746 5114 eam

2097 5143 2465 5199 dilectionem
2506 5142 2757 5198 validam
2799 5144 3134 5212 infundant,
3167 5161 3269 5217 per
3297 5161 3474 5217 quam
3505 5149 3746 5204 sanctus

2096 5238 2316 5304 martyr
2347 5231 2545 5287 omnia
2575 5232 2836 5305 corporis
2867 5236 3160 5290 tormenta
3189 5233 3422 5290 devicit.
3450 5233 3576 5290 Per.

2167 5319 2504 5378 Communia.
2539 5321 2936 5393 Sumpsimus,
2975 5322 3240 5390 Domine,
3273 5317 3461 5378 sancti
3493 5323 3742 5378 Anasta-

2091 5409 2164 5466 sii
2197 5408 2468 5482 martyris
2512 5409 2597 5464 tui
2643 5409 3009 5466 solemnitate
3049 5410 3306 5467 coelestia
3353 5416 3742 5481 sacramenta,

2090 5499 2259 5570 cujus
2290 5497 2606 5572 sulfragiis,
2631 5515 2992 5571 quaesumus,
3016 5499 3308 5573 largiaris,
3329 5503 3395 5556 ut
3415 5499 3570 5572 quod
3597 5503 3744 5557 tem-

2088 5585 2364 5660 poraliter
2404 5587 2684 5660 gerimus,
2729 5587 2958 5644 aeternis
3009 5589 3240 5661 gaudiis
3283 5603 3739 5662 consequamur.

2090 5675 2214 5733 Per.
