3978 6356
3466 424 3589 492 890

599 589 659 629 IN
687 588 889 630 sum
918 590 1110 631 smcri
1138 589 1423 630 PROJECTI.
1858 565 1916 633 Α
1945 567 2111 635 nium
2132 571 2468 629 sanctorum
2486 571 2724 627 tuorum
2744 567 2892 624 bene
2913 570 2945 633 ᾧ
2963 564 3155 623 dicere
3177 568 3236 623 et
3263 564 3448 623 sancti
3471 566 3586 633 Hi-

262 661 468 719 Oratio.
499 661 659 719 Beati
691 640 962 737 martyris
1012 664 1098 719 tui
1146 662 1391 735 Projecti
1441 676 1572 727 nos,
1604 636 1834 731 quae‘su-
1945 674 2076 714 care
2097 657 2376 741 digneris,
2407 661 2474 713 ut
2501 657 2681 728 hujus
2708 655 2897 730 plebis
2919 659 3054 724 tum,
3083 672 3212 728 quis
3258 655 3360 715 illa
3405 655 3589 712 hono~

186 767 346 825 mus,
379 750 645 828 Domine,
693 751 1037 810 interventio
1069 750 1324 825 gloriosa
1352 748 1741 812 commendet,
1774 750 1840 800 ut
1947 747 2106 803 riﬁce
2135 747 2193 802 in
2228 747 2502 815 manibus
2559 749 2773 818 portat,
2830 748 3006 818 teque
3036 745 3327 807 cantando
3366 743 3588 814 laudat,

186 840 347 912 quod
389 838 609 896 nostris
647 840 876 897 actibus
917 857 1032 895 non
1055 856 1370 907 meremur,
1405 838 1534 909 ejus
1564 835 1839 909 precibus
1947 835 2225 892 exaudias
2271 852 2439 891 voces
2482 835 2553 890 de
2598 834 2741 891 ccelo
2763 837 2961 890 sancto
2982 836 3083 889 tuo
3106 837 3163 889 et
3191 834 3263 888 de
3293 833 3431 898 sede
3460 847 3590 889 ma-

990 438 1371 504 EXGERPT.
1415 435 1519 502 EX
1557 433 1787 499 GODD.
1832 429 2147 496 LITURG.
2192 430 2791 501 FONTAVELLAN.

186 943 647 1001 consequamur.
683 928 808 985 Per.

259 1015 495 1075 Secreta.
528 1015 790 1088 Suscipe,
843 1014 1111 1081 Domine,
1173 1012 1461 1087 propitius
1510 1012 1834 1068 orationem

189 1106 456 1184 nostram
469 1120 604 1161 cum
633 1103 1027 1161 oblationibus
1058 1103 1384 1160 hostiarum
1421 1098 1841 1173 superimposi-

188 1192 356 1273 tis,et
366 1193 639 1273 martyris
649 1193 778 1265 Proj
786 1192 895 1273 ecti
909 1193 1313 1265 deprecatione
1325 1190 1525 1265 pietati
1541 1194 1653 1245 tuae
1667 1187 1839 1260 perﬁ-

189 1266 568 1355 cebenignus
603 1270 890 1353 acceptas,
924 1286 981 1337 et
1014 1281 1199 1350 illam,
1233 1299 1359 1354 quae
1390 1281 1449 1335 in
1479 1296 1546 1335 eo
1576 1276 1843 1351 ﬂagravit

192 1367 361 1439 fortis
386 1367 707 1439 dilectio,in
730 1369 898 1426 nobis
920 1370 1115 1443 aspira
1161 1370 1470 1443 benignus.
1503 1369 1626 1425 Per.

266 1446 608 1539 communio.
628 1438 866 1525 rVotiva,
890 1438 1155 1525 Domine,
1180 1476 1283 1531 pro
1303 1438 1455 1514 beati
1472 1455 1742 1528 martyris
1759 1452 1845 1509 tui

191 1547 442 1619 Projecti
471 1547 745 1619 passione
773 1548 928 1604 dona
955 1548 1345 1621 percepimus,
1386 1562 1745 1619 quaesumus,
1780 1550 1847 1600 ut

190 1636 325 1708 ejus
353 1634 661 1717 praecibus,
696 1639 752 1690 et
800 1636 1103 1715 praesentis
1152 1636 1283 1691 vitae
1342 1636 1513 1691 nobis
1543 1634 1761 1708 pariter
1790 1638 1847 1689 et

192 1714 427 1795 aeternae
444 1714 673 1803 tribuas
693 1714 955 1781 conferre
977 1725 1328 1781 subsidium.
1364 1725 1486 1780 Per.

444 1847 504 1885 ΙΝ
534 1848 733 1887 ΝΑτΑιι
782 1847 1013 1887 SANCTE
1043 1848 1292 1887 BRIGIDE
1321 1847 1593 1887 VIRGINIS.

268 1918 867 1991 Oratioﬂmnipotens
892 1936 1016 1975 sem
1027 1918 1248 1991 piterne
1265 1920 1439 1986 Deus,
1466 1918 1566 1991 qui
1594 1919 1846 1991 pruden-
1879 1936 1927 2005 Β

193 2007 349 2063 tium
381 2006 756 2079 lampadidus
786 2007 911 2064 oleo
940 2009 1103 2063 bonae
1131 2009 1497 2065 conscientiae
1521 2008 1742 2065 ornatis
1765 2007 1851 2063 lu-

193 2112 332 2152 men
380 2099 493 2152 tum
532 2095 817 2152 claritatis
842 2097 1124 2163 infundis,
1162 2098 1409 2153 concede
1440 2096 1750 2169 propitius,
1786 2102 1852 2153 ut

196 2185 414 2242 beaten
437 2184 685 2258 Brigidaa
703 2184 884 2257 virgis
902 2189 1037 2253 tuae,
1071 2186 1241 2257 cujus
1283 2185 1549 2241 natalitia
1577 2186 1847 2255 colimus,

195 2287 232 2327 ιι
259 2271 561 2328 fatuarum
591 2270 882 2327 consortio
913 2273 1043 2345 ejus
1084 2272 1600 2330 intercessionibus
1642 2275 1851 2332 libere-

198 2377 353 2417 mur.
390 2359 516 2439 Per.

265 2450 507 2521 Secreta.
540 2448 791 2515 Hostias,
852 2466 1212 2531 quaesumus,
1252 2450 1511 2518 Domine,
1554 2452 1848 2524 pacificas,

197 2554 348 2611 quas
378 2542 492 2593 tua:
523 2538 817 2615 maiestati
875 2538 1215 2594 solemniter
1270 2540 1592 2602 offerimus.
1638 2548 1851 2598 sanctae

199 2626 451 2705 Brigidae
497 2625 740 2701 virginis
784 2630 897 2682 tuae
929 2627 1154 2683 meritis
1185 2629 1503 2697 sanctiﬁca,
1538 2634 1602 2685 ut
1632 2635 1690 2686 et
1718 2631 1850 2686 vin-

198 2715 332 2773 cula
387 2718 761 2789 peccatorum
843 2720 1181 2771 nostrorum
1238 2716 1564 2786 absolvant,
1622 2724 1681 2775 et
1737 2725 1852 2777 tuae

198 2803 374 2861 nobis
400 2802 640 2881 famulis
668 2803 787 2860 tuis
820 2804 1234 2861 misericordiae
1266 2806 1420 2863 dona
1442 2807 1849 2881 multiplicent.

197 2892 328 2961 Per.

273 2982 617 3040 Communia.
640 2981 884 3047 Divinis,
906 3000 1265 3056 quaesumus,
1287 2984 1552 3054 Domine,
1569 2986 1853 3059 redempti

202 3070 525 3145 mysteriis,
550 3074 617 3127 ut
641 3071 826 3127 beatae
848 3072 1094 3144 Brigidae
1119 3072 1365 3147 virginis
1415 3077 1527 3129 tua:
1558 3076 1854 3149 suffragiis

198 3159 598 3228 sublevemur,
631 3164 690 3216 et
708 3177 742 3216 a
763 3161 1064 3233 praesentis
1089 3161 1216 3217 vitae
1239 3164 1306 3217 ad
1318 3162 1690 3220 versitatibus
1711 3164 1851 3221 libe-

198 3238 424 3317 remur,
456 3252 512 3305 et
532 3251 755 3305 aeternae
777 3248 1109 3305 beatudinis
1132 3250 1372 3322 praemia
1402 3268 1848 3326 consequamur.

200 3338 326 3394 Per.

595 3444 953 3485 PURIFICATIO
984 3446 1213 3485 SANCTtE
1242 3445 1457 3485 MARIE.

200 3514 440 3590 Collecta
486 3514 557 3571 ad
602 3526 851 3573 sanctum
904 3518 1228 3573 Adrianum.
1264 3522 1325 3574 In
1370 3522 1566 3590 primis
1604 3527 1853 3577 cantetur

274 3588 493 3660 tertia;
541 3596 729 3660 postea
780 3590 1171 3645 benedicuntur
1198 3588 1462 3658 candelae,
1494 3591 1689 3648 deinde
1718 3593 1851 3649 dicit

267 3658 533 3715 sacerdos.

269 3766 515 3823 Oremus.
575 3765 816 3834 Exaudi,
878 3784 1219 3839 quaesumus
1278 3767 1538 3837 Domine,
1618 3768 1847 3841 plebem

193 3857 381 3923 tuam,
443 3871 573 3927 quae
630 3854 997 3912 extrinsecus
1054 3874 1251 3912 annua
1281 3857 1490 3913 tribuis
1547 3858 1849 3916 devotione

193 3942 482 4012 venerari,
543 3942 811 4001 interius‘
850 3944 1086 4018 assequi
1143 3945 1341 4019 gratiae
1392 3950 1501 4001 tuas
1534 3945 1660 4002 luce
1709 3965 1843 4005 con-

192 4030 355 4088 cede.
1542 4039 1549 4043 '

265 4104 373 4177 Pe'r
401 4122 601 4177 omnia
630 4122 842 4179 saecula
889 4123 1253 4181 saeculorum.
1314 4126 1518 4181 Amen.
1563 4126 1843 4184 Dominus

190 4210 521 4268 vobiscum.
552 4212 625 4267 Et
671 4229 805 4268 cum
844 4213 1054 4285 spiritu
1080 4218 1196 4269 tuo.
1233 4215 1479 4270 Sursum
1504 4216 1697 4290 corda.
1730 4217 1841 4273 Ha-

189 4301 402 4357 bemus
432 4301 504 4356 ad
528 4300 865 4369 Dominum,
917 4302 1147 4359 Gratias
1174 4319 1419 4376 agamus
1448 4303 1693 4361 Domino
1725 4307 1841 4363 Deo

190 4393 412 4445 nostro.
447 4389 701 4461 Dignum
733 4394 791 4446 et
811 4390 1044 4463 justum
1074 4395 1181 4448 est.

261 4478 550 4551 Praefatio.
592 4477 740 4535 Vere
788 4480 1035 4553 dignum
1080 4484 1136 4536 et
1158 4482 1391 4553 justum
1414 4485 1762 4556 est,.'cquum
1786 4489 1842 4540 et

188 4564 448 4624 salutare
478 4584 585 4624 nos
630 4568 737 4623 tibi
770 4585 1002 4642 semper
1057 4574 1113 4625 et
1145 4570 1362 4641 ubique
1391 4570 1611 4644 gratias
1645 4589 1836 4645 agere,

1939 924 2171 996 jestatis
2202 928 2336 992 tuae,
2368 924 2769 998 propitiusque
2792 923 2874 980 sis
2896 922 3171 979 omnibus
3195 920 3591 979 clamantibus

1948 1014 2021 1069 ad
2049 1017 2124 1083 te,
2160 1030 2308 1085 quos
2357 1012 2657 1069 redemisti
2712 1011 2968 1083 pretioso
3009 1011 3296 1084 sanguine
3323 1010 3451 1066 Filii
3480 1010 3589 1079 tui,

1948 1102 2049 1176 qui
2078 1107 2272 1160 tecum
2294 1102 2433 1159 vivit
2463 1106 2520 1157 et
2551 1105 2755 1175 regnat
2804 1098 2953 1157 Deus
3000 1099 3059 1154 in
3093 1099 3315 1155 unitate
3342 1099 3592 1172 Spiritus

1950 1194 2158 1261 sancti,
2191 1209 2292 1264 per
2323 1191 2520 1247 omnia
2570 1190 2783 1246 saecula
2811 1189 3181 1246 saeculorum.
3213 1191 3420 1249 Amen.
3453 1188 3593 1249 Ore-

1952 1299 2106 1337 mus.
2128 1281 2433 1353 Praeceptis
2453 1279 2813 1339 salutaribus
2835 1277 3043 1334 moniti
3057 1282 3117 1334 et
3135 1277 3333 1334 divina
3353 1277 3589 1334 institu-

1948 1369 2373 1439 tioneformati,
2405 1369 2693 1425 audemus
2712 1367 2903 1422 dicere
2926 1383 2940 1421 :
2961 1366 3131 1422 Pater
3152 1369 3369 1433 noster,
3402 1366 3500 1438 qui
3533 1381 3595 1421 es

1952 1460 2010 1515 in
2042 1459 2397 1531 ccelis,usque
2416 1460 2484 1516 Et
2512 1474 2583 1514 ne
2614 1473 2720 1516 nos
2740 1455 2985 1513 inducas
3007 1454 3067 1510 in
3080 1450 3595 1519 tentationem.Sed

1952 1548 2136 1605 libera
2164 1565 2270 1606 nos
2299 1565 2334 1604 a
2361 1546 2536 1605 malo.
3532 1560 3537 1563 '

2026 1640 2121 1694 Hic
2149 1642 2327 1695 mutat
2346 1628 2525 1694 voce'm
2567 1639 2723 1710 quasi
2757 1637 3242 1708 legens:0remus
3281 1653 3294 1694 :
3326 1637 3596 1706 Benedic,

1956 1727 2198 1782 Domine
2220 1727 2361 1783 Jesu
2392 1726 2641 1792 Christe,
2674 1725 2825 1782 hanc
2854 1731 3181 1783 creaturam
3205 1726 3353 1782 cerei
3369 1727 3599 1800 suppli-

1955 1815 2283 1871 cationibus
2305 1814 2608 1881 nostris,et
2633 1814 2876 1870 infunde
2891 1814 2944 1870 ei
2960 1832 3062 1887 per
3081 1815 3362 1875 virtutum
3384 1818 3599 1875 sanctae

1957 1904 2147 1959 crucis
2212 1903 2716 1970 beneidictionem
2763 1903 3080 1969 caelestem,
3139 1908 3205 1959 ut
3233 1902 3494 1975 qui-eam
3526 1905 3597 1960 ad

1958 1992 2292 2066 repellenda
2316 1994 2585 2049 tenebras
2608 1993 2866 2049 humano
2896 1992 3093 2065 generi
3114 1991 3394 2060 tribuisti,
3423 1992 3598 2051 talem

1957 2082 2259 2156 signaculo
2290 2082 2480 2137 crucis
2509 2085 2623 2137 tum
2652 2081 3053 2139 fortitudinem
3111 2086 3169 2138 et
3209 2082 3602 2149 beneidictio-

1958 2186 2092 2226 nem
2115 2170 2379 2243 accipiat,
2413 2175 2478 2226 ut
2496 2170 2554 2226 in
2578 2158 3027 2243 quibuscunque
3045 2169 3188 2227 locis
3217 2187 3463 2229 accensa
3485 2171 3605 2230 sive

1959 2259 2148 2331 posita
2169 2260 2363 2325 fuerit,
2396 2259 2658 2315 discedat
2701 2257 2971 2316 diabolus
3001 2262 3060 2315 et
3086 2259 3518 2327 contremiscat,
3547 2263 3607 2317 et

1959 2348 2143 2421 fugiat
2164 2347 2416 2421 pallidus
2438 2365 2571 2404 cum
2594 2347 2870 2404 omnibus
2891 2347 3177 2404 ministris
3196 2348 3322 2406 suis
3338 2349 3411 2406 'de
3432 2349 3603 2409 habi-

1958 2437 2281 2513 tationibus
2312 2436 2448 2508 illis,
2480 2454 2586 2494 nec
2617 2440 2932 2510 praesumat
2979 2436 3234 2509 ammius
3279 2437 3606 2517 inquietare

1958 2525 2046 2581 vel
2080 2526 2323 2583 illudere
2379 2525 2765 2582 servientibus
2821 2530 2953 2581 Deo.
2989 2526 3236 2593 Proinde
3285 2526 3601 2600 supplices,

1960 2632 2299 2688 quaesumus
2327 2619 2404 2681 te,
2421 2614 2681 2684 Domine,
2705 2615 3016 2671 utemittas
3037 2619 3305 2671 sanctum
3329 2616 3603 2690 angelum

1960 2708 2129 2759 tuum
2185 2703 2560 2777 Raphaelem,
2616 2704 2715 2776 qui
2746 2703 2958 2760 evulsit
2986 2710 3044 2759 et
3071 2703 3285 2777 repulit
3314 2722 3348 2761 a
3375 2706 3521 2763 Sara
3548 2710 3607 2763 et

1959 2794 2141 2853 Tobia
2169 2793 2519 2873 daemonium
2554 2793 2922 2849 mortiferum
2978 2809 3079 2849 eos
3121 2792 3517 2863 infestantem,
3549 2798 3609 2852 et

1960 2887 2221 2938 conterat
2242 2881 2411 2959 illum
2450 2886 2507 2938 et
2535 2882 2739 2954 perdat
2784 2882 2856 2938 de
2876 2880 3102 2937 cunctis
3145 2881 3607 2940 habitationibus

1962 2971 2276 3028 colentium
2299 2972 2582 3039 Deum,de
2601 2964 2883 3037 basilicis,
2898 2971 2969 3027 de
2990 2969 3284 3035 domibus,
3317 2971 3387 3028 de
3417 2987 3608 3046 angu-

1961 3060 2057 3127 lis,
2087 3062 2159 3117 de
2188 3060 2459 3128 lectibus,
2490 3061 2561 3116 de
2617 3060 2953 3127 refectoriis,
3014 3060 3085 3115 de
3115 3059 3404 3116 universis
3440 3059 3605 3128 locis,

1959 3150 2018 3204 in
2043 3150 2494 3222 quibuscunque
2514 3149 2630 3205 Deo
2652 3148 3004 3206 famulantes
3026 3148 3296 3207 habitant
3310 3152 3369 3203 et
3389 3149 3607 3221 requie-

1966 3237 2756 3312 scunt,dormiunt,vigilant,
2789 3236 3116 3303 ambulant,
3149 3241 3206 3293 et
3238 3236 3605 3306 consistunt;

1884 3304 1927 3371 C
1966 3344 2070 3384 nec
2100 3304 2286 3384 valeat
2308 3327 2406 3382 ille
2426 3304 2723 3400 malignus
2743 3324 2998 3397 amplius
3030 3325 3355 3397 inquietare
3379 3326 3467 3381 vel
3488 3304 3603 3410 'pa-v

1959 3433 2125 3472 vores
2148 3416 2375 3472 mittere
2397 3431 2572 3487 super
2589 3413 2740 3483 illos,
2775 3430 2923 3485 quos
2944 3413 3129 3469 sancti
3152 3413 3487 3470 chrismatis
3518 3413 3605 3469 tui

1961 3505 2233 3560 unctione
2257 3490 2443 3560 fecisti
2464 3519 2592 3558 esse
2624 3502 2904 3557 munitos.
2937 3502 3091 3557 Bene
3127 3506 3153 3567 ’τ
3190 3502 3318 3557 dico
3343 3506 3419 3569 te,
3452 3518 3601 3570 cera,

1959 3593 2018 3648 in
2042 3593 2277 3648 nomine
2298 3593 2397 3648 Dei
2423 3590 2608 3647 Patris
2629 3590 3131 3664 omnipotentis,et
3160 3589 3289 3646 Filii
3320 3590 3449 3661 ejus
3475 3591 3602 3646 uni-

1957 3682 2159 3755 geniti,
2189 3686 2247 3737 et
2277 3680 2506 3753 Spritus
2536 3680 2723 3757 sancti
2771 3678 3069 3751 paracleti,
3121 3684 3189 3733 ut
3243 3678 3326 3734 sis
3383 3674 3602 3751 ubique

1956 3764 2169 3827 diaboli
2185 3771 2633 3843 etfugato,atque
2644 3769 2907 3825 omnium
2920 3771 3090 3824 contu
3100 3765 3457 3824 rbernalium
3471 3785 3603 3824 suo-

1956 3876 2085 3915 rum
2117 3858 2543 3926 exterminatio,
2568 3858 2636 3914 ad
2637 3858 2881 3930 juvante
2903 3857 3107 3913 eadem
3130 3861 3331 3912 sancta
3360 3860 3419 3913 et
3449 3857 3599 3913 indi-

1952 3949 2129 4006 vidua
2158 3934 2462 4014 Trinitate,
2496 3965 2622 4021 qua:
2671 3947 2730 4002 in
2761 3946 3010 4003 Unitatis
3061 3945 3317 4002 essentia
3368 3945 3512 4002 vivit
3546 3951 3603 4003 et

1955 4042 2268 4111 conregnat
2290 4024 2348 4092 in
2372 4036 2583 4093 saecula
2612 4035 2976 4093 saeculorum.
3003 4037 3208 4091 Amen.

2007 4118 2209 4183 'Finita
2257 4127 2624 4183 benedictione
2667 4125 2915 4181 sacerdos
2935 4125 3171 4197 accipiat
3202 4140 3406 4196 aquam
3436 4124 3600 4180 bene-

1951 4216 2174 4283 dictum,
2206 4220 2255 4271 et
2286 4220 2539 4288 aspergat
2558 4231 2719 4287 super
2746 4215 3019 4293 candelas,
3051 4217 3101 4268 et
3130 4216 3311 4268 sumat
3338 4213 3404 4267 de
3431 4214 3600 4268 cereis

1950 4314 2003 4361 et
2027 4304 2302 4360 accendat.
2340 4306 2471 4362 Cum
2526 4306 2783 4376 coeperint
2840 4303 3080 4372 accendi,
3139 4306 3328 4358 cantor
3385 4300 3597 4357 inchoet

1951 4393 2091 4448 hanc
2120 4376 2729 4464 aniiphonamLumen
2765 4392 2836 4447 ad
2869 4390 3278 4447 rovelationem
3309 4390 3594 4463 gentium,

1950 4483 2234 4538 Psalmus:
2272 4482 2456 4536 Nunc.
2483 4483 2724 4553 Repetita
2756 4481 3059 4553 antiphona
3091 4496 3186 4551 per
3205 4495 3385 4536 omnes
3412 4496 3598 4536 versu:

1948 4566 2188 4643 ejusdem
2211 4568 2637 4641 psalmi.Gloria
2665 4568 2840 4624 Patri.
2865 4570 3027 4624 Sicut
3055 4572 3178 4623 erat
3210 4585 3223 4635 ;
3268 4582 3437 4639 usque
3465 4568 3597 4640 dam

187 4656 434 4713 Domine
463 4660 682 4727 sancte,
723 4658 891 4713 Pater
946 4658 1337 4732 omnipotens,
1399 4665 1608 4717 aeterne
1667 4663 1839 4729 Deus,
1869 4676 1917 4741 Ι)
1947 4660 2315 4716 accendantur
2367 4674 2550 4713 omnes
2606 4657 2870 4715 candela.
2925 4658 3171 4713 Accensis
3224 4671 3347 4712 vero
3413 4654 3596 4711 dicant

186 4745 421 4802 Greater
456 4744 617 4802 'cmli'
644 4749 702 4802 et
728 4751 913 4815 terrae,
946 4747 1064 4803 Rex
1084 4764 1309 4820 regum,
1332 4753 1388 4804 et
1416 4749 1699 4806 Dominus
1733 4746 1835 4806 do-

185 4834 567 4905 minantium,
597 4852 705 4893 nos
737 4836 1031 4909 supplices
1064 4841 1215 4903 tuos,
1246 4838 1318 4894 ad
1343 4842 1399 4892 te
1429 4837 1752 4895 clamantes
1781 4844 1838 4896 et

185 4912 513 4994 exerentes,
546 4922 862 4981 clementer
895 4924 1169 4981 exaudire
1207 4924 1467 4999 dignare.
1501 4912 1606 4990 Qui
1639 4927 1839 4983 omnia

184 5028 254 5068 ex
268 5011 454 5069 nihilo
476 5008 709 5083 creasti,
742 5018 800 5070 et
820 5014 995 5085 jussu
1026 5019 1127 5070 tuo
1151 5031 1254 5087 per
1276 5030 1452 5087 Opera
1472 5031 1649 5087 apum
1678 5014 1837 5073 hunc

184 5098 491 5175 liquorem
530 5101 1042 5175 ad‘perfectionem
1096 5103 1243 5159 cerei
1291 5096 1489 5160 venire
1518 5102 1724 5173 fecisti,
1780 5110 1837 5161 et

185 5190 283 5263 qui
304 5190 592 5248 hodierna
616 5191 710 5248 die
731 5192 1071 5265 petitionem
1080 5194 1228 5265 justi
1247 5180 1538 5249 Simeonis
1556 5192 1832 5264 implesti,

184 5283 239 5336 te
269 5278 575 5336 humiliter
602 5268 1003 5353 deprecamur,
1037 5288 1102 5336 ut
1128 5282 1234 5338 bas
1256 5280 1527 5338 candelas
1554 5282 1624 5336 ad
1660 5299 1833 5337 usum

182 5358 493 5425 hominum
515 5373 573 5425 et
602 5360 673 5425 ad
705 5371 1017 5427 sanitatem
1048 5387 1357 5442 corporum
1389 5375 1446 5426 et
1477 5370 1833 5442 animarum,

181 5456 301 5513 sive
322 5458 384 5514 in
428 5454 608 5527 terra,
639 5458 761 5515 sive
810 5458 869 5515 in
888 5460 1057 5532 aquis
1079 5476 1333 5516 accensae
1366 5458 1583 5514 fuerint
1612 5477 1715 5531 per
1743 5460 1832 5515 in-

177 5546 543 5603 vocationem
572 5547 659 5603 tui
718 5544 1072 5605 sanctissimi
1132 5547 1388 5605 nominis
1437 5550 1494 5603 et
1523 5565 1625 5620 per
1655 5548 1830 5605 inter-

177 5636 507 5692 cessionem
538 5638 973 5694 sanctae'Marize
1017 5639 1316 5713 genitricis
1361 5636 1488 5693 Filii
1522 5637 1627 5705 tui,
1661 5640 1832 5710 cujus

182 5723 357 5781 hodie
404 5720 567 5782 festa
619 5727 823 5783 devote
873 5726 1261 5797 celebrantur,
1324 5744 1388 5783 ac
1447 5743 1647 5799 preces
1706 5744 1832 5783 om-

1945 4749 2085 4805 hanc
2113 4750 2433 4804 orationem.

2019 4839 2219 4895 Oratio.
2245 4830 2625 4908 Omnipotens
2638 4852 2759 4891 sem
2767 4836 2989 4909 piterne
3002 4835 3177 4904 Deus,
3202 4833 3301 4909 qui
3314 4834 3595 4907 hodierna

1946 4928 2039 4983 die
2061 4918 2435 4999 Unigenit‘um
2465 4929 2633 4979 tuum
2660 4923 2816 4980 ulnis
2838 4924 3026 4981 sancti
3052 4922 3343 4982 Simeonis
3362 4924 3422 4981 in
3444 4920 3591 4981 tem-

1946 5015 2042 5088 plo
2056 5019 2367 5071 sanctetuo
2381 5002 2818 5085 suscipiendum
2836 5014 3199 5085 praesentasti
3210 5018 3285 5081 ,te
3295 5031 3405 5089 sup
3412 5013 3591 5089 plices

1946 5096 2419 5178 deprccamur,ut
2447 5102 2556 5158 hos
2578 5118 2775 5158 cereos
2796 5106 2950 5168 tuos,
2971 5119 3118 5175 quos
3138 5121 3245 5159 nos
3277 5103 3477 5161 fideles
3505 5102 3590 5159 tui

1945 5193 2103 5249 omni
2139 5192 2572 5266 magniﬁcentia
2629 5191 3016 5263 suscipientes
3058 5198 3287 5264 gestare
3319 5190 3591 5266 cupimus

1944 5282 2072 5337 luce
2095 5298 2391 5348 accensos,
2426 5280 2804 5346 bene’rdicere
2860 5284 2917 5335 et
2953 5281 3377 5350 sanctifﬁcare,
3414 5286 3590 5354 atque

1944 5371 2166 5426 lumine
2196 5387 2462 5443 supernae
2494 5369 2917 5425 benedictionis
2948 5370 3263 5443 accendere
3307 5370 3586 5444 digneris,

1943 5465 2233 5533 quatenus
2263 5475 2363 5514 eos
2384 5457 2489 5514 tibi
2520 5458 2766 5515 Domino
2801 5460 2911 5516 Deo
2940 5463 3138 5515 nostro
3169 5459 3590 5527 oﬁ'erentes,di-

1941 5550 2039 5621 gni
2071 5554 2128 5605 et
2158 5552 2357 5605 sancto
2401 5546 2536 5619 igne
2578 5552 2691 5603 tuae
2732 5547 3085 5604 dulcissima:
3115 5545 3416 5603 charitatis
3448 5564 3587 5603 suc-

1941 5639 2099 5694 censi
2132 5638 2190 5694 in
2221 5635 2438 5709 templo
2469 5642 2673 5693 sancto
2695 5636 2889 5710 gloriae
2911 5643 3024 5695 tua:
3048 5635 3447 5713 repraesentari
3468 5652 3586 5693 me-

1943 5744 2198 5785 reamur.
2230 5722 2337 5784 Per
2366 5725 2660 5782 eumdem.
