3978 6356
327 440 438 519 891

1515 439 1703 504 S/EC.
1749 433 1830 503 XI
1873 434 2186 503 MONUM.
2236 438 2578 505 LITURG.-

3608 428 3737 491 892

401 590 586 650 Finita
639 584 884 646 oratione
933 588 1164 656 pergant
1216 577 1287 636 ad
1338 587 1583 636 sanctam
1623 579 1855 634 Mariam
1880 594 1970 633 ca-
2001 575 2058 641 Α
2088 582 2518 657 sanctorummt
2539 579 2685 635 festa
2700 577 3022 650 martyrum
3041 575 3276 629 tuorum
3303 563 3640 626 Laurentini
3673 568 3739 620 et

328 683 505 741 nanda
563 677 960 750 antiphanam:
1022 675 1156 737 Ave,
1188 671 1388 737 Maria,
1421 670 1608 744 gratia
1651 669 1843 742 plena,
1876 668 1976 725 Dei

330 771 578 848 genitrix
608 770 788 841 virgo.
850 765 1083 820 Adorna
1111 762 1438 818 thalamum
1499 764 1689 828 tuum,
1732 759 1889 829 Sion,
1923 762 1979 814 et

333 862 583 933 suscipe.
1819 906 1821 909 ι

405 952 610 1008 Oratio.
665 948 878 1003 Perﬁce
937 945 990 998 in
1054 941 1242 1008 nobis,
1305 939 1568 1008 Domine,
1614 956 1974 1011 quaesumus,

332 1039 580 1113 gratiam
626 1041 814 1098 tuam,
865 1033 962 1104 qui
987 1033 1134 1114 justi
1165 1030 1449 1086 Simeonis
1487 1029 1975 1101 exspectationem

331 1125 612 1199 implesti,
637 1129 702 1180 ut
725 1125 876 1178 sicut
899 1122 994 1178 ille
1016 1124 1264 1176 mortem
1287 1135 1401 1173 non
1432 1119 1596 1183 vidit,
1631 1117 1973 1188 priusquam

335 1216 635 1272 Christum
667 1212 980 1269 Dominum
1010 1209 1202 1265 videre
1246 1210 1586 1272 mereretur,
1647 1205 1729 1260 ita
1785 1209 1841 1260 et
1872 1221 1976 1260 nos

333 1306 512 1361 vitam
545 1303 912 1359 obtineamus
943 1303 1237 1354 aeternam.
1273 1297 1377 1352 Per
1397 1296 1688 1351 eumdem.

782 1408 839 1445 IN
873 1405 1040 1444 FESTO
1090 1404 1280 1443 SANCTI
1321 1402 1521 1440 BLASII.

405 1485 613 1541 Oratio.
660 1481 814 1536 Deus
872 1479 970 1550 qui
1003 1480 1344 1549 praesentem
1389 1474 1541 1529 diem
1576 1473 1975 1529 honorabilem

332 1572 571 1630 nobisin
586 1570 740 1627 beati
760 1567 933 1624 Blasii
959 1565 1230 1637 martyris
1268 1564 1352 1619 tui
1375 1563 1742 1643 solemnitate
1766 1561 1974 1628 fecisti,

332 1664 405 1720 da
439 1661 672 1735 populis
701 1659 819 1713 tuis
850 1654 1247 1729 spiritualium
1279 1669 1495 1708 munus
1525 1651 1898 1725 gaudiorum,
1921 1656 1978 1707 et

332 1751 598 1809 omnium
653 1747 917 1805 ﬁdelium
976 1747 1200 1800 mentes
1257 1743 1442 1816 dirige
1490 1742 1549 1796 in
1580 1741 1732 1796 viam
1767 1740 1975 1796 salutis

333 1845 578 1897 aeternae.
611 1839 734 1893 Per.

2089 656 2412 743 Pergentini
2437 669 2561 725 sine
2589 667 2911 723 cessatione
2940 664 3298 724 venerantes,
3333 662 3390 714 et
3430 656 3562 712 ﬁdei
3597 672 3738 710 mu—

2088 762 2321 816 niamur
2351 758 2563 815 auxilio
2595 763 2652 814 et
2692 755 3001 828 magniﬁco
3032 750 3408 826 proﬁciamus
3438 743 3736 817 exemplo.

2089 851 2214 906 Per.

2159 940 2390 995 Secreta.
2425 939 2745 1010 Martyrum
2779 940 3015 990 tuorum
3039 926 3375 988 Laurentini
3395 930 3451 981 et
3479 926 3736 996 Pergen-

2086 1029 2214 1095 tini,
2247 1027 2510 1094 Domine,
2541 1027 2687 1082 festa
2715 1026 3056 1080 venerantes
3083 1034 3327 1075 munera
3359 1013 3582 1070 nomini
3617 1017 3731 1068 tuo

2086 1119 2278 1174 dicata
2308 1117 2630 1184 oﬁ'erimus,
2653 1104 3451 1187 praesta,quasumus,utillis
3473 1117 3740 1158 reveren-

2086 1207 2229 1263 tiam
2289 1207 2612 1262 deferentes
2671 1203 2840 1259 nobis
2875 1199 3106 1256 veniam
3166 1197 3568 1267 impetremus.
3600 1191 3732 1246 Per.

2159 1297 2492 1352 Communia.
2528 1295 2786 1364 Protege,
2848 1289 3111 1354 Domine,
3173 1284 3402 1358 plebem
3450 1285 3635 1346 tuam,
3673 1281 3735 1333 et

2086 1385 2460 1442 festivitatem
2492 1387 2815 1456 martyrum
2847 1384 3084 1435 tuorum
3144 1370 3478 1431 Laurentini
3508 1373 3564 1426 et
3596 1369 3736 1456 Per-

2085 1475 2513 1548 gentini,quam
2547 1455 2713 1527 nobis
2745 1464 3297 1532 tradidisti,assidue
3329 1459 3587 1518 debitam
3615 1455 3731 1512 tibi

2086 1565 2230 1621 solvi
2265 1563 2534 1636 precibus
2564 1561 2812 1616 concede
2842 1560 3199 1614 sanctorum.
3234 1553 3359 1606 Per.

2229 1671 2284 1707 IN
2318 1669 2484 1707 FESTO
2515 1667 2708 1706 SANCTI
2754 1663 3033 1704 BONIFACII
3065 1661 3187 1698 CUM
3219 1657 3396 1696 SOCIIS
3438 1655 3585 1694 SUIS.

2157 1741 2437 1813 Deus,qui
2469 1742 2705 1796 beatum
2729 1735 3089 1793 Bonifacium
3112 1731 3446 1805 pontiﬁcem
3460 1729 3735 1782 constan-

2086 1833 2176 1887 tiae
2211 1832 2268 1886 in
2293 1831 2561 1902 passione
2581 1826 2886 1892 roborasti,
2919 1823 3133 1896 quippe
3183 1819 3267 1874 illi
3307 1819 3379 1873 ad
3412 1814 3736 1889 praedican-

403 1931 635 1985 Sacreta.
676 1926 930 1990 Hostias,
962 1924 1406 2013 Dominetquas
1455 1921 1672 1976 nomini
1705 1925 1805 1974 tuo
1839 1936 1976 1974 con-
2008 1948 2054 2013 B
2086 1923 2226 1976 dum
2253 1919 2524 1992 gentibus
2555 1918 2800 1990 gloriam
2829 1919 2992 1970 tuam
3023 1909 3355 1967 Heobanem
3386 1910 3445 1962 et
3473 1902 3732 1961 Adhela-

335 2019 647 2076 secrandas
677 2012 1199 2078 oﬁ'erimus,sancti
1223 2011 1398 2066 Blasii
1420 2010 1693 2081 martyris
1724 2008 1810 2064 tui
1842 2025 1972 2080 pro-

335 2111 616 2180 sequatur
643 2104 845 2170 oratio,
871 2120 973 2175 per
997 2118 1173 2173 quam
1202 2117 1307 2156 nos
1325 2097 1541 2171 expiari
1563 2099 1787 2152 tribuas
1818 2113 1972 2170 quae-

335 2213 546 2255 sumus
575 2199 634 2250 et
661 2192 912 2250 defendi.
940 2193 1064 2247 Per.

409 2285 743 2342 Communia.
768 2281 928 2338 Beati
964 2280 1138 2336 Blasii
1170 2279 1441 2352 martyris
1469 2278 1573 2344 tui,
1617 2293 1973 2349 quaesumus,

341 2374 596 2438 Domine,
619 2371 1035 2428 intercessione
1058 2386 1163 2424 nos
1187 2369 1416 2439 adjuva,
1433 2384 1535 2438 pro
1558 2368 1727 2437 cujus
1760 2365 1976 2421 solem-

337 2465 514 2520 nitate
546 2461 910 2536 percepimus
941 2463 1043 2517 tua
1085 2461 1284 2513 sancta
1312 2456 1570 2512 laetantes
1610 2455 1975 2512 commercia.

337 2554 460 2610 Per.

744 2662 800 2698 ΙΝ
835 2658 1004 2697 FESTO
1036 2655 1226 2695 SANCTI
1259 2654 1571 2693 BENEDIC’I‘I.

407 2737 613 2794 Oratio.
649 2734 826 2799 Deus,
861 2731 961 2802 qui.
993 2731 1228 2784 beatum
1260 2728 1638 2783 Benedictum
1687 2743 1978 2783 comesse-

336 2842 458 2882 rem
490 2829 662 2880 tuum
695 2822 754 2876 in
788 2820 962 2875 terris
991 2818 1107 2872 vita
1154 2816 1435 2872 laudabili
1486 2816 1790 2884 decorasti,
1835 2820 1891 2872 et
1920 2816 1978 2870 in

337 2914 500 2970 caelis
530 2916 743 2967 aeterna
765 2908 950 2980 gloria
971 2905 1458 2977 sublimasti,ejus
1491 2922 1828 2976 quaesumus
1860 2905 1980 2960 suf-

339 2999 708 3075 fragantibus
741 2995 967 3052 meritis
1006 2995 1122 3049 vita
1143 2997 1341 3064 nostra
1362 2995 1512 3068 apud
1535 2997 1588 3049 te
1614 2994 1980 3050 commende-

336 3095 452 3147 tur.
488 3091 611 3145 Per.

411 3180 643 3234 Secreta.
694 3175 1024 3233 Benedictio
1056 3180 1178 3242 tua,
1211 3173 1476 3242 Domine,
1507 3173 1656 3228 beati
1691 3172 1981 3229 Benedicti

340 3266 691 3324 confessoris
723 3265 1137 3321 intercessione
1169 3279 1344 3336 super
1374 3263 1480 3318 bas
1504 3262 1725 3319 hostias
1750 3264 1982 3318 descen-

339 3357 592 3428 dat,quae
614 3359 670 3411 et
687 3354 1152 3410 benedictionem
1170 3352 1338 3408 nobis
1362 3352 1677 3407 clementer
1689 3355 1979 3423 operetur,

341 3450 398 3502 et
419 3446 598 3502 beata
622 3443 1081 3499 immortalitatis
1104 3443 1258 3498 dona
1286 3439 1572 3497 conciliet.
1609 3441 1731 3496 Per.

413 3536 750 3592 Communia.
806 3532 962 3588 Beati
1010 3531 1302 3587 Benedicti
1347 3529 1700 3586 confessoris
1733 3530 1840 3596 tui,
1871 3529 1980 3583 Do-

341 3623 793 3698 mine,precibus
826 3623 1206 3689 conﬁdentes,
1230 3627 1592 3692 qumsu'mus,
1608 3618 1981 3674 clementiam

339 3720 522 3783 tuam,
557 3718 620 3770 ut
651 3731 751 3786 per
782 3730 868 3781 ea,
893 3729 1020 3784 quae
1064 3709 1451 3782 sumpsimus,
1485 3712 1701 3764 aeterna
1727 3707 1985 3763 remedia

340 3805 662 3878 capiamus.
699 3803 822 3859 Per.

642 3909 698 3948 ΙΝ
728 3906 1187 3946 ΛΝΝΠΝΤῙΛΤΙΟΝΕ
1217 3905 1440 3944 SANCTHB
1469 3905 1685 3943 MARLE.

415 3984 589 4048 Deus,
623 3980 724 4051 qui
753 3980 1036 4034 hodierna
1066 3978 1156 4032 die
1183 3977 1438 4032 Verbum
1468 3982 1637 4031 tuum
1656 3978 1834 4032 beatae
1867 3975 1988 4030 Vir-

344 4071 496 4145 ginis
526 4070 650 4125 alvo
673 4066 988 4124 coadunari
1019 4065 1272 4133 voluisti,
1310 4066 1396 4120 fac
1428 4083 1532 4121 nos
1581 4067 1660 4120 ita
1692 4083 1986 4138 peragere,

344 4165 410 4216 ut
441 4159 542 4215 tibi
576 4158 802 4230 placere
831 4155 1145 4210 valeamus.
1180 4156 1285 4210 Per
1305 4156 1596 4210 eumdem.

419 4251 633 4304 Secreta
655 4255 716 4302 ut
743 4248 805 4302 in.
825 4245 1004 4301 editis.

418 4338 756 4393 Communia.
787 4336 1020 4396 Adesto,
1070 4333 1332 4401 Domine,
1368 4333 1583 4406 populo
1615 4340 1736 4401 tuo,
1772 4342 1836 4391 ut
1865 4353 1993 4408 qua

349 4425 604 4497 sumpsit
634 4423 900 4491 ﬁdeliter,
963 4428 1020 4478 et
1077 4427 1270 4478 mente
1301 4423 1412 4478 sibi
1461 4427 1518 4478 et
1548 4441 1785 4497 corpore
1815 4426 1994 4480 beatae

347 4515 540 4571 Maria:
599 4531 829 4586 semper
884 4512 1127 4585 virginis
1197 4512 1610 4569 intercessione
1680 4515 1994 4569 custodiat.

348 4609 474 4662 Per.

742 4711 798 4749 IN
831 4710 998 4748 l-‘ESTO
1038 4709 1266 4748 SANCTE
1305 4710 1633 4749 EUPIIEMI/E.

423 4786 627 4843 Oratio.
660 4783 918 4839 Concede
940 4782 1128 4850 nobis,
1162 4783 1532 4855 omnipotens
1581 4783 1750 4850 Deus,
1784 4785 1995 4838 sanctae

352 4873 626 4946 martyris
668 4876 781 4928 tuae
837 4871 1166 4943 Euphemize
1225 4877 1282 4927 et
1342 4872 1632 4928 exsultare
1661 4871 1906 4937 meritis,
1941 4874 1996 4927 et

352 4963 634 5020 beneﬁcia
653 4961 864 5018 referre
894 4961 1210 5033 suifragiis.
1245 4962 1369 5016 Per.

423 5055 659 5108 Secreta.
694 5050 1033 5107 Muneribus
1062 5051 1300 5117 nostris,
1333 5050 1597 5116 Domine,
1641 5053 1696 5104 te
1729 5049 1998 5123 magniﬁ-

354 5144 1016 5211 cantes,quaesumus,ut
1037 5140 1093 5194 in
1117 5144 1328 5196 sanctae
1345 5138 1513 5192 nobis
1528 5137 2000 5195 solemnitatibus

354 5228 689 5300 Euphemus
746 5229 961 5299 gaudia
991 5245 1248 5300 superna
1281 5225 1553 5281 concilies
1594 5230 1650 5281 et
1680 5227 2001 5298 patrocinia

356 5316 717 5390 sempiterna
743 5317 1028 5389 largiaris.
1060 5317 1180 5371 Per.

430 5408 766 5463 Communia.
800 5407 1023 5462 Sancta:
1054 5405 1326 5476 martyris
1359 5410 1466 5458 tua:
1509 5406 1838 5477 Euphemia:
1874 5425 1999 5473 nos,

358 5497 625 5564 Domine,
658 5500 825 5569 grata
871 5495 1181 5551 comitetur
1202 5495 1406 5563 oratio,
1441 5498 1496 5550 et
1526 5498 1687 5551 tuam
1718 5496 1886 5552 nobis
1913 5497 2003 5551 in-

358 5585 719 5658 dulgentiam
754 5601 990 5656 poscere
1021 5600 1135 5638 non
1160 5583 1420 5639 desistat.
1450 5585 1576 5639 Per.

539 5693 597 5729 IN
632 5691 799 5729 FESTO
827 5690 908 5729 SS.
962 5689 1326 5728 LAUBENTINI.
1370 5691 1436 5728 ΕΤ
1466 5691 1824 5730 PERGENTINI.

435 5765 641 5820 Ora-tio.
696 5764 955 5818 Tuorum
1017 5779 1140 5830 nos,
1205 5763 1466 5832 Domine,
1526 5763 1799 5837 precibus
1843 5769 2004 5820 tuere

2023 4699 2071 4764 D

2086 2011 2240 2065 rium
2273 2010 2496 2065 sociare
2539 2007 2814 2080 dignatus
2845 2021 2927 2072 es,
2980 2007 3088 2058 etc.

2087 2118 2144 2156 IN
2178 2115 2345 2155 FESTO
2372 2113 2703 2155 SANCTORUM
2732 2111 2942 2160 ALBINI,
2977 2106 3201 2147 PAULINI
3235 2105 3300 2143 ET
3341 2100 3576 2150 NICETE,
3607 2097 3732 2136 CUM

2441 2204 2755 2244 NONGENTIS
2803 2199 3113 2240 OCTOGINTA
3162 2194 3374 2234 NOVEM.

2159 2282 2362 2337 Oratio.
2394 2277 2731 2350 Propitiare,
2766 2272 3026 2339 Domine,
3059 2265 3586 2342 supplicationibus
3627 2279 3730 2318 no-

2086 2372 2244 2437 stris,
2296 2374 2353 2425 e't
2407 2372 2742 2424 sanctorum
2798 2365 3122 2434 martyrum
3185 2363 3281 2413 tuo
3324 2355 3536 2422 Albini,
3581 2353 3732 2407 Pau-

2087 2460 2191 2516 lini
2222 2465 2278 2515 et
2307 2459 2516 2514 Niceten
2537 2455 2793 2528 episcopi
2825 2468 2956 2508 cum
2988 2447 3296 2521 nongentis
3319 2443 3614 2517 octoginta
3632 2457 3733 2496 no-

2086 2568 2236 2618 vem,
2269 2549 2368 2621 qui
2401 2547 2558 2620 passi
2589 2548 2727 2601 sunt
2756 2545 2992 2616 propter
3021 2553 3232 2594 nomen
3291 2540 3482 2599 tuum,
3529 2546 3733 2586 eorum

2089 2637 2548 2712 suffragantibus
2579 2633 2822 2700 meritis,
2883 2645 3082 2702 preces
3141 2628 3371 2682 nostras
3425 2621 3737 2693 dignanter

2089 2728 2316 2794 exaudi,
2350 2729 2416 2782 ut
2435 2725 2808 2780 dimittantur
2848 2718 3015 2774 nobis
3042 2720 3277 2790 peccata
3307 2714 3527 2779 nostra,
3562 2712 3618 2766 et
3647 2712 3730 2763 te-

2090 2836 2223 2876 cum
2255 2819 2444 2874 vivere
2474 2815 2533 2869 in
2558 2817 2839 2869 aeternum
2871 2823 3219 2864 mereamur.
3254 2803 3377 2859 Per.

2162 2911 2392 2966 Secreta.
2453 2901 2714 2974 Suscipe,
2770 2899 3035 2964 Domine,
3097 2893 3409 2966 propitius,
3440 2887 3734 2945 orationes

2091 3004 2324 3056 nostras
2363 3012 2496 3051 cum
2529 2989 2921 3049 oblationibus
2950 2984 3301 3051 hostiarum,
3325 2986 3382 3038 et
3410 2983 3736 3051 martyrum

2092 3093 2349 3153 tuorum,
2413 3098 2662 3155 quorum
2719 3076 3001 3134 notabilia
3044 3073 3299 3147 gloriosa
3351 3069 3736 3134 celebramus,

2093 3174 2560 3250 deprecationem
2591 3168 2825 3242 pietatis
2856 3171 2966 3222 tua:
2990 3165 3200 3238 perﬁce
3218 3160 3470 3232 benigno
3490 3157 3734 3224 affectu;

2095 3272 2152 3324 et
2167 3245 2485 3335 illam,quae
2506 3261 2562 3316 in
2590 3259 2671 3315 eis
2701 3257 2964 3330 ﬂagravit
2995 3253 3160 3309 fortis
3190 3249 3442 3316 dilectio,
3475 3247 3535 3302 in
3567 3245 3737 3302 nobis

2092 3355 2375 3427 respirare
2409 3351 2695 3422 benignus
2727 3346 2994 3403 concede.
3027 3345 3150 3398 Per.

2165 3443 2500 3501 Communia.
2534 3440 2881 3495 Sanctorum
2913 3439 3170 3499 tuorum,
3200 3429 3458 3494 Domine,
3480 3440 3730 3497 quorum

2093 3536 2241 3591 festa
2271 3532 2652 3596 celebramus,
2690 3523 3106 3582 intercessione
3154 3535 3323 3592 opem
3357 3513 3732 3572 miseriordiae

2093 3624 2262 3680 nobis
2282 3623 2492 3688 tribue,
2527 3624 2592 3674 ut
2623 3617 2721 3690 qui
2755 3629 3030 3672 coronam
3059 3609 3322 3681 martyrii
3352 3605 3436 3662 tui
3472 3621 3587 3661 non
3613 3618 3734 3659 me-

2093 3711 2520 3780 rcmur,saltem
2545 3726 2578 3764 a
2606 3706 2774 3762 venia
2804 3721 2920 3758 non
2952 3700 3325 3774 repellamur.
3360 3697 3485 3752 Per.

2341 3815 2398 3853 IN
2429 3811 2641 3853 VIGILIA
2681 3809 2876 3848 SANCTI
2905 3805 3142 3846 JOANNIS
3189 3800 3492 3841 BAPTISTIE.

2167 3889 2350 3945 Oratio
2382 3892 2444 3942 ut
2471 3888 2530 3941 in
2568 3884 2747 3940 aditis.

2169 3979 2402 4035 Secreta.
2437 3977 2679 4031 Munera
2708 3968 2907 4043 populi
2941 3967 3047 4034 tui,
3083 3979 3445 4037 quaesumus,
3479 3959 3744 4025 Domine,

2099 4067 2447 4142 propitiatus
2477 4061 2798 4124 intende,et
2828 4055 3237 4114 beatiJoannis
3262 4049 3556 4124 Baptistae,
3581 4049 3748 4119 cujus

2101 4176 2207 4216 nos
2228 4154 2438 4212 tribuis
2462 4151 2662 4226 praeire
2693 4147 2998 4213 solemnia,
3033 4146 3120 4200 fac
3148 4142 3401 4216 gaudere
3433 4136 3746 4211 suffragiis.

2103 4250 2226 4304 Per.

2635 4331 2796 4385 Missa
2826 4345 2986 4384 mana
3013 4328 3213 4400 prima.

2178 4420 2679 4486 Oratia.Concede,
2705 4413 3449 4490 quaesumus,omnipotens
3479 4410 3653 4476 Deus,
3688 4411 3752 4462 ut

2108 4515 2208 4588 qui
2240 4511 2393 4568 beati
2423 4509 2665 4566 Joannis
2697 4508 2970 4580 Baptistae
3004 4503 3291 4562 solemnia
3319 4501 3586 4569 colimus,
3623 4500 3751 4569 ejus

2108 4604 2261 4676 apud
2290 4606 2345 4658 te
2377 4597 2893 4655 intercessionibus
2916 4595 3273 4650 muniamur.
3307 4592 3432 4647 Per.

2174 4694 2408 4755 ἄρνεια.
2440 4690 2701 4755 Munera,
2735 4700 3097 4759 quaesumus,
3133 4681 3392 4750 Domine,
3413 4683 3547 4746 etc.,
3589 4687 3648 4734 ut
3696 4679 3751 4732 in

2107 4783 2287 4840 editis.

2179 4871 2516 4927 Communia.
2543 4870 2778 4936 Praesta,
2801 4881 3161 4939 quaesumus,
3191 4862 3558 4934 omnipotens
3578 4858 3754 4927 Deus,

2107 4966 2173 5017 ut
2203 4960 2303 5033 qui
2335 4957 2589 5015 cmlestia
2620 4957 2897 5014 alimenta
2944 4952 3334 5027 percepimus,
3363 4948 3754 5006 intercedente

2107 5053 2277 5106 beato
2303 5049 2525 5105 Joanne
2547 5046 2827 5119 Baptista,
2855 5061 2959 5118 per
2979 5043 3100 5099 haec
3128 5046 3332 5098 contra
3362 5041 3604 5096 adversa
3634 5053 3755 5093 om-

2109 5140 2206 5196 nia
2237 5137 2595 5194 muniamur.
2631 5137 2754 5191 Per.

2181 5230 2300 5285 Alia
2361 5228 2431 5283 ad
2491 5227 2761 5298 Vesperas.
2799 5229 2969 5292 Deus,
3031 5221 3132 5294 qui
3194 5238 3302 5277 nos
3361 5233 3557 5275 annua
3605 5214 3758 5270 beati

2108 5318 2354 5375 Joannis
2387 5317 2659 5388 Baptistae
2715 5312 3003 5371 solemnia
3061 5312 3429 5381 frequentare
3469 5303 3758 5373 concedis,

2112 5414 2339 5480 praesta,
2375 5423 2734 5478 quaesumus,
2768 5408 2833 5458 ut
2892 5406 2948 5457 et
2981 5399 3200 5456 devotis
3231 5399 3434 5456 eadem
3467 5393 3761 5452 mentibus

2112 5498 2495 5562 celebremus,
2528 5500 2584 5550 et
2614 5496 2741 5566 ejus
2799 5489 3119 5564 patrocinio
3178 5490 3549 5561 promerente
3599 5483 3763 5557 plene

2114 5584 2416 5658 capiamus
2465 5579 2793 5637 securitatis
2846 5581 3248 5649 augmentum.
3281 5576 3406 5632 Per.

2293 5692 2346 5729 IN
2378 5689 2588 5728 VIGILIA
2618 5684 3033 5726 APOSTOLORUM
3088 5683 3254 5722 PETRI
3285 5683 3352 5723 ΕΤ
3396 5680 3586 5722 PAULI.

2187 5764 2386 5819 Oratio.
2422 5762 2596 5829 Deus,
2659 5759 2761 5832 qui
2821 5758 2988 5816 nobis
3030 5757 3334 5813 beatorum
3365 5751 3768 5836 apostolorum
