3978 6370
294 472 301 479 ‘
332 455 453 519 893

1134 450 1521 515 EXCERPT.
1566 449 1669 511 EX
1715 443 1937 510 CODD.
1984 442 2300 509 LITURG.
2333 442 2932 507 FONTAVELLAN.

3614 451 3735 512 8οι

296 620 303 626 -
337 595 577 647 tuorum
606 589 761 647 Petri
792 593 852 647 et
878 586 1042 646 Pauli
1074 583 1826 662 natalitiagloriosa‘praaire
1844 599 1978 638 con-
2009 582 2067 650 Α
2095 584 2263 639 oeant
2292 581 2505 638 habere
2517 583 2940 654 contemptum,
2959 584 3224 641 etamare
3237 580 3389 641 dona
3410 584 3734 644 ccelestium

335 679 517 749 cedis,
532 680 747 747 tribue,
762 696 1125 751 quaesumus,
1142 694 1343 735 eorum
1359 693 1465 732 nos
1495 690 1727 747 semper
1744 676 1801 729 et
1814 673 1985 728 bene-

332 768 487 824 ﬁciis
518 768 822 841 praeveniri
852 772 909 824 et
937 767 1303 824 orationibus
1334 765 1616 837 adjuvari.
1649 764 1773 817 Per.

409 857 644 926 Secreta,
674 860 735 912 ut
762 858 819 913 in
846 857 1026 913 editis.

411 946 754 1002 Communia.
787 945 964 1013 Deus,
998 944 1096 1019 qui
1110 942 1413 1001 ecclesiam
1443 947 1607 1003 tuam
1639 938 1885 1011 apostoli
1900 937 1986 994 tui

336 1035 496 1091 Petri
526 1035 642 1091 ﬁde
673 1040 731 1091 et
760 1035 995 1091 nomine
1014 1031 1621 1104 consecrasti,quique
1652 1027 1987 1084 heatumilli

338 1123 586 1180 Paulum
619 1125 692 1180 ad
741 1124 1177 1197 praedicandum
1223 1122 1497 1196 gentibus
1546 1118 1792 1192 gloriam
1823 1123 1985 1172 tuam

338 1212 560 1269 sociare
587 1213 865 1286 dignatus
891 1230 973 1281 es,
1008 1212 1257 1268 concede
1284 1216 1347 1265 ut
1363 1226 1591 1276 omnes,
1623 1207 1721 1280 qui
1749 1208 1820 1263 ad
1848 1224 1986 1278 apo-

338 1301 623 1357 stolorum
658 1306 893 1357 tuorum
925 1300 1212 1356 solemnia
1250 1300 1662 1365 convenerunt,
1697 1295 1986 1370 spirituali

336 1389 809 1446 remuneratione
840 1389 1116 1446 ditentur.
1149 1390 1275 1446 Per.

532 1496 591 1534 IN
630 1496 800 1534 FESTO
839 1493 1254 1534 APOSTOLORUM
1297 1493 1458 1531 PETRI
1499 1492 1561 1530 ET
1605 1491 1793 1529 PAULI.

413 1568 616 1623 Oratio.
651 1567 1034 1640 Omnipotens
1067 1566 1422 1638 sempiterne
1461 1563 1636 1626 Deus,
1672 1562 1770 1635 qui
1802 1560 1992 1617 Eccle-

343 1655 493 1711 siam
525 1660 689 1711 tuam
713 1655 771 1711 in
802 1654 1126 1728 apostolica
1154 1653 1448 1710 soliditate
1479 1652 1785 1707 fundatam
1808 1651 1879 1706 ab
1902 1651 1990 1705 in-

342 1745 642 1802 fernarum
675 1745 1063 1801 eruisterrore
1078 1747 1398 1815 portarum,
1416 1745 1627 1813 praesta
1655 1740 1715 1794 in
1736 1739 1994 1795 tuaveri-

341 1839 464 1891 tate
492 1833 1015 1907 persistens,nulla
1032 1829 1582 1906 recipiatconsortia
1612 1830 1987 1903 perﬁdorum.

340 1924 472 1979 Per.
1200 1976 1205 1983 ἱ

416 2012 652 2068 Secreta.
685 2011 993 2067 Familiam
1027 2015 1211 2078 tuam,
1254 2009 1521 2079 Domine,
1572 2007 1861 2080 prepitius
1901 2007 1989 2062 in-

338 2105 524 2170 tuere,
557 2104 615 2156 et
642 2099 978 2173 apostolicis
1036 2100 1280 2156 defende
1333 2096 1641 2170 praesidiis,
1676 2102 1740 2153 ut
1786 2114 1990 2152 eorum

339 2190 614 2264 precibus
644 2191 1021 2263 gubernetur,
1041 2189 1257 2261 quibus
1289 2186 1495 2242 nititur
1523 2191 1578 2242 te
1605 2185 1993 2242 constituente

337 2278 724 2351 principibus.
758 2279 882 2335 Per.

414 2369 751 2425 Communia.
784 2367 1004 2424 Exaudi
1035 2385 1161 2435 nos,
1198 2371 1346 2422 Deus
1376 2364 1652 2422 salutaris
1686 2367 1901 2431 noster,
1936 2366 1993 2419 et

340 2455 739 2530 apostolorum
772 2462 1008 2513 tuorum
1040 2474 1147 2512 nos
1179 2460 1340 2511 tuere
1378 2453 1688 2527 praesidiis,
1739 2469 1989 2524 quorum

340 2546 575 2602 donasti
604 2545 808 2602 ﬁdeles
839 2563 968 2602 esse
990 2545 1291 2602 doctrinis.
1327 2545 1455 2600 Per.

950 2635 1035 2697 .Ad
1071 2637 1370 2705 Vesperum.

415 2725 622 2781 Oratio.
660 2724 895 2792 Praesta,
923 2740 1284 2796 quaesumus,
1318 2722 1689 2794 omnipotens
1720 2721 1894 2789 Deus,
1932 2726 1996 2777 ut

346 2813 446 2885 qui
472 2812 1374 2886 jugiterapostolicadefensione
1392 2811 1715 2876 munimur,
1746 2827 1848 2866 nec
1862 2828 1994 2866 suc-

348 2903 705 2958 cumbamus
734 2901 914 2969 vitiis,
948 2918 1053 2957 nec
1085 2901 1483 2974 opprimamur
1537 2899 1812 2956 adversis.
1867 2901 1991 2956 Per.

585 3007 644 3046 IN
685 3006 897 3045 OCTAVA
938 3006 1135 3045 SANCTI
1174 3007 1411 3045 JOANNIS
1453 3006 1755 3044 BAPTIST.-E.

421 3081 627 3135 Oratio.
664 3080 896 3145 Praesta,
931 3096 1296 3151 quaesumus,
1321 3078 1694 3151 omnipotens
1729 3083 1896 3145 Deus,
1933 3084 1997 3134 ut

346 3167 608 3225 Ecclesia
634 3172 757 3236 tua,
773 3185 902 3241 quae
919 3168 1127 3223 iterato
1150 3168 1508 3223 nativitatem
1524 3167 1897 3240 praecursoris
1912 3169 1997 3223 Fi-

346 3257 409 3313 lii
441 3256 526 3313 tui
555 3256 1621 3314 DomininostriJesuChristiJoannis
1652 3256 1995 3328 Baptistaein

347 3350 889 3413 octavoveneratur,
912 3347 1117 3418 eoipso
1132 3362 1234 3418 pro
1250 3363 1318 3401 ea
1344 3346 1499 3417 apud
1531 3343 1995 3401 misericordiam

346 3440 513 3492 tuam
542 3436 945 3509 praeveniente,
970 3452 1004 3492 a
1030 3434 1286 3507 peccatis
1308 3435 1649 3490 omnibuste
1680 3433 1994 3490 miserante

345 3524 585 3580 liberari
615 3541 965 3582 mereamur.
1003 3530 1132 3580 Per.

416 3614 649 3670 Secreta.
703 3613 901 3669 Sancti
958 3613 1200 3669 Joannis
1263 3611 1537 3685 Baptistae
1590 3612 1994 3668 honorabilem

347 3701 709 3759 nativitatem
726 3703 1092 3768 muneribus,
1107 3719 1139 3758 ο
1153 3700 1994 3774 piisssimeDomine,gemina-

345 3792 424 3848 tis
454 3792 514 3847 in
546 3795 746 3848 octavo
776 3791 1033 3848 Ecclesia
1052 3796 1150 3847 tua
1178 3791 1272 3847 dio
1290 3789 1665 3846 devotissimc
1688 3789 1993 3862 consequi-

343 3883 461 3947 tur,
495 3885 707 3952 praesta
735 3880 906 3937 solita
935 3879 1354 3936 clementiatua
1374 3879 1576 3951 utipso
1608 3895 1711 3950 pro
1733 3878 1993 3934 eaintcr-

342 3969 609 4026 veniente
634 3970 691 4025 id
725 3972 943 4026 munus
976 3970 1231 4026 salutare
1262 3969 1373 4025 sibi
1420 3984 1598 4041 penes
1640 3973 1695 4024 te
1729 3967 1852 4024 ﬁeri
1880 3986 1996 4024 me-

344 4062 565 4119 reatur.
600 4059 726 4115 Per.

419 4148 758 4204 Communia.
791 4148 1032 4204 Munera
1062 4151 1183 4211 tua,
1219 4146 1414 4219 quaein
1433 4146 1714 4207 honorem
1738 4145 1996 4202 nominis

345 4236 433 4293 tui
462 4235 523 4291 in
557 4236 926 4293 solemnitate
951 4236 1157 4291 iterata
1175 4234 1419 4292 Joannis
1444 4235 1716 4306 Baptista:
1744 4252 1995 4308 praecur-

346 4325 497 4382 soris
526 4325 653 4381 Filii
684 4325 769 4381 tui
805 4324 1043 4395 Domini,
1094 4324 1276 4380 nostri
1308 4325 1446 4380 Jesu
1498 4323 1710 4380 Christi
1758 4329 1997 4396 sumpta

346 4418 509 4485 sunt,
542 4430 904 4486 quaesumus,
939 4413 1309 4486 omnipotens
1332 4413 1506 4480 Deus,
1542 4416 1820 4485 praestent
1837 4412 1996 4467 auxi-

344 4502 493 4558 lium
523 4502 789 4559 Ecclesim
819 4506 1026 4570 tuae,ut
1059 4502 1288 4575 expiata
1334 4502 1405 4557 ab
1438 4501 1598 4557 omni
1631 4500 1996 4556 immissione

348 4590 711 4648 insidiatoris
740 4596 796 4647 te
826 4591 1154 4657 benedicat,
1187 4590 1293 4646 tibi
1325 4590 1559 4657 serviat,
1593 4594 1668 4656 et,
1700 4593 1756 4645 te
1804 4593 1993 4661 prote-

345 4683 538 4753 gente,
571 4680 642 4735 ab
674 4680 949 4736 omnibus
973 4678 1146 4736 malis
1178 4696 1410 4752 semper
1441 4679 1518 4735 sit
1538 4679 1741 4733 libera.
1777 4678 1900 4733 Per.

716 4787 777 4824 IN
816 4785 985 4824 FESTO
1025 4786 1253 4825 SANCTE
1292 4785 1611 4824 MUSTIOLE.

417 4856 620 4913 Oratio.
652 4860 883 4914 Crescat
911 4858 971 4912 in
1002 4858 1193 4923 nobis,
1225 4856 1488 4922 Domine,
1518 4872 1751 4928 semper
1779 4858 1993 4911 sanctae

336 4946 731 5018 jucunditatis
761 4946 1022 5010 effectus,
1054 4950 1120 5002 ut
1140 4948 1318 5003 beatae
1368 4944 1656 5001 Mustiolae
1715 4944 1990 5017 martyris

345 5038 457 5089 tute
488 5035 815 5091 veneranda
847 5034 1462 5106 festivitasaugeatur.
1497 5034 1620 5088 Per.

415 5123 649 5180 Secreta.
683 5123 907 5180 Sanctae
938 5123 1221 5180 Mustiolaz
1253 5122 1524 5194 martyris
1555 5127 1689 5188 tum,
1719 5121 1988 5189 Domine,

343 5212 494 5269 festa
522 5213 902 5282 celebrantes,
934 5231 1135 5285 preces
1165 5211 1486 5280 offerimus,
1510 5211 1764 5266 hostiam
1787 5210 1991 5266 immo-

340 5300 555 5369 lamus,
589 5307 801 5374 praesta
828 5318 1188 5374 quaesumus,
1216 5306 1282 5356 ut
1310 5317 1443 5356 cum
1470 5299 1737 5372 praesidio
1765 5303 1986 5371 tempo-

342 5388 449 5445 rali
479 5393 536 5446 et
560 5389 741 5447 vitam
774 5391 943 5447 nobis
973 5391 1286 5463 praebeant,
1314 5393 1370 5443 et
1403 5388 1762 5443 incrementa
1790 5403 1987 5458 perpe-

341 5482 465 5534 tua.
496 5478 624 5536 Per.
931 5478 934 5483 ’

413 5566 751 5625 Communia.
776 5569 932 5625 Deus
960 5569 1245 5625 virtutum
1267 5565 1611 5632 caelestium,
1646 5582 1986 5637 quaesumus

344 5659 408 5711 ut
438 5656 746 5725 sacrificia,
804 5660 910 5731 pro
964 5654 1176 5715 Sancta:
1226 5654 1511 5713 Mustiolae
1566 5654 1841 5727 martyris
1872 5658 1987 5711 tuze

342 5744 613 5815 passione
644 5746 853 5816 delata,
873 5747 1296 5804 desideriorum
1319 5763 1425 5802 nos
1457 5741 1867 5817 temporalium
1889 5744 1988 5799 do-

2093 671 2470 745 gaudiorum.
2504 671 2631 726 Per.

2259 776 2319 816 IN
2359 777 2569 816 OCTAVA
2609 776 3022 818 APOSTOLORUM
3062 778 3225 820 PETRI
3265 781 3333 820 ET
3372 781 3562 822 PAULI.

2168 850 2350 905 Oratio
2380 854 2431 904 at
2459 852 2663 906 secreta
2685 853 2745 905 in
2775 851 2953 906 editis.

2169 939 2506 995 Communia.
2544 940 2851 996 Beatorum
2874 942 3273 1013 apostolorum
3310 949 3569 1015 tuorum,
3618 948 3734 1005 Do-

2095 1026 2274 1095 mine,
2311 1028 2461 1083 Petri
2495 1032 2551 1084 et
2581 1029 2743 1084 Pauli
2766 1031 3095 1087 desiderata
3119 1034 3405 1091 solemnia
3433 1053 3738 1094 recensen-

2095 1120 2205 1182 tes,
2238 1121 2470 1188 praesta,
2505 1134 2866 1189 quaesumus,
2900 1126 2966 1177 ut
2990 1139 3192 1179 eorum
3216 1125 3739 1197 supplicationibus

2097 1206 2473 1271 mundemur,
2506 1222 2756 1277 quorum
2789 1208 3049 1280 regimur
3077 1211 3428 1284 principatu.
3463 1213 3587 1269 Per.

2305 1311 2362 1349 IN
2402 1311 2570 1351 FESTO
2609 1313 2952 1354 sucronem
2990 1316 3206 1356 SEPTEM
3246 1304 3569 1365 vannum“,

2169 1386 2370 1441 Oratio.
2404 1386 2636 1453 Praesta,
2667 1403 3028 1457 quaesumus,
3060 1391 3430 1463 omnipotens
3468 1394 3644 1463 Deus,
3679 1402 3745 1451 ut

2099 1474 2198 1547 qui
2229 1470 2513 1547 gloriosos
2539 1480 2824 1547 martyres
2844 1477 3496 1551 Januarium,Felicem,
3527 1483 3740 1556 Philip-

2099 1580 2262 1634 pum,
2296 1563 2487 1619 Silvan
2498 1582 2618 1631 um,
2631 1564 3044 1637 Alexandrum,
3062 1568 3303 1625 Vitalem
3318 1576 3493 1643 atque
3505 1573 3739 1631 Martia--

2099 1650 2237 1719 lem,
2272 1652 2450 1707 fortes
2480 1652 2539 1707 in
2573 1670 2681 1709 sua
2706 1654 3068 1712 confessione
3095 1660 3495 1730 cognovimus,
3525 1666 3658 1730 etc.,
3683 1668 3743 1718 ut

2101 1743 2159 1796 in
2191 1741 2366 1807 editis,
2398 1743 2567 1797 etiam
2596 1744 2771 1814 quoad
2789 1749 3055 1800 secretam
3082 1750 3130 1802 et
3164 1753 3739 1818 postcamm-unionem.

2474 1848 2532 1886 IN
2573 1849 2735 1888 FESTO
2773 1850 2964 1889 SANCTI
3007 1852 3368 1893 PATERNIANI.

2021 1953 2069 2017 B
2100 2006 2132 2017 h
2174 1920 2379 1975 Oratio.
2412 1920 2591 2017 Deus,
2623 1921 2722 1993 qui
2755 1939 2858 2017 per
2878 1923 3156 1996 angelum
3186 1929 3354 1983 tuum
3384 1929 3743 2002 Raphaelem

2098 2006 2208 2063 iter
2237 2009 2547 2065 ostendisti
2580 2010 2748 2067 beato
2778 2012 3145 2080 Paterniano,
3177 2018 3235 2070 et
3263 2016 3489 2073 obitum
3511 2019 3749 2076 demon-

2101 2095 2324 2164 strasti,
2352 2099 2557 2154 exaudi
2592 2116 2791 2172 preces
2820 2118 2969 2173 quas
2998 2103 3055 2158 in
3090 2105 3217 2175 ejus
3247 2105 3351 2161 tibi
3383 2107 3750 2166 solemnitate

2102 2185 2440 2254 deferimus,
2470 2191 2603 2254 etc.,
2638 2196 2697 2245 ut
2726 2191 2784 2245 in
2816 2190 2994 2259 editis,
3027 2195 3088 2248 in
3141 2195 3375 2252 secunda
3424 2199 3593 2254 missa
3619 2214 3746 2255 can-

2099 2276 2320 2344 fessoris
2336 2277 2633 2347 pontiﬁcis.

2459 2383 2518 2421 IN
2557 2383 2727 2423 FESTO
2771 2385 2998 2427 SANCTE
3037 2388 3399 2431 MARGARITAB.

2175 2454 2379 2511 Oratio.
2414 2454 2588 2522 Deus,
2625 2456 2725 2529 qui
2763 2458 2991 2514 beatam
3041 2461 3414 2535 Margaritam
3463 2465 3749 2539 virginem

2103 2542 2388 2600 hodierna
2417 2545 2489 2600 ad
2530 2544 2705 2602 cmlos
2764 2563 2868 2618 per
2926 2550 3190 2622 martyrii
3235 2552 3496 2625 palmam
3550 2555 3748 2613 venire

2102 2631 2310 2699 fecisti,
2344 2633 2593 2689 concede
2624 2634 2910 2707 propitius
2930 2642 3016 2707 ut,
3049 2640 3178 2711 ejus
3208 2642 3473 2715 exempla
3504 2661 3750 2717 sequen-

2103 2725 2190 2776 tes
2223 2722 2293 2777 ad
2324 2728 2379 2777 te
2412 2723 2711 2794 pervenire
2744 2741 3095 2782 mereamur.
3129 2729 3256 2785 Per.

2175 2810 2407 2865 Secreta.
2442 2813 2570 2866 Haec
2616 2811 2874 2882 victima,
2925 2816 3186 2886 Domine,
3237 2836 3597 2891 quesumus,
3645 2841 3750 2896 pro

2104 2898 2287 2954 beatae
2313 2899 2555 2969 virginis
2587 2901 2911 2973 Margaritze
2945 2907 3221 2978 martyrio
3254 2908 3469 2977 oblata,
3505 2916 3562 2967 et
3582 2929 3751 2968 men-

2104 2986 2252 3129 tium
2286 2988 2456 3131 melius
2478 2990 2813 3061 puritatem,
2848 2996 2904 3047 et
2933 3010 3241 3066 corporum
3256 2997 3515 3056 obtineat
3536 3002 3749 3057 sancti-

2133 3080 2311 3131 atem.
2391 3095 2472 3131 er.

2133 3080 2311 3132 atem.
2345 3080 2472 3132 Per.

2179 3166 2516 3254 Communia.
2576 3169 2783 3240 Hujus,
2836 3171 3099 3241 Domine,
3161 3180 3509 3235 sacramenti
3557 3198 3752 3254 perce-

2104 3253 2307 3326 ptione
2338 3260 2395 3311 et
2424 3257 2601 3312 beatae
2625 3258 2949 3332 Margaritae
2968 3263 3214 3336 virginis
3245 3253 3676 3338 intercessione,
3697 3277 3755 3327 et

2109 3316 2128 3326 ι
2749 3316 2783 3332 υ
3008 3316 3011 3317 ν
3042 3316 3210 3336 omn
3245 3316 3657 3326 “mnu---”
3699 3316 3752 3327 υ.

2026 3316 2070 3384 C
2108 3346 2171 3396 tu
2204 3342 2262 3397 in
2295 3344 2464 3400 nobis
2497 3362 2732 3406 manere
2764 3347 3022 3421 dignare,
3055 3356 3111 3407 et
3160 3371 3266 3410 nos
3299 3355 3358 3411 in
3408 3362 3466 3413 te
3491 3316 3752 3416 vicissim

2109 3447 2343 3487 manere
2372 3434 2642 3489 concede.
2666 3435 2790 3491 Per.

2264 3539 2323 3578 ΙΝ
2364 3540 2531 3579 FESTO
2571 3540 2913 3583 SANCTORUM
2953 3546 3171 3591 QUIRICI
3210 3551 3277 3588 ET
3312 3551 3579 3593 ωιιπίε.

2179 3613 2383 3667 Oratio.
2417 3613 2590 3679 Deus,
2626 3614 2725 3686 qui
2776 3622 3111 3675 sanctorum
3160 3625 3398 3679 tuorum
3448 3625 3666 3689 Quirici
3698 3635 3756 3684 et

2105 3699 2322 3754 Julittze
2351 3701 2625 3758 cordibus
2643 3703 2941 3762 ﬂammam
2958 3712 3069 3764 tua;
3098 3709 3426 3769 dilectionis
3457 3716 3750 3785 accendis,

2106 3789 2181 3844 da
2203 3788 2476 3845 cordibus
2500 3792 2715 3847 nostris
2736 3796 3001 3851 eamdem
3031 3798 3164 3854 fidei
3195 3799 3618 3875 charitatisque
3646 3803 3755 3859 vir-

2105 3882 2315 3943 tutem,
2332 3882 2393 3933 ut
2415 3896 2662 3950 quorum
2680 3883 3010 3954 gaudemus
3024 3887 3361 3962 triumphis,
3373 3906 3755 3959 provocemur

2106 3967 2406 4040 exemplis.
2438 3969 2565 4024 Per.

2178 4056 2420 4113 Secreta.
2445 4057 2547 4114 Illa
2560 4076 2668 4116 nos
2697 4062 2929 4131 veritas,
2946 4064 3208 4135 Domine,
3226 4069 3752 4141 semperillumini-

2108 4149 2223 4213 net,
2257 4162 2383 4217 quaa
2417 4153 3000 4209 sanctorumtuorum
3014 4158 3288 4215 cordibus
3318 4159 3617 4217 ﬂammam
3638 4165 3751 4219 tuae

2105 4233 2436 4292 dilectionis
2468 4239 2749 4295 accendit.
2789 4241 2914 4297 Per.

2180 4324 2517 4382 Communia.
2551 4326 2832 4403 Deus,qui
2856 4334 3074 4391 sanctis
3096 4336 3212 4394 tuis
3241 4341 3600 4413 martyribus
3622 4343 3755 4411 Qui-

2108 4412 2224 4467 rico
2281 4417 2338 4467 et
2366 4413 2585 4470 Julittee
2634 4419 2901 4477 vincendi
2962 4424 3260 4495 solatium,
3312 4435 3369 4485 et
3398 4412 3751 4490 immensam

2105 4501 2477 4556 vincentibus
2506 4504 2755 4575 gloriam
2777 4515 3053 4568 aeternam
3085 4517 3377 4588 concedis,
3392 4525 3450 4574 et
3468 4519 3752 4579 laceratus

2106 4604 2312 4643 carnes
2342 4606 2565 4658 eorum,
2599 4598 2881 4668 tanquam
2913 4601 3150 4658 odorem
3182 4605 3401 4660 bonum
3448 4609 3752 4668 suavitatis

2027 4677 2074 4742 D
2106 4677 2384 4745 assumis,
2422 4680 2630 4749 tribue,
2666 4702 3029 4757 quaesumus,
3074 4695 3139 4745 ut
3185 4691 3338 4748 sicut
3363 4694 3447 4750 eis
3478 4711 3751 4755 coronam

2106 4766 2367 4839 martyrii
2384 4771 2729 4840 praestitisti,
2745 4775 2825 4833 ita
2836 4779 3003 4835 nobis
3018 4784 3383 4851 peccatorum
3417 4790 3750 4845 nostrorum

2102 4855 2331 4911 veniam
2364 4856 2651 4930 largiaris.
2686 4861 2808 4919 Per.

2157 4961 2211 4999 IN
2250 4962 2474 5002 FESTUM
2514 4965 2856 5011 SANCTORUM
2894 4974 3218 5017 ERMAGORE
3255 4980 3324 5018 ET
3360 4978 3693 5023 FORTUNATI.

2173 5035 2379 5091 Oiatio.
2412 5036 2962 5113 Intervenientibus,
2984 5048 3250 5120 Domine,
3284 5053 3504 5111 sanctis
3535 5058 3751 5128 marty-

2091 5122 2263 5201 ribus
2297 5124 2413 5180 tuis
2473 5128 2786 5201 Ermagora
2833 5138 2891 5189 et
2939 5136 3280 5207 Fortunato,
3338 5143 3603 5199 Ecclesiae
3634 5122 3748 5200 tuae

2097 5227 2266 5310 voces
2298 5213 2561 5313 placatus
2580 5219 2842 5313 admitte,
2879 5226 3268 5285 utdestructis
3299 5232 3747 5290 adversitatibus

2101 5308 2409 5371 universis,
2443 5322 2650 5364 secura
2679 5308 2782 5365 tibi
2816 5313 3027 5369 serviat
3055 5315 3342 5375 libertate.
3376 5322 3502 5377 Per.

2167 5391 2401 5446 Secreta.
2437 5394 2678 5453 Munera
2708 5398 3056 5459 humilitatis
3088 5411 3320 5478 nostris,
3353 5409 3616 5482 Domine,
3645 5428 3747 5484 pro

2097 5484 2435 5537 sanctorum
2451 5491 2777 5558 martyrum
2792 5495 3026 5547 tuorum
3043 5492 3367 5566 Ermagorae
3382 5498 3744 5556 etFortunati

2095 5566 2349 5638 gloriosa
2378 5574 2655 5642 passione
2682 5582 2739 5633 et
2760 5579 3131 5638 solemnitate
3158 5583 3487 5655 atterentes,
3521 5602 3746 5658 quaesu-

2097 5660 2549 5746 mus,propitius
2564 5667 2851 5738 respicere
2866 5670 3745 5746 dignare,etipsoruminterces-

2097 5743 2260 5802 sione
2300 5751 2419 5804 tam
2453 5752 2523 5808 ad
2544 5755 2868 5825 profectum
2884 5760 3011 5817 vita:
3026 5779 3203 5834 quam
3222 5743 3442 5821 animae
3465 5764 3746 5824 salutaria
