3978 6362
228 510 237 517 ι

1436 400 1628 477 ssc.
1674 400 1756 466 x1
1798 397 2125 497 nonan.
2169 399 2484 467 musa.

3512 470 3518 477 ,
3536 399 3669 485 ,896

266 540 438 628 nobis
466 538 746 628 consueta
775 531 1148 617 miseratione
1170 534 1468 610 pervenire
1481 534 1750 592 concede.
1777 533 1903 590 Per.
1936 533 1992 601 Α
2018 539 2174 617 tione
2204 539 2373 612 cujus
2405 534 2673 594 natalitia
2701 550 2802 608 per
2820 533 2943 592 haec
2975 535 3179 625 sancta
3227 550 3355 628 qua:
3408 531 3666 623 sdmpsi-

234 624 241 631 ’
298 614 678 687 Ὅθηινηὶιηέὸ.
739 612 1071 695 sumentes,
1133 625 1400 693 Domine,
1444 622 1703 681 coelestia
1759 624 1913 680 dona

266 718 755 796 mysterii,quaesu
765 733 898 796 mus
911 720 975 771 ut
987 719 1321 771 sanctorum
1334 718 1661 789 martyrum
1675 717 1911 769 tuorum

267 792 598 882 Ermagorze
611 796 666 863 et
688 792 995 863 'Fortu'nati
1013 804 1362 883 adjuvemur
1390 802 1639 871 meritis,
1655 819 1909 876 quorum

269 897 700 977 solemnitatem
733 894 932 977 debita
959 894 1331 949 veneratione
1361 891 1747 948 celebramus.
1784 895 1909 947 Per.

367 982 536 1043 FESTO
586 972 819 1040 SANCTZE'
867 998 1142 1038 PRAXEDIS
1189 998 1441 1039 VIRGINIS
1493 998 1559 1036 ET
1608 996 1909 1036 IARTYRIS.

267 1072 275 1079 ’
341 1070 556 1148 Oratio.
589 1075 765 1139 Deus,
790 1073 889 1145 qui
921 1071 1291 1127 interemtera
1304 1068 1573 1143 potentia:
1602 1072 1714 1124 tua:
1737 1069 1912 1124 mira-

267 1164 400 1221 cula
431 1146 607 1219 etiam
652 1162 711 1217 in
769 1178 908 1217 sexu
959 1158 1148 1233 fragili
1187 1158 1489 1214 victoriam
1538 1157 1823 1213 castitatis
1856 1160 1914 1213 et

267 1232 535 1326 martyrii
588 1248 914 1318 contulisti,
976 1232 1075 1316 da,
1130 1264 1488 1319 quaesumus,
1547 1249 1612 1301 ut
1643 1246 1824 1301 beatae
1857 1249 1913 1301 et

267 1336 484 1399 sancta;
516 1332 791 1413 martyris
822 1342 933 1393 tua:
965 1336 1240 1393 Praxedis
1274 1336 1620 1407 adjuvemur
1662 1333 1909 1404 meritis,

260 1429 436 1507 cujus
468 1424 847 1501 beatitudinis
880 1413 1232 1499 irradiamur
1256 1422 1556 1496 exemplis.
1590 1428 1717 1479 Per.

266 1506 570 1595 "V'Se'creta.
604 1516 833 1589 Accipe,
868 1506 1135 1585 Domine,
1172 1531 1417 1570 munera
1462 1531 1588 1586 qua:
1640 1514 1697 1569 in
1728 1514 1910 1568 beatas

264 1607 539 1681 martyris
568 1611 680 1679 tuae
713 1603 987 1661 Praxedis
1004 1602 1373 1659 solemnitate
1394 1602 1737 1669 deferimus,
1772 1600 1911 1675 quia

264 1700 334 1756 ad
359 1684 461 1775 tua
497 1695 789 1779 praeconia
818 1692 1063 1779 recurrit
1093 1696 1151 1748 et
1182 1692 1439 1759 laudem,
1466 1691 1620 1763 quod
1654 1689 1790 1746 talis
1821 1693 1910 1746 est

258 1788 389 1844 'orta
410 1772 1039 1854 'mortalis‘assum'pta.
1073 1785 1200 1837 Per.

280 1886 292 1897 ‘
335 1876 672 1953 Communia.
705 1866 837 1928 Haec
891 1870 949 1925 in
982 1869 1171 1937 nobis,
1223 1868 1491 1935 Domine,
1539 1868 1729 1941 gratia
1785 1872 1907 1936 tua,

262 1948 624 2039 qdaesumns,
658 1976 889 2032 semper
908 1950 1189 2027 exerceat,
1222 1961 1288 2012 ut
1304 1960 1361 2012 et
1380 1955 1594 2012 divinis
1625 1956 1816 2011 instau
1828 1959 1915 2011 ret

261 2034 463 2110 nostra
508 2050 685 2108 corda
733 2046 1047 2122 mysteriis,
1107 2050 1164 2103 et
1194 2050 1408 2102 sancta
1469 2045 1743 2118 martyris
1797 2049 1909 2100 tua:

261 2124 535 2217 Praxedis
567 2137 1121 2195 commemoratione
1151 2135 1425 2213 laetiﬁcet.
1458 2137 1585 2188 Per.

266 2232 275 2241 ’
338 2230 349 2237 ⁶
503 2247 555 2285 ιη
592 2244 762 2284 rss'ro
801 2242 1026 2283 sanam:
1063 2241 1261 2281 Manis:
1299 2239 1674 2279 MAGDALENIE.

332 2320 517 2376 Oratio
546 2322 596 2375 at
625 2316 838 2373 Sacrata
866 2319 924 2370 ut
954 2317 1015 2370 in
1037 2314 1213 2370 editis.

331 2408 668 2487 Communia.
698 2403 957 2474 Vivifica,
982 2400 1245 2467 Domine,
1279 2399 1538 2457 animam
1568 2399 1909 2473 etspiritum

260 2501 528 2555 nostrum
559 2494 780 2569 peccati
809 2486 1048 2573 vulnere
1095 2490 1448 2558 sauciatum,
1505 2489 1910 2545 intercedente

258 2589 429 2644 beata
459 2583 644 2642 Maria
664 2572 1136 2657 Magdalena,qui
1150 2582 1278 2652 ejus
1295 2578 1564 2652 precibus
1576 2582 1680 2633 tua
1695 2578 1911 2634 invicta

258 2676 471 2732 virtute
501 2672 963 2747 quatriduanum
980 2670 1263 2725 Lazarum
1298 2666 1667 2747 resuscitasti
1700 2666 1771 2721 de
1785 2683 1907 2722 mo-

261 2767 563 2821 numento.
598 2761 706 2827 Qui
736 2744 903 2817 vivis.
1027 2752 1035 2757 ’
1560 2744 1565 2755 ’

272 2860 291 2867 "
328 2858 335 2869 '
619 2867 678 2905 IN
717 2865 886 2905 rss'ro
926 2863 1121 2903 samem
1159 2861 1549 2902 APOLLINARIS.

335 2943 523 3000 Oratio
556 2942 618 2996 in
647 2938 827 2994 editis.

334 3033 569 3089 Secreta.
604 3026 870 3100 Respice,
904 3023 1168 3092 Domine,
1202 3038 1379 3095 super
1407 3021 1515 3078 has
1555 3020 1777 3078 hostias
1809 3038 1912 3077 no-

263 3126 417 3179 stras
449 3135 597 3193 quas
627 3114 848 3172 nomini
872 3118 972 3170 tuo
985 3112 1302 3193 sacrandas
1333 3110 1652 3177 offerimus,
1683 3113 1740 3166 et
1760 3110 1913 3183 beati

260 3194 611 3283 Apollinaris
628 3204 901 3278 martyris
913 3202 1000 3259 tui
1032 3205 1206 3274 atque
1218 3199 1511 3274 pontificis
1523 3204 1914 3283 prosequatur

248 3265 468 3366 'o—satio,
502 3312 604 3369 per
633 3265 809 3367 quani
841 3309 948 3349 nos
979 3265 1393 3364 expiariyfacias
1423 3291 1481 3345 et
1509 3265 1760 3345 defendi.
1779 3289 1908 3368 Per.

288 3390 295 3397 ’
335 3387 671 3444 Communia.
704 3387 919 3438 Przesta
947 3377 1136 3448 nobis,
1171 3395 1536 3453 quaesumus,
1568 3377 1915 3446 Domine,ut

260 3483 365 3534 tua
394 3478 600 3533 sancta
628 3489 763 3545 quae
784 3469 1172 3544 sumpsimus,
1194 3465 1468 3541 praesidia
1488 3465 1780 3545 mentiset
1795 3480 1915 3521 cor-

262 3567 559 3641 poris.....,
593 3542 671 3633 et,
704 3542 1225 3617 intervenientibus
1240 3542 1778 3641 beati'Apollinaris
1799 3570 1916 3627 me-

248 3638 414 3726 ‘i‘itis,
447 3671 513 3711 ac
542 3652 817 3710 omnibus
849 3647 1085 3705 absolve
1115 3638 1388 3718 peccatis.
1421 3647 1549 3699 Per.
1804 3654 1807 3657 ‘

304 3734 333 3759 ³¹
606 3728 687 3797 is
728 3757 895 3796 πετο
937 3753 1169 3794 sanum:
1207 3749 1546 3791 cumsuam.

337 3833 543 3890 Oratio.
577 3831 810 3887 Crescat
838 3828 898 3883 in
929 3825 1121 3890 nobis,
1145 3821 1412 3892 Domine,
1446 3837 1676 3893 semper
1698 3822 1914 3877 sancta:

262 3920 652 3997 jucunditatis
682 3919 942 3984 eil‘ectus,
978 3914 1234 3969 utbeata
1266 3908 1609 3968 Christiana:
1642 3909 1914 3983 martyris

265 4017 378 4069 tua:
406 4009 739 4067 veneranda
770 4004 1054 4081 festivitas
1086 4003 1385 4074 augeatur.
1419 4002 1547 4054 Per.

280 4090 313 4113 ζ’
339 4086 571 4158 Secreta.
597 4099 821 4154 Sanctae
843 4091 1186 4149 Christianae
1211 4087 1628 4160 martyristum,
1656 4086 1913 4157 Domine,

269 4182 468 4265 preces
482 4187 802 4251 olferimus,
817 4181 1072 4238 hostiam
1087 4174 1483 4261 immolemus,
1504 4180 1734 4248 prmsta,
1761 4192 1915 4249 quaa-

269 4260 498 4346 sumus,
533 4280 599 4331 ut
628 4291 761 4329 cum
794 4268 1064 4345 praesidio
1092 4260 1424 4339 temporali,
1454 4268 1511 4320 et
1537 4264 1715 4322 vitam
1747 4265 1917 4322 nobis

270 4362 584 4441 priebeant,
618 4367 675 4419 et
705 4359 1064 4434 incrementa
1092 4352 1390 4431 perpetua.
1421 4359 1546 4410 Per.

260 4468 265 4471 ‘
343 4453 681 4513 Cominunio.
715 4454 870 4505 Deus
900 4447 1179 4502 virtutum
1208 4441 1552 4513 cmlestium,
1577 4461 1920 4517 quaasumus

272 4542 339 4603 ut
367 4540 654 4601 sacrificia
686 4555 788 4612 pro
800 4541 1012 4594 sanctae
1032 4534 1337 4592 Cbristinaa
1360 4532 1757 4607 martyristuae
1775 4553 1913 4609 pas-

2022 647 2177 695 mus,
2206 627 2393 686 votivo
2424 623 2811 701 praevenimus
2842 616 3144 697 obsequio.
3178 616 3305 679 Pér.

2352 733 2410 774 IN
2442 733 2618 793 VFESTO
2659 732 2858 793 SANCTI
2897 729 3328 793 CHRISTQPHODI.

2094 807 2299 877 Oratio,
2333 812 2394 863 ut
2425 790 2485 862 in
2508 790 2688 861 editis.
2808 792 2811 795 ’
3064 800 3069 805 ’
3106 789 3109 793 ’
3178 794 3205 803 ”
3259 789 3265 795 ’

2092 898 2326 954 Secreta.
2359 896 2548 967 Hujus
2575 892 2989 967 tibiprecibus,
3013 890 3279 957 Domine,
3303 906 3665 971 quaesumus,

2022 990 2187 1061 grata
2210 985 2332 1041 haec
2364 958 2640 1041 reddatur
2658 958 2893 1048 oblatio,
2918 978 3020 1053 pro
3052 974 3221 1065 cujus
3251 958 3339 1065 est
3356 958 3670 1065 festivitate

2021 1072 2403 1149 immolanda.
2436 1077 2562 1128 Per.
3096 1058 3101 1069 ’
3176 1064 3181 1069 ’
3284 1054 3292 1065 ’
3476 1054 3482 1065 ’
3612 1060 3617 1065 ’

2094 1164 2430 1220 Communia.
2465 1160 2689 1235 Repleti
2719 1177 2949 1227 sumus,
2984 1157 3250 1224 Domine,
3305 1173 3547 1235 munere
3573 1174 3666 1214 so-

2018 1251 2341 1309 lemnitatis
2370 1230 2600 1324 optatae,
2635 1266 2752 1322 qua
2781 1247 2933 1305 beati
2964 1243 3365 1320 ChristOphori
3392 1230 3668 1320 martyris

2021 1342 2107 1397 tui
2139 1345 2196 1397 et
2223 1339 2559 1396 celebritate
2588 1338 2853 1393 vivamus
2884 1340 2939 1409 et
2968 1336 3257 1410 precibus.
3288 1324 3439 1391 Pera
3620 1324 3625 1329 ⁴

2429 1448 2486 1484 IN
2526 1421 2703 1483 resro'
2736 1443 2956 1483 NAZARII
2996 1429 3052 1481 et
3090 1442 3261 1482 censu.

2090 1522 2301 1584 Oratio,
2338 1524 2391 1574 ut
2423 1520 2483 1573 in
2511 1518 2687 1573 editis.

2092 1609 2294 1665 Sereta.
2330 1608 2679 1685 Sanctorum
2729 1608 3052 1677 martyrum
3089 1606 3345 1685 tuorum,
3398 1602 3665 1685 Domine,

2012 1697 2242 1761 Nazarii
2293 1701 2351 1753 et
2407 1682 2557 1752 Celsi
2612 1693 3032 1750 intercessione
3085 1680 3372 1771 placatps,
3431 1680 3664 1771 praesta,

2012 1782 2379 1862 quaesumus,
2415 1790 2482 1841 ut
2512 1801 2639 1857 quae
2672 1781 2980 1855 temporali
3012 1766 3374 1848 celebramus
3416 1766 3663 1850 actione,

2020 1868 2298 1952 perpetua
2328 1873 2651 1931 salvatione
2684 1870 3007 1944 capiamus.
3039 1875 3167 1926 Per.

2093 1966 2431 2021 Communia.
2467 1962 2710 2029 Exaudi,
2762 1960 3028 2029 Domine,
3079 1975 3282 2032 preces
3334 1962 3586 2030 nostras,
3611 1964 3672 2017 et

2019 2055 2272 2129 pepulus
2300 2057 2461 2118 tuus,
2492 2049 2590 2123 qui
2619 2049 2730 2109 sub
2760 2048 2940 2105 tantis
2970 2052 3306 2105 sanctorum
3328 2038 3669 2131 martyrum

2020 2150 2253 2201 tuorum
2285 2141 2512 2199 Nazarii
2543 2144 2598 2196 et
2629 2137 2781 2209 Celsi
2812 2137 3153 2212 patrociniis
3183 2141 3271 2194 est
3292 2138 3669 2223 constitutus,

2021 2237 2139 2290 eta
2169 2232 2292 2287 suis
2350 2228 2771 2286 offensionibus
2828 2226 3126 2294 liberetur,
3160 2230 3217 2282 et
3269 2226 3340 2282 ab
3393 2226 3670 2307 omnibus

2018 2325 2254 2379 tueatur
2276 2314 2554 2375 adversis.
2590 2321 2717 2374 Per.
3396 2302 3401 2311 ‘
3516 2300 3521 2309 ‘
3586 2302 3593 2309 ·
3622 2300 3631 2325 λ

2019 2427 2078 2466 ΙΝ
2116 2426 2315 2483 ΝΛΤᾼΙᾸ
2355 2422 2696 2475 SANCTARUM
2733 2421 3018 2462 VIRGINUM
3057 2421 3253 2461 FLORJE
3301 2421 3368 2489 βτ
3404 2418 3669 2487 ψαιιμε.

2092 2501 2299 2557 Oratio.
2325 2498 2409 2553 Da
2437 2497 2630 2563 nobis,
2665 2495 2909 2551 Domine
2940 2495 3116 2573 Deus,
3151 2496 3369 2573 noster,
3419 2494 3481 2550 in
3532 2510 3665 2549 san-

2017 2594 2246 2646 ctarum
2279 2591 2602 2659 martyrum
2618 2590 2854 2639 tuarum
2873 2571 3051 2640 Florae
3070 2589 3123 2638 et
3153 2571 3384 2638 Lucillaa
3407 2572 3667 2639 incessa-

2020 2677 2121 2734 bili
2150 2676 2519 2734 veneratione
2550 2671 2751 2741 laetari,
2786 2674 2851 2727 ut
2883 2671 3041 2745 quod
3089 2670 3264 2744 digna
3308 2675 3503 2741 mente
3542 2688 3668 2751 non

2019 2782 2336 2840 possumus
2368 2762 2677 2830 celebrare,
2712 2760 3041 2817 humilibus
3077 2758 3283 2818 saltem
3335 2750 3668 2840 frequente-

2024 2874 2159 2913 mus
2191 2848 2509 2926 obsequiis.
2542 2856 2668 2908 Per.
3272 2840 3275 2847 ’
3494 2836 3497 2837 ⁷
3546 2836 3549 2841 ’

2094 2945 2324 3001 Secreta.
2357 2940 2689 3008 Oﬁ‘erimus,
2722 2939 2990 3007 Domine,
3022 2955 3222 3012 preces
3252 2943 3310 3011 et
3339 2955 3585 3021 munera
3604 2938 3664 2995 in

2021 3026 2303 3092 honorem
2334 3035 2670 3109 sanctarum
2690 3028 2984 3103 virginum
3016 3032 3253 3103 tuarum
3283 3026 3463 3109 Florae
3486 3031 3543 3105 et
3558 3028 3671 3099 Lu-

2022 3112 2166 3181 cillae
2196 3119 2539 3196 gaudentes,
2592 3106 2803 3194 praesta
2849 3133 3213 3191 quaesumus,
3265 3121 3331 3197 ut
3359 3106 3416 3174 et
3446 3106 3670 3197 leonve-

2023 3213 2253 3295 nienter
2279 3210 2401 3295 haec
2430 3224 2599 3291 agere
2630 3202 2981 3279 mereamur,
3014 3210 3071 3277 et
3094 3188 3426 3289 remedium
3461 3188 3672 3289 sempi-

2022 3306 2253 3371 ternum
2287 3299 2584 3356 valeamus
2614 3296 2932 3373 acquirere.
2966 3301 3093 3371 Per.

2094 3390 2430 3459 Communia.
2464 3386 2879 3454 Sacramentis,
2916 3383 3181 3455 Domine,
3213 3384 3553 3461 muniamur
3572 3400 3668 3461 ac-

2021 3480 2226 3553 ceptis,
2259 3472 2315 3533 et
2345 3479 2681 3533 sanctarum
2699 3479 2935 3541 tuarum
2963 3473 3259 3557 virginum
3281 3458 3459 3553 Florae
3469 3477 3527 3545 et
3549 3458 3671 3547 Lu-

2024 3550 2169 3641 cil—la:
2199 3565 2612 3625 intercessione
2624 3569 2826 3621 contra
2846 3554 3051 3620 omnes
3066 3550 3241 3638 nequi
3253 3550 3669 3646 tias-irrpentes

2004 3657 2206 3733 armis
2236 3655 2568 3713 coelestibus
2595 3657 2987 3727 protegamur.
3026 3658 3154 3735 Per.

2086 3764 2145 3803 IN
2186 3759 2526 3823 INYENTIONI
2565 3759 2760 3799 SANCI‘I
2802 3758 3076 3798 STEPHANI
3118 3756 3609 3823 PRQTOINIAIIITYR‘IS.

2096 3818 2299 3893 Oratio.
2333 3834 2510 3911 Deus,
2541 3831 2641 3905 qui
2672 3848 2735 3888 es
2766 3834 3107 3911 sanctorum
3139 3816 3375 3886 tuorum
3399 3816 3676 3911 splendor

2026 3922 2331 3995 mirabilis,
2367 3906 2467 3995 qui
2500 3902 2783 3977 hodierna
2810 3919 2903 3976 die
2918 3936 3164 3995 corpora
3193 3902 3681 3999 sanctorumtuo-

2025 4008 2157 4070 rum
2188 4010 2489 4084 Stephani,
2521 4009 2840 4079 Nicodemi,
2872 4006 3206 4065 Gamalielis
3238 3996 3414 4091 atque
3436 3996 3679 4091 Abibon

2024 4101 2357 4159 inventione
2401 4098 2655 4173 gioriosa
2694 4096 2982 4168 revelasti,
3031 4099 3107 4154 da
3136 4097 3306 4179 nobis
3356 4097 3419 4171 in
3462 4102 3681 4179 esterno.

2010 4189 2225 4268 laetitia
2252 4184 2325 4246 de
2353 4204 2554 4269 eorum
2583 4187 2857 4244 societate
2887 4174 3165 4261 gaudere.
3194 4174 3323 4243 Per.

2097 4281 2311 4337 Secreta
2335 4286 2395 4335 ut
2422 4277 2669 4349 invaditis
2694 4277 3063 4357 plurimorum
3090 4285 3403 4357 martyrum
3446 4281 3681 4355 tempore

2028 4369 2285 4429 Paschali
2958 4373 2963 4376 ’

2099 4458 2435 4527 Communia.
2456 4455 2854 4527 Sumpsimus,
2880 4454 3147 4521 Domine,
3180 4458 3522 4535 sanctorum
3545 4458 3677 4510 tuo-

2028 4563 2159 4603 rum
2188 4543 2490 4625 Stephani,
2525 4542 2843 4611 Nicodemi,
2878 4528 3219 4625 Gamalielis
3251 4528 3427 4624 atque
3453 4543 3678 4619 Abibon

273 4635 436 4692 sione
463 4622 1657 4707 delata,desideriorumnostemporalium‘
1676 4624 1921 4682 doceant
1949 4642 1997 4711 D
2028 4633 2318 4711 solemnia
2340 4622 2706 4689 celebrantes
2734 4636 3107 4700 sacramenta
3136 4622 3413 4709 c'wlleStia;
3449 4638 3680 4711 praesta,

271 4723 486 4779 habere
515 4722 940 4791 contemptum,
972 4714 1210 4791 et‘dona
1247 4706 1461 4769 habere
1507 4713 1719 4770 faciant
1748 4712 1913 4771 coele-
1952 4706 1971 4723 ⁷
2026 4706 2388 4797 quaesumus,
2423 4710 2489 4777 ut
2520 4722 2676 4793 quod
2709 4721 3109 4794 temporaliter
3138 4706 3424 4803 gerimus,
3449 4706 3682 4779 aeternis

275 4811 453 4868 stium
486 4808 856 4884 gaudiorum.
891 4810 1017 4861 Per.

539 4915 599 4953 IN
636 4912 849 4953 VIGILIA
889 4908 1084 4949 SANCTI
1121 4907 1317 4948 JACOBI
1356 4907 1647 4947 APOSTOLI.

347 4987 554 5044 Oratio.
586 4984 845 5042 Concede
878 4983 1065 5051 nobis,
1099 4980 1472 5054 omnipotens
1504 4981 1680 5046 Deus,
1714 4984 1921 5035 ventu-

275 5093 402 5135 ram
432 5074 585 5131 beati
615 5071 859 5147 apostoli
878 5070 962 5127 tui
992 5070 1190 5127 Jacobi
1212 5068 1642 5126 solemnitatem
1665 5084 1921 5142 congruo

266 5156 589 5240 praevenire
615 5163 852 5235 honore,
875 5166 933 5218 et
956 5159 1285 5216 venientem
1308 5157 1485 5228 digna
1515 5155 1807 5212 celebrare
1828 5157 1923 5213 de-

266 5250 525 5311 votione.
561 5254 684 5309 Per.

346 5346 582 5400 Secreta.
612 5344 859 5415 Accepta
886 5340 992 5396 tibi
1022 5339 1119 5405 sit,
1144 5335 1405 5402 Domine,
1437 5336 1649 5389 nostrae
1671 5334 1923 5393 devotio-

277 5434 369 5490 nis
395 5433 631 5501 oblatio,
661 5436 719 5488 et
745 5431 815 5487 ad
848 5424 1035 5487 sancti
1065 5423 1270 5483 Jacobi
1304 5420 1551 5495 apostoli
1597 5422 1684 5478 tui
1716 5428 1921 5481 ventu-

275 5538 399 5579 ram
437 5520 704 5595 puriores
737 5520 913 5575 faciat
953 5533 1060 5573 nos
1101 5512 1300 5570 venire
1352 5510 1745 5570 festivitatem.
1792 5518 1921 5571 Per.

348 5611 689 5667 Communia.
723 5611 941 5664 Praesta
969 5603 1160 5671 nobis,
1194 5604 1411 5657 aeterne
1443 5599 1726 5672 Salvator,
1772 5604 1923 5661 beati

276 5698 476 5758 Jacobi
509 5692 757 5772 apestoli
814 5694 899 5751 tui
960 5709 1066 5749 nos
1117 5690 1335 5763 ubique
1364 5689 1460 5764 pia
1518 5692 1742 5767 protegi
1791 5710 1925 5750 ora-

2032 4811 2267 4887 gaudiis
2297 4826 2750 4883 consequamur.
2785 4815 2913 4867 Per.

2591 4916 2926 4956 BENEDICTIO
2967 4917 3115 4957 UVJE.

2102 4988 2408 5073 Bene’rdic,
2428 4988 2694 5057 Domine,
2729 4993 2786 5046 et
2801 4988 2909 5063 hos
2924 4988 3151 5046 fructus
3178 5007 3357 5065 novos
3380 4976 3520 5065 uvis,
3537 5005 3685 5064 quos

2032 5083 2096 5136 tu
2128 5078 2371 5136 Domine
2425 5094 2553 5134 rore
2585 5076 2712 5133 οωΙί
2747 5081 2803 5133 et
2854 5078 3202 5135 inundantia
3246 5078 3578 5157 pluviarum
3629 5082 3689 5135 et.

2031 5173 2362 5240 temporum
2394 5167 2706 5223 serenitate
2736 5171 2910 5239 atque
2939 5168 3366 5245 tranquillitate
3398 5169 3469 5235 ad
3491 5171 3684 5233 matu-

2032 5258 2266 5313 ritatem
2300 5256 2613 5330 perducere
2644 5256 2919 5329 dignatus
2952 5274 3035 5326 es,
3069 5261 3127 5313 et
3173 5257 3386 5333 dedisti
3433 5273 3561 5331 eam
3609 5258 3682 5315 ad

2036 5364 2179 5403 usus
2212 5350 2463 5413 nostros,
2498 5360 2631 5400 cum
2663 5345 2985 5417 gratiarum
3027 5332 3259 5403 actione
3296 5345 3593 5423 percipere
3621 5346 3682 5403 in

2034 5435 2271 5492 nomine
2302 5432 2533 5490 Domini
2553 5433 2693 5490 Josu
2717 5433 2951 5504 Christi,
2979 5452 3084 5508 per
3115 5453 3291 5509 quem
3322 5436 3442 5513 haec
3459 5436 3681 5511 omnia,

2033 5525 2301 5592 Domine,
2336 5539 2569 5597 semper
2598 5524 2754 5580 bona
2783 5540 2966 5582 creas.
3002 5529 3133 5582 Per.

2050 5606 2053 5609 ’
2107 5633 2165 5672 IN
2206 5630 2375 5672 rss'ro
2418 5628 2613 5669 SANCTI
2651 5628 2858 5669 nomn
2898 5631 3166 5674 EPISCOPI
3199 5631 3266 5671 ετ
3302 5630 3610 5689 mannis.

2110 5694 2314 5761 Oratio.
2376 5706 2549 5770 Deus,
2584 5700 2686 5779 qui
2744 5701 2805 5758 in
2863 5702 3014 5759 beati
3046 5703 3253 5762 Donati
3299 5702 3575 5777 martyris
3600 5701 3685 5759 tui
