3978 6384
214 367 334 431 899
377 410 382 416 -

1451 361 1640 426 SJEG.
1683 361 1759 424 x1
1807 357 2118 426 MONUM.
2163 361 2388 426 AUGT.
2463 329 2471 334 ’

3501 326 3714 446 900;’

213 504 471 571 tende,ct
499 515 748 575 quorum
772 515 880 555 nos
899 495 1110 554 tribuis
1141 495 1427 553 solemnia
1455 495 1860 564 celebrare,fac
1889 495 1945 564 Α
1974 511 2224 567 quorum
2258 494 2316 548 in
2347 493 2460 550 ista
2485 489 2859 549 continentur
2887 490 3131 549 ecclesia
3158 490 3622 564 patrocinia,nos

209 592 468 665 gaudere
499 585 814 662 suffragiis.
847 589 974 644 Per.

287 681 627 738 Communia.
682 676 987 751 Supplices
1033 681 1088 732 te
1139 691 1436 748 rogamus,
1496 673 1866 746 omnipotens

214 769 392 838 Deus,
425 773 492 824 ut
537 765 1060 823 intervenientibus
1109 763 1328 821 sanctis
1377 763 1518 832 tuis,
1551 766 1610 818 et
1658 767 1759 818 tua
1801 760 1864 816 in

213 858 386 915 nobis
409 857 562 914 dona
580 853 1022 928 multiplices,et
1049 857 1314 926 tempora
1333 855 1534 909 nostra
1561 852 1860 924 disponas.

212 947 340 1004 Per.

537 1051 598 1092 IN
640 1049 832 1092 NATALI
871 1048 1067 1089 SANCTI
1109 1047 1535 1088 BARTHOLONEI.

282 1127 496 1186 Oratio.
549 1123 792 1190 Exaudi,
840 1120 1104 1189 Domine,
1161 1120 1446 1194 populum
1509 1123 1679 1174 tuum
1729 1133 1862 1172 cum

211 1215 399 1272 sancti
430 1211 837 1270 Bartholomtei
868 1209 1116 1284 apostoli
1146 1209 1232 1265 tui
1265 1207 1590 1282 patrocinio
1639 1205 1861 1278 suppli-

211 1307 462 1371 cantem,
494 1306 563 1358 ut
591 1307 692 1356 tuo
722 1315 954 1370 semper
1001 1297 1216 1354 auxilio
1269 1314 1475 1354 secura
1523 1293 1632 1352 tibi
1678 1295 1864 1368 possit

208 1391 510 1448 devotione
541 1388 774 1446 servire.
803 1389 929 1443 Per.

280 1481 513 1538 Secreta.
547 1476 912 1534 Sacriﬁcium
944 1479 1212 1532 nostrum
1242 1475 1370 1542 tibi,
1405 1473 1670 1543 Domine,
1703 1488 1856 1544 quac-

208 1586 434 1637 sumus,
495 1566 648 1624 beati
697 1564 943 1638 apostoli
995 1565 1080 1620 tui
1150 1563 1558 1621 Bartholomaei
1607 1560 1858 1634 precatio

207 1662 410 1716 sancta
438 1655 726 1722 conciliet,
757 1661 844 1721 ut,
877 1655 1048 1724 cujus
1079 1653 1299 1710 honore
1329 1651 1673 1709 solemniter
1695 1649 1857 1706 exhi-

205 1749 395 1814 betur,
428 1745 652 1803 meritis
683 1744 973 1800 efﬁciatur
1001 1745 1324 1814 acceptum.
1363 1741 1489 1797 Per.

279 1836 620 1893 Communia.
651 1832 1048 1904 Sumpsimus,
1107 1830 1366 1899 Domine,
1417 1829 1616 1885 divina
1643 1832 1856 1902 myste-
1888 1869 1935 1935 B

205 1925 295 1982 ria
339 1923 492 1980 beati
549 1919 954 1978 Bartholomaei
1002 1918 1248 1992 apostoli
1304 1917 1858 1974 commemoratione

161 2081 173 2090 ο
203 2002 650 2084 Ιωῐειηιθείειυίιε
681 2009 836 2066 sicut
865 2008 986 2064 tuis
1017 2007 1242 2064 sanctis
1268 2007 1338 2062 ad
1371 2005 1731 2079 gloriam,ita
1760 2023 1859 2061 no-

205 2103 318 2170 bis,
350 2115 714 2173 quaesumus,
742 2099 812 2153 ad
843 2097 1074 2153 veniam
1104 2096 1379 2170 prodesse
1407 2093 1694 2168 perﬁcias.
1730 2094 1852 2151 Per.

354 2207 414 2245 IN
451 2205 618 2244 FESTO
658 2202 995 2242 SANCTORUM
1033 2199 1442 2241 CONFESSORUM
1481 2200 1703 2239 FLORIDI

849 2292 916 2330 ET
951 2290 1198 2330 AMANTII.

275 2369 477 2427 Oratio.
513 2365 851 2438 Propitiare,
886 2379 1250 2435 quaesumus,
1285 2361 1554 2430 Domine,
1577 2360 1744 2416 nobis
1775 2362 1854 2416 i'a-

205 2459 382 2515 mulis
411 2451 533 2512 tuis
563 2471 666 2527 per
693 2453 904 2508 horum
936 2455 1274 2508 sanctorum
1297 2450 1698 2506 confessorum
1724 2453 1852 2504 tuo-

204 2564 335 2604 rum
367 2543 581 2603 Floridi
603 2547 662 2598 et
689 2540 1072 2612 Amantii,qui
1105 2540 1164 2594 in
1200 2539 1468 2612 praesenti
1501 2543 1854 2594 venerantur

203 2634 480 2704 Ecclesia,
511 2631 720 2688 merita
746 2630 1092 2704 gloriosa,ut
1122 2645 1224 2700 per
1253 2644 1454 2684 eorum
1487 2627 1643 2700 piam
1675 2628 1850 2682 inter-

202 2723 523 2781 cessionem
543 2721 614 2776 ab
637 2719 914 2776 omnibus
927 2734 1160 2790 semper
1177 2721 1553 2789 protegamur
1567 2715 1848 2771 adversis.

206 2814 327 2870 Per.

271 2904 508 2960 Secreta.
541 2897 838 2970 Suscipiat
865 2894 1177 2951 clementia
1207 2894 1850 2966 tua,Domine,quaesu-

206 2991 440 3058 mus,de
469 2987 745 3042 manibus
771 2985 986 3040 nostris
1017 2999 1234 3038 munus
1267 2982 1612 3049 oblatum,et
1633 3001 1734 3054 per
1754 2982 1852 3038 ho-

205 3095 337 3136 rum
385 3080 722 3133 sanctorum
769 3073 1200 3129 confesssorum
1243 3075 1478 3128 tuorum
1531 3071 1746 3127 Floridi
1793 3077 1849 3127 et

204 3165 464 3224 Amantii
480 3164 772 3222 orationes
785 3163 856 3218 ab
869 3161 1144 3218 omnibus
1159 3177 1265 3216 nos
1278 3161 1556 3216 emundet
1571 3164 1840 3234 peccatis.

206 3259 330 3314 Per.
765 3340 768 3341 ν
953 3300 974 3341 ἱ,
989 3301 1019 3341 ,Ι
1039 3302 1048 3338 _.

273 3345 617 3402 Communia.
653 3340 855 3397 Divina
907 3332 1155 3397 libantes
1204 3339 1498 3412 mysteria,
1557 3356 1688 3411 qua;
1742 3357 1846 3412 pro

202 3435 412 3490 horum
440 3437 776 3489 sanctorum
809 3431 1208 3486 confessorum
1259 3433 1492 3484 tuorum
1549 3428 1760 3484 Floridi
1791 3433 1848 3484 et

201 3523 452 3580 Amantii
479 3521 850 3578 veneratione
878 3524 989 3575 tuae
1015 3518 1342 3575 obtulimus
1369 3518 1684 3589 majestati,
1708 3533 1847 3590 prae-

200 3617 310 3682 sta,
345 3627 702 3684 quaesumus,
736 3609 999 3676 Domine,
1029 3612 1096 3664 ut
1139 3624 1244 3680 per
1270 3623 1339 3662 ea
1367 3605 1594 3662 veniam
1625 3623 1843 3662 merea-

201 3719 336 3758 mur
362 3705 754 3775 peccatorum,
789 3703 846 3754 et
873 3697 1122 3754 caelestis
1153 3697 1352 3770 gratiae
1402 3695 1571 3752 donis
1616 3695 1842 3752 reﬁcia-

201 3808 354 3856 mur.
387 3791 514 3847 Per.

501 3894 560 3934 IN
599 3893 874 3932 HONOREM
913 3891 1151 3932 OMNIUM
1180 3889 1538 3932 SANCTORUM.

271 3968 475 4026 Oratio.
515 3965 795 4033 Concede,
851 3979 1212 4035 quaesumus,
1247 3961 1615 4034 omnipotens
1665 3959 1843 4028 Deus,

196 4062 262 4114 ut
290 4053 626 4112 intercessio
657 4070 764 4110 nos
791 4056 1004 4108 sanctae
1035 4050 1135 4106 Dei
1168 4049 1464 4124 genitricis
1503 4065 1736 4121 semper
1761 4049 1840 4104 vi-

193 4146 349 4220 ginis
380 4143 660 4211 Marim,et
686 4141 952 4198 omnium
965 4139 1288 4196 omlestium
1301 4138 1840 4207 virtutum,sancto-

193 4249 447 4306 rumque
475 4230 740 4288 omnium
785 4227 1204 4302 apostolorum,
1237 4231 1585 4300 martyrum,
1616 4226 1840 4282 confes-

195 4336 534 4393 sorumque,
567 4322 741 4390 atque
766 4316 1081 4390 virginum,
1116 4321 1173 4372 et
1211 4315 1478 4372 omnium
1527 4313 1840 4372 electorum

194 4411 415 4482 ubique
442 4408 714 4476 laetiﬁcet,
745 4411 810 4462 ut
839 4407 981 4462 dum
1011 4421 1214 4462 eorum
1247 4405 1455 4470 merita
1506 4405 1839 4473 recolimus,

195 4497 517 4575 patrocinia
547 4497 889 4553 sentiamus.
922 4495 1048 4551 Per.

1975 584 2192 656 ubique
2223 585 2518 656 adjuvent,
2552 590 2841 655 quatenus
2871 581 2967 638 hic
3000 581 3059 637 in
3091 579 3327 636 illorum
3352 579 3626 653 praesenti

1974 673 2272 746 suffragio,
2324 671 2643 744 tranquilla
2687 689 2826 744 pace
2875 671 2934 726 in
2987 675 3090 726 tua
3127 669 3299 727 laude
3337 668 3623 726 laetemur.

1973 763 2096 819 Per.

2043 853 2277 908 Secreta.
2312 851 2553 906 Munera
2582 853 2714 916 tuae,
2747 849 3084 906 misericors
3123 849 3298 918 Deus,
3331 845 3628 920 majestati

1973 940 2168 997 oblata
2187 938 3072 1012 benigno,quaesumus,suscipe
3093 937 3403 1008 intuitu,ut
3421 953 3626 994 eorum

1973 1029 2141 1086 nobis
2170 1027 2441 1100 precibus
2463 1028 2606 1084 ﬁant
2627 1026 3187 1099 salutaria,quorum
3213 1023 3624 1083 sacratissima

1971 1118 2032 1174 in
2061 1118 2172 1174 hac
2201 1116 2445 1173 basilica
2466 1116 2722 1190 reliquiae
2752 1116 3170 1173 reconduntur.
3204 1115 3330 1172 Per.

2044 1207 2380 1262 Cimmunio.
2417 1205 2614 1261 Divina
2643 1205 2892 1261 libantes
2925 1205 3222 1278 mysteria,
3255 1220 3620 1276 quasumus,

1969 1295 2232 1362 Domine,
2266 1299 2331 1350 ut
2358 1294 2539 1350 beatae
2569 1294 2763 1350 Mariae
2794 1310 3026 1368 semper
3052 1293 3319 1368 virginis,
3341 1297 3399 1350 et
3417 1311 3620 1350 eorum

1969 1401 2076 1440 nos
2106 1383 2324 1457 ubique
2353 1383 2692 1440 intercessio
2725 1386 3007 1456 protegat,
3041 1399 3292 1456 quorum
3323 1383 3420 1440 hic
3449 1399 3618 1440 sacra

1969 1475 2296 1548 gaudemus
2326 1472 2653 1546 praesentia.
2687 1473 2814 1530 Per.

2325 1581 2383 1618 IN
2425 1579 2593 1619 FESTO
2634 1580 2966 1619 SANCTORUM
3005 1579 3261 1618 OMNIUM.

2040 1653 2242 1709 Oratio.
2277 1653 2450 1719 Deus,
2485 1652 2584 1724 qui
2612 1669 2719 1707 nos
2750 1652 2934 1708 beatas
2966 1651 3160 1706 Mariae
3203 1667 3436 1724 semper
3480 1650 3622 1725 vigi-

1967 1741 2058 1798 nis
2083 1745 2140 1797 et
2171 1742 2472 1796 beatorum
2505 1739 2926 1812 apostolorum,
2949 1743 3292 1814 martyrum,
3323 1740 3618 1796 confesso-

1966 1847 2120 1896 rum,
2153 1829 2468 1902 virginum,
2520 1832 2693 1900 atque
2753 1829 3016 1883 omnium
3062 1827 3238 1884 simul
3280 1831 3653 1906 sanctorum.

1969 1919 2244 1974 continua
2273 1918 2532 1974 laetiﬁcas
2582 1917 3158 1983 commemoratione,
3209 1921 3440 1990 praesta,
3472 1905 3624 1992 quaa-

1967 2025 2197 2077 sumus,
2260 2011 2326 2063 ut
2383 2023 2532 2079 quos
2590 2007 2932 2080 quotidiana
2991 2024 3340 2063 veneramur
3395 2006 3610 2076 ofﬁcio,

1964 2097 2138 2152 etiam
2174 2097 2268 2169 pia
2299 2095 2735 2153 conversatione
2767 2113 3088 2168 sequamur
3111 2095 3398 2169 exemplo.
3433 2096 3558 2152 Per.
3667 2085 3673 2088 ’

2036 2188 2249 2242 Secreta
2280 2193 2340 2242 ut
2369 2187 2428 2240 in
2457 2185 2633 2241 editis.
3259 2173 3265 2176 ’

2037 2275 2373 2331 Communia.
2425 2274 2638 2330 Praesta
2690 2273 2878 2341 nobis,
2934 2274 3196 2343 Domine,
3248 2262 3612 2347 quaesumus,
3667 2258 3674 2266 ’

1961 2364 2456 2421 intercedentibus
2505 2363 2686 2419 beatae
2746 2363 2937 2418 Maria:
2989 2379 3220 2435 semper
3271 2363 3512 2435 virginis
3557 2366 3612 2418 et
3657 2353 3662 2358 ’

1962 2454 2225 2510 omnium
2277 2457 2611 2508 sanctorum
2661 2457 2895 2508 tuorum
2948 2452 3191 2527 meritis,
3222 2457 3286 2508 ut
3333 2469 3460 2525 quae
3509 2470 3606 2508 ore

1961 2543 2380 2615 contingimus,
2416 2559 2563 2614 pura
2593 2547 2785 2597 mente
2811 2541 3134 2614 capiamus.
3168 2541 3292 2596 Per.

2193 2649 2303 2686 PRO
2344 2648 2550 2687 BALUTE
2587 2647 2847 2686 VIVORUM
2886 2648 2952 2686 ET
2991 2647 3378 2686 MORTUORUM.

2033 2721 2238 2776 Oratio.
2271 2719 2490 2774 Pietate
2520 2724 2641 2784 tua,
2676 2719 3309 2790 qumsumus,Domine,
3339 2720 3604 2776 omnium

1960 2813 2293 2864 nostrorum
2326 2807 2484 2863 solve
2513 2807 2743 2862 vincula
2764 2807 3194 2877 delictorum,et
3214 2807 3606 2866 intercedente

1959 2898 2130 2954 beata
2161 2898 2342 2953 Maria
2371 2914 2604 2970 semper
2647 2895 2870 2968 virgine
2902 2914 3036 2951 cum
3068 2896 3344 2952 omnibus
3387 2899 3606 2955 sanctis

1959 2988 2293 3059 pontificem
2329 2992 2594 3042 nostrum
2625 2992 2684 3042 et
2713 3003 2943 3042 omnem
2978 2986 3490 3058 congregationem
3520 2987 3609 3042 illi
3653 2975 3659 2980 ’

1957 3076 2361 3144 commissam,
2393 3080 2450 3131 et
2474 3092 2580 3131 nos
2613 3074 2863 3130 famulos
2893 3079 3025 3130 tuos
3055 3091 3122 3130 ac
3153 3073 3604 3148 famulas,atque

1957 3159 2151 3220 locum
2184 3165 2365 3219 istum
2415 3164 2574 3218 omni
2626 3163 2936 3219 sanctitate
2985 3163 3234 3232 custodi,
3281 3181 3602 3236 omnesque

1875 3237 1918 3304 C
1956 3252 2242 3309 afﬁnitate
2274 3256 2331 3308 et
2359 3251 2754 3308 familiaritate
2783 3253 2952 3308 nobis
2991 3253 3252 3324 junctos,
3299 3257 3355 3308 et
3399 3270 3603 3310 omnes

1955 3341 2317 3396 Christianos
2359 3359 2394 3396 a
2435 3341 2592 3397 vitiis
2621 3358 2826 3414 purga,
2859 3341 3172 3398 virtutibus
3200 3341 3454 3411 illustra,
3500 3360 3600 3415 pa-

1957 3445 2083 3484 cem
2113 3435 2171 3484 et
2201 3429 2451 3486 salutem
2487 3430 2654 3486 nobis
2685 3431 3106 3498 tribue,hostes
3136 3431 3396 3490 visibiles
3425 3437 3484 3488 et
3512 3433 3602 3488 in-

1953 3517 2214 3574 visibiles
2235 3518 2748 3586 remove,inimicis
2771 3519 2986 3575 nostris
3008 3519 3348 3576 charitatem
3367 3519 3598 3593 largire,

1954 3610 2012 3663 et
2037 3607 2312 3664 omnibus
2343 3607 2614 3664 fidelibus
2637 3609 2782 3664 vivis
2813 3613 2868 3664 et
2897 3607 3188 3664 defunctis
3219 3608 3279 3664 in
3319 3613 3475 3666 terra
3517 3609 3600 3665 vi-
3655 3597 3660 3602 ”

1952 3695 2212 3770 ventium
2244 3696 2421 3752 vitam
2451 3700 2508 3751 et
2539 3697 2800 3768 requiem
2833 3702 3107 3752 aeternam
3141 3697 3411 3754 concede.
3437 3697 3574 3768 Per.

2027 3786 2259 3840 Secreta.
2311 3785 2486 3854 Deus,
2536 3787 2635 3858 qui
2681 3803 2785 3858 per
2833 3785 3150 3859 singularis
3206 3787 3468 3859 corporis
3514 3787 3600 3842 tui

1952 3873 2208 3930 hostiam
2241 3875 2423 3930 totius
2453 3875 2657 3930 mundi
2690 3874 2910 3930 solvisti
2935 3873 3282 3940 delicta,hac
3309 3874 3602 3932 oblatione

1952 3962 2516 4036 placatus,maculas
2543 3969 2912 4036 peccatorum
2947 3968 3278 4020 nostrorum
3311 3965 3598 4038 absterge,

1951 4057 2008 4108 et
2037 4053 2304 4109 omnium
2332 4051 2792 4109 Christianorum
2822 4053 3084 4109 fidelium
3115 4052 3373 4108 vivorum
3424 4058 3600 4126 atque

1951 4146 2318 4198 mortuorum
2345 4147 2580 4215 peccata
2611 4141 2856 4208 dimitte,
2881 4142 3085 4215 eisque
3115 4143 3356 4215 praemia
3386 4147 3600 4199 aeterna

1951 4231 2220 4288 concede.
2249 4231 2358 4287 Per

2023 4321 2362 4377 Communia.
2397 4321 2664 4393 Sumpta,
2697 4338 3056 4394 quaesumus,
3105 4320 3368 4389 Domine,
3404 4337 3596 4376 sacra-

1950 4414 2148 4466 menta
2197 4409 2396 4465 omnia
2443 4408 2582 4465 vitia
2632 4409 2836 4464 famuli
2868 4410 2953 4466 tui
2986 4409 3278 4482 pontiﬁcis
3325 4409 3508 4466 nostri
3542 4414 3598 4466 et

1949 4503 2152 4554 nostra
2180 4499 2504 4571 detergant,
2537 4515 2890 4570 omnemque
2937 4501 3282 4571 pravitatem
3332 4505 3390 4554 et
3435 4497 3596 4554 inﬁr-

261 4588 498 4644 Ξανθία.
536 4583 782 4652 Oblatis,
815 4583 1082 4653 Domine,
1113 4582 1342 4656 placare
1383 4583 1750 4651 muneribus,
1783 4588 1840 4641 et
1869 4603 1916 4668 D
1949 4588 2354 4653 mitatem,seu
2386 4587 2562 4642 etiam
2593 4587 2853 4643 hostium
2885 4581 3122 4646 rabiem‘
3136 4593 3310 4661 atque
3340 4587 3597 4669 subitam

189 4677 580 4734 intercedente
618 4677 787 4732 beata
816 4673 1001 4730 Maria
1021 4689 1154 4729 cum
1181 4673 1456 4731 omnibus
1481 4675 1700 4730 sanctis
1725 4673 1839 4731 tuis

190 4784 225 4822 a
251 4766 476 4822 cunctis
506 4782 612 4822 nos
641 4764 884 4820 defende
915 4761 1208 4836 periculis.
1244 4763 1367 4819 Per.

261 4856 600 4912 Communia.
649 4852 1044 4924 Sumpsimus,
1099 4853 1358 4919 Domine,
1405 4853 1586 4909 beatis
1640 4852 1834 4907 Maria;

189 4960 423 5017 semper
441 4941 768 5015 virginis,et
785 4941 1052 4998 omnium
1070 4946 1406 4996 sanctorum
1427 4945 1662 4997 tuorum
1684 4957 1838 4994 com-

187 5031 668 5089 memorationem
691 5029 1008 5087 recolentes
1029 5029 1395 5086 sacramenta
1415 5027 1837 5100 cmlestia,prae-

187 5125 298 5190 sta,
349 5135 710 5192 quaesumus,
769 5123 831 5174 ut
883 5119 1038 5192 quod
1094 5117 1494 5191 temporaliter
1551 5116 1834 5190 gerimus,

186 5208 418 5267 aeternis
449 5207 682 5282 gaudiis
711 5223 1160 5280 consequamur.
1193 5208 1320 5262 Per.

186 5334 246 5372 IN
285 5332 560 5372 HONOREM
598 5332 835 5372 OMNIUM
884 5330 1223 5371 SANCTORUM
1275 5329 1506 5376 QUORUM
1557 5328 1837 5374 RELIQUIA-l

733 5405 789 5442 IN
829 5404 1050 5443 ECCLESI
1059 5403 1086 5442 Δ
1125 5401 1194 5441 ευ
1202 5401 1291 5440 NT.

255 5478 460 5534 Oratio.
513 5476 800 5547 Concede,
846 5490 1209 5549 quaesumus,
1252 5471 1626 5545 omnipotens
1656 5472 1834 5540 Deus,

184 5570 250 5624 ut
278 5571 481 5623 sancta
505 5566 606 5624 Dei
638 5566 892 5640 genitrix
921 5561 1435 5634 Maria,sanctique
1457 5562 1542 5618 tui
1565 5561 1832 5636 apostoli,

185 5659 493 5738 martyres,
520 5653 1371 5735 confessores,virgines,atque
1399 5668 1602 5714 omnes
1623 5651 1832 5730 sancti,

1947 4680 2198 4732 mortem
2231 4676 2456 4732 meritis
2503 4677 2683 4733 beatae
2729 4677 2921 4734 Mariae
2963 4677 3208 4751 virginis
3237 4682 3293 4734 et
3331 4677 3598 4734 omnium
3663 4737 3670 4744 ,

1945 4768 2284 4821 sanctorum
2311 4781 2346 4821 a
2373 4765 2544 4822 nobis
2570 4766 2771 4838 procul
2803 4766 3108 4840 repellant,
3143 4771 3199 4824 et
3227 4766 3504 4822 omnibus
3527 4766 3594 4820 ﬁ-

1895 4886 1904 4895 -
1946 4853 2178 4909 delibus
2209 4853 2353 4908 vivis
2385 4857 2440 4910 et
2484 4855 2776 4912 defunctis
2828 4855 3054 4928 prosint
3101 4857 3175 4912 ad
3222 4855 3452 4912 veniam
3491 4871 3596 4927 pro

1946 4957 2194 5013 quorum
2228 4942 2333 4998 tibi
2365 4947 2505 4999 sunt
2535 4943 2731 5002 oblata
2763 4944 2970 5002 salute.
3005 4945 3131 5002 Per.

1946 5047 2110 5086 MISSA
2160 5048 2231 5086 AD
2285 5049 2699 5090 POSTULANDAM
2752 5052 3002 5091 GRATIAM
3060 5051 3320 5091 SPIRI'I'US
3373 5050 3591 5090 SANCTI.

2015 5120 2193 5186 Deus,
2227 5121 2320 5176 cui
2353 5137 2524 5178 omne
2553 5138 2652 5178 cor
2679 5127 2858 5196 patet,
2892 5127 3027 5191 etc.,
3051 5128 3112 5180 ut
3141 5126 3203 5180 in
3232 5123 3390 5180 editis
3419 5121 3594 5200 quoad

1946 5215 2053 5264 tres
2083 5211 2374 5266 arationes.

2020 5299 2194 5354 Lectio
2227 5299 2359 5355 libri
2386 5303 2684 5372 sapientiae.
2721 5303 2974 5375 Spiritus
3000 5302 3322 5375 disciplina:
3355 5299 3594 5374 eti'ugiet

1945 5385 2170 5454 fictum,
2205 5392 2338 5454 etc.,
2370 5406 2540 5462 usque
2569 5389 2746 5446 habet
2773 5392 2948 5448 vocis.

2363 5495 2528 5534 MISSA
2567 5497 2676 5535 PRO
2713 5496 2984 5536 EPISCOPO
3021 5498 3171 5538 VIVO.

2019 5565 2202 5622 Oratio
2233 5567 2441 5634 eadem,
2474 5585 2592 5641 quae
2617 5571 2678 5624 in
2705 5568 2864 5626 editis
2883 5587 2985 5642 pro
3009 5588 3176 5644 papa.

2016 5653 2250 5716 Secreta.
2283 5656 2348 5716 In
2397 5657 2618 5717 famulo
2650 5661 2749 5718 tuo
2779 5660 3056 5740 pontiﬁce
3102 5665 3324 5731 nostra,
3357 5673 3612 5739 quasuy
3662 5733 3672 5742 α
