3978 6408
148 316 437 424 ’θοιή

1034 362 1413 429 ΕΧαΕ-ΒΡΤ.
1462 357 1562 430 EX
1611 356 1837 432 cono.

2024 354 2200 432 URG.
2248 356 2848 432 FONTAVELLAN.

3507 355 3623 425 902

224 511 375 564 mus,
406 495 674 567 Domine,
698 497 883 554 bonos
914 516 1106 557 mores
1128 498 1393 574 placatus
1416 500 1687 572 institue;
1710 504 1772 558 tu
1804 503 1864 558 in
1895 505 1950 571 Α
2055 501 2390 559 Communia.
2435 502 2767 573 Sumentes,
2809 500 3073 569 Domine,
3107 502 3398 573 perpetuae
3427 516 3623 555 sacra—

222 601 309 655 eo,
346 587 502 658 quod
534 585 641 643 tibi
690 585 975 661 placitum
1008 588 1105 657 sit,
1151 588 1461 663 dignanter
1506 590 1772 661 infunde,
1801 597 1868 647 ut

222 678 277 818 (Iit
321 674 535 749 dignus
576 675 673 749 sit,
719 681 776 734 et
824 680 927 735 t‘ua
963 677 1152 735 valeat
1195 679 1477 737 beneﬁcia
1523 682 1864 752 promereri.

265 781 344 818 er.

265 781 344 820 ΘΓ.

292 853 630 912 Communia.
675 854 826 927 Haec,
859 872 1222 929 quaesumus,
1254 857 1522 929 Domine,
1551 864 1686 929 etc.,
1715 864 1779 916 ut
1810 863 1871 916 in

222 941 397 999 aditis.

440 1048 563 1088 ALIA
603 1035 774 1090 mssa
812 1051 924 1091 pno
961 1050 1271 1092 SEMETIPSO
1309 1052 1646 1093 sacsnno'rs.

295 1119 499 1176 Oratio.
527 1121 877 1196 Suppliciter
921 1126 999 1189 te,
1042 1122 1307 1195 piissime
1337 1124 1515 1194 Deus,
1549 1125 1716 1183 Pater
1743 1143 1868 1184 om-

225 1206 516 1282 nipotens,
539 1208 641 1282 qui
661 1214 750 1267 est
769 1214 995 1267 creator
1023 1211 1289 1268 omnium
1318 1228 1540 1284 rerum,
1565 1215 1867 1288 deprecor,

227 1300 289 1351 ut
328 1298 469 1353 dum
520 1315 614 1354 me
666 1299 951 1355 famulum
998 1303 1163 1356 tuum
1205 1317 1399 1357 coram
1452 1305 1871 1377 omnipotentia

226 1386 550 1458 majestatis
594 1391 707 1444 tua:
762 1388 1009 1462 graviter
1058 1389 1375 1462 deliquisse
1422 1392 1720 1464 conﬁteor,
1770 1411 1873 1466 per

225 1475 700 1533 intercessionem
734 1478 913 1533 beatas
944 1478 1137 1534 Mariae
1161 1496 1393 1553 semper
1411 1481 1653 1554 virginis
1675 1492 1732 1539 et
1752 1500 1873 1539 om-

226 1564 387 1620 nium
419 1569 756 1622 sanctorum
788 1570 1021 1623 tuorum
1055 1584 1293 1624 manum
1327 1570 1736 1627 misericordia:
1760 1577 1872 1629 tuae

225 1652 366 1709 mihi
396 1653 683 1728 porrigas,
716 1661 1006 1728 quatenus
1036 1657 1177 1713 dum
1208 1657 1359 1714 hanc
1389 1658 1739 1716 oblationem
1761 1665 1873 1716 tuze

224 1741 458 1815 pietatis
480 1742 676 1812 oﬂ'ero,
699 1744 853 1815 quod
872 1744 1138 1818 nequiter
1161 1745 1396 1815 admisi,
1418 1746 1875 1806 clementissime

226 1831 491 1905 digneris
517 1849 611 1888 me
635 1832 952 1890 absolvere.
985 1835 1110 1891 Per.

297 1920 529 1976 Secreta.
560 1920 715 1978 Deus
762 1922 1197 1996 misericordia),
1231 1928 1381 1981 Deus
1427 1925 1683 1998 pietatis,
1715 1928 1871 1985 Deus

225 2009 630 2083 indulgentiae,
652 2010 912 2085 indulge,
944 2030 1164 2086 quaeso,
1189 2017 1248 2069 et
1279 2014 1554 2071 miserere
1584 2017 1699 2072 mei
1722 2017 1872 2073 servi

226 2098 339 2166 tui,
363 2102 420 2156 et
449 2098 804 2156 sacriﬁcium
825 2102 979 2174 quod
1011 2101 1244 2174 pietatis
1275 2109 1388 2159 tum
1409 2105 1608 2176 gratiae
1640 2105 1875 2162 humili-

227 2192 316 2245 ter
345 2189 541 2257 oﬂ‘ero,
573 2189 823 2262 benigne
874 2190 1134 2264 digneris
1165 2192 1481 2266 suscipere,
1529 2198 1587 2249 et
1614 2200 1871 2268 peccata,

229 2293 357 2350 quae
386 2275 719 2334 labentibus
739 2278 898 2334 vitiis
920 2280 1203 2350 contraxi,
1227 2280 1407 2338 beata
1428 2282 1622 2338 Marias
1645 2301 1877 2357 semper

222 2365 490 2439 virginis,
523 2369 580 2423 et
609 2366 875 2423 omnium
890 2372 1228 2424 sanctorum
1246 2372 1482 2426 tuorum
1499 2371 1634 2444 pius
1656 2389 1722 2428 ac
1742 2391 1873 2446 pro-

225 2454 408 2527 pitius
434 2458 492 2510 et
521 2455 854 2512 misericors
879 2456 1206 2531 indulgeas,
1239 2462 1296 2513 et
1312 2458 1503 2515 locum
1524 2462 1877 2532 paenitentiae

229 2559 296 2599 ac
323 2541 715 2617 lacrymarum
738 2544 984 2600 ﬂumina
1007 2547 1282 2616 concede,
1306 2552 1371 2603 ut
1399 2549 1631 2604 veniam
1655 2566 1882 2607 merear

232 2631 491 2704 accipere
523 2631 892 2689 delictorum.
929 2634 1053 2690 Per.

309 2720 647 2779 Communia.
700 2726 875 2792 Deus,
926 2723 1025 2795 qui
1057 2724 1338 2794 vivorum,
1372 2743 1434 2783 es
1462 2727 1722 2785 Salvator
1749 2746 1876 2786 om—

237 2809 424 2879 nium,
460 2810 559 2883 qui
591 2826 708 2866 non
738 2810 827 2866 vis
856 2816 1101 2868 mortem
1133 2819 1638 2886 peccatorum,nec
1667 2818 1882 2876 laetaris

236 2898 297 2954 in
326 2897 655 2972 perditione
685 2900 1081 2971 morientium,
1112 2905 1169 2958 te
1214 2903 1556 2976 suppliciter
1586 2906 1880 2980 deprecor,

236 2990 304 3042 ut
331 2987 617 3043 concedas
646 2987 791 3043 mihi
819 2989 1049 3045 veniam
1088 2995 1459 3062 peccatorum
1500 3010 1785 3066 meorum,
1820 3001 1885 3053 ut

237 3074 501 3132 admissa
530 3075 795 3145 deﬂeam,
829 3081 884 3133 et
913 3079 1286 3150 postmodum
1315 3080 1525 3149 ﬂenda,
1546 3100 1659 3140 non
1677 3085 1884 3141 admit-

234 3167 357 3220 tam
382 3180 395 3219 :
431 3167 491 3219 ut
525 3180 656 3220 cum
688 3164 831 3220 mihi
863 3171 1122 3222 extarma
1146 3168 1271 3224 dies
1300 3168 1548 3242 ﬁnisque
1567 3171 1694 3228 vitae
1717 3174 1885 3230 adve-

1902 1871 1952 1938 B

1981 595 2178 647 menta
2208 591 2417 648 salutis
2437 594 2601 647 tuam
2623 591 3008 663 deprecamur
3026 587 3418 656 clementiam,
3440 591 3506 643 ut
3526 605 3629 661 per

1977 697 2046 737 ea
2075 679 2364 736 famulum
2397 685 2565 736 tuum
2585 680 2652 736 N.
2686 680 2758 737 ab
2777 678 2936 736 omni
2969 676 3315 734 adversitate
3336 681 3625 751 protegas.

1977 769 2104 825 Per.

2493 882 2499 886 '
2536 876 2663 914 ALIA
2703 875 2814 914 PRO
2853 872 3066 914 ANICIS.

2052 950 2255 1006 Oratio.
2306 948 2481 1017 Deus,
2533 948 2634 1020 qui
2681 947 2985 1004 charitatis
3034 946 3186 1003 dona
3229 961 3332 1019 per
3378 944 3628 1018 gratiam

1980 1037 2168 1095 sancti
2197 1037 2449 1111 Spiritus
2466 1041 2702 1093 tuorum
2727 1035 3002 1092 cordibus
3020 1034 3312 1102 infudisti,
3334 1034 3410 1090 ἑο,
3437 1033 3630 1090 famu-

1978 1125 2053 1181 lis
2065 1125 2183 1181 tuis
2198 1125 2266 1180 N.
2292 1140 2395 1196 pro
2414 1123 2630 1197 quibus
2646 1127 2809 1179 tuam
2832 1123 3218 1195 deprecamur
3237 1120 3628 1192 clementiam,

1979 1211 2230 1270 salutem
2262 1212 2477 1268 mentis
2497 1217 2556 1267 et
2583 1211 2865 1283 corporis,
2911 1217 2978 1266 ut
3006 1214 3064 1266 te
3092 1214 3216 1266 tota
3242 1208 3457 1266 virtute
3495 1209 3633 1265 dili-

1978 1306 2140 1375 gant,
2173 1304 2231 1357 et
2261 1318 2387 1373 quae
2418 1300 2523 1356 "tibi
2555 1299 2768 1372 placita
2799 1304 2939 1354 sunt
2970 1305 3091 1354 tota
3120 1299 3424 1356 devotione
3455 1298 3634 1371 perﬁ-

1980 1392 2155 1446 ciant.
2187 1394 2317 1444 Per.

2004 1548 2007 1553 (
2050 1481 2283 1536 Secreta.
2316 1477 2607 1545 Miserere,
2660 1493 3023 1550 quaesumus,
3076 1475 3345 1545 Domine,
3395 1474 3635 1531 famulis

1980 1568 2120 1637 tuis,
2154 1585 2258 1640 pro
2301 1567 2514 1639 quibus
2544 1566 2653 1622 hoc
2686 1567 3038 1622 sacriﬁcium
3069 1565 3263 1622 laudis
3295 1570 3407 1621 tuae
3439 1565 3634 1621 oﬂ‘eri-

1983 1674 2117 1713 mus
2172 1656 2485 1728 majestati,
2539 1659 2605 1711 ut
2652 1672 2754 1727 per
2797 1656 2919 1710 haec
2969 1658 3336 1711 sacramenta
3365 1669 3632 1727 supernas

1981 1745 2406 1803 benedictionis
2427 1745 2677 1819 gratiam
2702 1745 3023 1812 obtineant,
3056 1748 3112 1801 et
3132 1743 3377 1817 gloriam
3408 1748 3634 1800 aeternae

1983 1834 2367 1892 beatitudinis
2390 1834 2713 1906 acquirant.
2746 1834 2873 1889 Per.
3211 1850 3217 1853 ·

2055 1925 2394 1982 Communia.
2429 1921 2633 1978 Divina
2663 1922 2912 1978 libantes
2942 1921 3238 1995 mysteria,
3273 1938 3634 1995 quaesumus,

1983 2013 2248 2084 Domine,
2282 2016 2347 2068 ut
2364 2012 2485 2068 haec
2501 2010 2782 2067 salutaria
2812 2014 3182 2067 sacramenta
3208 2009 3294 2065 illi
3325 2009 3640 2084 proﬁciant

1983 2104 2054 2158 ad
2087 2101 2529 2176 prosperitatem
2562 2104 2619 2156 et
2640 2116 2864 2173 pacem,
2898 2116 3001 2173 pro
3032 2116 3284 2173 quorum
3305 2098 3636 2168 dilectione,

1983 2191 2105 2247 haec
2134 2196 2247 2247 tua;
2278 2189 2599 2245 obtulimus
2630 2187 2943 2261 majestati.
2978 2188 3103 2244 Per.

2056 2281 2202 2336 Alia.
2232 2279 2408 2347 Deus,
2442 2278 2544 2350 qui
2575 2277 2910 2350 supplicum
2942 2280 3179 2357 tuorum
3208 2281 3341 2332 vota
3370 2294 3474 2350 per
3509 2277 3641 2333 cha-

1985 2369 2177 2426 ritatis
2208 2367 2403 2425 ofﬁcia
2450 2367 2747 2439 suscipere
2795 2366 3077 2439 dignaris,
3131 2367 3205 2421 da
3244 2366 3484 2423 famulis
3516 2366 3636 2422 tuis

1985 2460 2043 2515 in
2077 2461 2180 2514 tua
2208 2456 2487 2530 proﬁcere
2517 2455 2846 2523 dilectione,
2884 2459 2945 2510 ut
2975 2458 3032 2511 et
3065 2455 3169 2510 tibi
3203 2472 3410 2511 secura
3440 2459 3640 2511 mente

1987 2548 2339 2619 deserviant,
2362 2551 2418 2602 et
2446 2546 2505 2600 in
2539 2550 2641 2602 tua
2659 2562 2799 2618 pace
2819 2560 3051 2618 semper
3071 2545 3346 2601 assistere
3372 2560 3637 2600 merean-

1988 2643 2100 2694 tur.
2136 2642 2261 2693 Per.
3214 2646 3230 2661 λ’
3332 2646 3337 2651 ’

2488 2740 2658 2779 MISSA
2709 2739 2818 2778 PRO
2859 2738 3120 2778 PECCATIS
3130 2764 3142 2776 .

2063 2815 2269 2871 Oratio.
2316 2811 2637 2869 Exsultatio
2682 2811 2898 2882 divina,
2954 2811 3138 2884 pietas
3170 2814 3429 2885 paterna,
3462 2812 3641 2882 maje-

1993 2909 2111 2960 stas
2139 2903 2449 2969 immensa,
2474 2906 2530 2957 te
2559 2900 2805 2974 supplex
2833 2904 3207 2973 tremensque
3238 2891 3518 2973 deprecor
3537 2916 3642 2971 pro

1994 2989 2215 3047 famula
2239 2994 2341 3046 tua
2369 2991 2436 3046 N.
2468 2991 2649 3046 utdes
2671 2990 2719 3046 ei
2740 2993 2994 3045 mentem
3019 3006 3248 3063 puram,
3273 2988 3645 3044 ebaritatem-

1994 3096 2107 3151 que
2139 3080 2477 3151 perfectam,
2527 3079 2586 3134 in
2630 3079 2858 3134 actibus
2909 3078 3327 3146 sinceritatem,
3376 3078 3434 3132 in
3467 3078 3642 3153 corde

1996 3168 2333 3241 puritatem,
2365 3168 2424 3222 in
2458 3184 2628 3240 opere
2657 3168 2951 3235 virtutem,
3001 3166 3060 3222 in
3092 3166 3356 3223 moribus
3386 3165 3648 3239 discipli-

233 3251 409 3324 nerit,
440 3254 815 3309 emendatum
838 3254 1064 3310 delictis
1086 3255 1362 3314 omnibus
1384 3240 1476 3316 me
1497 3260 1740 3334 angelus
1757 3279 1886 3319 san-
1915 3240 1959 3307 CI
1997 3240 2156 3324 tiam,
2193 3260 2256 3312 ut
2285 3256 2440 3328 quod
2490 3273 2618 3323 n03,
2662 3256 2796 3311 licet
2825 3255 3072 3328 ίηάὶεῐιί,
3108 3259 3243 3310 ante
3269 3259 3645 3328 conspecmm

234 3339 457 3397 ctitatis
487 3341 792 3414 suscipiat.
826 3346 946 3399 Per.

473 3493 483 3501 ο
645 3447 815 3487 MISSA
854 3449 961 3487 PRO
998 3450 1176 3489 AMICO
1216 3451 1476 3493 VIVENTE.

309 3516 520 3575 Oratio.
564 3522 718 3576 Deus
747 3520 846 3593 qui
887 3521 1184 3593 justiﬁcas
1230 3524 1502 3597 impium,
1555 3532 1612 3583 et
1654 3546 1768 3585 non
1798 3530 1885 3587 vis

234 3611 489 3664 mortem
524 3613 917 3682 peccatorum,
953 3612 1318 3683 maiestatem
1355 3600 1517 3671 tuam
1549 3617 1892 3691 suppliciter

235 3695 641 3769 deprecamur,
680 3701 747 3753 ut
785 3699 1072 3755 famulum
1106 3706 1291 3771 tuum,
1320 3703 1387 3759 N.
1412 3704 1482 3760 de
1522 3708 1625 3762 tua
1662 3707 1887 3764 miseri-

236 3786 438 3841 cordia
458 3785 867 3857 conﬁdentem,
893 3787 1109 3845 ccelesti
1133 3795 1405 3865 protegas
1422 3793 1712 3868 benignus
1734 3797 1891 3852 auxi-

233 3872 337 3945 lio,
366 3878 423 3930 et
463 3876 703 3933 assidua
728 3878 1084 3949 protectione
1106 3895 1430 3951 conserves,
1465 3888 1530 3938 ut
1549 3884 1655 3940 tibi
1669 3884 1892 3958 jugiter

232 3962 557 4020 famuletur
597 3969 655 4021 et
699 3965 879 4023 nullis
908 3968 1328 4026 tentationibus
1378 3989 1413 4028 a
1457 3976 1515 4029 te
1560 3978 1884 4047 separetur.

233 4052 367 4109 Per.

307 4141 545 4198 Secreta.
577 4142 787 4215 Hujus,
823 4144 1088 4213 Domine,
1119 4164 1481 4220 quaesumus,
1515 4151 1731 4208 virtute
1762 4170 1886 4227 my-

233 4228 399 4287 sterii
429 4235 486 4286 et
514 4247 549 4286 a
567 4233 819 4305 propriis
838 4250 945 4290 nos
974 4237 1197 4292 munda
1224 4237 1474 4306 delictis,
1509 4245 1567 4296 et
1599 4241 1889 4298 famulum

235 4323 413 4376 tuum
435 4320 504 4377 N.
539 4321 612 4377 ab
644 4323 919 4380 omnibus
945 4325 1179 4383 absolve
1204 4330 1476 4400 peccatis.
1513 4331 1638 4387 Per.

311 4401 654 4457 Communia.
704 4403 1024 4461 Puriﬁcent
1052 4423 1179 4473 nos,
1226 4408 1491 4476 Domine,
1525 4426 1887 4483 quaesumus,

232 4493 612 4546 sacramenta
634 4507 762 4564 qua:
789 4494 1177 4567 sumpsimus,
1209 4500 1267 4552 et
1305 4497 1594 4556 famulum
1624 4505 1793 4558 tuum
1820 4503 1888 4557 N.

1997 3345 2325 3417 majestatis
2358 3349 2467 3400 tuae
2500 3343 2749 3400 ﬁdeliter
2764 3344 3083 3415 devoteque
3106 3360 3210 3416 pro
3241 3343 3370 3416 ipsa
3400 3343 3650 3399 clemen-

1996 3435 2089 3492 tias
2116 3437 2230 3491 tuae
2271 3433 2592 3503 offerimus,
2642 3433 2876 3506 pietatis
2927 3437 3040 3488 tuae
3093 3431 3284 3505 gratia
3331 3431 3647 3488 obtinendo

1997 3527 2326 3597 cognoscat.
2361 3527 2489 3578 Per.

2069 3612 2299 3668 Secreta.
2316 3610 2579 3683 Indulge,
2606 3609 2864 3678 Domine,
2885 3608 3240 3682 supplicanti
3261 3609 3405 3664 mihi
3427 3608 3650 3666 famulo

1996 3706 2116 3769 tuo,
2150 3701 2225 3756 da
2265 3700 2692 3773 indulgentiam
2742 3698 3043 3772 poscendi,
3075 3702 3140 3754 ut
3166 3714 3368 3754 secure
3400 3697 3508 3755 tibi
3537 3702 3649 3754 Do-

1999 3790 2159 3847 mino
2207 3790 2324 3846 Deo
2381 3792 2577 3845 nostro
2635 3789 2933 3845 victimam
2994 3804 3100 3860 pro
3160 3786 3386 3843 famula
3445 3791 3550 3843 tua
3602 3788 3650 3842 N

1998 3880 2203 3936 oﬂ‘erre
2217 3878 2462 3946 valeam,
2498 3882 2563 3934 ut
2582 3894 2686 3951 pro
2707 3877 2934 3933 dilectis
2952 3876 3080 3933 suis
3110 3877 3343 3933 veniam
3373 3875 3651 3945 obtineat,

1999 3973 2056 4025 et
2085 3985 2188 4041 per
2217 3971 2274 4025 te
2304 3967 2524 4040 pariter
2547 3970 2750 4023 sancta
2775 3982 3023 4022 munera
3052 3968 3367 4022 consecuta
3393 3965 3464 4021 ad
3497 3963 3654 4022 salu-

1996 4062 2116 4113 tem
2147 4061 2372 4114 δίει-ηδε
2399 4056 2599 4129 gratiae
2635 4072 2771 4112 cum
2792 4060 2894 4112 tuo
2921 4055 3211 4127 adjutorio
3233 4054 3421 4128 possit
3451 4070 3653 4127 perve-

2000 4146 2141 4202 nire.
2178 4147 2304 4203 Per.

2074 4235 2416 4293 Communia.
2468 4235 2761 4292 Conﬁrma
2792 4234 2925 4305 hoc,
2974 4233 3150 4302 Deus,
3201 4233 3353 4306 quod
3384 4234 3658 4305 operatus

2008 4340 2070 4380 es
2103 4325 2161 4379 in
2195 4325 2388 4393 nobis,
2429 4329 2488 4380 et
2517 4323 2745 4381 custodi
2793 4323 3067 4397 gratiam,
3097 4338 3276 4394 quam
3306 4320 3475 4378 nobis
3523 4336 3656 4377 con-

2004 4414 2156 4469 ferre
2187 4414 2464 4487 dignatus
2495 4431 2580 4479 es,
2603 4418 2837 4469 tuorum
2857 4412 3269 4469 intercessione
3298 4415 3656 4480 sanctorum,

2008 4508 2063 4558 et
2093 4503 2314 4557 donum
2348 4506 2460 4557 tuae
2511 4501 2924 4557 misericordiae
2971 4500 3202 4556 famulae
3257 4504 3373 4558 tua:
3399 4500 3659 4556 conferre

230 4576 310 4633 ab
341 4577 502 4678 omni
549 4576 722 4651 culpa
772 4579 1023 4638 liberum
1073 4599 1201 4641 esse
1231 4588 1502 4655 concede,
1534 4593 1593 4646 et
1618 4592 1720 4662 qui
1750 4607 1886 4648 con-
1917 4611 1965 4678 ι)
1999 4591 2263 4663 dignare.
2296 4589 2422 4645 Per.

231 4665 497 4723 scientia;
519 4671 683 4723 reatu
706 4670 1151 4743 constringitur,
1174 4673 1425 4732 caelestis
1449 4679 1690 4735 remedii
1707 4678 1889 4752 pleni-

227 4754 439 4813 tudine
470 4755 766 4829 glorietur.
802 4758 926 4814 Per.

636 4850 642 4856 '
688 4850 797 4903 pao
835 4865 1023 4906 AMICIS
1072 4867 1432 4910 VIVENTIBUS.

305 4932 516 4990 Oratio.
564 4933 949 5008 Omnipotens
1000 4940 1356 5013 sempiterne
1412 4942 1584 5012 Deus,
1617 4945 1891 5003 miserere

225 5019 477 5078 famulis
504 5022 644 5093 tuis,
666 5028 724 5080 et
753 5024 939 5100 dirige
969 5043 1067 5084 eos
1097 5031 1420 5087 secundum
1453 5037 1615 5089 tuam
1645 5033 1892 5091 clemen-

226 5110 381 5169 tiam
412 5110 472 5165 in
500 5110 657 5169 viam
679 5113 890 5171 salutis
909 5119 1158 5184 aeternas,
1189 5124 1255 5174 ut
1283 5123 1340 5176 te
1362 5121 1614 5179 donante
1643 5123 1749 5179 tibi
1770 5123 1891 5197 pla-

227 5198 349 5255 cita
378 5199 638 5273 cupiant,
672 5206 729 5259 et
756 5206 882 5261 tota
907 5205 1122 5263 virtute
1150 5208 1475 5280 perﬁciant.
1510 5211 1635 5269 Per.

305 5288 552 5346 Secreta.
586 5291 879 5363 Proﬁciat,
906 5311 1269 5368 qumsumus,
1299 5298 1564 5369 Domine,
1590 5301 1710 5358 haec
1726 5301 1886 5359 obla-

226 5377 338 5445 tio,
387 5394 570 5451 quam
617 5383 730 5437 tua:
780 5382 1072 5456 supplices
1119 5385 1419 5445 offerimus
1467 5390 1780 5462 maiestati,
1814 5391 1886 5447 ad

225 5463 489 5523 salutem
520 5466 879 5527 famulorum
909 5476 1167 5543 tuorum,
1194 5477 1259 5530 ut
1286 5475 1650 5548 providentia
1670 5482 1771 5535 tua
1798 5495 1889 5537 eo-

227 5569 370 5610 rum
401 5554 522 5613 vita
550 5555 706 5616 inter
752 5560 996 5619 adversa
1024 5565 1082 5620 et
1108 5579 1388 5642 prospera
1421 5564 1640 5642 ubique
1670 5566 1886 5644 diriga-

221 5646 353 5711 tur.
382 5647 517 5708 Per.

2415 4693 2587 4732 MISSA
2623 4695 2752 4732 ALIA
2792 4694 2901 4734 PRO
2942 4693 3224 4733 PECCATIS.

2071 4768 2275 4825 Oratio.
2341 4765 2495 4822 Deus
2544 4766 2981 4835 misericordiae,
3037 4766 3192 4822 Deus
3247 4763 3652 4837 indulgentiae,

1999 4856 2238 4929 indulge
2269 4872 2487 4927 quaeso,
2515 4858 2573 4910 et
2604 4853 2881 4912 miserere
2912 4853 3131 4911 famulo
3164 4852 3351 4910 tuoN.
3404 4856 3471 4909 ut
3507 4851 3655 4909 deli-

1999 4952 2247 5013 ctorum,
2282 4962 2408 5017 qua:
2437 4942 2544 4999 tibi
2574 4960 2642 4999 ex
2662 4961 2759 5000 ore
2790 4944 3041 5017 aperuit,
3071 4943 3236 5000 nulla.
3256 4944 3316 4999 in
3335 4959 3400 4999 eo
3425 4941 3657 4998 macula

1998 5039 2324 5092 reservetur
2353 5033 2618 5103 interius,
2645 5032 2746 5089 sed
2785 5049 2886 5106 per
2935 5033 3285 5106 pmnitentiaa
3314 5032 3540 5098 luctum
3572 5032 3644 5087 ad

1996 5129 2101 5182 tua
2126 5127 2419 5180 mereatur
2448 5120 2747 5194 pervenire
2778 5121 3090 5195 promissa.
3123 5122 3249 5180 Per.

2065 5214 2243 5269 Lectio
2271 5211 2573 5268 Ezechielis
2615 5212 2915 5284 prophetae.
2967 5210 3381 5268 Convertimini
3427 5212 3499 5267 ad
3534 5228 3651 5278 me,

1997 5309 2130 5371 etc.,
2163 5319 2331 5374 usque
2356 5302 2495 5358 dicit
2517 5301 2821 5358 Dominus.
3066 5356 3070 5361 _

2068 5392 2358 5463 Sequentia
2386 5392 2563 5447 sancti
2607 5390 2894 5460 Evangelii
2956 5388 3253 5445 secundum
3309 5390 3649 5446 Matt/torum.

1996 5482 2062 5537 In
2090 5479 2189 5535 illo
2219 5483 2480 5552 tempore
2502 5498 2515 5536 :
2550 5479 2963 5536 Discumbente
2982 5478 3144 5547 Jesu,
3166 5481 3301 5546 etc.,
3325 5493 3495 5549 usque
3525 5494 3655 5550 pce-

1997 5572 2223 5628 catores
2252 5568 2312 5625 in
2338 5567 2767 5641 paenitentiam.

2067 5657 2301 5721 Secreta.
2342 5657 2608 5741 Respice,
2658 5673 3021 5741 quaesumus,
3052 5654 3316 5729 Domine,
3348 5652 3423 5713 ad
3451 5665 3653 5735 preces
