3978 6376
371 337 492 401 903

1603 328 1792 397 SIEC.
1836 329 1915 394 XI
1959 327 2272 396 MONUM.
2319 329 2551 396 AUCT.

372 443 580 528 famuli
636 469 722 526 tui
781 469 882 542 qui
929 468 1038 526 tibi
1081 472 1274 526 mente
1319 472 1378 524 et
1405 468 1576 524 corde
1633 484 1696 524 se
1753 483 2024 540 peccasse
2055 468 2110 535 Α
2137 465 2294 522 renis
2341 465 2646 521 affectibus
2686 461 2898 538 expiati
2937 463 3010 522 ad
3064 461 3304 538 superni
3350 463 3782 537 plenitudinem

370 561 624 636 graviter
649 558 987 636 conﬁtetur;
1013 562 1070 614 et
1097 563 1326 631 praesta,
1351 562 1418 614 ut
1434 573 1536 630 per
1555 557 1906 613 oblationem
1925 557 2010 611 tui

371 647 630 722 corporis
651 653 708 705 et
737 647 1063 721 sanguinis,
1087 665 1264 720 quam
1286 646 1392 702 tibi
1423 663 1528 720 pro
1556 645 1682 719 ipso
1713 646 2012 701 oﬂ‘erimus

367 738 598 794 veniam
629 737 939 809 impetrare
965 735 1284 792 valeamus.
1314 735 1438 792 Per.

445 827 781 884 Communia.
832 825 1069 894 R’efecti,
1121 841 1482 896 quaesumus,
1535 823 1799 890 Domine,
1860 821 2013 878 datis

372 915 513 984 tuis,
546 919 604 970 te
633 913 928 987 supplices
958 929 1288 981 exoramus,
1319 917 1385 968 ut
1408 929 1684 968 converso
1714 913 1891 968 fratre
1909 927 2010 967 no-

370 1009 490 1062 stro
516 1003 589 1059 ad
622 1002 775 1058 viam
815 1001 1081 1074 justitiae,
1115 1002 1334 1058 fontem
1363 999 1756 1074 lacrymarum
1786 1000 1846 1054 in
1877 1015 2011 1056 eum

369 1091 692 1160 concutias,
724 1095 780 1146 et
809 1107 881 1147 ne
911 1090 1065 1146 ultra
1092 1090 1346 1163 lugenda
1373 1090 1719 1155 committat,
1753 1105 1887 1144 eum
1918 1104 2013 1160 pa-

366 1186 536 1240 terna
562 1179 776 1254 pietate
807 1179 1056 1236 custodi.
1082 1184 1208 1236 Per.

672 1284 782 1324 PRO
821 1284 1254 1324 CONFITENTIBUS
1293 1284 1536 1324 PECCATA
1572 1283 1700 1324 SUA.

441 1358 646 1414 Oratio.
680 1355 921 1424 Exaudi,
973 1373 1333 1428 quaasumus,
1376 1354 1640 1425 Domine,
1673 1353 2009 1428 supplicum

366 1455 588 1519 preces;
619 1450 751 1512 etc.,
787 1449 849 1500 ut
881 1446 941 1500 in
969 1445 1184 1501 titaniis
1213 1445 1390 1502 editis.

434 1534 668 1592 Secreta.
700 1534 934 1590 Hostias
974 1533 1104 1600 tibi,
1135 1533 1400 1601 Domine,
1444 1532 1791 1606 placationis
1819 1529 2007 1588 offeri-

365 1641 522 1693 mus,
552 1629 618 1679 ut
637 1622 848 1680 delicta
869 1627 1069 1680 nostra
1089 1621 1404 1680 miseratus
1433 1621 1702 1679 absolvas
1721 1625 1779 1678 et
1809 1636 2007 1694 pacem

366 1713 535 1769 nobis
561 1713 866 1770 concedas.
901 1712 1027 1768 Per.

436 1803 774 1858 Communia.
827 1803 1044 1856 Praesta
1099 1800 1288 1868 nobis,
1347 1804 1560 1856 aeterne
1607 1799 1890 1866 Salvator,
1946 1803 2012 1854 ut

363 1889 749 1964 percipientes
766 1889 875 1945 hoc
895 1905 1134 1945 munere
1163 1889 1393 1944 veniam
1419 1893 1790 1962 peccatorum
1812 1889 1883 1944 de
1897 1888 2018 1946 tuis

362 1993 596 2050 semper
623 1977 920 2034 beneﬁciis
950 1977 1288 2050 gloriemur.

876 2081 1042 2124 IISSA
1079 2082 1190 2122 PRO
1231 2083 1506 2122 PECCA'I‘IS.

435 2154 640 2213 Oratio.
693 2156 868 2223 Deus,
923 2155 1021 2229 qui
1071 2155 1442 2229 peccantium
1491 2172 1606 2212 non
1653 2155 1741 2212 vis
1790 2155 2016 2213 animas

360 2245 574 2319 perire,
607 2245 707 2302 sed
735 2245 960 2317 culpas,
985 2245 1218 2302 contine
1234 2262 1466 2318 pmnam
1498 2261 1675 2318 quam
1701 2261 2016 2313 meremur,

360 2340 418 2391 et
445 2351 623 2408 quam
656 2350 968 2406 precamur
1016 2351 1194 2407 super
1227 2351 1335 2390 nos
1383 2333 1616 2389 effunde
1645 2332 2017 2390 clementiam

332 2427 542 2492 ‘tuam,
579 2427 645 2478 ut
699 2423 770 2479 de
805 2439 1050 2479 mmrore
1105 2423 1388 2496 gaudium
1439 2426 1556 2478 tua;
1604 2421 2016 2478 misericordia

363 2512 642 2584 consequi
674 2527 1027 2568 mereamur.
1063 2513 1190 2568 Per.

429 2599 660 2656 Secreta.
715 2600 1036 2656 Subveniat
1087 2599 1282 2667 nobis,
1336 2597 1602 2666 Domine,
1651 2613 2013 2670 quaesumus,

357 2689 626 2745 sacrificii
659 2688 963 2761 praesentis
986 2687 1224 2754 oblatio,
1251 2704 1379 2760 qua:
1412 2703 1518 2742 nos
1547 2686 1695 2742 etab
1727 2685 2015 2742 universis

357 2778 653 2834 erroribus
682 2781 946 2850 potenter
983 2775 1264 2844 absolvat,
1299 2780 1356 2832 et
1385 2792 1419 2831 a
1449 2774 1629 2831 totius
1659 2773 1865 2846 eripiat
1890 2791 2016 2850 per-

357 2850 597 2922 ditionis
627 2865 890 2921 incursu.
923 2869 1053 2921 Per.

433 2955 770 3010 Communia.
804 2953 1048 3020 Exaudi,
1081 2952 1350 3018 Domine,
1380 2952 1664 3024 gemitum
1705 2951 1904 3024 populi
1925 2951 2011 3006 tui

358 3061 431 3100 ne
460 3042 594 3117 plus
614 3042 771 3114 apud
791 3041 1048 3097 tevaleat
1069 3041 1311 3096 oll'ensio
1324 3040 1810 3112 delinquentium,
1833 3056 2010 3112 quam

359 3128 760 3187 misericordia
807 3135 910 3186 tua
964 3129 1190 3186 indulta
1238 3128 1472 3185 ﬂetibus
1521 3127 2004 3202 supplicantium.

357 3224 484 3277 Per.

720 3323 828 3363 PRO
867 3323 1214 3363 REMISSIONB
1254 3322 1646 3363 PBCCATORUM.

429 3397 616 3454 Oratio
643 3401 695 3452 et
723 3399 946 3463 secreta,
979 3403 1039 3452 ut
1070 3397 1132 3451 in
1157 3395 1339 3452 editis.

431 3485 768 3542 Communia.
803 3486 958 3552 Quos
979 3501 1221 3540 munere
1251 3481 1466 3540 caelesti
1494 3482 1706 3552 reﬁcis,
1738 3481 2002 3547 Domine,

358 3575 554 3631 divino
580 3578 743 3630 tuere
769 3573 1056 3647 praesidio,
1081 3584 1146 3628 ut
1175 3571 1293 3628 tuis
1324 3570 1617 3644 mysteriis
1645 3571 2008 3644 perfruentes

360 3663 540 3721 nullis
565 3660 890 3719 subdamur
905 3661 1188 3730 adversis,
1211 3665 1270 3716 et
1296 3677 1330 3716 a
1349 3659 1576 3716 cunctis
1593 3659 2008 3732 iniquitatibus

359 3750 574 3810 nostris
605 3768 748 3807 exue
769 3769 876 3807 nos
897 3749 1269 3822 omnipotens
1289 3749 1465 3820 Deus,
1485 3753 1542 3805 et
1562 3748 1620 3804 in
1642 3753 1744 3804 tua
1763 3748 1852 3804 fac
1869 3763 2010 3820 pace

358 3842 631 3915 gaudere.
665 3844 793 3894 Per.

656 3943 826 3984 MISSA
866 3944 976 3982 PRO
1013 3943 1178 3982 lALlS
1216 3941 1705 3982 COGITATIONIBUS.

432 4017 619 4074 Oratio
647 4017 706 4070 in
735 4023 958 4081 secreta,
989 4023 1050 4070 ut
1079 4017 1138 4070 in
1171 4015 1352 4074 editis.
1870 4075 1878 4080 ,

433 4105 770 4161 ϐοτηνητιηὶο.
805 4103 911 4160 Per
939 4102 1046 4159 hoc
1093 4103 1469 4171 sacrificium,
1504 4119 1866 4175 quaesumus,
1897 4106 2010 4157 Do-

361 4193 541 4260 mine,
580 4193 732 4266 quod
768 4196 882 4248 tute
935 4191 1258 4247 obtulimus
1288 4191 1602 4263 majestati,
1635 4191 1709 4246 ab
1737 4191 2012 4248 omnibus

360 4298 460 4338 cor
488 4279 694 4337 famuli
724 4279 809 4336 tui
841 4279 1097 4336 emunda
1121 4278 1565 4335 tentationibus.
1600 4279 1722 4336 Per.

638 4387 804 4426 MISSA
842 4385 952 4424 PRO
991 4385 1284 4424 PE’l‘lTlONE
1322 4384 1733 4426 LACRYMARUM.

435 4458 620 4514 Oratio
644 4466 694 4514 et
713 4457 1176 4527 Posteammunio,
1208 4460 1270 4512 ut
1299 4459 1360 4512 in
1390 4457 1575 4513 editis.

433 4546 668 4604 Secreta.
729 4545 859 4602 Haec
934 4545 1242 4615 sacrificia,
1315 4563 1674 4618 quaesumus,
1747 4547 2009 4618 Domine,
2041 4569 2088 4633 Ι)
2119 4600 2174 4650 st

361 4654 490 4710 quae
525 4641 638 4692 tuae
666 4635 866 4708 pietati
897 4634 1242 4706 obtulimus,
1276 4635 1446 4692 nobis
1474 4636 1782 4709 proficiant
1801 4637 1872 4692 ad
1905 4653 2008 4692 no-

361 4732 617 4783 strorum
647 4725 876 4782 veniam
928 4728 1322 4797 peccatorum,
1354 4729 1414 4780 et
1465 4724 1860 4781 miserationis
1891 4729 2002 4781 tua;

363 4833 594 4888 semper
623 4815 887 4870 tribuant
916 4811 1215 4870 solatium.
1251 4813 1376 4868 Per.

787 4919 955 4958 MISSA
997 4918 1108 4958 PRO
1143 4918 1574 4958 TBIBULATIONB.

435 4992 641 5049 Oratio.
677 4991 1026 5048 Ineﬂ‘abilem
1071 4991 1532 5048 misericordiam
1559 4995 1743 5054 tuam,
1777 5006 2007 5062 quasu-

363 5099 516 5146 mus,
562 5081 824 5148 Domine,
869 5079 1038 5136 nobis
1069 5080 1382 5137 clementer
1423 5079 1684 5146 ostende,
1737 5085 1801 5134 ut
1830 5077 2009 5134 simul

363 5186 473 5226 nos
502 5187 538 5226 a
560 5167 812 5242 peccatis
859 5165 1040 5226 exuas
1067 5173 1123 5224 et
1151 5186 1186 5225 a
1227 5167 1414 5240 poenis
1448 5184 1597 5239 quas
1635 5183 1739 5240 pro
1769 5166 1862 5222 bis
1894 5184 2011 5224 me-

363 5275 562 5314 remur
592 5258 824 5331 eripias.
859 5257 984 5314 Per.

434 5347 666 5404 Secreta.
697 5347 969 5404 Puriilcet
987 5362 1114 5414 nos,
1137 5345 1402 5413 Domine,
1424 5360 1788 5417 quaesumus,
1814 5361 2016 5400 mune-

365 5435 446 5494 ris
471 5436 772 5510 praesentis
803 5425 1042 5501 oblatio,
1063 5439 1120 5490 et
1140 5431 1350 5506 dignos
1371 5449 1539 5490 sacra
1568 5433 2014 5507 participatione

366 5524 646 5600 perﬁciat.
680 5523 804 5581 Per.

437 5614 774 5679 Communia.
805 5613 1041 5686 Praesta,
1063 5610 1326 5702 Domine,
1349 5627 1710 5691 quaesumus,
1743 5615 1810 5671 ut
1839 5629 1874 5670 θ.
1901 5615 2016 5671 ter-

2133 552 2504 622 sacramenti,
2538 554 2709 626 cujus
2739 553 3052 611 libavimus
3065 558 3271 611 sancta
3288 553 3624 610 tendamus.
3648 553 3778 610 Per.

2767 686 2895 724 ALIA
2923 653 2926 660 Ι
2951 685 3138 726 MISSA.

2199 775 2402 831 Oratio.
2459 780 2632 843 Deus,
2667 775 2768 848 qui
2817 780 3202 833 contritorum
3253 791 3370 834 non
3393 775 3662 850 despicis
3690 793 3787 850 ge-

2125 865 2356 932 mitum,
2375 869 2432 920 et
2462 864 2832 921 maerentium
2850 881 2966 922 non
2996 865 3225 938 spernis
3247 865 3542 936 affectum,
3575 865 3784 923 adesto

2124 953 2393 1026 precibus
2433 955 2670 1022 nostris,
2721 971 2869 1031 quas
2899 954 3102 1027 pietati
3135 958 3248 1028 tuae
3275 971 3378 1026 pro
3405 953 3788 1026 tribulatione

2128 1047 2330 1098 nostra
2359 1043 2681 1111 offerimus,
2713 1041 3094 1116 implorantes
3121 1048 3188 1099 ut
3218 1059 3324 1099 nos
3355 1041 3672 1100 clementer
3690 1059 3787 1100 su-

2125 1130 2362 1204 scipias,
2405 1135 2462 1187 et
2491 1129 2617 1188 solo
2668 1130 2948 1191 bonitatis
2990 1136 3103 1187 tuae
3146 1132 3365 1188 intuitu
3415 1131 3664 1201 tribuas,
3714 1135 3784 1190 ut

2125 1219 2412 1294 quidquid
2458 1223 2660 1276 contra
2689 1237 2798 1277 nos
2828 1219 3124 1277 diabolica:
3157 1224 3333 1294 atque
3361 1219 3634 1278 humanis
3660 1237 3785 1278 mo-

2119 1307 2348 1364 liuntur
2375 1308 2778 1378 adversitates,
2801 1309 2874 1365 ad
2901 1308 3151 1366 nihilum
3181 1309 3431 1384 redigas,
3455 1314 3512 1366 et
3534 1307 3782 1366 consilio

2121 1395 2529 1454 misericordia:
2547 1401 2664 1454 tuaa
2687 1397 2918 1470 allidas,
2942 1403 3237 1470 quatenus
3260 1395 3443 1456 nullis
3459 1398 3780 1455 adversita—

2125 1486 2285 1542 tibus
2317 1487 2458 1555 laesi,
2509 1488 2609 1544 sed
2643 1488 2716 1543 ab
2747 1488 2906 1543 omni
2958 1487 3334 1544 tribulatione
3392 1491 3451 1545 et
3503 1487 3783 1563 angustia

2125 1573 2376 1642 liberati,
2410 1575 2631 1649 gratias
2655 1575 2760 1632 tibi
2782 1577 2842 1632 in
2869 1575 3122 1633 Ecclesia
3150 1580 3254 1633 tua
3284 1576 3626 1634 referamus.
3650 1575 3779 1635 Per.

2195 1664 2429 1720 Secreta.
2485 1669 2657 1732 Deus,
2715 1665 2814 1738 qui
2877 1665 3187 1723 tribulatos
3242 1667 3414 1722 corde
3471 1683 3670 1736 sanas,
3705 1667 3780 1723 ad

2119 1752 2270 1809 hanc
2300 1753 2590 1826 propitius
2637 1753 2892 1810 hostiam
2945 1755 3256 1827 dignanter
3287 1754 3544 1822 attende,
3574 1758 3632 1811 et
3660 1763 3783 1827 qua

2046 1837 2094 1902 B
2125 1843 2302 1898 totius
2328 1843 2532 1898 mundi
2566 1841 2800 1898 voluisti
2819 1842 3000 1898 laxari
3025 1842 3256 1912 delicta,
3285 1859 3389 1916 pro
3401 1841 3782 1900 tribulatione

2126 1936 2327 1988 nostra
2356 1929 2669 1987 clementer
2695 1947 2950 2000 assume,
2983 1937 3301 2004 nostraque
3331 1935 3541 1992 cuncta
3569 1931 3779 1989 discrie-

2126 2021 2288 2077 mina
2307 2019 2546 2088 solvere,
2567 2019 3004 2080 tribulationem
3030 2022 3285 2094 attende,
3309 2021 3582 2078 miserias
3598 2019 3777 2094 pelle,

2125 2109 2427 2183 angustias
2457 2114 2514 2166 et
2543 2125 2850 2182 pressurae
2872 2125 3098 2178 amove,
3120 2115 3186 2166 ut
3200 2110 3357 2166 exuti
3381 2111 3456 2166 ab
3473 2109 3776 2180 omnibus,

2125 2216 2252 2271 quae
2293 2198 2571 2270 patimur,
2631 2197 2825 2266 malis,
2870 2198 2931 2254 in
2981 2199 3100 2255 tuis
3145 2216 3376 2272 semper
3417 2197 3780 2258 delectemur

2126 2285 2414 2343 exsultare
2444 2286 2762 2344 beneficiis.
2797 2287 2919 2344 Per.
3560 2333 3564 2340 .

2198 2376 2538 2432 Communia.
2571 2369 2829 2443 Di'mitte,
2851 2393 3210 2450 quaesumus,
3242 2377 3507 2448 Domine,
3539 2384 3784 2454 peccata

2127 2469 2345 2533 nostra,
2378 2469 2437 2520 et
2454 2465 2644 2520 tribue
2667 2465 2836 2522 nobis
2855 2465 3317 2522 misericordiam
3332 2470 3516 2536 tuam,
3539 2466 3783 2540 orisque

2127 2553 2311 2608 nostri
2356 2551 2610 2625 alloquio
2669 2553 3012 2626 deprecatus
3063 2558 3325 2610 nostram
3374 2554 3782 2613 humilitatem

2124 2642 2376 2711 attende,
2423 2640 2654 2698 vincula
2684 2641 2861 2711 solve,
2897 2641 3108 2699 delicta
3135 2642 3282 2712 dele,
3331 2643 3780 2702 tribulationem

2122 2729 2364 2803 inspice,
2389 2730 2799 2786 adversitatem
2824 2730 3060 2804 repelle,
3077 2732 3462 2806 etl‘ectumque
3474 2731 3780 2806 petitionis

2124 2823 2332 2874 nostra:
2355 2819 2581 2892 jugiter
2608 2819 2925 2876 clementer
2953 2821 3182 2876 exaudi.
3217 2819 3342 2876 Per.

2549 2951 2721 2990 MISSA
2759 2953 2818 2990 IN
2854 2953 3122 2992 TEMPORE
3161 2953 3341 2993 BELLI.

2193 3042 2399 3097 Oratio.
2435 3040 2817 3113 Omnipotens
2863 3047 2921 3097 et
2949 3042 3280 3099 misericors
3328 3046 3480 3099 Deus
3529 3059 3564 3099 a
3591 3041 3776 3100 bello-

2121 3147 2252 3186 rum
2284 3147 2412 3197 nos,
2447 3146 2808 3203 quasumus,
2834 3130 3068 3186 turbine
3085 3131 3172 3186 fac
3193 3131 3444 3204 quietos,
3467 3131 3778 3204 quiabona

2032 3201 2078 3270 C
2117 3219 2286 3276 nobis
2315 3201 2640 3292 praestabis,
2664 3219 2715 3276 si
2737 3235 2939 3291 pacem
2966 3201 3283 3278 dederis—et
3312 3201 3529 3278 mentis
3565 3224 3626 3278 et
3650 3235 3779 3278 cor-

2114 3308 2294 3381 poris.
2329 3307 2455 3364 Per.

2185 3397 2420 3453 Secreta.
2453 3397 2842 3464 Sacriﬁcium,
2874 3401 3009 3467 etc.,
3043 3400 3100 3452 ut
3129 3399 3190 3454 in
3219 3397 3397 3455 editis.

2189 3487 2529 3543 Communia.
2595 3485 2960 3542 Sacrosancti
3024 3487 3284 3559 corporis
3339 3489 3398 3542 et
3459 3485 3773 3560 sanguinis

2119 3575 2346 3632 Domini
2395 3573 2580 3630 nostri
2617 3575 2758 3631 Jesu
2817 3574 3031 3632 Christi
3081 3576 3390 3633 refectione
3433 3576 3771 3646 conforiati,

2117 3663 2413 3737 supplices
2446 3669 2502 3719 te
2532 3680 2830 3736 rogamus,
2863 3663 3234 3736 omnipotens
3254 3665 3428 3732 Deus,
3451 3668 3520 3718 ut
3545 3663 3654 3719 hoc
3683 3675 3777 3721 ro-

2118 3753 2309 3808 medio
2338 3751 2620 3825 singulari
2651 3752 2723 3807 ab
2747 3751 3014 3807 omnium
3036 3757 3404 3824 peccatorum
3426 3767 3536 3808 nos
3553 3753 3776 3825 cogita-

2117 3841 2275 3897 tione
2307 3840 2598 3914 puriﬁces,
2623 3844 2681 3895 et
2710 3840 3145 3912 apericulorum
3180 3841 3414 3898 munies
3434 3841 3774 3899 incursione

2118 3933 2484 3986 cunctorum.
2515 3933 2624 3984 Per
2647 3927 2939 3984 eumdem.

2497 4059 2668 4100 MISSA
2709 4060 2819 4099 PRO
2860 4059 3376 4109 PERSEQUENTIBUS.

2191 4151 2396 4208 Oratio.
2428 4149 2695 4206 Hostium
2740 4154 3097 4218 nostrorum,
3131 4167 3489 4223 quaesumus,
3522 4149 3772 4207 Domine

2119 4239 2293 4308 Deus,
2328 4238 2477 4294 elide
2501 4239 2862 4312 superbiam,
2893 4243 2951 4294 et
2971 4256 3074 4311 per
3095 4239 3570 4296 intercessionem
3587 4239 3772 4296 beatas

2121 4328 2314 4384 Mariae
2345 4327 2625 4400 Virginis,
2650 4331 2707 4383 et
2737 4327 3002 4383 omnium
3025 4331 3367 4384 sanctorum
3397 4328 3640 4384 dextera:
3657 4331 3776 4385 tum

2117 4419 2334 4474 virtute
2370 4420 2692 4489 prosterne.
2727 4415 2852 4472 Per.

2190 4507 2423 4562 Secreta.
2457 4504 2663 4576 Hujus,
2707 4503 2970 4572 Domine,
3005 4522 3370 4577 quaesumus,
3398 4503 3616 4561 virtute
3647 4521 3777 4575 my-

2175 4595 2278 4651 erii
2312 4610 2416 4667 per
2461 4591 2940 4648 intercessionem
2970 4593 3152 4650 beatae
3183 4593 3376 4650 Mariae
3425 4593 3684 4667 Virginis
3713 4597 3776 4651 et

2119 4682 2385 4738 omnium
2418 4684 2755 4736 sanctorum
2769 4697 2804 4736 a
2825 4681 3040 4737 nostris
3059 4682 3414 4738 mundemur
3436 4680 3700 4751 occultis,
3715 4687 3777 4739 et

2116 4770 2189 4826 ab
2223 4768 2598 4824 inimicorum
2632 4767 2952 4825 liberamur
2981 4769 3232 4826 insidiis.
3255 4770 3384 4826 Per.

2189 4859 2528 4915 Communia.
2559 4857 2844 4928 Vivificet,
2887 4875 3246 4931 quaesumus,
3279 4857 3548 4927 Domine,
3577 4857 3774 4932 prapi-

2117 4947 2280 5003 tiatio
2311 4945 2396 5002 tui
2427 4951 2629 5002 sancta
2645 4947 2928 5020 mysterii,
2946 4951 3004 5002 et
3022 4963 3126 5020 per
3141 4947 3350 5009 merita
3377 4947 3558 5003 beatas
3581 4940 3775 5004 Marias

2119 5033 2396 5106 Virginis.
2431 5038 2487 5089 et
2515 5037 2853 5088 sanctorum
2873 5032 3136 5090 omnium
3157 5033 3560 5107 pariternobis
3583 5032 3778 5108 expia-

2119 5122 2337 5178 tionem
2368 5121 2591 5178 tribuat
2621 5127 2679 5177 et
2707 5121 3033 5192 munimen.
3069 5122 3194 5178 Per.

2421 5255 2594 5294 MISSA
2633 5255 2686 5294 IN
2721 5254 2990 5294 TEMPORE
3029 5252 3460 5296 MORTLLITATIS.

2503 5327 2686 5384 Oratio
2709 5331 2764 5384 et
2789 5335 2995 5384 secreta
3024 5333 3089 5384 ut
3117 5330 3180 5383 in
3206 5328 3387 5384 editis.

2193 5435 2533 5492 Communia.
2561 5435 2938 5490 Sacramenta
2953 5451 3082 5506 nos,
3100 5451 3464 5507 quaesumus,
3499 5433 3770 5501 Domine,

2121 5528 2224 5580 tua
2236 5527 2437 5579 sancta
2467 5525 2786 5592 sumentes,
2809 5527 2869 5579 et
2897 5523 2969 5580 ab
2981 5523 3139 5580 omni
3154 5523 3441 5598 propitius
3460 5520 3776 5597 iniquitate

2123 5617 2182 5674 et
2210 5611 2465 5692 periculo
2497 5612 2758 5671 defende.
2794 5611 2921 5670 Per.
