3978 6360
623 539 794 580 ΜῑεεΑ
824 539 935 580 PRO
964 539 1095 579 ITER
1119 538 1456 579 AGENTIBUS.

604 612 788 668 Oratio
815 617 873 668 et
896 620 1100 669 secreta
1127 619 1189 669 ut
1218 613 1281 667 in
1308 611 1489 667 editis.

283 701 623 758 Communia.
654 700 812 758 Deus
842 700 1087 758 infinitae
1118 699 1530 757 misericordiae
1573 704 1632 757 et
1678 700 1863 773 maje-

195 791 383 847 alatis
413 790 739 857 immensae,
772 806 950 862 quem
980 806 1086 846 nec
1116 790 1307 863 spatia
1336 789 1623 857 locorum,
1647 806 1753 846 nec
1774 790 1862 846 in-

196 877 449 934 tervalla
476 883 832 951 temporum,
866 880 938 934 ab
962 879 1076 947 his,
1103 895 1253 951 quos
1275 878 1482 946 tueris,
1502 879 1857 952 abjungunt,

202 969 412 1023 adesto
444 966 680 1024 famulis
706 967 827 1024 tuis
856 967 915 1022 in
943 971 1001 1024 te
1033 967 1251 1040 ubique
1282 966 1622 1036 fidentibus,
1653 971 1711 1023 et
1758 984 1863 1040 per

204 1073 466 1125 omnem,
499 1073 680 1128 quam
710 1056 850 1111 ituri
882 1060 1022 1113 sunt
1050 1056 1230 1123 viam,
1262 1056 1380 1111 dux
1421 1055 1505 1111 eis
1555 1060 1612 1113 et
1660 1073 1858 1113 comes

200 1162 338 1201 esse
368 1145 642 1218 dignare;
677 1144 824 1200 nihil
846 1145 932 1201 eis
957 1143 1327 1201 adversitatis
1350 1150 1575 1213 noceat,
1602 1144 1681 1200 nil
1703 1145 1858 1200 diffi-

204 1234 448 1289 cultatis
477 1234 744 1301 obsistat,
776 1238 987 1290 cuncta
1015 1234 1099 1289 eis
1150 1233 1432 1299 salubria,
1479 1236 1693 1289 cuneta
1742 1232 1862 1289 sint

204 1336 506 1395 prospera,
539 1327 608 1377 ut
636 1322 747 1379 sub
776 1339 885 1396 ope
914 1323 1159 1379 dexterae
1200 1326 1314 1377 tuae
1364 1320 1651 1394 quidquid
1692 1323 1859 1395 justo

202 1410 557 1484 expetierint
602 1411 891 1467 desiderio
944 1410 1117 1467 celeri
1165 1416 1603 1482 consequantur
1629 1411 1858 1467 effectu.

207 1498 335 1554 Per.

280 1622 447 1660 MISSA
494 1623 550 1661 IN
603 1621 698 1661 me
744 1614 1133 1660 DEPOSITIONIS
1182 1619 1482 1670 DEFUNCTI,
1537 1620 1623 1671 ιιι,
1668 1602 1757 1661 vel
1778 1623 1857 1673 v1,

905 1675 995 1731 vel
1024 1692 1154 1730 xxx.

575 1766 758 1821 Oratio
786 1771 848 1821 ut
864 1767 926 1820 in
953 1764 1119 1820 editis
1147 1764 1239 1820 die
1265 1765 1399 1820 terti
1414 1780 1462 1821 a.

278 1856 512 1910 Secreta.
527 1852 1037 1921 Adesto,Domine,
1071 1852 1603 1926 supplicationibus
1639 1852 1859 1909 nostris

192 1946 259 1998 et
289 1942 441 1998 hanc
471 1942 844 2008 oblationem,
865 1958 1043 2014 quam
1064 1942 1171 1996 tibi
1197 1942 1498 1998 offerimus
1520 1959 1625 2015 pro
1663 1942 1864 1998 anima

200 2030 412 2088 famuli
444 2030 531 2086 tui
560 2029 627 2085 N.
661 2030 719 2085 in
753 2031 847 2086 die
897 2030 1280 2102 depositionis
1327 2032 1455 2101 ejus
1503 2031 1674 2087 tertio
1729 2031 1864 2103 (vel-

203 2121 458 2192 septimo
474 2118 558 2175 vel
577 2119 921 2190 tricesimo),
945 2118 1213 2193 placidus
1234 2136 1301 2175 ac
1317 2119 1609 2192 benignus
1624 2136 1861 2176 assume

210 2213 342 2264 Per.

278 2297 615 2354 Communia.
649 2296 1031 2367 Omnipotens
1064 2297 1411 2369 simpiterne
1460 2300 1634 2360 Deus,
1686 2295 1862 2352 collo-

200 2403 340 2443 care
363 2386 607 2458 dignare
628 2385 856 2441 animas
874 2384 1230 2443 famulorum
1250 2384 1722 2457 famularumque
1738 2390 1864 2441 tua-

201 2492 361 2541 rum,
388 2474 625 2531 illorum
640 2488 892 2545 quorum
906 2474 1063 2529 diem
1078 2473 1442 2529 celebramus
1454 2472 1859 2546 depositionis,

201 2564 264 2618 in
296 2563 527 2619 sinibus
557 2562 876 2631 Abraham,
912 2563 1074 2617 Isaae
1106 2564 1163 2616 et
1191 2561 1390 2629 Jacob,
1423 2566 1490 2617 ut
1540 2578 1676 2617 cum
1730 2562 1857 2618 dies

198 2651 521 2726 agnitionis
551 2654 662 2707 tuae
693 2650 1012 2718 advenerit,
1046 2650 1201 2705 inter
1229 2654 1463 2707 sanctos
1484 2653 1616 2706 tuos
1648 2654 1705 2707 et
1740 2649 1861 2707 ele-

194 2745 327 2797 ctos
358 2740 695 2796 resuscitari
716 2737 1043 2812 praecipias.
1077 2738 1202 2794 Per.

452 2845 624 2884 MISSA
653 2844 764 2883 PRO
794 2844 910 2883 ι]Νο
938 2844 1260 2883 SACERDOTE
1290 2843 1604 2883 DEFUNC’I‘O.

270 2918 478 2974 Oratio.
514 2916 675 2973 Beati
707 2915 923 2972 Floridi
954 2915 1458 2984 confessoris-tui,
1512 2931 1859 2988 quaesumus

201 3007 472 3073 Domine,
504 3006 922 3062 intercessione
942 3022 1050 3061 nos
1081 3009 1340 3079 protege,
1383 3009 1441 3061 et
1468 3004 1730 3060 animam
1775 3004 1858 3058 fa-

202 3093 351 3149 muli
372 3093 463 3165 tui
476 3094 796 3150 sacerdotis
815 3098 1154 3150 sanctorum
1168 3096 1407 3149 tuorum
1422 3095 1607 3166 junge
1623 3109 1859 3149 consor-

200 3183 322 3243 tiis.
344 3183 469 3238 Per.

1032 392 1413 451 EXCERPT.
1460 390 1560 450 EX
1602 390 1833 452 GODD.
1880 390 2194 453 LITURG.
2241 384 2830 455 FONTAVELLAN.

1901 525 1959 592 Α
1985 524 2217 582 animas
2246 524 2604 583 famulorum
2623 529 2862 583 tuorum
2884 527 3379 586 subdiaconorum
3396 531 3461 587 in
3482 530 3636 590 lucis

3517 402 3640 464 906

1973 616 2200 669 aeternae
2229 613 2500 686 perficies
2530 614 2766 688 regione
2796 617 3074 688 gaudere.
3108 615 3237 673 Per.
3582 688 3589 694 _

2046 703 2388 760 Communia.
2410 703 2512 760 His
2538 704 2868 773 sacrificiis,
2883 721 3247 777 quaesumus,
3261 709 3636 782 omnipotens

1970 790 2147 857 Deus,
2180 795 2508 864 purgentur
2539 791 2751 847 animos
2774 797 2830 847 et
2852 794 3095 866 spiritus
3116 794 3476 852 famulorum
3510 802 3638 855 tuo-

1968 895 2101 933 rum
2131 879 2647 948 subdiaconorum,
2668 886 2732 935 ut
2751 881 2823 937 ad
2847 881 3271 955 indulgentiam
3297 890 3357 940 et
3380 886 3623 959 refrige-

1970 966 2125 1022 rium
2158 968 2583 1040 sempiternum
2608 970 2912 1041 parvenire
2938 977 3292 1028 mereantur.
3327 974 3453 1029 Per.

2390 1075 2556 1114 MISSA
2587 1075 2698 1114 PRO
2725 1075 2833 1114 Ι]Νο
2862 1075 3180 1116 DEFUNCTO.

2042 1146 2243 1202 Oratio.
2274 1147 2655 1219 Omnipotens
2702 1148 3058 1220 sempiterne
3106 1149 3283 1218 Deus,
3327 1151 3421 1206 cui
3472 1168 3627 1207 nun-

1971 1249 2149 1305 quam
2179 1233 2305 1290 sine
2334 1251 2436 1307 spe
2458 1235 2869 1292 misericordia
2891 1237 3278 1308 supplicatur,
3298 1239 3623 1312 propitiare

1969 1322 2179 1378 animae
2210 1323 2415 1379 famuli
2445 1324 2555 1391 tui,
2587 1329 2654 1380 ut
2683 1325 2785 1396 qui
2818 1326 2888 1381 de
2919 1326 3027 1382 hac
3049 1325 3165 1381 vita
3192 1327 3254 1382 in
3286 1328 3374 1383 tui
3426 1328 3623 1384 nomi-

1970 1411 2439 1468 nisconfessione
2459 1412 2752 1481 discessit,
2772 1418 3110 1489 sanctorum
3128 1418 3363 1471 tuorum
3383 1433 3633 1472 numero

1973 1500 2152 1556 facias
2183 1502 2505 1574 aggregari.
2531 1502 2657 1557 Per.

2041 1588 2272 1645 Secreta.
2308 1589 2646 1662 Propitiare,
2689 1606 3049 1662 quaesumus,
3098 1590 3363 1660 Domine,
3409 1592 3621 1648 animae

1970 1677 2174 1733 famuli
2207 1679 2293 1733 tui
2325 1679 2416 1746 N.,
2450 1695 2553 1745 pro
2585 1695 2701 1750 quo
2727 1679 2835 1734 tibi
2864 1679 3089 1735 hostias
3122 1679 3466 1751 placationis
3487 1681 3630 1737 offe-

1970 1767 2179 1838 rimus,
2212 1771 2286 1835 et,
2311 1766 2450 1838 quia
2480 1769 2541 1822 in
2571 1767 2681 1823 hac
2711 1767 2841 1823 luce
2859 1768 2920 1822 in
2945 1768 3057 1824 fide
3078 1769 3298 1824 mansit
3317 1767 3625 1837 catholica,

1968 1853 2029 1909 in
2060 1855 2259 1910 futura
2285 1857 2403 1912 vita
2430 1856 2484 1912 ei
2507 1854 2810 1911 retributio
2832 1855 3083 1912 caelestis
3104 1856 3304 1928 gaudii
3340 1858 3628 1913 condone-

1973 1948 2088 1999 tur.
2108 1949 2237 1999 Per.

2046 2033 2386 2089 Communia.
2410 2034 2648 2100 Praesta,
2675 2049 3037 2104 quaesumus,
3059 2034 3431 2106 omnipotens
3451 2034 3628 2091 Deus.

1974 2126 2038 2176 ut
2070 2121 2268 2176 anima
2298 2120 2502 2176 famuli
2534 2121 2620 2176 tui
2652 2123 2719 2177 N.
2755 2122 2824 2177 ab
2857 2122 3082 2194 angelis
3103 2121 3254 2178 lucis
3276 2123 3630 2194 susceptain

1973 2215 2298 2283 praeparata
2328 2209 2665 2265 habitacula
2694 2211 2904 2265 deduci
2936 2209 3118 2266 facias
3143 2211 3469 2266 beatorum.
3501 2212 3631 2267 Per.

2295 2315 2467 2354 MISSA
2494 2315 2604 2353 PRO
2638 2315 2925 2354 PLURIBUS
2955 2316 3284 2355 DEFUNCTIS.

2045 2388 2247 2443 Oratio.
2281 2387 2457 2456 Deus,
2487 2387 3101 2459 cuiusmisericordiae
3132 2404 3246 2442 non
3279 2392 3367 2443 est
3420 2404 3633 2446 nume-

1973 2493 2094 2543 rus,
2121 2475 2353 2548 suscipe
2375 2474 2664 2548 propitius
2684 2492 2785 2546 pro
2798 2475 3627 2534 animabusfamulorum-tuo-

1973 2582 2105 2620 rum
2140 2580 2337 2636 preces
2369 2568 2622 2632 nostras,
2658 2570 2716 2619 et
2743 2563 2891 2619 lucis
2924 2564 3008 2619 eis
3040 2563 3303 2620 laztitiam
3335 2573 3511 2636 atque
3564 2565 3627 2621 in

1973 2653 2207 2726 regione
2230 2657 2564 2708 sanctorum
2589 2658 2826 2708 tuorum
2852 2652 3190 2709 societatem
3208 2653 3477 2709 concede.
3497 2654 3626 2711 Per.

2042 2742 2392 2798 Secreta.Pro
2406 2741 2623 2813 requie,
2638 2740 2900 2806 Domine,
2916 2741 3254 2797 animarum
3268 2741 3626 2798 famulorum

1970 2835 2208 2887 tuorum
2241 2831 2309 2885 Ν.
2344 2830 2578 2903 suscipe
2606 2830 2883 2896 hostiam,
2916 2847 3095 2902 quam
3117 2834 3178 2885 tu
3203 2830 3320 2886 Deo
3343 2830 3497 2886 Patri
3519 2847 3626 2902 pro

1972 2919 2142 2974 nobis
2173 2917 2439 2974 obtulisti
2470 2918 2807 2991 benignam,
2843 2922 2909 2973 ut
2938 2918 3039 2989 qui
3083 2934 3261 2973 causa
3310 2917 3623 2989 hominum

1971 3006 2327 3064 descendisti
2359 3007 2431 3062 de
2459 3005 2640 3074 cmlis,
2673 3010 2729 3062 te
2760 3006 3036 3061 redeunte
3052 3010 3388 3061 mercantur
3424 3023 3626 3073 nume-

1970 3096 2086 3151 rari
2118 3097 2177 3151 in
2210 3095 2503 3151 consortio
2530 3099 2889 3162 sanctorum,
2920 3095 3019 3166 qui
3052 3111 3186 3150 cum
3220 3095 3330 3150 Deo
3353 3095 3520 3161 Patre
3569 3100 3628 3157 et

1969 3185 2188 3258 Spiritu
2218 3189 2420 3241 sancto
2450 3184 2597 3238 vivis
2619 3190 2905 3255 etregnas
2927 3185 2985 3237 in
3011 3183 3221 3239 saecula
3242 3184 3616 3240 saeculorum.

275 3273 510 3327 Secreta.
562 3271 825 3343 Suscipe,
878 3286 1240 3343 quaesumus,
1294 3270 1564 3339 Domine,
1633 3269 1858 3327 hostias
1887 3257 1931 3324 (ἶ
2012 3257 2390 3330 ίϐοηιγηαηὶο.
2426 3272 2557 3327 Haec
2584 3288 2690 3327 nos
2722 3272 3079 3338 communio,
3112 3271 3377 3339 Domine,
3410 3276 3623 3345 purget

196 3359 552 3431 placationis
582 3364 640 3415 et
666 3358 858 3415 laudis
905 3376 1052 3435 quas
1099 3359 1207 3415 tibi
1256 3359 1318 3415 in
1367 3360 1649 3416 honorem
1698 3359 1852 3415 beati

196 3448 420 3505 Floridi
452 3448 802 3505 confessoris
832 3448 916 3504 tui
951 3447 1376 3504 consecrandas
1422 3447 1759 3527 deferimus,
1798 3451 1856 3503 et

198 3554 307 3609 pro
340 3537 540 3608 requie
569 3536 776 3593 famuli
802 3537 890 3593 tui
920 3537 1239 3593 sacerdotis
1277 3537 1345 3592 N.
1374 3535 1478 3592 tibi
1512 3536 1856 3609 suppliciter

192 3618 605 3700 immolamus.
640 3627 767 3682 Per.

275 3716 616 3787 Communia.
649 3715 987 3771 Ascendant
1013 3715 1084 3770 ad
1117 3718 1194 3782 te,
1231 3714 1498 3780 Domine,
1532 3729 1733 3786 preces
1758 3730 1855 3769 no-

200 3808 360 3872 strae,
395 3808 453 3860 et
481 3803 741 3859 animam
767 3801 972 3859 famuli
1015 3803 1100 3859 tui
1151 3802 1472 3859 sacerdotis
1518 3803 1587 3858 N.
1641 3803 1858 3876 gaudia

198 3897 421 3949 aeterna
449 3892 795 3965 suscipiant,
826 3896 885 3948 et
903 3908 1078 3964 quem
1110 3891 1299 3947 fecisti
1317 3890 1646 3964 adoptionis
1672 3891 1857 3964 parti-

196 3982 417 4055 cipem,
440 3981 654 4052 jubeas
682 3980 1165 4037 hmreditatistuze
1192 3996 1321 4037 esse
1342 3985 1690 4037 consortem.
1725 3980 1854 4035 Per.

508 4086 677 4126 MlSSA
704 4086 816 4125 PRO
848 4086 1190 4125 DIACONIBUS
1221 4086 1551 4125 DEFUNG’I‘IS.

277 4160 483 4215 Oratio.
501 4159 735 4225 Adesto,
758 4159 1025 4229 Domine,
1049 4158 1580 4230 supplicationibus
1618 4156 1855 4227 nostris,

196 4253 259 4304 et
288 4248 500 4303 animae
532 4247 892 4303 famulorum
922 4250 1161 4303 tuorum
1193 4246 1597 4313 diaeonorum,
1633 4251 1691 4302 et
1739 4263 1860 4303 om-

200 4337 368 4393 nium
398 4335 741 4391 clericorum
763 4341 877 4392 tuae
896 4335 1329 4410 propitiationis
1352 4334 1780 4391 abundantiam
1804 4339 1861 4390 et

200 4424 630 4498 indulgentiam
657 4429 1109 4499 consequantur,
1143 4428 1201 4480 et
1226 4424 1377 4481 lucis
1427 4428 1717 4498 perpetua:
1756 4425 1859 4479 tri-

200 4515 355 4569 buas
385 4513 469 4569 eis
499 4515 887 4571 mansionem.
920 4518 1050 4569 Per.

1965 3380 1999 3418 a
2025 3362 2287 3430 crimine,
2321 3365 2375 3417 et
2398 3360 2709 3415 animabus
2732 3358 3089 3415 famulorum
3110 3364 3345 3415 tuorum
3363 3360 3621 3416 caelestia

1964 3450 2163 3524 gaudii
2196 3450 2416 3506 tribuat
2445 3448 2829 3517 consortium,
2862 3453 2929 3503 ut
2958 3452 3090 3503 ante
3120 3448 3399 3505 thronum
3416 3447 3618 3520 gloria:

1963 3546 2076 3596 tum
2098 3542 2411 3613 segregata:
2433 3554 2569 3593 cum
2590 3535 2827 3603 dextris,
2851 3536 2995 3592 nihil
3017 3553 3329 3592 commune
3363 3536 3622 3592 habeant

1966 3645 2098 3685 cum
2133 3627 2411 3683 sinistris.
2445 3625 2571 3681 Per.
3396 3618 3399 3619 ⁷

2261 3733 2432 3771 MISSA
2463 3700 2845 3770 PLURIMORUM
2865 3730 3308 3770 DEFUNCTORUM.

2038 3806 2242 3861 Oratio.
2276 3804 2451 3869 Deus,
2482 3802 2575 3859 cui
2600 3802 2903 3875 proprium
2934 3806 3022 3858 est
3052 3819 3283 3875 semper
3321 3802 3612 3875 misereri,

1967 3900 2025 3951 et
2052 3910 2252 3967 preces
2274 3892 2545 3949 exaudire
2559 3890 3044 3964 supplicantium,
3060 3891 3377 3963 propitiare
3395 3891 3623 3949 anima-

1966 3984 2081 4038 bus
2108 3982 2464 4039 famulorum
2481 3984 2722 4036 tuorum
2740 3980 2809 4036 N.
2829 3984 2919 4048 ,ut
2939 3984 2995 4036 te
3022 3979 3346 4036 miserante
3367 3997 3402 4035 a
3425 3996 3631 4052 pecca-

1968 4078 2160 4127 torum
2182 4070 2431 4127 vinculis
2457 4069 2731 4140 absoluti,
2755 4070 2827 4125 ad
2849 4073 3073 4125 aeternae
3115 4068 3498 4125 beatitudinis
3544 4087 3631 4126 re-

1971 4160 2168 4233 quiem
2200 4158 2501 4230 pervenire
2530 4162 2886 4214 mereantur.
2929 4158 3051 4213 Per.
3114 4148 3119 4151 ’

2041 4250 2273 4304 Secreta.
2308 4247 2571 4319 Suscipe,
2606 4246 3064 4304 clementissime
3094 4246 3284 4314 Pater,
3319 4263 3421 4319 pro
3466 4262 3630 4301 com-

1972 4336 2391 4392 memoratione
2415 4335 2771 4391 famulorum
2794 4339 3032 4391 tuorum
3057 4334 3124 4390 N.
3154 4335 3413 4391 hostiam
3434 4334 3631 4408 placa—

1970 4425 2146 4480 tionis
2176 4430 2232 4478 ct
2263 4425 2475 4490 laudis,
2510 4429 2574 4479 ut
2604 4424 2876 4480 sacrificii
2934 4425 3239 4496 prmsentis
3288 4423 3505 4481 oblatio
3555 4425 3632 4480 ad

1973 4512 2341 4584 refrigerium
2374 4513 2708 4567 animarum
2741 4529 2944 4568 eorum
2974 4519 3029 4567 te
3074 4512 3389 4568 miserante
3438 4529 3637 4585 perve-

273 4604 510 4659 δεδι-σω.
542 4603 764 4659 Exaudi
814 4616 968 4671 nos,‘
992 4606 1194 4659 sancte
1242 4602 1413 4657 Pater
1461 4601 1857 4673 omnipotens,
1893 4621 1938 4686 D
1973 4600 2112 4656 niat.
2136 4600 2258 4654 Per.

200 4696 416 4748 interna
448 4692 622 4761 Deus,
656 4696 722 4747 ut
750 4691 842 4747 his
873 4691 1054 4747 sacris
1086 4691 1432 4747 muneribus
1454 4690 1716 4762 placatus
1734 4690 1857 4745 ani-

202 4798 336 4836 mas
368 4780 634 4836 omnium
669 4780 1026 4836 famulorum
1058 4785 1295 4835 tuorum
1345 4778 1727 4834 diaeonorum
1770 4795 1862 4835 re-

202 4869 471 4941 demptio
504 4870 862 4942 sempiterna
881 4868 1201 4941 possideat.
1234 4868 1359 4924 Per.

281 4959 620 5015 Communia.
645 4958 1025 5030 Omnipotens
1047 4961 1257 5013 aeterne
1287 4956 1459 5024 Deus,
1493 4955 1726 5028 suscipe
1738 4972 1866 5027 pro-

206 5047 391 5118 pitius
438 5063 640 5119 preces
693 5050 923 5103 nostras
983 5063 1086 5118 pro
1145 5045 1457 5101 animabus
1505 5044 1862 5100 famulorum

208 5140 447 5191 tuorum
481 5136 884 5203 diaconorum,
918 5139 983 5190 ut
1007 5135 1066 5190 in
1095 5133 1243 5189 lueis
1273 5133 1508 5206 regione
1529 5151 1628 5189 eas
1649 5133 1709 5188 in
1736 5149 1865 5189 san-

204 5230 437 5279 ctorum
473 5231 708 5281 tuorum
740 5241 984 5283 numero
1014 5223 1195 5279 facias
1225 5222 1552 5295 aggregari.
1588 5222 1715 5280 Per.

605 5354 612 5360 -
652 5331 819 5371 MISSA
834 5331 945 5369 PRO
958 5327 1434 5369 SUBDIACONIBUS.

284 5404 493 5458 Oratio.
530 5403 706 5469 Deus,
738 5401 833 5457 cui
863 5401 1167 5474 proprium
1198 5406 1288 5455 est
1318 5399 1583 5456 misereri
1632 5416 1865 5473 semper

204 5496 267 5547 et
298 5508 555 5562 parcere,
590 5496 724 5559 etc.,
760 5498 821 5547 ut
850 5492 914 5545 in
933 5490 1110 5546 editis.

284 5582 520 5635 .S'errcta.
556 5580 866 5635 Offerimus
896 5579 1024 5647 tibi,
1078 5577 1339 5644 Domine,
1401 5575 1627 5633 hostias
1674 5576 1863 5650 placa-

208 5668 389 5723 tionis
422 5674 479 5723 et
508 5667 723 5734 laudis,
760 5672 826 5723 ut
842 5672 1134 5741 perpetuae
1158 5665 1572 5722 misericordiae
1594 5666 1861 5740 largitate

533 5795 801 5855 PATROL.
847 5794 996 5853 CLI.

2043 4689 2384 4744 Communia.
2414 4687 2680 4753 Absolve,
2715 4704 3082 4759 qumsumus,
3107 4686 3372 4751 Domine,
3399 4687 3633 4742 animas

1971 4777 2325 4833 famulorum
2359 4781 2596 4830 tuorum
2627 4777 2694 4831 N.
2730 4777 2800 4831 ab
2829 4777 3095 4832 omnium
3126 4774 3357 4829 vinculo
3389 4774 3633 4830 delicto-

1974 4884 2125 4931 rum,
2152 4869 2216 4919 ut
2246 4865 2305 4919 in
2340 4863 2782 4919 resurrectionis
2813 4862 2999 4936 gloria
3031 4863 3182 4918 inter
3212 4866 3445 4917 sanctos
3497 4867 3635 4918 tuos

1975 4953 2305 5010 resuscitati
2340 4952 2646 5024 respirent.
2682 4953 2800 5007 Per.

2367 5058 2536 5095 MISSA
2568 5056 2678 5095 PRO
2710 5057 2920 5097 FEMINA
2951 5058 3265 5096 DEFUNCTA.

2046 5134 2248 5188 Oratio.
2284 5129 2668 5201 Omnipotens
2702 5129 3057 5200 sempiterna
3090 5129 3556 5196 Deus,condilor
3577 5133 3639 5185 et

1974 5221 2308 5292 redemptor
2331 5218 2665 5274 animarum
2687 5216 2789 5289 qui
2814 5217 3128 5273 animabus
3151 5223 3490 5274 sanctorum
3503 5222 3632 5274 tuo-

1974 5327 2102 5365 rum
2126 5314 2349 5363 zeternee
2382 5306 2764 5363 beatitudinis
2795 5305 3102 5379 praemium
3123 5300 3447 5374 contulisti,
3486 5322 3633 5379 prie-

1976 5404 2086 5464 sta,
2123 5413 2487 5468 quaesumus,
2512 5395 2803 5476 ut'anima
2832 5392 3065 5449 famula:
3098 5399 3216 5450 tua:
3249 5394 3318 5448 N.
3348 5410 3527 5465 quam
3559 5395 3635 5448 de

1972 5488 2079 5540 hoc
2114 5483 2323 5540 smculo
2356 5484 2607 5557 migrare
2629 5483 2889 5557 jussisti,
2927 5483 3097 5554 cujus
3129 5482 3635 5538 commemoratio-

1974 5593 2104 5631 nem
2142 5573 2391 5646 agimus,
2426 5578 2766 5630 sanctorum
2797 5570 3086 5630 consortio
3135 5570 3350 5643 perfrui
3405 5587 3639 5627 merea-

1974 5671 2089 5721 tur.
2132 5663 2255 5716 Per.

3234 5789 3313 5847 29
