3978 6384
398 424 516 486 907

1588 425 1779 486 S/EC.
1825 425 1901 485 XI
1947 423 2260 485 MONUM.
2310 425 2623 487 LITURG.

3695 425 3822 485 908

473 558 706 613 Secreta.
758 556 864 612 Pro
917 556 1115 614 anima
1159 555 1390 612 famulae
1452 559 1564 611 tuae
1629 555 1696 610 N.
1764 555 2040 624 hostiam,
2073 557 2130 623 Α
2232 556 2601 628 Offartarium.
2657 558 2824 613 Stetit
2877 558 3122 631 angelus
3171 573 3350 630 super
3395 573 3556 613 aram
3607 555 3818 629 templi

400 646 668 714 Domine,
694 663 1056 718 quaesumus,
1089 644 1321 718 suscipe
1343 645 1634 718 benignus
1667 644 1944 712 oblatam,
1983 649 2049 700 ut

401 751 508 807 per
526 734 635 789 hoc
661 735 956 807 singulare
976 734 1236 790 ofﬁcium
1256 733 1506 790 vinculis
1522 731 2050 789 horrendae‘mortis

404 829 582 880 exuta
608 824 787 879 vitam
815 827 1110 879 mereatur
1137 826 1435 877 aeternam.
1461 823 1586 877 Per.

477 913 816 968 Communia.
849 911 1094 979 Inclina,
1115 927 1477 984 quaesumus,
1501 926 1703 965 aurem
1722 914 1886 965 tuam
1909 927 2050 983 sup-

401 1001 820 1074 plicationibus
851 1001 1090 1067 nostris,
1125 1004 1182 1054 et
1211 999 1418 1054 animae
1449 997 1684 1054 famulae
1713 1003 1820 1054 tae:
1853 1015 2050 1071 perpe-

402 1097 516 1146 tuae
546 1090 695 1146 lucis
725 1090 916 1144 tribue
943 1087 1328 1143 mansionem.
1352 1087 1478 1142 Per.

769 1195 937 1234 MISSA
968 1195 1077 1232 PRO
1109 1191 1420 1232 DEFUNCTIS
1451 1193 1700 1231 FEMINIS.

478 1269 662 1325 Oratio
686 1271 736 1322 et
763 1275 966 1322 secreta
994 1274 1056 1321 ut
1083 1268 1144 1320 in
1161 1265 1323 1320 editis
1350 1281 1448 1338 pro
1478 1281 1590 1320 una
1612 1263 1891 1337 defuncta.

478 1357 816 1413 Communia.
842 1353 1160 1421 Invenient,
1185 1369 1544 1424 quaesumus,
1559 1352 1822 1420 Domine,
1842 1353 2051 1408 animas

404 1445 759 1502 famularum
791 1448 1027 1498 tuarum
1059 1442 1208 1500 lucis
1228 1449 1451 1497 aeternae
1473 1441 1856 1508 consortium,
1881 1441 2052 1512 cujus

403 1537 696 1607 perpetuae
727 1531 924 1604 gratia:
957 1535 1282 1587 consecutae
1303 1534 1916 1598 suntsacramentum,
1949 1545 2054 1602 per

403 1626 805 1694 resurgentem
837 1637 868 1676 e
898 1620 1148 1676 mortuis
1183 1620 1381 1676 Jesum
1409 1619 1704 1674 Christum
1736 1618 2052 1675 Dominum

401 1716 691 1778 nostrum,
721 1710 821 1782 qui
852 1714 1046 1765 tecum
1075 1709 1213 1764 vivit
1233 1712 1290 1764 et
1311 1713 1516 1780 regnat
1540 1709 1712 1774 Deus,
1745 1707 1805 1762 in
1827 1707 2053 1763 unitate

401 1799 654 1872 Spiritus
685 1797 874 1854 sancti
904 1815 1008 1870 per
1037 1799 1234 1853 omnia
1261 1796 1478 1852 szncula
1508 1795 1877 1852 saeculorum.

647 1904 819 1942 MISSA
849 1904 906 1942 IN
937 1902 1210 1942 HONOREM
1241 1901 1470 1940 SANCT/E
1495 1902 1812 1940 TRINITATIS

475 1976 786 2032 Benedicta
815 1976 892 2032 sit
922 1979 1124 2030 sancta
1153 1974 1412 2030 Trinitas
1441 1978 1616 2046 atque
1647 1973 1896 2030 indivisa
1926 1973 2050 2029 uni-

403 2069 524 2132 tas;
551 2063 962 2120 conﬁtebimur
982 2064 1056 2130 ei,
1078 2063 1218 2135 quia
1241 2062 1374 2118 fecit
1396 2061 1702 2119 nobiscum
1719 2063 2046 2118 misericor-

403 2153 564 2209 diam
595 2169 787 2208 suam.
1679 2171 1683 2176 ·

473 2241 1066 2296 Psal.Benedicamus
1097 2239 1324 2294 Patrem
1373 2244 1430 2294 et
1477 2238 1708 2294 Filium.
1768 2241 1827 2308 ιῖς.
1881 2243 2050 2295 Bene-

401 2331 596 2387 dictus
619 2347 704 2397 es,
727 2329 906 2394 Deus,
929 2331 1030 2400 qui
1051 2328 1299 2384 intueris
1320 2329 1582 2401 abyssos,
1608 2337 1662 2384 et
1681 2329 1848 2384 sedes
1871 2345 2050 2400 super

401 2417 728 2475 cherubim.
765 2419 814 2486 ,i‘v.
850 2417 1178 2472 Benedicite
1211 2421 1413 2482 Deum,
1435 2415 1564 2472 cmli
1586 2416 1886 2482 ccelorum,
1911 2415 2050 2489 quia

397 2508 540 2564 fecit
561 2506 868 2563 nobiscum
910 2504 1373 2562 misericordiam
1425 2521 1614 2560 suam.
1667 2503 1938 2560 Alleluia.
1991 2506 2046 2574 Ῡ.

400 2595 748 2653 Benedictus
781 2611 863 2661 es,
890 2594 1130 2650 Domine
1164 2598 1314 2649 Deus
1346 2597 1580 2665 patrum
1612 2597 1968 2661 nostrorum,
1993 2597 2052 2649 et

397 2683 711 2741 laudabilis
741 2683 799 2736 in
831 2681 1058 2738 saecula.

650 2771 1000 2843 Offertarium
1025 2778 1078 2826 et
1104 2772 1414 2826 communia
1441 2774 1502 2824 ut
1525 2772 1587 2825 in
1613 2771 1794 2826 editis.

749 2877 806 2915 ΙΝ
836 2875 1110 2914 HONOREM
1132 2875 1360 2914 SANC’I‘E
1387 2875 1612 2914 CRUCIS.

469 2951 587 3006 Nos
635 2955 832 3004 autem
877 2946 1112 3020 gloriari
1177 2950 1402 3018 oportet
1459 2947 1519 3002 in
1582 2963 1753 3002 cruce
1816 2947 2050 3004 Domini

397 3038 587 3095 nostri
613 3037 752 3094 Jesu
783 3035 1012 3103 Christi,
1045 3035 1104 3090 in
1137 3051 1253 3107 quo
1281 3039 1372 3091 est
1400 3035 1582 3103 salus,
1614 3037 1733 3092 vita
1763 3041 1820 3093 et
1853 3053 2048 3094 resur-

399 3127 578 3184 rectio
610 3130 831 3192 nostra,
859 3141 963 3197 per
991 3141 1166 3196 quem
1199 3123 1402 3181 salvati
1442 3128 1499 3180 et
1543 3124 1774 3181 liberati
1814 3143 2044 3184 sumus.

467 3217 618 3272 Psal.
653 3219 806 3270 Deus
832 3215 1196 3270 misereatur.
1233 3215 1292 3283 Ii).
1326 3213 1592 3270 Christus
1613 3215 1802 3272 factus
1823 3220 1915 3272 est
1939 3233 2042 3290 pro

396 3305 566 3362 nobis
595 3304 874 3361 obediens
905 3319 1091 3376 usque
1120 3302 1194 3359 ad
1217 3306 1490 3371 mortem,
1540 3307 1790 3360 mortem
1845 3286 2038 3364 autem
2072 3286 2116 3354 Ο

395 3394 608 3452 crucis.
645 3395 697 3462 in
732 3393 971 3465 Propter
999 3391 1156 3464 quod
1187 3395 1244 3447 et
1272 3391 1427 3446 Deus
1458 3391 1735 3449 exaltavit
1763 3393 1953 3465 illum,
1986 3401 2046 3452 et

396 3485 557 3542 dedit
585 3482 668 3538 illi
697 3499 930 3550 nomen,
963 3482 1119 3554 quod
1151 3485 1242 3538 est
1269 3497 1446 3554 super
1477 3498 1650 3538 omne
1671 3499 1905 3542 nomen.
1945 3485 2042 3542 Al-

393 3573 588 3632 leluia.
648 3575 703 3642 ᾖ.
762 3573 878 3629 Nos
928 3574 1124 3627 autem
1181 3569 1419 3642 gloriari
1476 3574 1703 3644 oportet
1751 3572 1811 3628 in
1871 3590 2042 3631 cruce

391 3662 625 3721 Domini
655 3661 838 3718 nostri
865 3661 1007 3717 Jesu
1037 3658 1270 3716 Christi.

627 3751 977 3822 Oﬂertarium
997 3757 1049 3805 et
1073 3749 1404 3816 communio,
1436 3751 1499 3804 ut
1526 3749 1588 3804 in
1618 3749 1804 3806 editis.

781 3855 837 3893 ΙΝ
868 3853 1144 3892 HONOREM
1170 3853 1398 3892 SANC’I‘IB
1428 3854 1642 3894 ΜΑΒΙΕ.

453 3927 701 3983 Vultum
731 3931 902 3982 tuum
934 3925 1420 3997 deprecabuntur.
1455 3930 1564 3981 etc.
1597 3927 1748 3982 Psal.
1795 3927 2036 3987 Eructa-

377 4015 550 4086 vitai).
583 4014 807 4070 Diﬁ‘usa
835 4017 927 4070 est
956 4012 1167 4086 gratia,
1217 4017 1326 4068 etc.
1355 4014 1407 4081 Ῡ.
1438 4013 1679 4085 Propter
1706 4014 2032 4086 veritatem,

375 4109 486 4161 etc.
521 4102 786 4159 Alleluia.
822 4104 874 4171 ᾗ.
917 4101 1120 4174 Specie
1169 4105 1272 4156 tua
1316 4105 1373 4158 et
1426 4101 1863 4173 pulchritudine
1907 4109 2032 4174 tua,

377 4197 491 4250 etc.

450 4279 822 4354 Oﬂ'ertorium.
859 4278 1240 4334 Adducentur
1269 4277 1409 4350 Regi
1436 4277 1692 4352 virgines
1727 4287 1856 4354 post
1875 4300 2030 4351 eam,

382 4369 658 4442 proximae
687 4369 815 4440 ejus
846 4366 1164 4422 afferentur
1192 4366 1320 4422 tibi.

453 4457 792 4514 Communia.
863 4455 1085 4528 Regina
1139 4456 1345 4512 mundi
1411 4457 1780 4530 dignissima,
1852 4461 2028 4536 Virgo

381 4545 569 4604 Maria
589 4551 892 4620 perpetua,
915 4545 1208 4601 intercede
1228 4562 1330 4618 pro
1353 4551 1552 4602 nostra
1573 4564 1714 4620 pace
1735 4553 1794 4605 et
1815 4549 2026 4619 salute,

379 4653 510 4709 quis
539 4635 795 4709 genuisti
844 4633 1139 4691 Christum
1189 4634 1500 4690 Dominum
1553 4636 1682 4692 sine
1727 4637 1878 4692 virili
1935 4657 2028 4696 se-
2059 4653 2109 4718 Β

377 4726 556 4782 mine.

875 4831 934 4868 IN
967 4830 1158 4868 SANCTI
1187 4829 1507 4870 MICHAELIS.

449 4901 778 4958 Benedicite
797 4903 1112 4958 Dominum
1142 4918 1347 4958 omnes
1369 4901 1558 4976 angeli
1584 4903 1734 4974 ejus,
1758 4907 2024 4976 potentes

372 4990 606 5058 virtute,
657 4991 758 5062 qui
809 4989 998 5046 facitis
1035 4991 1278 5046 verbum
1313 4991 1466 5062 ejus,
1525 4989 1596 5044 ad
1668 4991 2024 5050 audiendam

373 5095 577 5136 vocem
604 5095 942 5135 sermonum
977 5079 1026 5150 ej
1039 5096 1127 5136 us.

447 5169 594 5224 Psal.
620 5167 886 5238 Benedic,
910 5167 1110 5224 anima
1123 5183 1272 5222 mea.
1289 5168 1348 5232 ιῆ.
1364 5165 1695 5223 Benedicite
1707 5167 2023 5226 Dominum

373 5270 581 5312 omnes
637 5256 829 5329 angeli
873 5257 1024 5329 ejus,
1073 5258 1337 5328 potentes
1383 5253 1616 5324 virtute,
1666 5255 1768 5327 qui
1829 5256 2023 5314 facitis

371 5345 614 5402 verbum
644 5345 792 5417 ejus.

444 5435 499 5503 ᾖ.
551 5433 819 5502 Benedic,
867 5434 1064 5490 anima
1113 5447 1264 5498 mea,
1313 5431 1649 5501 Dominum,
1698 5439 1757 5490 et
1823 5435 2022 5494 omnia

369 5523 650 5580 interiora
677 5538 808 5578 mea
839 5536 1051 5577 nomen
1079 5524 1344 5576 sanctum
1377 5521 1526 5592 ejus.
1555 5521 1824 5580 Alleluia.

439 5613 494 5680 ᾖ.
527 5613 891 5668 Concussum
923 5613 1012 5666 est
1041 5625 1224 5678 mare,
1255 5614 1314 5664 et
1341 5612 1695 5667 contremuit
1711 5615 1888 5681 terra,
1919 5613 2019 5670 ubi

369 5698 765 5771 archangelus
797 5697 1046 5755 Michael
1074 5698 1464 5754 descendebat
1491 5699 1562 5755 de
1593 5699 1756 5756 coalo.

2155 645 2383 702 habens
2411 645 2780 702 thuribulum
2811 663 3054 703 aureum
3084 647 3144 702 in
3177 663 3357 702 manu
3389 663 3518 715 sua,
3571 651 3630 702 et
3676 647 3825 702 data

2160 738 2300 790 sunt
2327 734 2378 790 ei
2407 733 2646 790 incensa
2671 733 2880 803 multa,
2915 741 2972 791 et
3012 735 3276 790 ascendit
3327 734 3529 790 fumus
3578 749 3820 790 aroma-

2159 825 2286 878 tum
2318 823 2378 878 in
2409 829 2725 896 conspectu
2755 823 2879 879 Dei.
2903 823 3169 880 Alleluia.

2231 915 2570 968 communia.
2621 911 2968 981 Benedicite,
3022 929 3226 968 omnes
3295 911 3488 984 angeli
3558 911 3820 979 Domini,

2159 1001 2498 1066 Dominum,
2531 999 2818 1074 hymnum
2839 1001 3034 1069 dicite,
3069 1006 3125 1057 et
3146 998 3575 1072 superexaltate
3596 1015 3734 1055 eum
3754 998 3822 1055 in

2162 1089 2393 1145 saecula.
3775 1105 3782 1110 τ

2554 1213 2613 1251 ΙΝ
2637 1213 2900 1252 HONOREM
2920 1213 3117 1252 SANCTI
3141 1213 3417 1251 SPIRITUS.

2231 1311 2494 1368 Charitas
2528 1311 2624 1368 Dei
2653 1311 2869 1368 diffusa
2897 1315 2986 1368 est
3014 1311 3072 1367 in
3095 1311 3372 1368 cordibus
3395 1311 3634 1367 nostris.
3661 1310 3822 1366 Alle-

2161 1399 2304 1466 luia,
2357 1416 2458 1472 per
2505 1399 2931 1456 inhabitantem
2979 1400 3264 1472 Spiritum
3311 1400 3441 1471 ejus
3494 1399 3552 1454 in
3618 1397 3817 1456 nobis.

2160 1487 2428 1555 Alleluia,
2461 1487 2728 1544 Alleluia.

2233 1577 2383 1632 Psal.
2442 1577 2688 1632 Domine
2733 1577 2906 1632 Deus.
2967 1578 3024 1644 ii).
3077 1578 3252 1632 Beata
3301 1592 3446 1649 gens
3499 1577 3670 1646 cujus
3724 1581 3820 1631 est

2161 1665 2447 1721 Dominus
2469 1665 2622 1721 Deus
2635 1681 2858 1732 eorum,
2881 1665 3132 1738 populus
3145 1681 3321 1738 quem
3333 1664 3510 1738 elegit
3521 1664 3816 1721 Dominus

2162 1755 2316 1810 Deus
2342 1753 2403 1808 in
2433 1753 2836 1810 haereditatem
2869 1753 3002 1810 sibi.

2170 1861 2175 1866 ·
2318 1841 2505 1898 Verbo
2536 1841 2769 1898 Domini
2789 1841 2919 1904 caeli
2942 1843 3158 1897 ﬁrmati
3185 1844 3345 1910 sunt,
3368 1845 3426 1897 et
3450 1841 3670 1913 Spiritu
3694 1841 3818 1897 oris

2082 1924 2132 1989 B
2163 1931 2290 2002 ejus
2320 1932 2506 1987 virtus
2536 1947 2759 1987 eorum.
2790 1929 3058 1986 Alleluia.

2228 2022 2282 2088 ᾖ.
2331 2020 2496 2088 Veni,
2563 2025 2762 2076 sancte
2811 2020 3084 2092 Spiritus,
3136 2019 3291 2090 reple
3340 2023 3579 2074 tuorum
3635 2019 3820 2075 corda

2156 2109 2442 2175 fidelium,
2475 2113 2533 2164 et
2559 2108 2648 2164 tui
2679 2107 2896 2164 amoris
2928 2108 2987 2162 in
3019 2109 3102 2163 eis
3131 2105 3327 2180 ignem
3359 2107 3630 2162 accende.

2235 2198 2600 2270 Oﬂ'ertarzum.
2639 2194 2850 2252 Emitte
2881 2195 3164 2268 Spiritum
3191 2199 3383 2264 tuum,
3415 2199 3472 2251 et
3525 2195 3818 2251 creaban-

2155 2291 2272 2355 tur,
2305 2291 2363 2342 et
2392 2284 2699 2342 renovabis
2729 2284 2935 2341 faciem
2948 2288 3146 2352 terras;
3173 2284 3252 2340 sit
3266 2282 3453 2358 gloria
3472 2283 3708 2340 Domini
3755 2283 3816 2338 in

2159 2375 2392 2431 saecula.
2425 2373 2701 2430 Alleluia.

2231 2464 2569 2520 Communia.
2604 2461 2858 2534 Spiritus
2881 2466 3121 2518 sanctus
3143 2462 3372 2518 docebit
3389 2479 3512 2532 vos,
3537 2459 3816 2528 Alleluia,

2159 2568 2544 2624 quaecumque
2573 2551 2772 2608 dixero
2812 2551 2994 2607 vobis.
3029 2549 3293 2608 Alleluia.

2818 2667 3130 2739 Sequentia.

2231 2774 2427 2830 Sancti
2459 2772 2712 2846 Spiritus
2745 2771 2902 2829 adsit
2934 2772 3104 2828 nobis
3132 2771 3341 2845 gratia,

2231 2863 2364 2926 Quae
2397 2862 2572 2918 corda
2599 2865 2804 2917 nostra
2827 2859 2940 2917 sibi
2967 2861 3140 2916 faciat
3171 2859 3548 2916 habitacula?

2227 2949 2500 3022 Expulsis
2525 2949 2661 3005 inde
2689 2949 2917 3006 cunctis
2945 2949 3104 3005 vitiis
3129 2947 3560 3022 spiritualibus.

2229 3039 2484 3112 Spiritus
2514 3037 2666 3094 alme
2693 3037 3022 3095 illustrator
3053 3037 3340 3106 omnium,

2228 3127 2506 3184 Horridas
2535 3130 2747 3184 nostraa-
2777 3127 2996 3184 mentis
3028 3143 3216 3199 purga
3236 3126 3531 3182 tenebras.

2231 3218 2465 3273 Amator
2494 3219 2696 3272 sancte
2724 3220 3096 3272 sensatorum
3145 3230 3378 3288 semper
3423 3213 3819 3287 cogitatuum.

2226 3305 2473 3361 Infunde
2485 3305 2822 3361 unctionem
2834 3308 2998 3361 tuam
3007 3303 3302 3374 ,clemens,
3311 3304 3528 3360 nostris
3541 3302 3824 3361 sensibus

2226 3395 2314 3450 Tu
2345 3393 2686 3466 puriﬁcator
2711 3393 2976 3458 omnium
3008 3391 3364 3466 ﬂagitiorum
3423 3391 3700 3465 Spiritus,

2224 3482 2478 3539 Purifica
2507 3486 2738 3539 nostros
2767 3480 2970 3539 oculos
3000 3481 3296 3539 interioris
3325 3481 3610 3550 hominis,

2223 3571 2296 3628 Ut
2325 3570 2506 3627 videri
2545 3587 2860 3644 supremus
2889 3570 3128 3627 Genitor
3159 3569 3346 3642 possit
3367 3587 3402 3626 a
3422 3568 3593 3626 nobis

2224 3659 2426 3716 Mundi
2459 3659 2651 3714 cordis
2675 3674 2853 3730 quem
2883 3657 2992 3714 soli
3017 3674 3254 3714 cernere
3285 3661 3534 3730 possunt
3561 3656 3740 3714 oeuli.

2219 3747 2538 3820 Prophetas
2557 3751 2620 3803 tu
2637 3746 2966 3820 inspirasti,
2987 3753 3052 3802 ut
3069 3745 3359 3819 praeconia
3399 3745 3618 3803 Christi
3670 3763 3823 3818 prea-

2147 3837 2474 3894 cinuissent
2495 3835 2732 3908 inclyta.

2215 3925 2524 3999 Apostolos
2536 3924 2971 3992 confortasti,ut
2983 3927 3268 3997 tropaeum
3279 3923 3492 3980 Christi
3503 3940 3606 3997 per
3615 3927 3814 3981 totum

2142 4015 2434 4071 mundum
2461 4012 2765 4070 veherent.

2211 4103 2456 4168 Quando
2487 4101 2823 4157 machinam
2847 4117 2952 4174 per
2978 4101 3239 4158 Verbum
3273 4118 3452 4159 suum
3481 4099 3616 4158 fecit
3640 4106 3802 4159 Deus

2141 4191 2290 4258 cceli,
2322 4195 2510 4256 terrae,
2538 4189 2744 4256 maria,

2211 4281 2300 4336 Tu
2323 4294 2498 4350 super
2517 4295 2702 4351 aquas
2715 4277 2979 4335 facturus
2993 4295 3093 4334 eos
3111 4295 3324 4335 nomen
3340 4283 3510 4336 tuum
3524 4277 3804 4350 expandi-

2141 4367 2238 4439 sti,
2272 4366 2546 4440 Spiritus.

2211 4457 2300 4512 Tu
2330 4455 2641 4512 animabus
2669 4454 3036 4510 viviﬁcandis
3059 4471 3245 4527 aquas
3276 4455 3574 4512 fecundas.

2209 4547 2297 4602 Tu
2329 4543 2642 4616 aspirando
2669 4543 2778 4600 das
2811 4541 3106 4616 spiritales
3135 4559 3264 4600 esse
3287 4543 3576 4601 homines.

2215 4635 2302 4689 Tu
2325 4633 2578 4689 divisum
2590 4649 2694 4706 per
2706 4631 2944 4704 linguas
2957 4633 3246 4689 mundum
3261 4633 3478 4690 etritus
3493 4631 3799 4700 adunasti,

2215 4719 2556 4779 Idololatras
2585 4721 2659 4777 ad
2682 4719 2908 4778 cultum
2929 4719 3030 4776 Dei
3059 4719 3790 4794 revocans,magistrorum

2141 4809 2380 4884 optime.

2205 4899 2354 4972 Ergo
2377 4916 2483 4956 nos
2504 4897 2904 4973 supplicantes
2915 4896 3022 4953 tibi
3044 4899 3254 4956 exaudi
3266 4897 3577 4973 propitius,
3591 4903 3799 4955 sancte

2134 4990 2407 5062 Spiritus,

2203 5078 2339 5134 Sine
2371 5095 2485 5151 quo
2515 5092 2715 5149 preces
2746 5095 2952 5136 omnes
2981 5096 3162 5137 cassae
3191 5078 3512 5135 creduntur
3539 5080 3598 5133 et
3630 5076 3793 5132 indi-

2133 5185 2258 5242 gnae
2285 5167 2385 5224 Dei
2413 5166 2678 5234 auribus,

2203 5258 2291 5312 Tu
2322 5255 2424 5328 qui
2455 5255 2722 5311 omnium
2753 5256 3104 5314 saeculorum
3134 5259 3355 5314 sancte.

2201 5345 2312 5410 Qui
2359 5343 2618 5401 nominis
2666 5344 2920 5402 docuisti
2983 5346 3258 5403 instincta
3317 5341 3789 5416 complectendo,

2131 5434 2406 5508 Spiritus,

2201 5525 2333 5596 Ipse
2360 5522 2532 5579 hodie
2561 5521 2859 5595 apostolos
2885 5523 3102 5580 Christi

2201 5612 2438 5669 Donans
2460 5626 2703 5668 munere
2723 5611 2958 5670 insolito
2979 5616 3037 5670 et
3055 5611 3286 5669 cunctis
3306 5607 3588 5668 inauditis
3602 5626 3793 5668 secu-

2127 5702 2226 5770 lis,
2259 5701 2425 5758 Hunc
2457 5699 2614 5756 diem
2644 5698 2966 5772 gloriosum
2999 5700 3209 5758 fecisti.
