3978 6384
128 328 249 392 909

636 482 804 519 MISSA
838 481 945 519 PRO
1001 482 1279 522 PECCATIS.

920 332 1311 395 EXCERPT.
1357 333 1461 395 EX
1504 333 1731 394 CODD.
1778 333 2089 396 LlTURG.
2138 333 2738 395 FONTAVELLAN.

3417 333 3538 393 9|O

1810 474 1856 534 Α
1884 482 1891 487 ’
1965 467 2279 539 Sequentia
2310 466 2495 522 sancti
2519 465 2813 539 Evangelii
2841 466 3163 521 secundum
3188 466 3532 521 Marcum.ln

197 551 498 608 Misereris
544 553 832 621 omnium,
884 558 991 610 etc.
1054 559 1117 610 ut
1166 557 1225 610 in
1276 555 1438 611 aditis
1494 572 1662 626 usque
1710 556 1779 611 ad
1888 553 1987 612 illo
2016 559 2277 629 tempore
2308 556 2454 611 dixit
2507 556 2681 612 Jesus
2741 554 3047 628 discipulis
3108 553 3231 610 suis
3266 572 3280 610 :
3310 555 3536 627 Videte,

123 638 397 696 Alleluia.

200 728 490 785 Graduale.
524 729 787 788 Alleluia.
838 733 889 800 ir.
925 733 1188 797 Domine,
1224 733 1431 789 exaudi
1458 732 1777 790 orationem

124 835 341 887 meam,
366 822 423 875 et
453 818 674 875 clamor
706 838 873 877 meus
906 823 976 877 ad
1014 827 1070 878 te
1100 825 1311 878 veniat.

194 908 570 980 Olfertorium.
606 909 879 965 Miserere
911 911 1043 977 mei,
1079 915 1253 975 Deus,
1288 911 1614 966 secundum
1653 928 1774 968 ma-

123 1013 305 1070 gnam
334 997 796 1054 misericordiam
819 1003 1004 1054 tuam.
1036 999 1369 1068 Dele,l)eus,
1405 999 1774 1071 iniquitatem

126 1101 319 1142 meam
330 1129 341 1140 .

197 1176 763 1232 Communio.lnclina
790 1194 989 1232 aurem
1020 1183 1208 1243 tuam,
1227 1176 1478 1233 accelera
1511 1182 1574 1232 ut
1604 1194 1775 1234 eruas

124 1280 254 1320 nos.

410 1371 470 1409 IN
517 1372 688 1410 FESTO
740 1372 1131 1411 PLURIMORUM
1181 1373 1521 1412 MARTYRUM.

180 1441 557 1516 Sapientiam
589 1448 927 1499 sanctorum
963 1450 1201 1501 narrent
1228 1445 1451 1517 populi,
1486 1450 1543 1500 et
1570 1444 1773 1501 laudes

121 1549 327 1589 eorum
384 1533 649 1589 enuntiet
702 1532 979 1601 Ecclesia,
1042 1534 1284 1589 nomina
1343 1539 1535 1590 autem
1570 1551 1771 1590 eorum

123 1620 322 1677 vivent
352 1621 410 1676 in
445 1620 722 1677 saeculum
756 1622 974 1677 saeculi.

193 1711 348 1765 Psal.
388 1710 656 1783 Magnus.
704 1713 762 1774 lii.
798 1711 1102 1767 Justorum
1134 1712 1342 1767 animae
1369 1713 1427 1768 in
1460 1730 1637 1768 manu
1676 1712 1771 1768 Dci

122 1803 285 1864 sunt,
306 1803 366 1856 et
393 1815 507 1855 non
540 1803 739 1872 tanget
786 1799 918 1855 illos
964 1804 1322 1857 tormentum
1355 1801 1613 1858 malitias.
1646 1801 1771 1857 Visi

122 1892 267 1943 sunt
298 1886 484 1943 oculis
516 1887 921 1960 insipientium
947 1889 1115 1957 mori,
1176 1889 1261 1945 illi
1320 1895 1515 1947 autem
1545 1894 1685 1946 sunt
1710 1889 1772 1946 in

123 1992 288 2048 pace,
320 1975 588 2033 Alleluia.
616 1978 810 2033 Sancti
847 1977 952 2043 tui,
999 1979 1264 2045 Domine,
1300 1980 1589 2035 ﬂorebunt
1618 1980 1772 2036 sicut

123 2064 508 2132 lilium,sicut
537 2067 679 2122 odor
700 2066 946 2123 balsami
973 2072 1143 2122 erunt
1173 2073 1306 2124 ante
1342 2073 1414 2124 te.

197 2155 568 2227 omn-torium.
602 2155 990 2212 Exsultabunt
1049 2158 1235 2213 sancti
1285 2156 1345 2212 in
1375 2157 1581 2230 gloria,
1613 2156 1771 2213 laeta-

122 2243 349 2299 buntur
377 2243 438 2300 in
462 2244 753 2300 cubilibus
777 2245 1345 2310 suis,exsultationcs
1378 2247 1475 2301 Dei
1509 2247 1564 2301 in
1599 2247 1774 2302 fauci-

125 2334 238 2389 bus
262 2350 486 2389 eorum.

197 2423 540 2478 Communia.
573 2423 691 2496 Ego
719 2440 823 2480 vos
881 2423 1028 2497 elegi
1086 2424 1157 2480 de
1189 2426 1409 2480 mundo
1455 2429 1521 2480 ut
1544 2425 1689 2481 eatis
1713 2429 1771 2482 et

124 2512 385 2567 fructum
416 2512 690 2569 att'eratis.

571 2619 632 2656 ΙΝ
680 2619 849 2657 FESTO
889 2619 992 2659 CON
1004 2620 1303 2658 FESSORUM
1313 2646 1325 2658 .

197 2690 541 2746 Sacerdotes
574 2690 681 2757 tui,
717 2690 983 2759 Domine,
1043 2690 1387 2760 induantur,
1448 2697 1582 2759 etc.,
1615 2696 1672 2748 ut
1712 2695 1772 2748 in

125 2779 308 2834 editis.

194 2869 345 2924 Psal.
386 2868 695 2925 Memento.
733 2871 790 2939 it.
852 2869 1196 2926 Sacerdotes
1228 2871 1357 2942 ejus
1406 2871 1656 2926 induant
1685 2889 1774 2927 sa-

127 2957 328 3024 lutari,
352 2962 410 3013 et
433 2957 619 3013 sancti
647 2959 775 3029 ejus
791 2958 1181 3015 exsultatione
1203 2959 1596 3017 exsultabant.
1631 2960 1773 3017 Illuc

126 3046 446 3119 producam
497 3064 677 3103 cornu
737 3048 935 3114 David,
989 3048 1185 3120 paravi
1217 3048 1515 3104 lucernam
1544 3050 1773 3107 Christo

123 3152 274 3191 meo.
306 3135 575 3192 Alleluia.
621 3136 817 3191 Sancti
852 3137 956 3204 tui,
989 3136 1250 3192 Domine.

194 3225 979 3297 0/fertorium.Exsultabunt
1009 3225 1194 3281 sancti
1224 3226 1283 3280 in
1315 3226 1517 3299 gloria.
1620 3254 1621 3257 η

190 3315 538 3371 Communia.
564 3314 869 3370 Justorum
893 3314 1174 3369 animaein
1198 3331 1376 3370 manu
1400 3316 1499 3371 Dei
1523 3320 1682 3383 sunt,
1714 3320 1769 3372 et

118 3420 234 3458 non
254 3407 455 3475 tanget
479 3402 611 3459 illos
634 3407 989 3459 tormentum
1012 3403 1394 3460 malitiac.Visi
1423 3410 1562 3461 sunt
1583 3405 1770 3462 oculis

120 3491 538 3565 insipientium
570 3492 742 3563 mori,
773 3491 860 3547 illi
892 3497 1085 3548 autem
1105 3493 1324 3548 suntin
1359 3510 1517 3565 pace.

554 3598 829 3638 OFFICIUM
875 3598 946 3636 DE
986 3599 1338 3637 VIRGINIBUS.

190 3670 438 3727 Vultum
470 3675 663 3727 tuum.
686 3672 836 3727 Psal.
871 3671 1187 3726 Eructavit.
1213 3673 1272 3741 ii}.
1298 3671 1537 3743 Propter
1556 3673 1765 3728 verita-

123 3766 238 3816 tem
264 3764 323 3816 et
344 3760 862 3831 mansuetidinem,
884 3765 993 3816 etc.
1017 3761 1191 3826 Audi,
1214 3759 1356 3828 ﬁlia,
1388 3767 1445 3816 et
1473 3761 1621 3830 vide,
1657 3767 1766 3817 etc.

126 3850 329 3921 Specie
360 3856 482 3917 tua,
517 3855 625 3906 etc.

190 3939 570 4012 Oﬂ‘ertorium.
642 3938 867 3995 Diil‘usa
923 3942 1014 3995 est
1069 3939 1256 4012 gratia
1298 3939 1357 3995 in
1389 3939 1562 3995 labiis
1612 3938 1771 4008 tuis;

129 4033 436 4100 propterea
458 4028 757 4084 benedixit
786 4033 841 4084 te
864 4028 1016 4085 Deus
1038 4028 1096 4083 in
1117 4033 1396 4084 internum
1418 4033 1476 4084 et
1506 4029 1562 4084 in
1598 4046 1773 4085 saecu-

123 4116 247 4172 lum
280 4116 501 4174 saeculi.

195 4206 537 4263 Communia.
573 4206 831 4262 Dilexisti
858 4207 1177 4277 justitiam,
1213 4210 1270 4263 et
1290 4207 1463 4282 odisti
1498 4207 1772 4280 iniquita-

126 4300 281 4363 tem;
315 4301 624 4368 propterea
656 4296 821 4351 unxit
848 4301 906 4352 te
939 4300 1106 4364 Deus,
1142 4296 1295 4352 Deus
1326 4302 1487 4352 tuus.

1885 643 2147 718 vigiltatc
2211 648 2269 700 et
2296 650 2477 713 orate,
2510 649 2646 713 etc.,
2706 661 2880 717 usque
2933 644 3006 702 ad
3051 644 3331 701 omnibus
3362 643 3490 700 dico
3525 661 3538 700 :

1885 732 2135 806 Vigilate
2165 735 2452 790 inclusive.

2320 838 2592 878 OFFICIUM
2624 838 2853 879 ΞΑΝΟΤΑΕ
2882 840 3094 880 IARIE.

1956 911 2141 979 Salve,
2159 916 2361 967 sancta
2391 928 2625 984 parens,
2660 911 2829 968 enixa
2860 928 3147 985 puerpera
3177 927 3402 987 regem,
3435 910 3535 984 qui

1886 999 2098 1055 coelum
2131 1005 2464 1073 terramque
2496 1002 2645 1075 regit
2666 1001 2726 1057 in
2745 1000 2959 1058 saecula
2984 1001 3353 1059 saeculorum.

1954 1091 2101 1145 Psal.
2154 1090 2329 1162 Virgo
2357 1090 2458 1145 Dei
2504 1090 2786 1157 Genitrix,
2822 1107 2997 1163 quem
3027 1094 3185 1147 totus
3229 1107 3347 1146 non
3378 1089 3536 1162 capit

1884 1179 2067 1245 orbis,
2101 1178 2159 1233 in
2190 1182 2293 1233 tua
2316 1196 2379 1235 se
2417 1178 2628 1235 clausit
2650 1180 2875 1239 viscera
2898 1180 3086 1236 factus
3107 1179 3304 1236 homo.
3334 1180 3394 1248 it.
3428 1178 3533 1235 Be-

1885 1268 2114 1324 nedicta
2144 1271 2201 1323 et
2228 1267 2577 1324 venerabilis
2633 1284 2715 1337 es,
2774 1268 2951 1341 Virgo
3007 1252 3210 1336 Maria,
3247 1284 3378 1341 quae
3407 1266 3533 1324 sine

1883 1361 2037 1411 tactu
2071 1355 2312 1428 pudoris
2369 1356 2602 1412 inventa
2646 1373 2709 1413 es
2737 1357 2922 1412 Mater
2949 1356 3286 1413 Salvatoris.
3322 1356 3523 1428 Virgo,

1885 1445 1981 1500 Dei
2013 1444 2291 1510 Genitrix,
2328 1461 2502 1516 quem
2522 1448 2680 1500 totus
2712 1462 2828 1501 non
2851 1445 3008 1518 capit
3030 1445 3210 1514 orbis,
3244 1444 3305 1500 in
3334 1448 3437 1499 tua
3467 1459 3531 1500 se

1881 1532 2093 1589 clausit
2110 1532 2331 1589 viscera
2358 1534 2545 1590 factus
2561 1533 3029 1591 homo.Alleluia.
3054 1535 3109 1604 in
3134 1534 3272 1591 Post
3290 1536 3527 1607 partum

1882 1620 2349 1695 Virgoinviolata
2365 1623 2782 1695 permansisti:
2814 1623 2917 1679 Dei
2949 1622 3528 1692 Genitrix,intercede

1882 1729 1984 1784 pro
2017 1711 2206 1768 nobis.

2549 1801 2856 1875 Sequentia.

1954 1889 2071 1945 Hac
2102 1888 2260 1945 clara
2291 1890 2383 1945 die
2415 1893 2610 1945 turma
2640 1889 2847 1959 festiva
2874 1889 2978 1946 dat
3003 1888 3312 1961 praeconia,

1955 1978 2198 2033 Mariam
2231 1978 2634 2051 coucrepando
2679 1977 3031 2051 symphonia
3059 1981 3347 2035 nectarco.

1956 2066 2158 2122 Mundi
2189 2066 2595 2139 Domina,quae
2616 2072 2705 2123 est
2734 2066 2859 2123 sola
2879 2066 3527 2141 castissimavirginum

1883 2155 2123 2227 Regina.

1953 2244 2171 2300 Salutis
2201 2262 2398 2311 causa,
2431 2245 2561 2301 vitae
2622 2249 2814 2318 porta,
2865 2249 3041 2318 atque
3117 2244 3245 2301 coeli
3317 2244 3529 2301 referta

1881 2333 2088 2406 gratia.

1952 2423 2097 2478 Nam
2130 2424 2202 2478 ad
2234 2422 2395 2479 illam
2428 2422 2510 2479 sic
2544 2424 2750 2480 nuntia
2816 2423 2955 2479 olim
2987 2427 3128 2479 sunt
3164 2424 3316 2480 facta
3344 2439 3524 2497 ange-

1881 2511 2030 2568 lica:

1946 2583 2088 2669 'Ave,
2123 2601 2323 2670 Maria,
2357 2599 2547 2674 gratia
2570 2600 2669 2657 Dei
2705 2600 2875 2673 plena
2906 2616 3009 2673 per
3037 2599 3269 2657 smcula.

1954 2689 2267 2745 Mulierum
2299 2690 2397 2762 pia
2427 2690 2663 2763 agmina
2691 2690 2844 2746 intra
2865 2707 3096 2764 semper
3113 2687 3418 2746 benedicta

1953 2779 2128 2852 Virgo
2156 2784 2213 2834 et
2235 2779 2473 2852 gravida
2499 2779 2683 2835 Mater
2700 2778 3103 2852 intacta,prole
3124 2779 3415 2853 gloriosa:

1955 2868 2058 2924 Cui
2091 2873 2293 2925 contra
2322 2868 2511 2924 Maria
2538 2868 2662 2925 haec
2693 2869 2884 2926 reddit
2912 2870 3167 2927 famine:

1954 2959 2017 3013 In
2047 2975 2139 3014 me
2173 2960 2465 3031 quomodo
2497 2968 2600 3015 tua
2628 2960 2772 3016 ﬁent
2803 2958 3010 3016 nuntia
3031 2958 3059 3015 ‘I

1956 3047 2075 3102 Viri
2107 3047 2235 3102 novi
2269 3046 2491 3103 nullam
2525 3053 2678 3104 certe
2709 3048 3000 3120 copulam,

1956 3138 2033 3191 Ex
2065 3154 2181 3209 quo
2212 3141 2387 3209 atque
2416 3142 2554 3192 nata
2584 3154 2716 3193 sum
2748 3138 3110 3210 incorrupta.

1798 3212 1841 3277 C
1951 3225 2092 3281 Diva
2124 3226 2343 3282 missus
2377 3226 2456 3281 ita
2484 3226 2673 3282 reddit
2703 3226 2914 3283 atrata:

1950 3314 2114 3370 Flatu
2148 3332 2314 3370 sacro
2348 3314 2517 3387 plena
2547 3315 2671 3382 ﬁes,
2705 3315 2909 3370 Maria.

1947 3404 2105 3459 Nova
2134 3404 2382 3459 offerens
2413 3404 2629 3476 gaudia
2660 3407 2862 3459 sancto
2894 3403 3067 3476 plena
3094 3403 3217 3459 nati
3240 3420 3342 3475 per
3369 3419 3524 3459 exor-

1875 3494 1989 3549 dia.

1947 3583 2105 3638 Intra
2158 3582 2243 3637 tui
2305 3581 2451 3638 uteri
2508 3580 2767 3637 claustra
2825 3584 3047 3655 regnat,
3081 3580 3180 3653 qui
3236 3580 3523 3653 gubernat

1880 3671 2096 3727 mthera

1951 3761 2177 3828 Omnia,
2204 3760 2305 3832 qui
2337 3761 2437 3816 dat
2468 3765 2733 3833 tempora
2762 3760 3025 3833 pacifica.

1951 3849 2267 3921 Sequentia
2298 3850 2487 3906 sancti
2520 3849 2811 3923 Evangelii
2853 3849 3181 3906 secundum
3213 3848 3452 3904 Lucam.

1954 3940 2017 3994 In
2050 3938 2150 3994 illo
2181 3944 2444 4012 tempore
2474 3938 2695 4011 repleta
2725 3942 2814 3995 est
2842 3937 3159 4008 Elisabeth,
3200 3941 3335 4008 etc.,
3362 3952 3531 4010 usque

1881 4028 1951 4085 ad
1972 4028 2216 4084 salutari
2248 4044 2374 4084 ineo
2406 4029 2688 4085 inclusive.

1954 4119 2320 4190 O/Iartorium.
2349 4123 2484 4186 Ave,
2518 4117 2718 4173 Maria.

1892 4262 1897 4271 ι
1956 4207 2298 4263 Communia.
2354 4210 2532 4263 Beata
2586 4206 2811 4262 viscera
2857 4205 3073 4275 Mariae,
3107 4221 3233 4278 qua
3265 4207 3532 4277 portave-

1888 4302 2025 4352 runt
2055 4296 2254 4352 aeterni
2286 4295 2473 4352 Patris
2503 4294 2735 4351 Filium.

886 4558 1306 4619 EXCERPTA
1351 4558 1453 4617 EX
1496 4558 1856 4620 SECUNDO
1900 4556 2176 4617 CODltlE
2218 4556 2793 4617 AVELLANENSI.

1709 4711 2025 4725 *⁸-0

561 4834 625 4871 Μι
636 4834 735 4872 SSA
780 4834 887 4872 PRO
921 4834 1095 4873 TRIBU
1105 4834 1353 4873 LATIONE.

201 4906 377 4963 Salus
400 4905 597 4978 populi
622 4923 725 4977 ego
752 4907 1067 4974 sum,rtixit
1088 4907 1373 4962 Dominus
1407 4906 1511 4973 ;de
1534 4924 1793 4978 quacun-

1812 4819 1860 4882 D
1963 4814 2152 4872 Lectio
2174 4811 2307 4868 libri
2333 4811 2657 4883 Sapientiae.
2693 4812 2968 4869 Miserere
2998 4813 3386 4883 nostri,Deus,
3410 4817 3545 4879 etc.,

1904 4922 2074 4977 usque
2102 4904 2171 4961 ad
2218 4902 2374 4959 verba
2409 4906 2474 4957 ut
2503 4906 2775 4957 cnarrent
2804 4901 3099 4959 mirabilia
3128 4907 3248 4971 tua,
3282 4902 3547 4971 Domine,

145 5012 259 5067 que
281 4993 665 5050 tribulatione
699 4994 1081 5050 clamaverint
1103 4996 1172 5050 ad
1210 5010 1324 5061 me,
1359 4995 1666 5051 exaudiam
1699 5013 1798 5052 eos
1906 4995 2061 5050 Deus
2093 4998 2307 5050 noster.

131 5091 302 5139 etero
329 5083 570 5139 illorum
592 5083 875 5140 Dominus
910 5085 966 5139 in
1002 5089 1370 5157 perpetuum.
1406 5085 1552 5140 Psal.
1590 5086 1794 5141 Atten-

138 5173 276 5240 dite,
303 5172 539 5245 popule.
574 5171 789 5228 Gloria.

205 5263 415 5319 Oratio.
449 5261 831 5334 Omnipotens
865 5263 1220 5334 sempiterne
1249 5266 1420 5331 Deus,
1447 5266 1792 5318 incestarum

126 5349 472 5418 consolatio,
503 5349 904 5407 laborantium
930 5351 1233 5415 fortitudo,
1268 5351 1611 5423 perveniant
1632 5352 1703 5406 ad
1738 5356 1797 5407 te

1979 5079 2571 5153 Graduala.Propitius
2593 5079 3014 5148 esto,Domine,
3038 5082 3290 5153 peccatis
3310 5080 3546 5150 nostris,

1911 5173 2222 5244 nequando
2241 5170 2440 5226 dicant
2459 5171 2660 5243 gentes
2685 5185 2697 5225 :
2731 5168 2839 5225 Ubi
2865 5173 2953 5226 est
2984 5170 3138 5226 Deus
3162 5188 3363 5227 eorum
3382 5170 3410 5227 ?

1980 5264 2033 5332 ᾖ,
2069 5262 2287 5334 Adjuva
2318 5277 2425 5316 nos
2474 5259 2627 5315 Deus
2659 5256 2935 5315 salutaris
2983 5262 3201 5331 noster,
3232 5264 3290 5316 et
3318 5263 3556 5331 propter

1912 5352 2194 5407 honorem
2226 5348 2483 5405 nominis
2515 5349 2619 5417 tui,
2643 5346 3105 5413 Domine,libera
3125 5364 3251 5403 nos.
3286 5346 3553 5403 Alleluia.

134 5456 339 5511 preces
369 5440 442 5496 de
473 5455 830 5512 quacunque
858 5440 1238 5496 tribulatione
1283 5438 1687 5507 clamantium,
1730 5445 1800 5496 ut
1908 5442 2062 5498 Psal.
2095 5440 2366 5507 Domine,
2401 5438 2611 5494 exaudi
2659 5437 2976 5494 orationem
3009 5452 3223 5503 meam,
3250 5440 3307 5491 et
3337 5434 3562 5492 clamor

137 5543 346 5584 omnes
393 5528 509 5584 sibi
549 5528 608 5583 in
664 5528 1115 5586 necessitatibus
1170 5529 1295 5587 suis
1329 5528 1794 5586 misericordiam
1909 5548 2083 5587 meus
2115 5529 2186 5584 ad
2223 5532 2277 5583 te
2305 5526 2520 5583 veniat.

134 5623 301 5677 tuam
331 5617 629 5695 gaudeant
657 5617 942 5677 adfuisse.
977 5618 1102 5680 Per.

1979 5616 2300 5697 Sequentia
2330 5616 2516 5675 sancti
2552 5617 2847 5698 Evangelii
2879 5615 3200 5678 secundum
3235 5613 3477 5674 Lucam.
3500 5611 3568 5676 In
