3978 6396
437 421 549 481 911

1624 417 1814 482 SxEC.
1859 417 1942 481 ΧΙ
1986 415 2300 483 MONUM.
2345 415 2662 482 LlTURG.

3719 406 3830 472 912

442 555 542 611 illo
572 559 832 627 tempore
861 553 1006 610 dixit
1033 551 1206 610 Jesus
1263 551 1568 625 discipulis
1601 552 1762 609 suis:
1793 553 2088 618 Quoniam
2111 555 2168 620 Α
2197 567 2320 608 rem
2349 552 2488 608 Jesu
2519 550 2748 608 Christo
2778 550 2917 607 Filio
2935 551 3064 622 ejus
3076 554 3134 606 et
3162 547 3414 622 Spiritui
3449 549 3654 604 sancto
3675 561 3829 620 para-

443 648 712 717 opportet
739 659 971 716 semper
1000 659 1188 712 orare,
1219 645 1352 712 etc.,
1385 657 1555 714 usque
1581 641 1979 698 advindictam
2011 641 2086 696 il-

444 731 638 790 lorum
660 733 942 789 inclusive.

523 821 986 896 0/7‘ertorium.-Si
1043 820 1417 877 ambulavero
1447 819 1507 875 in
1537 819 1729 876 medio
1760 818 2089 876 tribulatio-

445 911 560 980 nis,
592 911 918 969 viviﬁcabis
939 927 1053 980 me,
1086 909 1350 982 Domine,
1370 913 1426 966 et
1447 909 1791 982 superiram
1822 907 2088 964 inimico-

445 1017 578 1057 rum
600 1015 866 1057 meorum
883 1000 1160 1057 extendes
1191 1015 1434 1057 manum
1463 1003 1650 1068 tuam,
1683 1003 1741 1054 et
1752 997 1978 1055 salvum
1999 1012 2092 1052 me

445 1089 584 1146 fecit
614 1089 852 1146 dextera
878 1093 1001 1146 tua.

521 1178 754 1236 Secreta.
791 1180 903 1242 Has
933 1177 1060 1248 tibi,
1103 1177 1370 1246 Domine,
1405 1175 1703 1232 offerimus
1733 1175 1958 1232 hostias
1987 1191 2094 1248 pro

452 1267 640 1324 salute
671 1273 871 1325 nostra
895 1272 952 1324 et
980 1285 1086 1340 pro
1115 1267 1393 1323 omnibus
1445 1265 1734 1338 angustiis
1798 1262 1968 1318 nobis
2003 1261 2090 1317 in-

449 1358 814 1429 gruentibus,
865 1362 1156 1431 quatenus
1207 1371 1451 1428 corpora
1511 1358 1569 1410 et
1598 1353 1828 1409 animas
1861 1357 2095 1408 nostras

447 1445 698 1518 Spiritus
729 1447 916 1502 sancti
946 1445 1136 1520 gratia
1165 1445 1416 1500 liberare
1447 1448 1623 1516 atque
1655 1442 1990 1498 illuminare
2011 1441 2096 1496 di-

449 1534 666 1608 gneris.
701 1535 827 1592 Per.

521 1623 860 1680 Communio.
893 1628 1080 1682 Amen
1135 1623 1262 1679 dico
1321 1622 1506 1692 vobis,
1541 1621 1832 1694 quidquid
1863 1623 2098 1676 orantes

449 1713 670 1788 petitis,
703 1713 923 1770 credite
953 1713 1091 1786 quia
1118 1712 1436 1785 accipietis;
1471 1715 1529 1767 et
1557 1711 1657 1766 ﬁet
1694 1709 1882 1766 vobis.

522 1802 602 1858 Ad
629 1804 1088 1858 communionem.
1107 1801 1192 1856 Da
1220 1799 1410 1867 nobis,
1444 1797 1708 1867 Domine,
1731 1814 2097 1871 quaesumus,

451 1891 524 1946 de
551 1889 926 1946 tribulatione
975 1889 1256 1958 laetitiam,
1317 1893 1383 1944 ut
1411 1889 1512 1960 qui
1561 1888 1662 1944 diu
1710 1903 1814 1960 pro
1844 1885 2098 1959 peccatis

453 1979 673 2036 nostris
689 1977 1542 2055 afﬂigimur,intercedentibus
1571 1976 1846 2034 omnibus
1877 1975 2098 2032 sanctis

450 2068 592 2138 tuis,
616 2069 676 2125 in
718 2073 822 2125 tua
839 2068 1239 2125 misericordia
1258 2067 1632 2140 respiramus.
1691 2066 1816 2122 Per.

809 2211 939 2251 ALIA
967 2210 1138 2251 MISSA
1167 2209 1278 2250 PRO
1307 2209 1742 2249 TRIBULATIONE.

527 2300 699 2358 Salus
731 2301 930 2374 populi
963 2317 1068 2374 ego
1099 2317 1252 2368 sum,
1285 2299 1429 2355 dicit
1457 2298 1762 2355 Dominus.
1903 2366 1910 2374 _

527 2389 733 2446 Oratio.
766 2389 941 2459 Deus,
998 2389 1171 2446 Pater
1218 2388 1641 2462 orphanorum,
1685 2386 1990 2460 judexque
2019 2386 2106 2440 vi-

454 2479 728 2548 duarum,
750 2476 1040 2550 lacrymas
1058 2477 1325 2533 Ecclesia:
1356 2480 1470 2532 tua:
1493 2475 1813 2531 miseratus
1847 2473 2103 2542 intende,

453 2566 732 2640 illamque
748 2571 852 2634 tua
872 2565 1328 2635 misericorditer
1351 2564 1558 2638 eripiat
1588 2565 1896 2636 majestas,
1928 2579 2104 2636 quam

457 2655 620 2714 nulla
650 2661 883 2714 terrena
901 2655 1164 2712 defendit
1193 2658 1474 2727 potestas.
1509 2653 1636 2709 Per.

531 2744 724 2800 Lectio
754 2743 1019 2802 Jeremiaa
1052 2742 1367 2816 prophetat.
1403 2742 1460 2796 Si
1497 2739 1836 2814 iniquitates
1876 2744 2108 2796 nostras

461 2833 906 2902 contenderunt,
970 2837 1104 2900 etc.,
1162 2847 1332 2903 usque
1387 2830 1457 2886 ad
1489 2847 1618 2899 nos,
1663 2829 1925 2897 Domine,
1954 2829 2108 2886 Deus

465 2925 684 2978 noster.

537 3009 827 3067 Graduale.
890 3009 1185 3082 Propitius
1241 3013 1387 3078 esto,
1427 3009 1684 3074 Domine,
1737 3008 2105 3080 adjuvanos,

469 3099 646 3156 Deus.
675 3097 943 3166 Alleluia.
975 3098 1241 3167 Domine,
1275 3098 1500 3154 exaudi.

537 3190 913 3260 Evangelium.
937 3188 1222 3254 Quoniam
1252 3191 1494 3258 oportet.

535 3279 968 3352 Oﬂ‘erloriumSi
998 3277 1390 3335 ambulavero.

530 3368 904 3426 Secreta.Haec
929 3367 1144 3434 hostia,
1170 3367 1439 3434 Domine,
1457 3383 1633 3439 quam
1657 3381 1760 3438 pro
1781 3364 2108 3422 infidelium

459 3457 632 3514 bellis
653 3456 972 3524 offerimus,
997 3457 1102 3512 tibi
1129 3457 1206 3513 sit
1231 3461 1488 3529 accepta,
1523 3459 1588 3510 ut
1617 3471 1721 3527 per
1747 3454 1920 3522 hanc,
1952 3454 2105 3526 quod

460 3547 665 3605 devote
711 3547 1037 3621 poscimus,
1071 3549 1127 3602 te
1175 3547 1490 3618 adiuvante
1516 3560 1966 3616 consequamur.
2000 3543 2110 3600 Per

531 3637 867 3694 Communia.
901 3641 1110 3705 Amen,
1147 3634 1274 3690 dico
1301 3633 1482 3690 vobis.

529 3727 608 3782 Ad
631 3727 1088 3783 communionem.
1149 3722 1438 3795 Deprime,
1473 3738 1836 3794 quaesumus,
1865 3720 2106 3776 Domine

460 3815 772 3886 Deus,jura
791 3820 1175 3887 tyrannorum
1193 3811 1296 3868 tibi
1323 3811 1756 3868 adversantium
1769 3815 1861 3879 ,ut
1877 3810 2107 3866 discant

460 3907 517 3958 te
547 3903 668 3959 fore
697 3905 1083 3976 protectorem
1111 3901 1384 3957 Ecclesiae
1419 3905 1528 3956 tuae
1561 3905 1662 3956 tuo
1683 3899 1936 3972 pretioso
1967 3915 2102 3955 san-

461 3991 636 4065 guine
665 3991 997 4062 redemptis.
1033 3991 1159 4046 Per.

589 4113 794 4152 INCIPIT
822 4112 972 4151 0RDO
1008 4113 1081 4152 AD
1120 4111 1587 4152 CATHECUMENUM
1626 4109 1974 4150 FACIENDUM.

530 4205 810 4275 Interroga
862 4205 1038 4276 primo
1081 4203 1147 4260 de
1202 4204 1426 4259 nomine
1461 4204 1598 4274 ejus,
1624 4201 1722 4257 hoc
1740 4203 1836 4269 est,
1869 4217 1972 4273 quo
2003 4217 2102 4258 no-

457 4296 608 4349 mine
634 4295 750 4354 vult
779 4295 983 4362 vocari,
1015 4297 1067 4348 et
1084 4293 1226 4348 dicto
1257 4294 1437 4348 sancti
1466 4292 1710 4347 nomine.

529 4383 716 4448 Quare
746 4381 952 4438 venisti
983 4383 1054 4438 ad
1089 4381 1448 4436 Ecclesium?
1471 4380 1530 4448 Ii).
1555 4378 1920 4435 Christianus
1954 4379 2098 4435 fieri.

528 4471 675 4536 Quid
707 4471 856 4544 petis
875 4471 904 4526 ‘?
926 4473 984 4538 ﬁt.
1020 4471 1242 4527 Fidem.

527 4559 698 4616 Fides
725 4559 864 4633 quid
895 4559 1000 4615 tibi
1034 4563 1324 4632 praaparat
1346 4558 1373 4613 ‘l
1417 4559 1474 4626 Ii}.
1507 4557 1700 4613 Vitam
1728 4563 2024 4614 «sternam.

2198 641 2354 696 clito.

2268 730 2475 786 Deinde
2495 731 2677 802 signat
2715 746 2838 786 eum
2857 731 2919 784 in
2944 731 3144 801 fronte,
3182 727 3371 782 dicens
3391 743 3413 781 .·
3434 724 3681 798 Signum
3709 737 3836 780 san-

2198 819 2538 888 ctae’rcrucis
2589 819 2822 878 Domini
2880 818 3065 876 nostri
3119 817 3262 874 Jesu
3324 814 3546 872 Christi
3575 813 3636 870 in
3667 813 3841 872 fronte

2197 913 2300 965 tua
2320 925 2490 981 pono.

2273 998 2544 1055 Deindeet
2563 999 2624 1054 in
2639 1006 2855 1072 pectore
2889 999 3085 1070 signet,
3116 996 3300 1053 dicens
3321 1012 3341 1052 :
3363 993 3612 1068 Signum
3645 991 3842 1050 salutis

2203 1087 2471 1153 tDomini
2505 1086 2689 1144 nostri
2721 1087 2863 1144 Jesu
2894 1085 3104 1142 Christi
3137 1086 3196 1141 in
3231 1087 3436 1157 pectus
3475 1087 3648 1138 tuum
3677 1099 3840 1156 pono.

2201 1176 2407 1248 Accipe
2439 1175 2912 1248 signumtcrucis
2938 1174 3155 1231 Christi
3201 1177 3320 1229 tam
3351 1172 3411 1228 in
3454 1173 3648 1240 corde,
3677 1187 3844 1244 quam

2203 1265 2262 1320 in
2300 1265 2505 1321 fronte.
2541 1267 2720 1320 Sume
2768 1265 2944 1320 ﬁdem
2998 1262 3327 1320 cmlestium
3398 1263 3845 1334 praeceptorum;

2202 1352 2338 1408 talis
2396 1359 2518 1410 esto
2577 1354 2868 1424 moribus,
2925 1358 2990 1409 ut
3018 1352 3315 1426 templum
3346 1351 3446 1407 Dei
3481 1367 3608 1406 esse
3639 1349 3841 1423 possis.

2205 1441 2472 1499 Gaudeas
2521 1443 2822 1516 ingressus
2875 1443 2931 1497 in
2990 1441 3312 1498 Ecclesiam
3371 1439 3473 1496 Dei
3517 1439 3847 1496 evasissete

2203 1531 2446 1604 laqueos
2469 1531 2868 1600 mortis,laetus
2899 1547 3150 1604 agnosce
3182 1531 3238 1585 id
3251 1529 3581 1602 ola,respue
3612 1526 3851 1584 simula-

2205 1639 2322 1689 cra,
2359 1621 2480 1677 cole
2515 1627 2692 1677 Deum
2749 1622 2980 1678 Patrem
3035 1618 3502 1693 omnipotentem
3547 1622 3608 1674 et
3660 1617 3854 1674 Jesum

2205 1709 2500 1765 Christum
2526 1709 2731 1766 Filium
2766 1709 3022 1782 ejus,qui
3042 1726 3177 1766 cum
3204 1725 3270 1766 eo
3304 1713 3364 1764 et
3393 1707 3612 1780 Spiritu
3655 1710 3854 1764 sancto

2205 1797 2345 1854 vivit
2365 1802 2422 1854 et
2451 1803 2653 1872 regnat
2673 1803 2822 1855 Deus
2845 1798 2904 1854 in
2923 1802 3139 1855 eterna
3168 1795 3395 1855 saecula
3421 1795 3782 1854 seculorum.

2279 1889 2486 1943 Amen.

2287 1978 2414 2033 Atia
2443 1978 2636 2032 oratio.
2671 1976 3054 2050 Omnipotens
3105 1975 3470 2048 sempiterna
3518 1974 3695 2041 Deus,
3745 1977 3854 2030 etc.

2281 2066 2445 2122 Alia:
2499 2065 2702 2121 Preces
2747 2069 2999 2134 nostras,
3032 2069 3143 2122 etc.
3173 2065 3340 2120 Alia:
3395 2063 3576 2132 Deus,
3619 2063 3719 2136 qui
3747 2062 3857 2119 hu-

2212 2153 2374 2210 mani
2406 2155 2658 2227 generis,
2691 2159 2803 2210 etc.

2281 2244 2406 2298 Alia
2453 2245 2629 2300 oratio
2657 2261 2676 2298 :
2705 2245 3054 2301 Emorcismus
3083 2245 3244 2315 salis,
3274 2247 3409 2311 etc.,
3458 2246 3520 2298 ut
3552 2243 3615 2298 in
3653 2243 3859 2298 Rituali

2211 2333 2473 2389 Romano.

2285 2422 2592 2490 Bene’rdic,
2607 2423 2979 2495 omnipotens
2997 2423 3173 2490 Deus,
3193 2421 3345 2478 hanc
3366 2425 3693 2478 creaturam
3714 2419 3854 2478 s‘alis

2214 2511 2617 2567 benedictione
2639 2511 2855 2567 cmlesti
2899 2512 2958 2567 in
2983 2511 3218 2568 nomine
3253 2509 3664 2577 DominifJesu
3693 2509 3853 2566 Chri-

2217 2600 2291 2658 sti
2314 2603 2372 2656 et
2399 2600 2458 2654 in
2487 2599 2702 2654 virtute
2733 2601 2988 2672 Spiritus
3018 2599 3304 2668 sancti,ad
3335 2599 3712 2672 etfugandum
3743 2597 3852 2654 ini-

2216 2691 2458 2754 micum,
2493 2705 2670 2760 quam
2705 2693 2788 2754 tu,
2821 2689 3090 2758 Domine,
3135 2687 3854 2754 sanctiﬁcandotsanctiﬁ-

2215 2795 2336 2847 ces,
2353 2777 2746 2833 benedicendo
2770 2779 3135 2848 benetdicas,
3171 2777 3386 2850 ﬁatque
3407 2776 3686 2833 omnibus
3705 2776 3860 2833 acci-

2215 2866 2512 2939 pientibus
2551 2866 2806 2938 perfecta
2829 2867 3140 2933 medicina,
3174 2881 3524 2939 permanens
3549 2865 3853 2925 invisceri-

2217 2957 2328 3011 bus
2341 2955 2701 3012 sumentium
2721 2955 2778 3010 in
2809 2956 3046 3012 nomine
3076 2955 3490 3022 Domini’rJesu
3509 2953 3724 3011 Christi
3755 2955 3861 3028 qui

2215 3049 2496 3102 venturus
2515 3044 2685 3102 estin
2707 3045 2931 3118 Spiritu
2963 3048 3163 3102 sancto
3189 3043 3476 3116 judicare.

2289 3135 2431 3190 Tunc
2460 3135 2692 3205 accipiat
2708 3133 2774 3190 de
2802 3137 2919 3206 ipso
2945 3135 3080 3202 sale,
3113 3143 3166 3190 et
3179 3137 3418 3206 ponatur
3436 3136 3498 3190 in
3536 3149 3630 3190 ore
3659 3135 3850 3206 infan-

2214 3224 2316 3278 tis:
2345 3223 2556 3296 Accipe
2585 3222 2670 3278 sal
2700 3223 3018 3296 sapientiae,
3051 3222 3402 3296 propitiatus
3449 3221 3526 3278 sit
3583 3221 3642 3279 in
3675 3222 3857 3278 vitam

2139 3297 2182 3364 C
2217 3315 2512 3368 aeternam.
2540 3313 2744 3368 Amen.

2287 3400 2571 3458 Dominus
2600 3401 2928 3458 vobiscum.
2963 3403 3021 3471 Ii).
3047 3403 3116 3457 Et
3143 3418 3297 3458 cum.

2289 3489 2662 3548 0ratio.Deus
2683 3495 2916 3564 patrum
2938 3495 3294 3562 nostrorum,
3321 3495 3431 3548 etc.
3461 3495 3522 3547 ut
3551 3492 3612 3546 in
3643 3492 3857 3547 Ritualz

2213 3579 2376 3636 edito.

2284 3669 2486 3724 Deinde
2521 3667 2890 3741 apprehendat
2915 3668 3216 3736 dexteram,
3273 3673 3327 3725 et
3382 3669 3694 3726 introdueat
3733 3685 3868 3726 eum

2212 3759 2274 3812 in
2284 3759 2582 3825 ecclesiam,
2601 3759 2680 3813 sic
2699 3758 2922 3814 dicendo
2934 3777 2952 3812 :
2970 3759 3176 3830 lngred
3183 3773 3278 3814 ere
3291 3757 3350 3812 in
3364 3755 3542 3830 templ
3552 3774 3586 3812 u
3595 3773 3652 3812 m
3665 3757 3868 3814 Domi-

2214 3846 2292 3914 ni,
2329 3851 2393 3901 ut
2423 3846 2642 3902 habeas
2675 3851 2902 3918 partem
2933 3863 3068 3902 cum
3097 3846 3345 3903 Christo.

2428 3997 2635 4036 INCIPIT
2664 3997 2813 4036 ORDO
2843 3997 2914 4036 AD
2946 3997 3259 4038 SYMBOLUM
3284 3997 3632 4036 FACIENDUM.

2282 4119 2434 4170 Deus
2462 4113 2776 4183 Abraham,
2809 4118 2940 4184 etc,,
2972 4119 3032 4171 ut
3060 4116 3122 4170 in.
3139 4115 3283 4172 edito
3315 4116 3546 4171 Rituali.

2282 4205 2564 4276 Adjuratio
2593 4207 2782 4259 contra
2804 4203 3105 4260 daemonem
3129 4222 3140 4260 :
3183 4206 3354 4277 Ergo,
3389 4203 3699 4260 maledicta
3729 4204 3862 4260 dia-

2209 4291 2361 4359 bole,
2395 4296 2526 4362 etc.,
2559 4295 2620 4348 ut
2647 4309 2819 4364 supra
2849 4294 3378 4359 inltitualibus,cum
3397 4293 3496 4348 hoc
3513 4295 3732 4349 tantum
3749 4292 3870 4349 dis-

2207 4383 2462 4448 crimine,
2477 4381 2618 4453 quod
2639 4383 2699 4437 in
2735 4398 2839 4437 ms.
2871 4399 2982 4439 non
3008 4383 3238 4454 ponitur
3273 4383 3566 4439 conclusio.

2279 4471 2566 4544 Adjuratio
2589 4487 2755 4543 super
2776 4473 3061 4542 feminam.
3084 4471 3235 4529 Deus
3277 4469 3424 4539 cmli,
3447 4475 3558 4528 etc.
3583 4473 3730 4526 utin
3749 4472 3870 4528 edi-

2207 4563 2295 4630 tis,
2319 4561 2521 4631 absque
2541 4568 2722 4616 tamen
2735 4560 3098 4616 conclusione.

523 4637 915 4706 Abrenuntias
936 4649 1162 4704 Satanae
1183 4648 1212 4703 ‘I
1243 4649 1302 4716 ἢ.
1343 4647 1706 4703 Abrenuntio
1737 4651 1795 4702 et
1823 4648 2099 4705 omnibus
2133 4668 2176 4733 η
2279 4650 2558 4722 Adjuratio
2585 4665 2750 4721 super
2775 4651 3100 4706 masculum.
3130 4650 3304 4716 Deus,
3338 4648 3670 4706 immortale
3704 4666 3864 4722 prm-

451 4738 683 4810 pompis
741 4739 918 4810 ejus;
977 4735 1323 4793 abrenuntio
1377 4739 1434 4791 et
1495 4735 1770 4792 omnibus
1825 4736 2100 4808 operibus
2208 4738 2446 4809 sidium,
2479 4743 2610 4807 etc.,
2641 4747 2704 4795 ut
2730 4738 2990 4794 incditis.

449 4843 600 4898 ejus.

520 4915 719 4972 Credis
757 4913 818 4970 in
849 4915 1034 4970 Deum
1069 4914 1298 4970 Patrem
1347 4913 1831 4986 omnipotentem,
1863 4915 2095 4970 Creato-

451 5019 574 5059 rem
607 5002 732 5058 eoeli
761 5007 818 5060 et
850 5008 1020 5058 terrae
1039 5001 1068 5058 τ
1091 5004 1149 5072 Ii).
1181 5003 1382 5059 Credo.

519 5089 719 5147 Credis
749 5095 806 5146 et
828 5091 884 5146 in
908 5091 1110 5148 Jesum
1130 5091 1427 5148 Christum
1452 5092 1660 5147 Filium
1693 5095 1821 5160 ejus
1853 5095 2090 5150 unicum

447 5180 761 5236 Dominum
781 5185 1070 5249 nostrum,
1087 5185 1294 5236 natum
1319 5187 1375 5236 et
1407 5197 1646 5253 passum
1672 5183 1700 5236 ?
1723 5184 1782 5252 ιῖ.
1818 5183 2020 5238 Credo.

518 5269 715 5326 Credis
736 5270 871 5326 etin
887 5269 1169 5342 Spiritum
1194 5275 1752 5338 sanctum,sanetam
1777 5270 2092 5327 Ecclesiam

440 5357 806 5428 catholicam,
826 5363 1161 5416 sanctorum
1184 5375 1413 5414 commu
1428 5359 2090 5426 nionem,remissionem

405 5433 410 5441 ’
442 5453 834 5520 peccatorum,
853 5449 1047 5504 carnis
1071 5449 1762 5516 resurrectionem,vitam
1779 5449 2092 5504 aeternam?

439 5539 478 5608 ii;
509 5539 709 5594 Credo.

505 5627 709 5683 Deinde
755 5628 998 5699 insufﬂat
1025 5629 1080 5683 in
1111 5629 1310 5701 [aciem
1330 5629 1449 5700 ejus
1468 5628 1648 5683 tribus
1672 5627 1877 5684 vicibus
1905 5643 2085 5684 sacer-

433 5714 548 5793 dos,
578 5715 808 5776 diemdo
831 5733 844 5776 :
869 5717 967 5775 Exi
990 5718 1061 5776 ab
1084 5717 1487 5790 eo,immunde
1508 5717 1776 5791 spiritus,
1800 5717 1876 5776 da
1904 5717 2088 5779 hono-

2277 4827 2400 4883 Alia
2443 4827 2718 4905 adjuratio
2742 4830 3068 4887 communis.
3115 4828 3289 4902 Ergo,
3320 4827 3478 4896 audi,
3507 4826 3860 4896 maledicte,

2203 4919 2336 4980 etc.,
2367 4925 2430 4974 ut
2459 4918 2518 4974 in
2539 4917 2716 4974 editis.

2274 5007 2650 5064 Exorcismus.
2683 5007 2955 5063 Exoreizo
3007 5011 3084 5076 te,
3143 5006 3448 5063 immundo
3487 5003 3764 5078 spiritus,
3801 5005 3868 5061 in

2203 5095 2440 5152 nomine
2464 5095 2648 5151 Patris
2671 5099 2728 5151 et
2743 5095 2869 5150 Filii
2892 5101 2950 5151 et
2971 5095 3224 5168 Spiritus
3250 5095 3460 5164 sancti,
3492 5099 3560 5150 ut
3589 5109 3775 5151 exeas
3808 5097 3874 5150 et

2202 5186 2438 5240 recedas
2459 5185 2530 5240 ab
2570 5185 2678 5240 hoc
2697 5184 2914 5241 famulo
2937 5185 3036 5242 Dei
3062 5203 3074 5253 ;
3101 5185 3229 5259 ipse
3246 5185 3351 5240 tibi
3375 5185 3642 5257 imperet,
3673 5179 3874 5240 male-

2201 5273 2354 5330 dicte
2376 5274 2670 5344 damnate,
2695 5275 2795 5346 qui
2819 5275 3066 5348 pedibus
3105 5291 3284 5347 super
3309 5289 3471 5330 mare
3503 5268 3872 5340 ambulavit,

2200 5367 2256 5418 et
2283 5364 2448 5419 Petro
2472 5363 2754 5436 mergenti
2777 5364 3074 5420 dexteram
3105 5363 3380 5436 porrexit.
3414 5358 3562 5435 Ergo
3583 5361 3868 5419 exoreizo

2197 5455 2274 5518 te,
2323 5451 2628 5509 immunda
2676 5452 2940 5526 spiritus,
3000 5453 3394 5526 perfPatrem,
3452 5455 3510 5508 et
3565 5449 3872 5518 Fiflium,

2197 5543 2255 5598 et
2283 5541 2900 5614 Spiritum’rsanctum,
2935 5547 2998 5598 ut
3054 5559 3225 5599 exeas
3279 5547 3337 5598 et
3365 5539 3602 5598 recedas
3632 5539 3715 5594 ad
3751 5538 3874 5596 hoc

2193 5629 2417 5688 famulo
2448 5630 2584 5687 Dei:
2606 5630 2730 5702 ipse
2751 5629 2907 5687 enim
2931 5631 3038 5688 tibi
3057 5626 3646 5704 imperat,maledicte
3677 5628 3873 5684 dam-

2195 5723 2350 5794 nate,
2408 5719 2508 5797 qui
2565 5735 2714 5778 czeco
2769 5723 2906 5781 nato
2963 5720 3164 5784 oculos
3222 5720 3470 5796 aperuit,
3525 5722 3581 5779 et
3614 5715 3874 5795 quatri-
