3978 6422
128 556 133 563 _
174 450 298 553 ωε

976 453 1366 522 EXCERPT.
1409 455 1516 521 EX
1559 456 1784 520 CODD.
1818 452 2133 521 LITURG.
2178 458 2782 526 FONTAVELLAN.

3464 458 3583 526 9M

181 595 449 654 duanum
479 591 766 651 Lazarum
797 590 869 649 de
899 595 1280 649 monumento
1312 590 1635 649 suscitavit.
1681 588 1829 664 Ergo
1857 588 1915 658 Α
1939 593 2227 668 templum
2258 594 2359 653 Dei
2385 595 2521 666 vivi,
2551 600 2608 653 et
2636 596 2887 670 Spiritus
2910 597 3148 655 sanctus
3180 562 3581 656 habitet‘ineo

164 680 277 755 "sit,
302 688 414 742 etc.

245 774 537 832 Dominus
564 772 888 830 vobiscum.
922 774 991 828 Et
1020 788 1156 828 cum
1188 770 1397 845 spiritu
1428 775 1530 827 tuo

164 874 167 875 ⁷
250 857 750 932 Οναείο,’ίΕιθῐήα,
784 866 915 929 etc.,
948 866 1011 918 ut
1041 864 1102 918 in
1132 861 1311 918 editis.

249 956 443 1012 Lectic.
477 952 608 1008 Haec
666 952 807 1007 dicit
834 949 1194 1007 domininus.
1251 950 1470 1006 Omnes
1528 950 1818 1020 sitientes,

174 1048 309 1112 etc.,
335 1034 506 1116 usque
530 1041 599 1098 ad
626 1036 687 1097 in
716 1040 1109 1097 crassitudine
1130 1040 1338 1096 animae
1365 1044 1592 1096 vestrae.

246 1134 535 1192 Graduale.
569 1130 789 1199 Venite,
820 1128 949 1196 filii,
981 1129 1178 1186 audite
1226 1145 1341 1198 me,
1391 1129 1663 1186 timorem
1701 1130 1814 1186 Do-

169 1212 319 1282 mini
349 1222 568 1280 dooebo
595 1237 716 1277 vos.
751 1221 806 1290 7.
838 1220 1109 1276 Accedite
1137 1220 1208 1275 ad
1242 1236 1398 1287 eum,
1427 1223 1484 1276 et
1521 1220 1817 1276 illumina-

171 1312 339 1380 mini,
371 1315 428 1368 et
456 1304 635 1368 facies
660 1311 865 1365 vestris
895 1324 1010 1364 non
1037 1309 1486 1365 confundentur.

228 1400 561 1476 'Sequentia
590 1395 776 1455 sanc'ti
792 1397 1085 1471 Evangelii
1115 1399 1439 1454 secundum
1461 1398 1815 1455 Matthaeum.

169 1493 232 1550 In
263 1491 367 1548 illo
394 1495 657 1563 tempore
687 1487 865 1545 oblati
907 1491 1046 1543 sunt
1072 1488 1212 1544 Jesu
1260 1487 1505 1560 parvuli,
1555 1491 1689 1556 etc.,
1722 1505 1819 1545 us-

169 1598 274 1654 que
301 1580 374 1637 ad
403 1578 548 1636 abiit
575 1577 730 1634 inde.
916 1570 921 1575 ’

156 1678 159 1683 '
236 1673 304 1727 Et
333 1658 464 1726 tunc
489 1668 730 1724 dicatar:
766 1669 936 1722 Pater
967 1671 1186 1733 noster,
1211 1670 1264 1722 et
1290 1666 1475 1722 Credo
1508 1666 1568 1722 in
1608 1666 1815 1723 Deum.

163 1761 230 1817 Et
258 1760 408 1815 alius
437 1759 592 1814 homo
623 1758 757 1813 levet
784 1772 929 1824 eum,
959 1772 1070 1812 non
1101 1757 1197 1811 ille
1234 1773 1328 1828 qui
1378 1759 1542 1824 tenet,
1592 1757 1817 1812 dicendo

161 1849 462 1907 similiter:
492 1849 665 1901 Pater
694 1847 911 1913 noster,
945 1852 998 1901 et
1018 1844 1199 1900 Credo
1230 1845 1292 1899 in
1322 1845 1529 1900 Deum.

320 1953 534 1993 INCIPIT
570 1951 721 1992 0RDO
761 1950 1022 1990 BAP’I‘ISMI
1063 1950 1135 1990 AD
1176 1950 1671 1991 SUCCURRBNDUM.

232 2025 524 2083 Medelam
554 2027 717 2080 tuam
749 2023 1046 2096 deprecor,
1097 2022 1344 2080 Domine
1389 2027 1614 2091 sancte,
1643 2026 1815 2080 Pater

163 2115 559 2188 omnipotens,
593 2115 803 2167 aeterne
823 2110 997 2179 Deus,
1030 2109 1129 2182 qui
1154 2110 1411 2167 tribuisti
1436 2109 1711 2166 humanis
1733 2111 1816 2165 in-

163 2202 548 2261 firmitatibus
578 2200 799 2273 erigere
825 2198 1116 2254 famulum
1137 2203 1305 2254 tuum
1319 2199 1816 2272 a’egritudinislan-

134 2282 139 2285 ⁷
163 2309 306 2368 gere
331 2280 698 2365 depressum,
717 2292 773 2344 et
794 2304 1026 2345 omnem
1040 2290 1422 2360 sensumejus
1445 2288 1684 2361 dignare
1698 2288 1813 2344 tuis

162 2379 604 2439 visitationibus
636 2378 908 2443 refovere,
960 2384 1251 2449 quatenus
1299 2378 1488 2450 gratia
1534 2377 1811 2450 baptismi

161 2460 473 2544 tui‘possit
499 2484 636 2523 cum
665 2466 879 2541 gaudio
908 2462 1219 2524 sanitatem
1251 2467 1531 2539 accipere.
1577 2465 1811 2539 Expelle

160 2561 363 2633 itaque
375 2559 447 2614 ab
478 2566 545 2613 eo
575 2559 844 2612 cunctam
859 2554 1523 2612 contrariaavaletudinis
1544 2555 1808 2625 tutelam,

158 2654 229 2706 ut
258 2649 331 2705 ad
383 2645 633 2721 gratiam
689 2649 852 2701 tuam
911 2648 1211 2718 gratanter
1260 2649 1566 2712 occurrat;
1619 2643 1810 2700 releva

160 2724 341 2812 quem
373 2734 657 2791 redimere
685 2733 962 2808 dignatus
995 2750 1079 2802 es,
1115 2737 1181 2789 ut
1200 2733 1479 2806 baptismi
1510 2733 1588 2789 sit
1618 2734 1677 2788 in
1709 2733 1807 2789 illo

161 2826 381 2909 palma,
413 2840 529 2880 non
587 2823 813 2889 mortis,
846 2825 905 2878 et
949 2822 1270 2896 gloriosum
1321 2838 1554 2895 semper
1583 2822 1808 2894 bajulet

156 2916 318 2989 quod
350 2914 573 2987 accepit
602 2910 972 2986 signaculum
997 2915 1210 2968 sanctae
1242 2917 1271 2977 τι
1306 2910 1516 2967 crucis.

142 3010 145 3013 ’
224 3004 567 3069 Coniuratio.
601 3006 716 3057 Nec
750 3005 801 3058 te
831 3001 1032 3067 lateat,
1062 3006 1272 3067 etc.,ut
1300 3003 1360 3057 in
1391 3002 1572 3069 editis,
1602 3010 1807 3074 printer

154 3094 560 3153 conclusionem
586 3090 643 3146 in
678 3090 914 3146 nomine
944 3091 1174 3146 Domini
1205 3091 1346 3147 Jesu
1371 3091 1604 3147 Christi.

224 3182 471 3240 Initium
486 3180 670 3237 sancti
684 3180 975 3253 Evangelii
996 3181 1318 3236 secundum
1334 3180 1692 3236 Mattheeum.
1718 3180 1806 3236 Li-

150 3275 261 3331 ber
289 3269 683 3347 generationis
710 3270 849 3326 Jesu
872 3269 1087 3326 Christi
1118 3270 1245 3325 Filii
1276 3271 1590 3325 Abraham.
1622 3270 1803 3326 Abra-

1832 692 1841 709 ’
1920 684 1996 741 ‘in
2026 685 2430 743 remissionem
2489 686 2756 743 omnium
2805 691 3203 761 peccatorum.
3251 692 3317 744 In
3348 688 3585 747 nomine

1934 775 2168 833 Domini
2197 776 2338 833 Jesu
2363 775 2596 842 Christi,
2632 777 2735 849 qui
2767 780 3053 834 venturus
3082 780 3190 845 est,
3223 777 3483 834 exoroizo
3504 780 3582 848 te,

1931 868 2200 923 creatura
2230 883 2417 940 aquas,
2431 881 2535 939 per
2557 866 2791 934 Deum}L
2823 866 3046 934 vivum,
3061 882 3166 940 per
3192 867 3377 923 Deum
3400 871 3431 934 ’ί
3457 874 3588 924 san-

1930 959 2079 1025 tum,
2103 972 2208 1029 per
2236 956 2422 1012 Deum
2453 954 2636 1013 totius
2662 959 2962 1025 creaturae,
2985 955 3087 1029 qui
3115 959 3173 1012 te
3198 955 3256 1012 in
3290 955 3582 1029 prinCipio

1930 1045 2224 1118 separavit
2233 1045 2306 1102 ab
2319 1046 2565 1114 arida,et
2586 1045 2646 1100 in
2660 1050 2911 1119 quatuor
2926 1045 3269 1101 ﬂuminibus
3291 1045 3473 1118 exirej
3483 1058 3578 1102 us-

1929 1135 2027 1201 sit,
2041 1138 2222 1191 totam
2239 1138 2451 1191 terram
2463 1135 2704 1208 irrigare
2716 1135 3118 1208 praecepit,qui
3136 1133 3383 1208 pedibus
3399 1140 3581 1208 supra

1928 1241 2091 1280 mare
2104 1224 2444 1293 ambulavit,
2453 1227 2510 1280 et
2521 1225 2588 1281 aJ
2595 1241 2782 1280 oanne
2796 1223 3455 1296 inJordane'baptizatus
3468 1227 3575 1293 est;

1930 1313 2029 1386 qui
2059 1318 2114 1369 te
2143 1330 2260 1369 una
2288 1330 2422 1369 cum
2454 1312 2742 1385 sanguine
2770 1330 2877 1370 suo
2908 1313 3203 1385 produxit,
3234 1316 3292 1368 et
3318 1312 3576 1386 discipu-

1928 1401 2001 1458 lis
2031 1402 2156 1458 suis
2186 1402 2246 1457 in
2277 1405 2333 1458 te
2363 1401 2658 1474 baptizare
2669 1401 2853 1474 jussit
2883 1402 3115 1457 dicens:
3151 1401 3252 1469 Ite,
3286 1401 3576 1473 baptizata

1928 1507 2131 1548 omnes
2161 1494 2384 1564 gentes,
2416 1491 2475 1545 in
2506 1489 2740 1546 nomine
2770 1488 2955 1545 Patris
2984 1494 3042 1546 et
3072 1489 3202 1546 Filii
3229 1492 3286 1545 et
3323 1489 3575 1561 Spiritus

1928 1580 2134 1636 sancti.
2170 1579 2333 1636 Unde
2347 1579 2551 1650 adjuro
2581 1582 2656 1643 te,
2682 1595 2856 1651 aqua,
2875 1595 2978 1651 per
3006 1579 3190 1635 Deum
3216 1582 3245 1645 1‘
3275 1577 3575 1646 vivum,ut

1927 1668 2201 1726 efficiaris
2231 1684 2384 1740 aqua
2413 1671 2639 1724 sancta
2670 1672 2724 1734 ψ,
2765 1684 2919 1740 aqua
2977 1667 3283 1724 benedicta
3332 1671 3387 1733 τι,
3421 1684 3575 1739 aqua

1926 1774 2057 1830 quae
2091 1757 2298 1814 abluas
2330 1758 2552 1823 sordes,
2586 1761 2644 1813 et
2690 1758 2939 1813 mundes
2989 1759 3246 1828 peccata,
3297 1759 3381 1826 ut,
3437 1773 3572 1813 cum

1925 1847 2297 1903 descenderis
2326 1846 2386 1902 in
2417 1850 2473 1903 te
2504 1846 2697 1902 infans
2723 1845 2960 1913 Christi,
2993 1846 3101 1901 fias
3133 1845 3264 1901 fons
3290 1861 3455 1917 aqua:
3484 1862 3575 1901 sa-

1928 1936 2127 1992 lientis
2156 1935 2217 1992 in
2246 1937 2425 1992 vitam
2457 1940 2754 1992 aeternam.
2791 1935 2853 1989 In
2884 1933 3122 1990 nomine
3160 1933 3396 1989 Domini
3433 1934 3572 1992 Jesu

1925 2027 2136 2084 Christi
2163 2026 2223 2082 in
2256 2026 2437 2083 vitam
2471 2030 2769 2081 aeternam.
2803 2026 3008 2080 Amen.
3296 2046 3301 2051 υ

1995 2117 2095 2190 (Αά
2132 2119 2441 2186 marginem
2470 2115 2665 2172 codicis
2722 2114 2873 2170 adest
2900 2115 3019 2171 haec
3067 2112 3324 2169 rabrica:
3375 2112 3570 2169 deinde

1921 2207 2165 2264 sacerdos
2191 2208 2378 2262 mittat
2403 2221 2617 2261 cereum
2637 2219 2922 2261 accensam
2950 2205 3011 2258 in
3058 2205 3285 2273 fontem,
3337 2203 3525 2259 dicens
3550 2219 3564 2258 :

1923 2296 2249 2353 Descendat
2276 2294 2337 2350 in
2367 2295 2518 2350 hanc
2528 2292 2953 2365 plenitudinem
2976 2290 3154 2347 fontis
3182 2291 3370 2348 virtus
3393 2289 3571 2363 Spiri-

1919 2391 2018 2442 tus
2050 2384 2257 2442 sancti.
2286 2386 2412 2440 Post
2442 2384 2539 2438 hoc
2566 2388 2823 2454 aspergat
2859 2383 3068 2453 fontem
3113 2380 3430 2447 chrismate,
3479 2380 3566 2435 di-

1919 2492 2074 2532 cens:
2100 2473 2318 2530 Infusio
2347 2471 2714 2538 Chrismatis,
2742 2469 2951 2526 salutis
2979 2472 3038 2525 et
3067 2484 3254 2539 aqua,
3285 2467 3361 2525 sit
3392 2468 3451 2523 in
3467 2482 3566 2524 no-

1921 2564 2078 2620 mine
2103 2561 2336 2620 Domini
2354 2559 2535 2617 nostri
2549 2560 2690 2616 Jesu
2713 2557 2929 2614 Christi
2960 2556 3021 2612 in
3050 2556 3228 2612 vitam
3259 2559 3561 2613 aeternam.

1919 2656 2118 2710 Amen.

1988 2743 2192 2800 Deinde
2220 2742 2404 2813 sufﬂet
2429 2741 2490 2795 in.
2519 2754 2663 2809 aqua
2691 2738 2865 2793 tribus
2891 2736 3102 2791 vicibus
3121 2738 3177 2791 et
3205 2736 3388 2791 mittat
3414 2734 3559 2790 chri-

1913 2849 2033 2889 sma
2060 2834 2122 2887 in
2175 2831 2396 2888 modum
2450 2829 2628 2884 crucis
2660 2832 2714 2894 +;
2747 2825 2943 2881 deinde
2996 2826 3183 2895 tangat
3211 2828 3263 2880 et
3314 2840 3478 2881 nares
3506 2828 3558 2880 et

1913 2938 2074 2979 aures
2102 2921 2165 2977 de
2214 2927 2389 2992 sputo,
2446 2917 2629 2974 dicens
2660 2916 2731 2971 ad
2785 2931 2977 2971 aurem
3022 2915 3178 2970 illius
3233 2914 3554 2970 sinistram:

1913 3010 2261 3084 Ephphetha
2289 3008 2444 3081 quod
2475 3010 2565 3063 est
2593 3003 2925 3076 adaperire;
2957 3006 3022 3059 tu
3052 3005 3270 3070 autem,
3301 3000 3551 3071 diabole,

1913 3100 2206 3173 effugere;
2241 3094 2735 3170 appropinquabit
2763 3092 2919 3148 enim
2943 3092 3238 3164 judicium
3269 3090 3390 3148 Dei.

1982 3192 2171 3245 Postea
2199 3203 2323 3244 vero
2354 3189 2545 3254 tangat
2573 3187 2626 3240 ei
2667 3187 2871 3256 pectus,
2918 3189 2969 3238 et
3016 3183 3162 3238 inter
3208 3182 3462 3254 scapulas
3491 3180 3555 3237 de

1912 3279 2025 3334 oleo
2055 3279 2360 3334 exorcizato
2388 3292 2513 3331 cum
2526 3273 2731 3346 pollice
2757 3288 2973 3327 crucem
2985 3270 3265 3342 faciendo;
3295 3273 3347 3326 et
3373 3277 3555 3326 vocato

150 3338 525 3421 hamvautem
542 3359 744 3433 genuit
756 3359 936 3429 Isaac,
960 3360 1119 3415 Isaac
1151 3362 1344 3415 autem
1370 3358 1571 3432 genuit
1596 3359 1799 3427 Jacob,
1832 3338 1875 3407 α
1912 3369 2137 3424 nomine
2163 3368 2279 3439 ejus
2306 3367 2476 3420 dicat:

148 3451 338 3509 Jacob
369 3453 564 3506 autem
596 3449 798 3522 genuit
843 3448 1057 3503 Judam
1114 3453 1170 3503 et
1201 3449 1408 3504 fratres
1449 3450 1596 3518 ejus.
1629 3451 1711 3504 Ex
1740 3465 1807 3505 ea

150 3539 532 3616 generatione
563 3541 699 3593 nata
714 3540 803 3594 est
830 3536 1009 3609 Virgo
1027 3537 1208 3592 Maria
1225 3537 1408 3593 Mater
1429 3537 1655 3593 Domini
1673 3556 1805 3595 nos-

114 3624 119 3628 ’
152 3630 233 3687 tri
263 3628 406 3685 Jesu
436 3625 671 3682 Christi.

224 3718 464 3775 Initium
480 3714 663 3771 sancti
679 3712 971 3787 Evangelii
995 3714 1319 3769 secundum
1341 3716 1578 3771 Lucam.
1607 3717 1807 3772 Fuitin

146 3804 665 3873 'diebusHerodis,
700 3808 835 3871 etc.,
868 3816 1036 3875 usque
1064 3804 1135 3859 ad
1166 3803 1291 3859 sine
1321 3804 1578 3877 querela.

230 3882 552 3968 Sequentia
582 3892 769 3949 sancti
810 3892 1101 3965 Evangelii
1153 3894 1479 3949 secundum
1526 3895 1807 3951 Marcum.

152 3985 401 4044 Initium
424 3981 718 4055 Evangelii
752 3982 893 4039 Jesu
914 3981 1151 4051 Christi,
1178 3986 1312 4051 etc.,
1346 3999 1512 4054 usque
1536 3984 1811 4041 adomnis

154 4091 295 4132 caro
328 4073 587 4130 salutare
620 4070 743 4127 Dei.
778 4063 782 4067 “

229 4163 472 4220 Initium
501 4161 686 4217 sancti
714 4160 1011 4232 Evangelii
1058 4162 1383 4217 secundum
1412 4161 1718 4219 Joannem.
1746 4164 1809 4220 In

156 4249 450 4327 principio
480 4253 607 4305 erat
634 4248 892 4305 Verbum
923 4254 979 4305 et
1006 4248 1261 4305 Verbum
1281 4255 1405 4306 erat
1424 4253 1579 4324 apud
1598 4253 1810 4321 Deum,

156 4342 404 4399 etD‘eus
434 4342 559 4395 erat
583 4337 862 4395 Verbum.
895 4338 1013 4393 Hoc
1050 4343 1173 4394 erat
1201 4339 1261 4394 in
1318 4340 1604 4413 principio
1654 4344 1810 4414 apud

157 4432 371 4487 Deum.
404 4426 613 4484 Omnia
642 4444 744 4499 per
788 4427 984 4501 ipsum
1036 4427 1187 4483 facta
1234 4434 1373 4484 sunt
1417 4434 1475 4485 et
1524 4431 1651 4487 sine
1683 4431 1809 4504 ipso

154 4521 379 4576 factum
405 4520 495 4573 est
526 4515 694 4583 nihil,
729 4519 839 4573 etc.
873 4518 936 4572 Et
972 4519 1052 4572 sic
1081 4522 1250 4573 totum
1269 4518 1506 4575 dicatur.

258 4621 598 4664 BENEDIC’I‘IO
637 4623 803 4669 AQU/E
839 4621 912 4662 AD
954 4623 1356 4663 BAPTIZANDUM
1394 4624 1705 4665 INFIRMUM.

1982 3452 2375 3511 Abrenuntias
2406 3449 2672 3508 Satanae?
2702 3451 2762 3519 ιῑ).
2781 3446 3163 3505 Abrenuntio.
3183 3446 3254 3502 Et
3284 3444 3564 3502 omnibus

1915 3544 2190 3617 operibus
2220 3542 2394 3613 ejus?
2426 3543 2463 3610 ii)
2494 3538 2872 3595 Abrenuntio.
2905 3538 2977 3593 Et
3008 3535 3285 3592 omnibus
3333 3533 3569 3606 pompis

1915 3634 2085 3706 ejus?
2117 3635 2174 3701 li).
2209 3630 2593 3687 Abrenuntio.
2626 3629 2711 3700 (In
2738 3627 2985 3697 margine
3014 3624 3344 3680 adnotatur:
3379 3623 3556 3695 Fuge,

1916 3721 2220 3777 immunde
2252 3719 2514 3792 spiritus,
2548 3718 2623 3773 da
2652 3717 2935 3771 honorem
2984 3713 3100 3769 Deo
3149 3712 3277 3768 vivo
3303 3714 3361 3766 et
3404 3727 3557 3766 vero.

1917 3812 2040 3881 Exi,
2067 3809 2372 3865 immunde
2401 3807 2664 3880 spiritus,
2699 3805 2775 3860 da
2803 3803 2999 3859 locum
3029 3799 3273 3874 Spiritui
3305 3799 3553 3870 sancto.)

1988 3904 2292 3968 lnterrogct
2317 3916 2329 3953 :
2367 3896 2569 3953 Credis
2586 3895 2644 3949 in
2678 3890 3140 3950 DeumPatrem?
3157 3894 3270 3957 etc,
3290 3893 3351 3945 ut
3369 3905 3559 3961 supra,

1919 4007 2088 4061 usque
2118 3989 2187 4043 ad
2218 3989 2479 4043 ultimum
2507 4000 2825 4057 responsum
2852 3981 3056 4036 Credo.

1989 4082 2054 4134 Et
2080 4080 2375 4149 interroget
2403 4092 2526 4131 eum
2556 4075 2735 4154 tribus
2790 4070 2997 4127 vicibus
3028 4071 3108 4126 ita
3162 4067 3390 4125 dicendo
3409 4085 3428 4122 :
3460 4067 3566 4124 Vis

1919 4166 2244 4240 baptizari?
2279 4169 2337 4235 ἡ.
2371 4163 2515 4220 Volo
2546 4162 2691 4236 (ter).

1991 4259 2058 4312 Et
2086 4273 2191 4328 ego
2220 4261 2276 4312 te
2307 4253 2534 4327 baptizo
2566 4252 2623 4307 in
2657 4250 2895 4307 nomine
2938 4247 3148 4317 Patris,
3181 4255 3233 4303 et
3278 4261 3480 4318 merge,
3513 4248 3569 4301 et

1920 4344 2073 4413 Filii,
2103 4353 2153 4400 et
2184 4360 2385 4412 merge,
2419 4346 2479 4398 et
2500 4340 2754 4413 Spiritus
2786 4337 2994 4405 sancti,
3025 4344 3076 4393 et
3107 4352 3307 4406 merge.

1990 4435 2275 4505 Baptisato
2307 4435 2488 4486 autem
2517 4432 2750 4500 infante,
2800 4428 2971 4499 faciat
3016 4414 3303 4499 presbyter
3348 4426 3572 4495 signum

1918 4523 2093 4576 crucis
2118 4522 2184 4575 de
2212 4521 2506 4575 chrismate
2534 4536 2661 4573 eum
2713 4517 2913 4589 pollice
2943 4517 3002 4570 in
3031 4516 3228 4570 vertice
3278 4515 3400 4585 ejus
3449 4530 3575 4569 cum

1920 4611 2267 4667 invocatione
2298 4612 2498 4663 sanctae
2555 4606 2856 4672 Trinitatis,
2916 4604 3099 4658 dicens
3135 4620 3153 4656 :
3214 4602 3278 4656 In
3335 4601 3572 4655 nomine

232 4680 295 4753 In
340 4696 539 4768 primis
581 4694 839 4750 dicantur
891 4696 1118 4750 litanias.
1180 4696 1381 4751 Deinde
1417 4700 1666 4769 sequitur
1692 4699 1807 4755 haec
1833 4710 1882 4774 Β
1910 4698 2100 4755 Patris
2126 4702 2183 4753 et
2206 4696 2335 4751 Filii
2367 4700 2425 4752 et
2454 4694 2708 4766 Spiritus
2738 4692 2959 4759 sancti;
2994 4699 3044 4747 et
3083 4690 3229 4745 dicat
3274 4689 3415 4744 hanc
3443 4704 3570 4744 ora-

153 4787 356 4843 oratio.

224 4873 450 4931 Exaudi
483 4890 618 4941 nos,
644 4874 1014 4946 omnipotens
1038 4878 1279 4942 Deus,et
1309 4875 1487 4947 hujus
1505 4878 1812 4949 aquaasub-

156 4963 390 5020 stantia:
421 4960 690 5019 immisse
722 4963 1018 5031 virtutem,
1053 4968 1117 5019 ut
1143 4964 1417 5020 abluendi
1453 4981 1554 5037 per
1574 4983 1702 5021 eam
1722 4983 1809 5022 sa-

169 5053 417 5110 nitatem
450 5051 627 5108 simul
655 5056 711 5108 et
738 5053 921 5109 vitam
952 5070 1286 5110 mereamur
1334 5059 1631 5111 aeternam.
1685 5055 1809 5111 Per.

718 5143 1067 5199 Exorcismus
1091 5158 1272 5215 aquae.

234 5230 513 5287 Exercizo
545 5233 624 5299 te,
657 5235 925 5287 creatura
953 5248 1140 5304 aquae,
1175 5232 1233 5288 in
1261 5233 1499 5289 nomine
1530 5240 1558 5299 1‘
1597 5233 1690 5290 Dei
1715 5235 1815 5290 Pa-

159 5320 279 5396 tris
304 5320 749 5392 omnipotentis,
781 5324 838 5376 et
865 5319 926 5375 in
980 5322 1218 5376 nomine
1258 5322 1397 5377 Jesu
1429 5323 1639 5379 Christi
1689 5324 1816 5379 Filii

158 5411 296 5481 ejus
325 5413 382 5477 ’r,
410 5410 468 5465 et
496 5408 557 5464 in
588 5407 804 5465 virtute
833 5409 1089 5482 Spiritus
1116 5410 1370 5481 sanctit,
1404 5417 1470 5468 ut
1501 5413 1693 5470 omnis
1710 5413 1821 5468 vir-

1929 4792 2133 4846 tioncm
2157 4803 2169 4841 :

1976 4807 2133 4847 onem
2157 4807 2169 4841 :

1991 4884 2143 4935 Deus
2174 4873 2543 4945 omnipotens
2556 4876 2613 4926 et
2631 4871 2798 4926 Pater
2811 4868 3042 4925 Domini
3062 4866 3243 4924 nostri
3257 4866 3397 4923 Jesu
3412 4864 3572 4920 Chri-

1919 4969 2017 5036 sti,
2053 4967 2153 5039 qui
2186 4970 2241 5019 te
2301 4960 2660 5035 regeneravit
2688 4976 2757 5014 ex
2815 4974 2966 5029 aqua
2994 4962 3052 5013 et
3080 4955 3301 5029 Spiritu
3351 4958 3572 5020 sancto,

1921 5056 2140 5130 quique
2172 5048 2865 5108 dedittibircmissionem
2889 5046 3154 5101 omnium
3175 5047 3570 5118 peccatorum,

1922 5147 2048 5218 ipse
2078 5149 2133 5198 te
2166 5142 2332 5197 liniat
2385 5139 2702 5196 chrismate
2762 5134 2974 5191 salutis
3032 5133 3091 5189 in
3146 5132 3376 5190 Christo
3432 5133 3575 5189 Jesu

1929 5234 2171 5290 Domino
2204 5236 2421 5287 nostro.
2455 5230 2572 5284 Pax
2604 5225 2708 5282 tibi
2735 5224 2796 5280 in
2826 5223 3007 5279 vitam
3039 5227 3340 5280 aeternam.
3368 5223 3571 5278 Amen.

2125 5322 2339 5377 INCIPIT
2376 5335 2524 5374 onno
2562 5332 2634 5373 Αῐ)
2676 5328 3081 5371 POENITENTIAM
3121 5328 3376 5366 DANDAM.

1998 5414 2062 5467 In
2088 5410 2286 5482 primis
2315 5409 2448 5464 dicit
2470 5405 2718 5463 sacerdos
2751 5419 2765 5459 :
2824 5400 3070 5457 Domine
3110 5399 3266 5456 Deus
3313 5398 3579 5471 omnipo-

153 5503 261 5556 tus
292 5497 635 5564 adversarii,
667 5502 725 5554 et
753 5499 949 5554 omnis
980 5499 1239 5556 incursio
1255 5504 1503 5569 Satanze,
1532 5518 1821 5575 omneque
1928 5504 2086 5569 tens,
2120 5498 2410 5571 prepitius
2441 5501 2567 5553 esto
2599 5492 2743 5550 mihi
2777 5489 3087 5564 peccatori,
3121 5493 3188 5543 ut
3219 5488 3396 5558 digne
3442 5502 3584 5558 pos-

159 5588 525 5663 phantasma
553 5587 872 5655 eradicare,
902 5593 961 5644 et
1001 5589 1336 5661 explantare
1378 5594 1436 5645 et
1465 5591 1720 5663 eﬁ‘ugare
1751 5591 1822 5646 ab
1932 5589 2046 5646 sim
2080 5588 2183 5643 tibi
2218 5587 2435 5659 gratias
2466 5601 2655 5658 agere,
2689 5582 2788 5654 qui
2803 5598 2896 5636 me
2915 5579 3221 5651 indignum
3247 5580 3303 5632 et
3326 5579 3588 5648 peccato-

152 5679 272 5736 hac
302 5680 571 5733 creatura
599 5692 785 5749 aquae,
820 5683 887 5733 ut
920 5678 996 5733 sit
1027 5679 1159 5734 fons
1187 5695 1351 5751 aqua;
1375 5678 1643 5736 salientis
1666 5680 1725 5734 in
1747 5679 1827 5733 vi-

1936 5694 2058 5734 rem
2098 5677 2168 5732 ad
2202 5675 2598 5732 ministerium
2620 5677 2791 5727 tuum
2807 5684 3013 5726 vocare
3035 5668 3311 5740 dignatus
3328 5667 3477 5733 es,et
3493 5679 3588 5719 me
3670 5724 3682 5733 ,

144 5767 287 5826 ταω
321 5770 625 5834 (sternam,
658 5771 723 5823 ut
754 5766 888 5840 quis
920 5782 991 5824 ex
1020 5784 1087 5824 ea
1118 5768 1447 5840 baptizatus
1486 5768 1680 5840 fuerit,
1730 5769 1833 5824 ﬁat
1937 5766 2224 5840 exiguum
2271 5770 2328 5821 et
2374 5762 2663 5819 humilem
2720 5757 3077 5816 constituisti
3136 5754 3492 5814 intercedere
3522 5752 3594 5809 ad
