3978 6444
401 499 412 509 ’
453 543 580 610 eis
791 585 798 592 .
1651 549 1841 612 ssc.
1886 547 1966 612 x1
2007 545 2320 611 MONUM.
2363 548 2682 614 LITURG.
3479 599 3486 602 .
3742 544 3863 611 916

451 675 1556 739 DominumnostrumJesumChristu'n
1576 698 1675 754 pro
1692 680 2086 754 peccantibus.
2119 679 2176 748 Α
2202 681 2276 738 de
2304 685 2406 738 tua
2430 681 2830 740 misericordia
2859 681 3158 740 confidens
3189 680 3263 738 ad
3297 682 3519 738 aeterna
3549 679 3773 755 gaudia
3801 683 3858 738 te

449 766 728 839 Ideoque,
759 767 1094 825 dominator
1123 769 1386 839 Domine,
1420 771 1521 844 qui
1571 787 1776 827 omnes
1821 770 2090 826 homines
2199 775 2536 845 protegente
2568 773 2886 844 perveniat.
2921 772 3044 829 Per.

441 853 531 911 vis
559 853 750 912 salvos
779 855 928 923 fieri,
960 860 1020 912 et
1047 859 1121 914 ad
1161 859 1518 931 agnitionem
1569 859 1830 915 veritatis
1873 859 2087 927 venire,
2272 861 2395 915 Alia
2419 863 2616 916 oratio.
2673 861 3039 932 Majestatem
3094 864 3280 927 tuam,
3335 858 3583 914 Domine
3627 862 3849 927 sancte,

441 943 544 1016 qui
576 942 692 1000 non
721 944 810 1000 vis
838 948 1086 1002 mortem
1119 954 1512 1020 peccatorum,
1534 949 1634 1005 sed
1668 953 1730 1004 ut
1760 953 2094 1005 convertan-
2107 947 2369 1050 ιίΡειῐθι·
2398 949 2792 1021 omnipotens,
2843 954 3055 1004 aeterne
3107 948 3262 1004 Deus
3308 947 3409 1020 qui
3453 963 3569 1002 non
3601 950 3852 1004 mortem

438 1035 540 1088 tur
567 1035 626 1088 et
681 1033 901 1102 vivant,
961 1035 1194 1108 suscipe
1251 1037 1576 1094 orationem
1636 1054 1850 1105 meam,
1911 1054 2089 1109 quam
2110 1033 2149 1050 '
2198 1035 2286 1092 vis
2315 1042 2705 1108 peccatorum,
2739 1039 2841 1094 sed
2871 1037 3050 1092 vitam
3083 1052 3317 1109 semper
3339 1034 3614 1108 inquiris,
3649 1039 3704 1092 te
3729 1052 3862 1109 sup-

440 1119 590 1176 facio
619 1125 756 1178 ante
786 1127 1162 1195 conspectum
1196 1129 1364 1181 tuum
1411 1142 1514 1198 pro
1561 1142 1652 1181 me
1709 1130 2009 1198 peccatore
2036 1129 2094 1181 et
2200 1123 2428 1197 pliciter
2454 1141 2786 1194 exoramus,
2823 1127 3045 1198 respice
3078 1126 3313 1182 ﬂentem
3346 1123 3637 1180 famulum
3684 1128 3856 1182 tuum

441 1225 549 1282 pro
581 1208 735 1279 aliis,
769 1210 870 1284 qui
897 1213 970 1268 ad
999 1214 1404 1285 pmnitentiam
1428 1215 1499 1270 ad
1533 1231 1625 1270 me
1653 1215 1914 1284 veniunt,
1961 1213 2089 1271 Sal-
2201 1213 2275 1269 ad
2305 1218 2360 1269 te
2390 1217 2770 1286 prostratum,
2804 1215 3051 1287 ejusque
3108 1213 3411 1286 planctum
3469 1213 3529 1268 in
3559 1213 3846 1286 gaudium

441 1300 628 1354 vator.
2200 1304 2314 1357 tua:
2345 1301 2742 1358 miserationis
2773 1307 3041 1358 converte
3066 1320 3080 1369 ;
3113 1302 3313 1359 scinde
3341 1301 3688 1358 delictorum
3732 1319 3861 1358 sac-

513 1388 856 1458 Interrogat:
889 1389 1089 1444 Credis
1121 1390 1178 1445 in
1211 1391 1395 1447 Deum
1449 1392 1672 1447 Patrem
1724 1393 2094 1464 omnipotcn-
2203 1407 2359 1453 cum.
2393 1395 2451 1447 et
2475 1391 2652 1446 indue
2675 1407 2807 1446 eum
2840 1391 3100 1448 laetitiam
3118 1390 3457 1461 salutarem,
3490 1397 3552 1446 ut
3583 1397 3718 1462 post
3739 1390 3864 1448 lon-

443 1475 584 1542 tem,
615 1479 675 1531 et
703 1475 937 1543 Filium,
969 1481 1026 1532 et
1057 1477 1336 1550 Spiritum
1368 1485 1637 1536 sanctum
1662 1481 1690 1535 ?
1711 1483 1769 1550 ii).
1803 1481 2006 1537 Credo.
2201 1496 2336 1553 gam
2394 1479 2884 1552 peregrinationis
2943 1480 3154 1535 famem
3189 1479 3260 1534 de
3316 1479 3534 1536 sanctis
3565 1478 3860 1536 altaribus

514 1581 715 1638 credis
743 1583 899 1654 quod
931 1582 990 1638 in
1021 1582 1134 1640 ista
1179 1601 1373 1653 came,
1406 1587 1465 1641 in
1515 1604 1632 1658 qua
1681 1604 1834 1643 nunc
1883 1605 1966 1656 es,
2002 1607 2094 1644 re.
2202 1569 2466 1635 satietur,
2499 1569 2800 1642 ingressus
2833 1567 3174 1649 cubiculum
3207 1567 3382 1658 Regis
3413 1568 3472 1624 in
3504 1567 3696 1658 ipsius
3727 1577 3862 1626 aula

445 1685 688 1742 surgere
715 1669 898 1727 habes
929 1671 988 1726 in
1020 1672 1114 1728 die
1139 1673 1367 1744 judicii,
1401 1679 1459 1730 et
1489 1656 1743 1748 recipere
1775 1678 1928 1749 quod
1963 1695 2016 1751 gi

2284 1657 2506 1714 nedicat
2531 1674 2742 1714 nomen
2798 1657 2996 1730 gloriae
3045 1661 3179 1714 tuae.
3241 1657 3348 1713 Per
3398 1657 3716 1714 Dominum
3751 1675 3855 1716 no-

445 1757 578 1815 sisti
611 1758 731 1814 sive
759 1759 1004 1826 bonum,
1037 1759 1156 1816 sive
1187 1761 1458 1819 malum?
1491 1765 1527 1832 li)
1558 1765 1760 1820 Credo.
1970 1749 1990 1751 Ὗ
2205 1749 2420 1802 Strum-
3636 1767 3644 1773 ·

520 1847 618 1903 Vis
647 1846 941 1904 dimittere
970 1847 1110 1916 illis,
1143 1849 1243 1922 qui
1275 1850 1334 1906 in
1354 1854 1410 1906 te
1441 1858 1843 1924 peccaverunt,
1870 1854 2096 1913 dicente
2274 1837 2608 1892 Benedic‘io-
2641 1836 2954 1894 Benedicat
2980 1836 3087 1892 tibi
3122 1835 3404 1893 Dominus
3461 1836 3864 1910 οωηίροιθηδν

446 1933 732 1991 Domino;
765 1934 826 1991 si
865 1953 982 1992 non
1033 1937 1380 1995 remiseritis
1425 1945 1666 2012 Ρθοοειω
1709 1941 2050 2002 hominibus
2079 1963 2092 2014 ;
2203 1929 2260 1980 et
2289 1925 2581 1981 custodiat
2611 1929 2686 1981 te.
2719 1927 3002 1982 Ostendat
3021 1925 3307 1982 Dominus
3326 1925 3712 2014 faciemtuam
3727 1927 3864 1995 tibi,

449 2039 556 2105 nec
587 2023 758 2080 Pater
782 2027 975 2080 vester
1002 2024 1257 2083 dimittet
1287 2027 1450 2110 vobis
1498 2034 1735 2101 peccata
1762 2037 1957 2090 vestra
1976 2035 2005 2089 ‘?
2033 2013 2090 2105 it.
2130 2044 2178 2110 Β
2206 2017 2264 2110 ei"
2293 2014 2762 2110 ιξιίεοςθξιιυνίυί-
2785 2019 3092 2072 convertat
3107 2013 3634 2072 Ποωίουδνυηυω
3659 2032 3865 2085 suum:

447 2104 614 2168 vclo.
1337 2107 1343 2112 ’
2059 2104 2062 2105 ⁷
2130 2104 2170 2110 ⁷
2207 2107 2265 2160 et
2293 2104 2390 2159 det
2416 2104 2521 2160 tibi
2555 2121 2780 2176 pacem.

519 2198 716 2254 Dicat:
743 2197 807 2254 in
840 2215 1052 2255 manus
1083 2204 1238 2268 tuas,
1269 2203 1527 2272 nomine,
1563 2201 1908 2265 commendo
1931 2210 2099 2282 spiri-
2275 2193 2400 2282 Alia
2450 2193 2764 2249 benedictio.
2827 2192 3140 2282 Benedicat
3195 2193 3300 2248 tibi
3361 2193 3649 2282 Dominus
3707 2193 3869 2250 Deus

447 2291 575 2342 tum
607 2302 826 2343 meum.
861 2289 1048 2344 Tribus
1095 2291 1302 2347 vicibus
1349 2296 1659 2366 capitulum
1702 2280 2094 2372 suscepimus,
2206 2281 2600 2372 omniP9t9P9v
2643 2286 2701 2338 et
2747 2280 3039 2338 ουειοάίθοί
3082 2285 3160 2346 ἴθ’
3192 2285 3250 2372 fit
3276 2296 3383 2354 ΡΘΓ
3429 2281 3867 2338 abundantiam

448 2377 624 2443 Deus,
657 2375 1120 2434 misericordiam
1151 2382 1313 2436 tuam
1345 2399 1516 2455 usque
1545 2384 1778 2441 dextera
1799 2368 1920 2456 tua,
1945 2390 2092 2445 Psul:
2206 2369 2394 2426 εδοοίῖ
2425 2369 2678 2442 Spiritus
2709 2387 2808 2426 θον
2837 2373 3004 2425 tuum
3023 2368 3377 2438 cOPPObOPBt,
3412 2373 3672 2426 mentem
3696 2374 3867 2426 tuam

449 2463 699 2536 Magnus
741 2465 1044 2522 Dominus.
1097 2467 1309 2525 Gloria.
1362 2471 1549 2545 Kyrie,
1602 2473 1850 2544 Christe,
1905 2477 2094 2551 Kyrie,
2207 2459 2552 2526 sanctiﬁcat:
2591 2459 2769 2515 Vitam
2827 2458 3175 2551 εὶῐῖιῐῗιίίξθθίίνΔ
3227 2457 3867 2551 εδείίφλοηίδξΠ-ἀθοο·

408 2585 416 2596 .
448 2553 619 2610 pater
646 2556 864 2610 ηοειθιι,
897 2554 964 2610 Et
993 2571 1086 2610 ne,
1141 2557 1458 2629 capitulum
1507 2567 1858 2632 convertere,
1919 2547 2096 2636 D'eus’
2209 2551 2312 2612 ret,
2345 2553 2517 2620 atque
2547 2564 2758 2604 sensus
2785 2551 2918 2604 tuos
2942 2548 3002 2602 in
3042 2547 3214 2604 bonis
3267 2547 3542 2619 operibus
3583 2547 3870 2605 informet

447 2640 900 2716 aliquantulum.
937 2644 1004 2699 Et
1033 2645 1364 2717 deprecare.
1412 2649 1614 2707 Salvos
1673 2651 1763 2709 fac
1811 2670 2009 2710 servos
2041 2635 2098 2712 et
2208 2637 2956 2710 Prosperatribuatvpacem
2979 2635 3549 2704 concedat’SaIUtem
3569 2637 3860 2706 conferat.

453 2730 700 2788 ancillas
729 2736 883 2798 tuas,
919 2735 1069 2788 Deus
1099 2750 1288 2790 meus.
1316 2735 1471 2792 Nihil
1505 2741 1769 2810 proficiat
1801 2743 2024 2800 inimici

2292 2726 2465 2782 istem
2498 2726 2738 2795 nutriat,
2770 2725 3112 2782 charitatem
3147 2725 3352 2790 foveat,
3384 2729 3440 2781 et
3469 2725 3542 2780 ab
3573 2725 3859 2782 omnibus

412 2815 525 2876 'Et
578 2815 738 2876 ﬁlius
793 2819 1145 2892 iniquitatis.
1206 2823 1370 2880 Mitte
1445 2827 1518 2898 ei,
1579 2828 1753 2899 Deus,
1814 2832 2099 2890 auxilium
2209 2815 2515 2872 diabolicis
2545 2819 2601 2870 et
2629 2815 2904 2871 humanis
2935 2813 3169 2870 insidiis
3197 2818 3392 2870 suate
3437 2830 3671 2886 semper
3719 2832 3866 2888 pro-

455 2908 526 2964 de
557 2901 785 2964 sancto.
817 2909 887 2964 Et
908 2909 980 2964 de
1009 2909 1167 2966 Sion.
1211 2911 1473 2981 Domine,
1527 2919 1733 2973 exaudi
1783 2921 2100 2980 orationem
2207 2903 2456 2960 ῗοθιίοηθ
2485 2904 2778 2972 defendat:
2807 2909 2874 2959 ut
2901 2903 3184 2977 (Ιυίάίίυίά
3230 2903 3302 2958 ab
3335 2919 3401 2959 θο
3431 2902 3864 2975 Ῥοειυιδνθτῖδν

453 3012 670 3054 meam.
701 2996 770 3052 Et
797 2996 1018 3054 clamor
1075 3015 1262 3056 meus.
1321 3004 1603 3061 Dominus
1649 3007 1973 3068 vobiscum.

2300 2997 2526 3048 menter
2555 2993 2850 3061 concedat,
2883 2993 3111 3049 auferat
3139 2992 3339 3048 omnia
3369 2990 3525 3048 mala
3563 3009 3692 3064 qua:
3726 3009 3865 3065 ges-

457 3102 617 3143 cum.
2211 3081 2360 3152 sisti,
2394 3086 2452 3138 et
2479 3081 2699 3138 tribuat
2726 3081 2832 3137 tibi
2863 3080 3132 3154 gratiam,
3156 3097 3333 3153 quam
3353 3097 3584 3153 semper
3609 3083 3866 3155 rogasti.

533 3175 736 3232 Oratio.
769 3175 1072 3248 Suscipere
1101 3177 1382 3252 digneris,
1407 3181 1652 3241 Domine
1682 3194 1900 3260 sancte,
1935 3194 2104 3248 Pater
2211 3170 2319 3238 Ουί
2349 3170 2514 3260 Vivis-

460 3260 851 3354 omnipotens,
882 3268 1092 3321 aeterne
1109 3266 1454 3336 Deus,hunc
1483 3271 1770 3332 famulum
1792 3258 1981 3349 tuum,
2001 3282 2101 3354 qui
2221 3350 2249 3354 Α
2283 3259 2490 3354 Dim?“
2513 3260 2849 3354 -αάπιθῃίῖαί,
2878 3275 3012 3354 ⁸9⁷⁷⁸,
3033 3259 3292 3354 “diem:
3355 3258 3524 3354 Patet:
3580 3263 3787 3354 nosmir
3818 3269 3874 3354 et,

459 3351 615 3408 viam
644 3351 858 3410 erroris
887 3353 1180 3412 dimittere
1218 3357 1396 3432 cupit,
1450 3365 1508 3416 et
1536 3363 1606 3418 ad
1641 3364 1794 3421 viam
1841 3348 2102 3427 veritatis
2139 3412 2178 3432 ,..
2211 3350 2392 3406 credo
2422 3348 2482 3404 in
2513 3349 2718 3406 Deum-
2751 3349 2956 3406 Πθίηάθ
2981 3350 3152 3420 [nam
3178 3365 3301 3404 eum
3329 3349 3574 3404 δπίνάοδ
3611 3351 3875 3422 conﬁtm'
3941 3392 3951 3400 -

1456 3412 1506 3416 _-
1538 3412 1606 3418 η
1654 3412 1794 3421 ......-
1852 3412 2032 3426 wn...

461 3455 694 3498 currere
723 3441 1050 3500 desiderat:
1087 3451 1550 3521 prmsta,qumso,
1580 3452 1846 3524 Domine,
1871 3458 2032 3516 utsic

1466 3468 1550 3517 so,
1580 3452 1846 3524 Domine,
1871 3463 1935 3513 ut
1955 3412 2107 3516 sic“;
2136 3412 2179 3479 Ο
2211 3443 2264 3496 et
2290 3455 2544 3494 accusare
2567 3438 2632 3494 de
2651 3441 2886 3510 peccatis
2902 3440 3037 3493 suis.

461 3545 598 3586 eum
627 3546 696 3586 ex
723 3547 878 3604 aqua
901 3535 958 3589 et
986 3533 1204 3606 Spiritu
1235 3542 1436 3593 sancto
1463 3539 1615 3596 dono
1644 3546 1755 3598 tuae
1785 3547 1984 3617 gratia:
2017 3565 2032 3603 ι

2301 3527 2572 3584 lonfitcor
2601 3527 2716 3583 Deo
2744 3526 3150 3600 omnipotenti,
3183 3529 3240 3582 et
3295 3527 3473 3581 beatae
3505 3526 3699 3582 Maria:
3731 3545 3872 3601 per-

439 3624 738 3692 ‘generare
766 3619 1042 3693 dignatus
1069 3640 1152 3691 es,
1187 3624 1266 3679 ita
1294 3629 1544 3684 concede
1571 3615 1883 3703 propitius,
1921 3641 1981 3691 ut
2003 3655 2010 3709 1

2299 3624 2398 3672 tua;
2428 3617 2676 3689 Virgini,
2708 3622 2766 3672 et
2820 3618 2985 3671 beato
3043 3615 3308 3670 Michaeli
3368 3615 3744 3689 archangelo,
3805 3624 3870 3674 et

459 3723 657 3765 veram
682 3713 1066 3783 sanctamque
1105 3714 1528 3773 confessionem
1579 3725 1790 3777 sancta;
1835 3704 2103 3782 Εοοιεέίω
2213 3707 2432 3764 sanctis
2462 3705 2742 3779 apostolis
2773 3705 2937 3761 Petro
2967 3709 3025 3760 et
3075 3704 3274 3772 Paulo,
3311 3710 3368 3760 et
3426 3705 3594 3760 beato
3655 3705 3870 3763 Blasio

459 3799 574 3852 tute
604 3798 906 3870 aggregari
940 3805 1250 3858 mereatur.
1286 3807 1413 3859 Per.
2213 3796 2453 3870 martyri
2487 3801 2586 3851 tuo
2615 3800 2673 3851 et
2702 3795 2978 3850 omnibus
3008 3792 3244 3860 sanctis,
3279 3797 3335 3849 et
3361 3792 3522 3849 vobis
3560 3793 3872 3863 Patribus,

533 3903 676 3958 Alia.
708 3903 951 3972 Exaudi,
983 3906 2103 3983 Domine,precesnostras,etconfitenti
2213 3903 2343 3983 inea
2391 3883 2582 3983 0,919.6“
2626 3901 2755 3983 me?
2783 3882 2974 3983 cu_l.pa’
3010 3899 3141 3983 me?
3159 3881 3399 3983 ,θίξηῗτίιῖ
3453 3881 3593 3954 qum
3623 3884 3874 3954 peccavi

459 3989 566 4046 tibi
598 4007 771 4062 parce
801 3971 1074 4064 peccatis,
1095 4001 1160 4051 ut
1189 3971 1363 4069 quem
1381 3971 2103 4070 conscientimsuzereat—u's.
2212 3976 2269 4032 in
2302 3973 2668 4071 °°.8“a“°“°'
2713 3971 3024 4071 l9cuti9rie’
3070 3971 3486 4071 .del.ecmti?ne,’
3541 3986 3877 4071 09n§en89’

459 4058 716 4148 accusat,
749 4058 1124 4155 indulgentiae
1157 4058 1270 4140 tua;
1301 4088 1600 4147 miseratio
1641 4093 1921 4154 absolvat.
1973 4058 2103 4157 De:
2209 4063 2491 4158 mihi?“
2513 4077 2711 4158 .oeref
2745 4059 3146 4158 i"..““'ie“i.°’
3171 4059 3228 4114 in
3261 4060 3538 4158 mimi“
3569 4058 3631 4158 i.n
3661 4058 3876 4158 11”?“

2085 4144 2098 4157 ’
2209 4152 2476 4221 εἱειὶο,σίη
2508 4150 2652 4206 falso
2697 4149 3054 4216 testimonio,
3087 4149 3149 4204 in
3205 4147 3535 4219 sacrilegio,
3587 4147 3645 4202 in
3674 4147 3877 4215 furto,

2210 4244 2270 4299 in
2303 4222 2528 4314 rapina,
2557 4241 2615 4294 in
2639 4239 3134 4311 concupiscentia,
3157 4238 3215 4292 in
3235 4236 3495 4302 avaritia,
3512 4253 3640 4292 mea
3661 4236 3880 4310 culpa,

2209 4349 2340 4388 mea
2367 4330 2560 4402 culpa,
2622 4345 2753 4384 mea
2797 4327 2989 4400 culpa.
3023 4327 3255 4382 Peccavi
3289 4325 3348 4380 in
3399 4325 3660 4398 quinque
3723 4343 3882 4382 sen-

2206 4422 2372 4478 sibus
2402 4417 2663 4492 corporis
2694 4416 2832 4484 mei,
2860 4416 3011 4486 visu,
3045 4415 3268 4483 auditu,
3302 4419 3502 4488 gustu,
3536 4415 3786 4470 odoratu
3809 4423 3884 4472 ct

2203 4514 2385 4577 tactu,
2437 4524 2567 4565 mea
2607 4505 2798 4578 culpa.
2862 4503 3092 4562 Peccavi
3152 4505 3210 4559 in
3241 4509 3370 4560 octo
3429 4501 3882 4575 principalibus

2200 4599 2378 4667 vitiis,
2410 4603 2467 4654 et
2497 4597 2554 4651 in
2588 4602 2810 4667 septem
2839 4592 3243 4650 criminalibus
3261 4593 3538 4664 peccatis,
3569 4595 3626 4647 et
3653 4591 3717 4648 in
3732 4609 3884 4650 om-

2201 4689 2375 4745 nibus
2407 4685 2562 4741 vitiis
2590 4685 2736 4740 meis
2771 4682 2962 4752 malis,
2987 4682 3438 4756 quibuscunque
3467 4680 3647 4736 miser
3672 4680 3879 4739 homo

2199 4793 2436 4852 peccare
2467 4778 2677 4848 potest.
2712 4773 2875 4828 Unde
2896 4789 3101 4845 precor
3130 4772 3360 4826 beatam
3390 4768 3695 4842 Virginem
3730 4769 3876 4827 Ma-

2203 4869 2370 4934 riam,
2404 4869 2461 4922 et
2489 4865 2725 4920 beatum
2758 4861 3102 4918 Micbaelem
3133 4857 3575 4932 archangelum,
3625 4863 3683 4914 et
3712 4875 3881 4916 san-

515 4932 739 5029 .Oraotio.
771 4937 1002 5029 Precor,
1069 4939 1327 5012 Domine,
1389 4944 1762 5004 clementiam
1822 4954 2006 5019 tuam,
2040 4959 2086 5011 et

2311 4975 2330 5013 3
2359 4932 2653 5028 apostolos
2683 4951 2916 5008 Petrum
2949 4956 3007 5006 et
3031 4949 3300 5016 Paulum,
3335 4952 3392 5004 et
3441 4947 3678 5003 beatum
3716 4947 3882 5006 Bla-

448 5020 1262 5114 miscricordiammajestatis
1287 5037 1422 5098 tuae,
1455 5038 1520 5088 ut
1551 5033 1688 5092 huic
1721 5037 1940 5096 famulo
1986 5045 2087 5099 tuo
2199 5047 2354 5104 sium
2381 5020 2698 5114 martyrem
2729 5043 2918 5109 tuum,
2951 5044 3008 5096 et
3037 5053 3242 5095 omnes
3268 5041 3503 5094 sanctos
3531 5038 3589 5092 et
3615 5040 3886 5097 sanctas

446 5110 684 5200 peccata
711 5114 768 5166 et
815 5112 1072 5174 facinora
1119 5123 1420 5178 confitenti
1470 5125 1700 5181 veniam
1755 5127 1998 5196 relaxes,
2033 5137 2090 5188 et
2200 5135 2320 5199 Dei,
2355 5110 2556 5196 c'tvos,
2562 5131 2780 5195 Patres,
2807 5144 3088 5200 orarepro
3105 5144 3195 5183 me
3209 5131 3510 5200 peccatore
3534 5125 3886 5185 Dominum

445 5196 871 5294 praeteritorum
904 5205 1217 5294 criminum
1251 5213 1452 5288 culpas
1481 5215 1776 5272 dimittere
1796 5218 2084 5290 digneris;
2199 5196 2467 5280 nostrum
2495 5221 2698 5276 Jcsum
2746 5196 3065 5274 Christum.
3099 5218 3166 5272 Et
3209 5196 3379 5272 iunde
3411 5214 3540 5271 volo
3589 5214 3886 5288 recipere

445 5283 548 5386 qui
569 5283 964 5386 humeristuis
985 5312 1149 5352 ovem
1168 5301 1454 5372 perditam
1471 5303 1747 5360 reduxisti
1770 5307 1841 5361 ad
1866 5309 2083 5378 caulas,
2199 5310 2598 5386 pmuitcntiam
2637 5324 2736 5379 pro
2768 5306 2882 5362 vita
2908 5311 2965 5362 et
2997 5310 3200 5362 morte.

443 5377 500 5429 et
528 5374 630 5468 qui
659 5379 956 5468 publicani
988 5387 1259 5456 precibus
1311 5395 1367 5444 et
1411 5392 1773 5448 confessione
1823 5374 2087 5468 placatus
2199 5374 2214 5386 ⁸
2267 5400 2560 5458 .lbsolutio.
2597 5374 2710 5452 Nos
2741 5413 2808 5452 ex
2829 5400 2988 5468 parte
3019 5395 3120 5452 Dei
3143 5393 3560 5466 omnipotentis
3579 5394 3637 5449 et
3665 5391 3892 5453 beatae

437 5467 619 5562 es,_tu
649 5465 822 5524 etiam
855 5469 1002 5562 huic
1025 5474 1242 5531 famulo
1268 5482 1368 5533 tuo
1403 5479 1649 5552 placare,
1706 5465 1966 5554 Domine,
2021 5493 2084 5545 tu
2197 5491 2389 5548 Maria
2441 5491 2727 5562 perpetuis
2783 5465 3042 5557 Virginis
3072 5488 3129 5541 et
3183 5465 3337 5540 beati
3396 5480 3702 5539 Michaelis
3758 5499 3892 5540 ar-

435 5551 616 5652 hujus
647 5571 848 5652 preces
875 5559 1161 5633 benignus
1210 5551 1462 5639 suscipe,
1522 5569 1749 5628 remitte
1804 5574 1855 5629 ei
1887 5551 2086 5636 omnia
2195 5551 2485 5652 changcli,
2519 5551 2576 5632 et
2602 5551 2919 5632 beatorumv
2936 5573 3339 5648 apostolorum
3371 5572 3524 5629 Petri
3550 5575 3608 5628 et
3654 5573 3895 5646 Pauli,

437 5649 686 5696 crimina
722 5649 779 5699 et
806 5653 1128 5737 peccata,et
1157 5654 1230 5710 da
1263 5655 1312 5710 ei
1343 5674 1446 5729 pro
1478 5660 1785 5733 suppliciis
1831 5665 2082 5737 veniam,
2194 5675 2254 5728 et
2283 5649 2439 5725 beati
2467 5664 2644 5721 Blasii
2678 5665 2972 5734 martyris,
2999 5667 3055 5720 ct
3082 5665 3348 5718 omnium
3404 5664 3744 5717 sanctorum
3795 5681 3902 5723 ac

439 5745 544 5828 Ρ¹ξ⁰
575 5746 822 5828 impio”
863 5733 1148 5808 Ῑίθίίιίθῐη,
1208 5761 1310 5816 pro
1359 5753 1542 5804 morte
1599 5751 1813 5815 Vitam:
1871 5758 1928 5809 et
1983 5733 2085 5828 qui
2195 5764 2554 5820 sanctarum,
2586 5769 2655 5807 ex
2687 5733 2876 5808 officio
2927 5758 3125 5808 nostro
3157 5753 3391 5820 damus,
3443 5754 3502 5805 et
3530 5749 3896 5810 conﬁrma-

443 5816 513 5869 ad
574 5821 795 5875 tantam
847 5840 1011 5896 spem
1072 5831 1321 5891 ccnlcstis
1379 5836 1562 5909 apicis
1619 5840 1927 5898 devolutus
1974 5816 2080 5915 est,
2196 5864 2328 5903 mus
2355 5845 2517 5902 vobis
2549 5857 2748 5898 verum
2776 5840 3096 5912 judicium,
3131 5845 3186 5896 et
3215 5857 3412 5897 veram
3444 5837 3904 5913 pmnitentiam

526 4185 671 4274 Alia.
702 4187 1020 4246 Praeveniat
1050 4189 1185 4255 huic
1208 4191 1426 4251 famulo
1458 4201 1579 4268 tuo,
1609 4215 1968 4274 quiesumus,
1994 4207 2101 4264 Do—

456 4273 636 4368 mine,
665 4275 1070 4368 misericordia
1101 4285 1221 4362 tua,
1257 4287 1324 4339 ut
1354 4300 1560 4342 omnes
1599 4273 2099 4368 iniquitatesejus

457 4361 630 4418 celeri
662 4362 1028 4438 indulgentia
1057 4361 1379 4427 deleantur.
1417 4373 1546 4444 Per,

527 4469 732 4526 Deinde
758 4475 963 4544 septem
1003 4476 1244 4546 psalmos
1293 4495 1418 4535 cum
1449 4481 1692 4540 lectione.
1755 4489 2092 4560 Capitulum,

452 4556 730 4616 Converte
760 4577 890 4630 nos,
922 4561 1098 4630 Deus,
1157 4565 1432 4625 salutaris
1484 4577 1698 4630 noster.
1755 4556 1840 4638 Et-
1877 4556 2087 4640 averte.

452 4647 597 4737 Fiat,
624 4648 800 4718 Deus,
853 4651 1257 4734 misericordia
1313 4661 1431 4713 tua.
1487 4659 1646 4718 Sicut
1700 4668 2088 4737 speravimus.

449 4734 714 4807 Domine,
747 4739 956 4796 exaudi
979 4727 1344 4803 “orationem:
1379 4747 1445 4802 Et
1487 4749 1708 4807 clamor
1732 4727 2089 4814 ⁵ῐιῑθιιεμῖἱπῦ-
2121 4782 2168 4848 D

449 4824 647 4848 “2—---
677 4827 973 4848 _-_L:-______

447 4824 648 4882 minus
677 4827 1004 4886 vobiscum.
