3978 6414
417 407 536 473 923

417 546 629 603 Sancte
655 541 908 614 Tiburti,
939 559 1022 599 or.

415 639 624 692 Sancte
654 633 964 699 Gaudenti,
998 651 1082 689 or.

417 726 626 780 Sancte
655 723 850 789 Paule,
885 740 967 778 or.

417 815 626 870 Sancte
658 811 934 877 Machari,
969 828 1054 866 or.

414 906 623 957 Sancte
651 901 876 966 Savine,
909 917 994 955 or.

415 991 630 1046 Omnes
664 990 850 1046 sancti
882 989 1266 1055 confessores,
1299 991 1459 1043 orate
1500 1003 1602 1058 pro
1634 1003 1721 1042 eo.

415 1080 585 1153 Kyrie
617 1079 856 1145 eleison,
889 1077 1117 1133 Christe
1154 1077 1392 1142 eleison,
1448 1075 1616 1147 Kyrie
1667 1074 1907 1130 eleison.
1957 1074 2061 1128 Pa-

485 1173 573 1224 ter
603 1171 817 1235 noster,
846 1170 902 1222 et
929 1184 999 1221 ne
1030 1183 1157 1222 nos.

490 1259 690 1313 Oratio.
727 1257 900 1320 Deus,
964 1255 1224 1310 fidelium
1284 1254 1548 1310 conditor
1594 1257 1646 1307 et
1709 1251 2060 1322 redemptor,

417 1347 623 1402 animae
655 1346 856 1400 famuli
882 1345 963 1400 tui
989 1345 1390 1400 remissionem
1423 1342 1686 1398 omnium
1719 1340 1909 1396 tribue
1931 1357 2062 1411 pec-

416 1441 698 1502 catorum,
734 1438 798 1488 ut
830 1433 1274 1504 indulgentiam,
1308 1448 1487 1502 quam
1547 1446 1778 1501 semper
1821 1429 2059 1501 optavit,

413 1527 810 1594 consequatur
839 1526 895 1577 et
927 1522 1211 1593 requiem.
1249 1521 1372 1576 Per.

875 1612 1150 1682 Incipiunt
1188 1611 1321 1666 alia?
1365 1610 1598 1665 litaniae.

411 1701 636 1757 Christe
668 1700 801 1754 audi
837 1716 962 1755 nos.
1000 1698 1148 1769 (ιεν.)

415 1790 584 1845 Pater
612 1789 682 1844 de
713 1787 842 1842 coeli
871 1788 1044 1854 Deus,
1079 1786 1355 1841 miserere
1395 1785 1465 1841 ei.

414 1877 540 1932 Filii
572 1877 904 1947 redemptor
942 1875 1147 1930 mundi
1178 1879 1352 1940 Deus,
1386 1873 1518 1930 mis.

414 1963 665 2036 Spiritus
695 1967 895 2020 sancte
926 1963 1100 2028 Deus,
1133 1961 1265 2016 mis.

414 2057 627 2112 Sancta
657 2054 916 2110 Trinitas
948 2057 1004 2107 et
1035 2069 1188 2107 unus
1216 2052 1389 2118 Deus,
1433 2051 1565 2106 mis.

415 2145 631 2201 Sancta
660 2142 864 2209 Maria,
887 2159 989 2197 ora
1018 2157 1121 2212 pro
1155 2157 1242 2196 eo.

416 2234 624 2290 Sancte
655 2230 921 2296 Michael,
954 2247 1037 2284 or.

413 2326 621 2377 Sancte
650 2319 902 2385 Gabriel,
937 2336 1020 2373 or.

413 2413 620 2465 Sancte
650 2407 926 2480 Raphael,
960 2425 1043 2462 or.

413 2500 626 2554 Omnes
657 2498 841 2554 sancti
875 2496 1063 2569 angeli
1097 2500 1153 2552 et
1184 2493 1538 2566 archangeli,
1574 2499 1732 2549 orate
1766 2511 1868 2565 pro
1895 2510 1984 2548 eo.

411 2591 620 2644 Sancte
651 2588 838 2652 Petre,
878 2603 960 2642 or.

411 2679 618 2732 Sancte
646 2674 840 2740 Paule,
873 2691 957 2729 or.

413 2766 620 2820 Sancte
650 2764 897 2829 Andrea,
927 2779 1010 2817 or.

412 2854 621 2909 Sancte
650 2853 928 2915 Joannes,
965 2867 1049 2906 or.

410 2945 618 2996 Sancte
647 2940 882 3009 Jacobe,
906 2956 989 2994 or.

410 3032 620 3087 Sancte
651 3028 933 3100 Philippe,
977 3045 1060 3082 or.

408 3121 616 3175 Sancte
645 3117 818 3173 Barth
828 3117 1084 3184 olomaee,
1120 3133 1202 3171 or.

405 3209 613 3264 Sancte
645 3206 930 3274 Matthiae,
964 3222 1046 3261 or.

404 3300 614 3352 Sancte
645 3295 892 3361 Thoma,
925 3312 1008 3350 or.

403 3386 612 3442 Sancte
639 3384 860 3452 Simon,
893 3402 976 3440 or.

405 3476 613 3530 Sancte
643 3474 948 3541 Thaddzee,
983 3492 1066 3529 or.

407 3565 616 3620 Sancte
647 3563 884 3631 Mathia,
919 3580 1000 3619 or.

404 3655 612 3708 Sancte
638 3651 923 3720 Barnaba,
959 3669 1040 3706 or.

401 3743 611 3796 Sancte
641 3740 914 3812 Cleopha,
949 3758 1032 3796 or.

403 3831 614 3885 Sancte
643 3830 967 3894 Timothee,
1001 3847 1084 3884 or.

404 3919 616 3973 Sancte
647 3918 857 3984 Marce,
894 3935 977 3972 or.

402 4006 620 4060 Omnes
652 4006 838 4060 sancti
861 4004 1107 4076 apostoli
1137 4010 1195 4060 et
1223 4004 1611 4076 evangelistae,
1647 4009 1808 4060 orate
1831 4022 1932 4076 pro
1962 4023 2049 4061 eo.

406 4093 569 4166 Kyrie
598 4093 836 4160 eleison,
874 4093 1101 4148 Christe
1132 4093 1372 4161 eleison,
1403 4093 1574 4166 Kyrie
1613 4092 1852 4150 eleison.
1887 4095 2055 4151 Pater

403 4187 620 4240 noster.
649 4184 718 4238 Et
750 4199 818 4238 ne
851 4199 977 4237 nos.

476 4271 680 4327 Oratio.
716 4271 986 4334 Oramus,
1049 4271 1421 4343 omnipotens
1461 4273 1636 4342 Deus,
1670 4277 1735 4327 ut
1794 4273 2052 4328 animam

403 4360 608 4416 famuli
636 4361 719 4414 tui
751 4359 1064 4415 clementer
1093 4359 1400 4431 suscipias,
1435 4359 1536 4432 qui
1567 4361 1636 4415 ad
1671 4366 1840 4417 tuum
1885 4379 2052 4417 sanc-

403 4451 531 4501 tum
564 4446 879 4519 imperium
912 4445 1002 4501 sui
1049 4445 1291 4518 reliquit
1346 4448 1604 4520 corporis
1665 4449 2049 4519 domicilium,

402 4536 662 4608 dumque
694 4540 747 4591 te
771 4535 1015 4606 jubente
1046 4537 1117 4591 ad
1148 4541 1362 4592 terram
1411 4536 1739 4606 revertitur,
1791 4539 2049 4595 animam

1613 405 1800 470 SEO.
1840 405 1922 468 XI
1963 403 2274 468 MONUM.
2317 402 2632 466 LITUBG.

2090 541 2146 608 Α
2174 541 2382 594 Sancta
2409 535 2653 610 Agatha,
2687 551 2769 591 or.

2093 1907 2140 1971 B

3698 395 3827 458 924

2172 629 2384 683 Sancta
2411 629 2627 699 Agnes,
2660 642 2744 681 or.

2173 719 2388 774 Sancta
2417 716 2616 784 Lucia,
2653 732 2739 771 or.

2173 808 2386 862 Sancta
2409 805 2760 873 Christiana,
2791 821 2874 859 or.

2173 896 2388 951 Sancta
2417 895 2745 962 Anastasia,
2780 911 2864 949 or.

2171 988 2380 1039 Sancta
2410 983 2688 1056 Eugenia,
2724 1000 2806 1038 or.

2170 1077 2380 1128 Sancta
2410 1072 2764 1138 Iunocentia,
2799 1089 2882 1128 or.

2171 1161 2388 1217 Omnes
2418 1165 2630 1216 sanctae
2655 1161 2928 1233 virgines,
2962 1161 3120 1214 orate
3152 1177 3254 1232 pro
3285 1176 3371 1215 eo.

2171 1250 2383 1306 Omnes
2415 1251 2601 1305 sancti
2633 1255 2690 1305 et
2716 1253 2928 1305 sanctas
2961 1249 3085 1316 Dei,
3117 1253 3277 1304 orate
3307 1266 3410 1321 pro
3442 1264 3528 1305 eo.

2171 1340 2338 1411 Kyrie
2369 1339 2608 1406 eleison,
2642 1339 2868 1394 Christe
2899 1338 3136 1406 eleison,
3168 1339 3336 1411 Kyrie
3366 1338 3606 1394 eleison.
3653 1339 3826 1394 Pater

2172 1434 2387 1484 noster.
2422 1430 2490 1483 Et
2518 1445 2587 1484 ne
2620 1446 2744 1485 nos.

2244 1517 2448 1572 Oratio.
2485 1522 2656 1584 Deus,
2689 1519 2780 1573 cui
2817 1519 3118 1590 proprium
3151 1522 3240 1574 est
3283 1518 3546 1574 misereri
3593 1535 3829 1591 semper

2171 1611 2218 1662 el
2258 1624 2512 1680 parcere,
2546 1607 2778 1681 suscipe
2807 1609 3280 1680 deprecationem
3313 1613 3576 1665 nostram
3606 1626 3712 1681 pro
3747 1609 3829 1664 fa-

2172 1697 2332 1751 mulo
2364 1700 2484 1764 tuo,
2523 1703 2578 1751 et
2609 1713 2782 1768 quem
2817 1697 3166 1753 delictorum
3200 1701 3410 1753 catena
3447 1697 3825 1771 constringit,

2172 1785 2468 1840 miseratio
2502 1789 2611 1840 tuae
2643 1786 2876 1857 pietatis
2907 1785 3189 1843 absolvat.
3223 1790 3351 1841 Per.

2779 1877 2922 1932 Aliae
2951 1876 3181 1931 litanias.

2169 1963 2396 2019 Christe
2429 1963 2564 2019 audi
2595 1981 2719 2019 nos.
2755 1965 2900 2034 (ιεν.)

2170 2053 2382 2108 Sancta
2411 2053 2610 2120 Maria,
2644 2052 2936 2108 intercede
2967 2070 3070 2124 pro
3112 2069 3198 2108 eo.

2167 2145 2376 2196 Sancta
2407 2141 2507 2196 Dei
2537 2141 2817 2210 Genitrix,
2850 2143 2958 2197 int.

2166 2233 2376 2284 Sancta
2402 2230 2583 2284 Mater
2610 2229 2863 2298 Domini,
2897 2230 3002 2284 int.

2168 2319 2377 2373 Sancte
2409 2317 2623 2373 chorus
2657 2319 2992 2386 cherubim,
3024 2319 3131 2374 int.

2168 2408 2378 2463 Sancte
2409 2407 2622 2464 chorus
2654 2407 2972 2479 seraphim,
3007 2409 3113 2463 int.

2169 2497 2377 2552 Sancte
2407 2496 2619 2551 chorus
2651 2497 3015 2569 angelorum,
3048 2497 3155 2552 int.

2169 2587 2376 2641 Sancte
2410 2585 2625 2641 chorus
2645 2585 3134 2657 patriarcharum,
3174 2585 3280 2640 int.

2169 2674 2379 2730 Sancte
2409 2673 2623 2730 chorus
2655 2675 3074 2746 apostolorum,
3105 2674 3212 2729 int.

2167 2764 2376 2819 Sancte
2408 2763 2622 2820 chorus
2653 2768 2999 2836 martyrum,
3033 2763 3138 2819 int.

2167 2852 2379 2907 Sancte
2411 2852 2626 2907 chorus
2657 2851 2981 2919 doctorum,
3007 2853 3123 2907 .int.

2167 2941 2377 2996 Sancte
2408 2939 2622 2996 chorus
2649 2941 3040 3008 sacerdotum,
3075 2941 3180 2996 int.

2165 3030 2377 3084 Sancte
2406 3029 2618 3086 chorus
2650 3028 2976 3098 levitarum,
3012 3031 3117 3086 int.

2164 3118 2375 3173 Sancte
2404 3117 2616 3173 chorus
2647 3118 3090 3185 monachorum,
3123 3117 3228 3173 int.

2164 3207 2375 3262 Sancte
2404 3206 2617 3262 chorus
2649 3207 3045 3274 innocentum,
3084 3207 3188 3261 int.

2082 3263 2125 3329 C
2165 3297 2373 3351 Sancte
2403 3295 2617 3352 chorus
2639 3295 2953 3368 virginum,
2990 3297 3094 3351 int.

2162 3385 2367 3439 Omnis
2397 3383 2610 3440 chorus
2643 3384 2906 3440 omnium
2939 3385 3411 3451 sanctorum,int.

2161 3473 2262 3529 Fili
2296 3473 2416 3537 Dei,
2452 3473 2724 3530 miserere
2755 3473 2827 3529 ei.
2858 3474 3000 3546 (bis).

2163 3561 2515 3633 Redemptor
2539 3563 2764 3630 mundi,
2799 3563 2937 3622 mis.

2161 3650 2234 3706 Ut
2261 3651 2490 3707 veniam
2521 3651 2572 3707 ei
2605 3653 2806 3720 dones,
2843 3660 2894 3708 te
2925 3668 3223 3726 rogamus.

2161 3738 2234 3794 Ut
2261 3740 2439 3795 vitam
2471 3741 2520 3796 ei
2557 3742 2758 3812 dones,
2790 3745 2846 3797 te
2877 3758 2999 3814 rog.

2163 3829 2235 3884 Ut
2261 3834 2530 3885 sanctum
2562 3831 2900 3901 paradisum
2932 3831 2983 3886 ei
3011 3832 3214 3900 dones,
3248 3835 3304 3888 te
3333 3848 3456 3904 rog.

2163 3917 2234 3973 Ut
2262 3917 2457 3974 locum
2491 3918 2772 3991 refrigerii
2806 3919 2858 3975 ei
2889 3921 3090 3986 dones,
3126 3924 3179 3976 te
3211 3936 3334 3992 rog.

2162 4011 2234 4062 Ut
2267 4007 2318 4062 ei
2350 4024 2578 4079 parcas,
2613 4013 2665 4064 te
2698 4025 2819 4081 rog.

2165 4097 2236 4153 Ut
2265 4097 2316 4152 ei
2343 4097 2670 4169 indulgeas,
2705 4102 2760 4152 te
2791 4115 2912 4170 rog.

2161 4185 2235 4241 Ut
2260 4184 2666 4241 misericordiae
2697 4190 2754 4241 et
2784 4186 3156 4259 indulgentia
3190 4187 3385 4242 locum
3416 4187 3468 4244 ei
3501 4188 3710 4259 dones,
3765 4193 3830 4246 te

2234 4291 2358 4346 rog.

2163 4363 2235 4419 Ut
2272 4369 2640 4435 peccatorum
2673 4364 2801 4434 ejus
2833 4381 2948 4420 non
2979 4364 3324 4431 recorderis,
3359 4369 3417 4420 te
3447 4381 3572 4437 rog.

2795 4454 2932 4509 Alta?
2967 4455 3184 4511 litaniw

2162 4541 2411 4608 Christe,
2447 4542 2584 4596 audi
2607 4558 2732 4597 nos.
2767 4543 2914 4614 (ten)

401 4642 580 4697 quam
612 4641 952 4697 regenerare
982 4625 1261 4698 dignatus
1291 4641 1353 4681 es
1386 4626 1698 4699 baptismo,
1743 4629 2049 4702 aggregari
2082 4632 2130 4696 D
2163 4629 2457 4702 Pr0pitius
2487 4633 2633 4696 esto,
2667 4647 2839 4701 parce
2868 4631 2942 4698 ei,
2971 4632 3238 4688 Domine.

400 4714 702 4787 praecipias
724 4715 1024 4785 justorum
1056 4715 1385 4771 consortiis.
1421 4716 1545 4772 Per.

1024 4804 1157 4859 Aliae
1187 4805 1426 4861 litaniaa.

400 4891 614 4948 Christi
649 4893 785 4948 audi
809 4909 937 4948 nos.
971 4892 1119 4965 (ten)

401 4984 612 5036 Sancta
635 4982 926 5046 Susanna,
961 4998 1062 5036 ora
1088 4998 1192 5054 pro
1224 4998 1314 5038 eo.

401 5069 614 5125 Sancta
644 5067 934 5136 Felicitas,
965 5086 1053 5124 or.

402 5157 617 5212 Sancta
649 5157 728 5213 Eu
735 5158 994 5230 phemia,
1026 5177 1108 5214 or.

401 5246 618 5302 Sancta
647 5247 898 5315 Caecilia,
935 5267 1017 5303 or.

400 5336 615 5390 Sancta
644 5335 944 5409 Perpetua,
988 5355 1072 5393 or.

400 5425 615 5480 Sancta
643 5425 1022 5493 Scholastica,
1057 5444 1140 5482 or.

400 5515 615 5571 Sancta
645 5514 944 5582 Columba,
973 5533 1058 5572 or.

402 5605 617 5659 Sancta
649 5606 832 5670 Anna,
867 5622 950 5658 or.

402 5692 618 5750 Sancta
651 5691 970 5762 Elisabeth,
1002 5709 1084 5747 or.

2173 4718 2464 4789 PrOpitius
2493 4723 2638 4786 esto,
2671 4718 2855 4776 libera
2883 4736 3038 4789 eum,
3073 4721 3336 4777 Domine.

2160 4807 2246 4862 Ab
2278 4806 2365 4862 ira
2396 4811 2517 4873 tua,
2553 4806 2652 4862 lib.

2159 4898 2204 4951 A
2233 4912 2403 4968 poena
2431 4895 2662 4965 inferni,
2696 4897 2797 4952 lib.

2157 4987 2203 5040 A
2235 4984 2610 5042 damnatione
2641 4991 2877 5054 acterna,
2908 4987 3008 5044 lib.

2158 5076 2204 5130 A
2236 5078 2520 5148 potestate
2553 5075 2790 5142 diaboli,
2821 5075 2924 5133 lib.

2158 5166 2205 5218 A
2235 5180 2538 5236 pmnarum
2570 5163 2733 5235 locis,
2765 5165 2866 5222 lib.

2157 5255 2204 5308 A
2239 5257 2423 5308 morte
2453 5254 2728 5320 secunda,
2760 5255 2861 5310 lib.

2160 5349 2206 5397 A
2239 5342 2506 5414 gehenna
2539 5342 2710 5415 ignis,
2743 5344 2847 5400 lib.

2159 5434 2204 5488 A
2235 5431 2379 5488 locis
2410 5431 2698 5501 obscuris,
2732 5432 2832 5488 lib.

2159 5521 2245 5575 Ab
2277 5521 2434 5576 omni
2466 5521 2757 5594 angustia,
2794 5522 2896 5578 lib.

2160 5612 2207 5665 A
2237 5614 2609 5682 peccatorum
2639 5609 2877 5682 ultione,
2912 5611 3013 5670 lib.

2160 5701 2205 5755 A
2238 5698 2526 5771 supplicio
2556 5702 3004 5772 tormentorum,
3040 5703 3140 5759 lib.
