3978 6354
262 592 354 649 Ab
383 590 539 649 omni
574 590 749 662 malo,
776 590 879 649 lib.

265 680 438 753 Kyrie
465 681 703 751 eleison,
737 683 965 738 Christe
996 681 1234 749 eleison,
1266 680 1437 754 Kyrie
1466 679 1706 736 eleison.
1745 679 1913 734 Pater

339 775 552 828 noster.
583 773 651 828 Et
679 788 751 829 ne
782 790 907 830 nos.

339 862 543 918 Oratio.
567 861 946 934 Omnipotens
973 861 1324 934 sempiterne
1345 862 1519 927 Deus,
1544 863 1913 915 conservator

268 950 620 1021 animarum,
637 952 736 1024 qui
760 968 905 1023 quos
927 951 1142 1024 diligis,
1161 950 1423 1022 corripis,
1442 954 1497 1005 et
1512 966 1659 1021 quos
1681 948 1911 1020 recipis,

268 1039 363 1113 pie
381 1040 451 1097 ad
471 1040 935 1097 emendationem
949 1045 1262 1107 coerces,te
1277 1039 1634 1109 invocamus,
1648 1037 1911 1105 Domine,

266 1132 334 1184 ut
366 1128 652 1185 medelam
685 1133 845 1185 tuam
877 1130 1137 1186 conferre
1171 1129 1431 1201 digneris
1471 1128 1679 1183 animae
1709 1124 1915 1183 famuli

268 1217 493 1290 tui,qui
528 1218 585 1272 in
618 1235 857 1291 corpore
881 1218 1278 1274 membrorum
1301 1215 1915 1282 debilitationem,vim

270 1304 511 1371 laboris,
537 1307 808 1363 stimulas
840 1308 1091 1363 sustinet
1120 1306 1476 1362 infirmitatis
1505 1324 1517 1362 :
1553 1307 1628 1361 da
1656 1305 1733 1372 ei,
1763 1322 1915 1376 qua:-

272 1411 504 1465 sumus,
537 1395 784 1470 gratiam
814 1400 977 1451 tuam
1004 1395 1158 1468 piam
1192 1412 1340 1460 esse,
1375 1400 1439 1451 ut
1470 1396 1528 1450 in
1559 1395 1704 1450 hora
1729 1393 1917 1449 exitus

271 1483 431 1541 illius
462 1485 533 1541 de
562 1502 803 1557 corpore
833 1486 1054 1558 absque
1084 1485 1303 1557 peccati
1337 1483 1567 1540 macula
1596 1483 1698 1539 tibi
1730 1481 1919 1538 datori

272 1574 507 1647 proprio
538 1591 639 1647 per
670 1591 878 1630 manus
905 1578 1240 1630 sanctorum
1275 1572 1675 1646 repraesentari
1708 1588 1921 1627 merca-

272 1666 372 1718 tur
398 1663 599 1720 anima
627 1664 775 1736 ejus.
809 1665 934 1720 Per.

344 1752 542 1824 Incipit
582 1753 972 1809 commendatio
1020 1755 1241 1820 animae,
1282 1757 1575 1823 antequam
1611 1751 1924 1820 egrediatur

274 1839 341 1896 de
370 1856 609 1913 corpore.

347 1929 684 2000 Subvenite,
718 1930 903 1991 sancti
936 1930 1054 1987 Dei.
1089 1931 1381 2003 Suscipiat
1408 1933 1465 1986 te
1494 1928 1779 1985 Christus.

350 2019 738 2087 Proﬁciscere,
759 2020 955 2077 anima
976 2019 1326 2086 Christiana,
1347 2021 1417 2075 de
1447 2019 1556 2075 hoc
1587 2019 1828 2085 mundo,
1862 2017 1922 2072 in

277 2107 517 2164 nomine
560 2107 662 2164 Dei
691 2109 879 2164 Patris
913 2114 940 2174 τι
975 2109 1412 2181 omnipotentis,
1437 2108 1537 2180 qui
1588 2112 1644 2163 te
1690 2107 1923 2172 creavit,

277 2196 339 2252 in
389 2197 624 2253 nomine
673 2198 816 2253 Jesu
846 2197 1059 2254 Christi
1090 2203 1117 2263 τι
1144 2198 1272 2254 Filii
1304 2198 1404 2253 Dei
1434 2197 1568 2263 vivi,
1593 2197 1694 2269 qui
1736 2212 1840 2269 pro
1874 2200 1929 2252 te

277 2303 492 2359 passus
540 2290 651 2355 est,
682 2286 740 2341 in
788 2287 1025 2343 nomine
1070 2286 1321 2359 Spiritus
1366 2287 1625 2355 sancti’r,
1652 2286 1750 2358 qui
1782 2285 1841 2340 in
1875 2290 1930 2340 te

281 2376 504 2430 effusus
534 2379 642 2431 est.
670 2375 921 2446 Adjuvet
966 2379 1169 2431 sancta
1205 2375 1461 2431 Trinitas
1509 2391 1611 2447 per
1655 2373 1929 2429 interces-

281 2463 509 2519 sionem
560 2468 895 2520 sanctorum
948 2465 1309 2538 angelorum,
1337 2469 1394 2520 et
1427 2463 1930 2536 archangelorum,

284 2552 631 2608 thronorum
666 2557 722 2608 et
760 2552 1248 2621 dominationum,
1281 2553 1716 2626 principaluum
1747 2555 1804 2607 et
1834 2568 1933 2623 po-

279 2643 655 2709 testatum,et
670 2642 934 2697 omnium
957 2643 1260 2709 virtutum,
1276 2642 1599 2709 cherubim,
1615 2640 1933 2713 seraphim,

288 2731 554 2787 etomnis
577 2731 820 2787 humani
838 2732 1385 2805 generis,quidquid
1410 2748 1443 2788 a
1463 2736 1572 2786 Deo
1597 2734 1936 2801 susceptum

284 2822 395 2885 est,
421 2819 887 2891 patriarcharum
918 2825 976 2876 et
1000 2820 1438 2894 prophetarum,
1459 2819 1856 2893 apostolorum
1884 2822 1941 2873 et

284 2910 632 2981 martyrum,
647 2909 1049 2964 confessorum
1075 2914 1131 2965 et
1150 2909 1464 2983 virginum,
1494 2910 1863 2966 sacerdotum
1885 2910 1942 2962 et

285 2995 616 3062 levitarum,
641 3001 700 3053 et
717 2998 981 3054 omnium
1006 2998 1267 3055 Ecclesiae
1298 2998 1592 3055 catholicae
1623 2999 1942 3070 graduum:

291 3085 715 3143 monachorum
738 3091 795 3144 et
818 3088 1322 3144 anachoretarum.
1347 3087 1529 3143 Hodie
1557 3089 1744 3144 tactus
1775 3087 1852 3144 sit
1881 3087 1940 3143 in

290 3191 434 3247 pace
462 3174 626 3231 locus
654 3178 814 3245 tuus,
837 3180 894 3231 et
934 3176 1215 3232 habitatio
1260 3181 1361 3232 tua
1391 3176 1449 3231 in
1479 3175 1805 3232 Jerusalem
1836 3193 1944 3233 cne-

292 3262 521 3320 lestem.
555 3265 663 3320 Per
690 3264 1024 3321 Dominum.

1053 455 1438 522 exceap'r.
1482 454 1590 517 ex
1633 450 1865 515 conn.
1906 432 2225 511 LITURG.
2272 449 2872 514 FONTAVELLAN.

1936 579 1997 655 Α
2094 587 2317 654 Libera,
2346 587 2608 654 Domine,
2633 585 2893 642 animam
2925 584 3073 642 servi
3096 585 3204 653 tui,
3231 583 3384 642 sicut
3405 584 3666 641 liberasti

3529 430 3663 510 ‘926

2019 678 2196 733 David
2225 679 2296 734 de
2322 695 2501 733 manu
2523 676 2661 734 Saul
2693 677 2846 750 regis
2865 681 2922 732 et
2946 676 3200 746 Goliath,
3222 679 3278 733 et
3298 676 3371 732 de
3395 676 3667 733 omnibus

2019 766 2268 823 vinculis
2298 769 2443 837 ejus.

2093 855 2317 923 Libera,
2340 856 2606 923 Domine,
2629 856 2889 912 animam
2920 856 3070 912 servi
3091 857 3199 923 tui,
3224 857 3379 913 sicut
3407 856 3670 914 liberasti

2021 946 2141 999 tres
2171 960 2380 1015 pueros
2413 945 2482 999 de
2513 942 2745 999 camino
2773 943 2923 1017 ignis
2950 945 3207 1001 ardentis
3227 949 3284 1001 et
3303 946 3373 1002 de
3397 946 3671 1003 manibus

1992 1084 1995 1085 ,
2024 1032 2209 1105 iniqui
2242 1033 2416 1105 regis.

2096 1121 2321 1190 Libera,
2347 1122 2611 1189 Domine,
2636 1122 2893 1178 animam
2917 1123 3065 1179 servi
3099 1124 3208 1190 tui,
3232 1124 3385 1181 sicut
3412 1124 3672 1182 liberasti

2025 1212 2356 1266 Suzannam
2389 1211 2459 1265 de
2493 1210 2638 1266 falso
2669 1211 2934 1267 crimine.

2097 1299 2316 1367 Libera,
2345 1299 2603 1366 Domine,
2629 1300 2887 1354 animam
2917 1300 3065 1356 servi
3098 1301 3203 1368 tui,
3231 1301 3384 1359 sicut
3414 1300 3674 1360 liberasti

2026 1389 2350 1443 humanum
2377 1404 2562 1461 genus
2589 1406 2692 1461 per
2714 1388 3045 1460 passionem
3068 1390 3300 1447 Domini
3332 1391 3515 1448 nostri
3536 1394 3675 1449 Jesu

2028 1476 2265 1533 Christi.

2103 1566 2319 1633 Libera,
2353 1564 2612 1634 Domine,
2646 1565 2903 1622 animam
2953 1567 3156 1623 famuli
3206 1570 3314 1637 tui,
3348 1570 3503 1627 sicut
3532 1570 3674 1629 libe-

2031 1654 2173 1711 rasti
2202 1655 2437 1711 Petrum
2469 1658 2526 1710 et
2554 1654 2801 1710 Paulum
2831 1656 2903 1711 de
2932 1657 3282 1726 carceribus.

2102 1744 2326 1811 Libera,
2355 1743 2595 1799 Domine
2624 1745 2884 1800 animam
2916 1747 3065 1801 servi
3096 1748 3203 1816 tui,
3237 1748 3389 1804 sicut
3417 1749 3676 1808 liberasti

2033 1831 2307 1888 Theclam
2343 1832 2414 1888 de
2446 1832 2635 1888 medio
2667 1833 3017 1905 spectaculo.

1956 1954 2004 2020 B
2103 1922 2198 1978 Sic
2237 1921 2482 1977 liberare
2511 1921 2789 1993 digneris,
2823 1922 3089 1988 Domine,
3124 1925 3383 1981 animam
3425 1927 3683 1985 hominis

2036 2010 2230 2082 istius,
2252 2014 2309 2066 et
2338 2014 2532 2066 tecum
2564 2010 2827 2067 habitare
2876 2011 2934 2067 in
2984 2012 3152 2069 bonis
3183 2014 3516 2074 coelestibus
3546 2035 3682 2075 con-

2036 2101 2195 2157 cede.
2229 2101 2354 2155 Per.

2111 2191 2315 2245 Oratio.
2349 2189 2447 2244 Pio
2479 2190 2897 2247 recordationis
2946 2193 3177 2261 affectu,
3209 2194 3419 2252 fratres
3465 2196 3686 2255 charis-

2039 2278 2207 2345 simi,
2266 2279 2882 2336 commemorationem
2950 2281 3198 2339 facimus
3255 2284 3416 2341 chari
3477 2287 3685 2355 nostri,

2041 2384 2213 2440 quem
2251 2368 2528 2423 Dominus
2558 2368 2627 2422 de
2660 2367 2868 2440 laqueo
2898 2370 3215 2428 tentatione
3262 2373 3440 2445 hujus
3491 2376 3687 2437 saeculi

2042 2456 2385 2529 assumpsit,
2417 2457 2788 2513 obsecrantes
2838 2457 3296 2517 misericordiam
3335 2463 3435 2518 Dei
3479 2466 3685 2531 nostri,

2045 2550 2108 2600 ut
2136 2545 2261 2617 ipse
2297 2545 2345 2600 ei
2391 2545 2647 2601 tribuere
2679 2545 2954 2618 dignetur
2999 2548 3273 2620 placitam
3324 2555 3383 2607 et
3430 2553 3687 2625 quietam

2044 2634 2409 2690 mansionem
2443 2636 2499 2688 et
2527 2634 2785 2691 remittat
2827 2652 3030 2693 omnes
3077 2637 3311 2695 lubricae
3343 2643 3689 2700 temeritatis

2044 2724 2316 2786 offensas,
2330 2727 2417 2789 ut,
2434 2739 2712 2780 concessa
2731 2724 2897 2781 venia
2913 2724 3097 2797 plenae
3117 2726 3691 2804 indulgentiw,quid-

2049 2812 2191 2884 quid
2221 2812 2280 2867 in
2312 2812 2422 2867 hoc
2460 2812 2670 2868 saeculo
2714 2813 2946 2885 proprio
2995 2819 3158 2871 reatu
3204 2816 3469 2889 deliquit,
3500 2824 3690 2877 totum

2047 2899 2325 2956 ineffabili
2359 2900 2569 2972 pietate
2589 2918 2654 2957 ac
2683 2901 3041 2975 benignitate
3063 2922 3171 2960 sua
3189 2905 3380 2963 deleat
3400 2911 3457 2963 et
3476 2909 3694 2967 abster-

2048 2994 2165 3063 gat.
2199 2990 2360 3055 Quod
2391 2989 2517 3063 ipse
2547 2994 2823 3062 praestare
2852 2992 3144 3064 dignetur,
3169 2995 3269 3067 qui
3298 3012 3431 3052 cum
3453 2998 3622 3056 Patre
3639 3003 3696 3055 et

2048 3078 2268 3152 Spiritu
2299 3084 2499 3135 sancto
2528 3079 2668 3134 vivit
2696 3084 2752 3136 et
2781 3085 3002 3154 regnat.

2124 3170 2327 3225 Oratio.
2361 3169 2536 3237 Deus,
2568 3168 2660 3223 cui
2709 3169 2906 3225 omnia
2953 3170 3171 3241 vivunt,
3203 3175 3260 3228 et
3290 3172 3383 3228 cui
3434 3191 3551 3230 non
3596 3192 3696 3249 pe-

2053 3262 2240 3324 reunt,
2273 3275 2515 3329 corpora
2541 3262 2759 3325 nostra,
2784 3259 2885 3314 sed
2915 3263 3221 3316 mutantur
3268 3261 3327 3317 in
3379 3264 3610 3334 melius,
3642 3269 3699 3321 te

364 3352 659 3426 Suscipiat
682 3357 739 3409 te
759 3358 999 3410 sanctus
1021 3354 1266 3410 Michael
1289 3354 1802 3427 archangelus,qui
1836 3356 1941 3410 mi-
1972 3322 2015 3390 α
2054 3322 2345 3420 supplices
2375 3322 2785 3418 deprecamur,
2820 3351 2884 3402 ut
2926 3347 3214 3404 famulum
3261 3355 3431 3407 tuum
3477 3322 3695 3426 suscipi

291 3440 429 3497 litiaa
447 3441 699 3499 caelestis
720 3443 935 3499 meruit
953 3443 1617 3516 principatum.0bvient
1631 3443 1736 3499 tibi
1756 3445 1941 3500 sancti

294 3531 487 3604 angeli
515 3530 640 3599 Dei,
667 3535 724 3587 et
755 3532 1075 3604 perducant
1095 3537 1148 3588 te
1170 3533 1229 3586 in
1252 3532 1543 3588 civitatem
1571 3537 1832 3588 sanctam
1854 3534 1943 3589 Je-

294 3618 572 3676 rusalem.
597 3620 889 3693 Suscipiat
929 3625 985 3677 te
1026 3622 1233 3677 beatus
1265 3621 1468 3677 Petrus
1498 3621 1817 3693 apostolus,
1849 3621 1942 3677 cui

294 3726 328 3765 a
350 3708 467 3765 Deo
487 3708 676 3766 claves
698 3709 859 3783 regni
876 3709 1151 3766 caelorum
1185 3709 1407 3765 traditae
1439 3715 1596 3765 sunt.
1620 3711 1724 3783 Adj
1735 3715 1868 3766 uvet
1890 3716 1944 3766 te

297 3801 538 3854 sanctus
566 3797 803 3865 Paulus,
827 3799 925 3871 qui
975 3799 1189 3872 dignus
1221 3799 1331 3854 fuit
1361 3816 1488 3855 esse
1519 3817 1618 3855 vas
1649 3800 1946 3856 electionis

295 3884 418 3941 Dei.
444 3885 767 3941 Intercedat
798 3902 899 3957 pro
929 3889 985 3941 te
1016 3890 1255 3943 sanctus
1294 3888 1550 3944 Joannes
1595 3887 1812 3944 electus
1845 3889 1941 3944 Dei

298 3972 727 4046 apostolus,cui
760 3973 1012 4031 revelata
1051 3980 1189 4030 sunt
1217 3980 1440 4045 secreta
1468 3976 1743 4032 coelestia.
1769 3978 1947 4032 Orent

298 4078 402 4135 pro
432 4066 489 4117 te
520 4078 724 4117 omnes
753 4063 938 4119 sancti
970 4067 1028 4119 et
1058 4063 1222 4119 electi
1255 4064 1356 4120 Dei
1387 4064 1654 4137 apostoli,
1674 4065 1890 4137 quibus
1915 4084 1948 4121 a

298 4149 545 4207 Domino
584 4141 721 4207 data
749 4155 842 4207 est
888 4156 1145 4224 potestas
1192 4152 1408 4225 ligandi
1458 4159 1631 4225 atque
1663 4154 1945 4210 solvendi.

299 4239 585 4310 Egredere
614 4238 675 4294 in
708 4239 993 4306 nomine]L
1022 4234 1349 4307 Patris,et+
1380 4241 1532 4308 Filii,
1554 4247 1660 4309 etit
1696 4243 1948 4315 Spiritus

300 4328 506 4396 sancti,
539 4327 639 4400 qui
668 4332 723 4383 te
749 4327 1042 4384 illuminet
1071 4330 1129 4384 in
1164 4330 1343 4399 vitam
1372 4333 1668 4399 aeternam,
1700 4336 1756 4388 et
1785 4349 1948 4388 resu-

299 4415 470 4471 scitet
497 4419 553 4471 te
584 4416 641 4471 in
672 4416 864 4488 prima
910 4418 1355 4484 resurrectione,
1380 4418 1438 4474 in
1484 4420 1801 4477 novissimo
1834 4421 1946 4476 die.

301 4503 565 4573 Domine,
589 4509 788 4561 sancte
822 4505 1009 4574 Pater,
1040 4506 1271 4578 suscipe
1305 4508 1565 4563 animam
1596 4509 1745 4564 servi
1774 4509 1856 4563 tui
1890 4509 1946 4564 in

302 4610 460 4665 pace,
477 4596 534 4649 et
553 4594 680 4666 ejus
703 4594 900 4650 omnia
920 4598 1157 4666 peccata
1173 4594 1420 4663 dimitte,
1437 4595 1700 4652 Salvator
1722 4596 1947 4653 mundi.

2042 3437 2254 3509 jubeas
2286 3453 2388 3507 per
2427 3452 2637 3491 manus
2686 3439 3023 3491 sanctorum
3071 3438 3413 3510 angelorum
3460 3443 3697 3497 tuorum
3764 3460 3794 3519 ί
3830 3478 3843 3487 ρ

2051 3525 2459 3580 deducendum
2506 3524 2564 3578 in
2618 3523 2752 3579 sinu
2797 3524 2969 3580 amici
3026 3525 3113 3580 tui
3160 3526 3403 3583 Abrahae
3451 3529 3697 3600 patriar-

2052 3614 2191 3679 chaz,
2239 3612 2829 3684 resuscitandumque
2878 3612 2937 3667 in
2988 3614 3305 3671 novissimo
3352 3617 3550 3690 magni
3598 3618 3697 3689 ju-

2052 3701 2187 3758 dicii
2228 3702 2358 3769 die;
2409 3705 2466 3756 et
2514 3699 2799 3772 quidquid
2850 3700 3122 3757 vitiorum
3177 3701 3412 3759 fallente
3469 3704 3700 3763 diabolo

2054 3789 2359 3856 contraxit,
2417 3794 2503 3857 tu,
2564 3787 2695 3861 pius
2752 3793 2808 3844 et
2860 3788 3214 3858 misericors,
3273 3791 3445 3849 ablue
3504 3793 3700 3849 indul-

2053 3881 2263 3953 gendo.

2128 3970 2331 4025 Oratio.
2357 3967 2617 4040 Suscipe,
2642 3967 2900 4033 Domine,
2925 3968 3182 4025 animam
3215 3970 3362 4024 servi
3392 3970 3498 4040 tui,
3523 3987 3700 4043 quam

2056 4060 2127 4114 de
2156 4055 2449 4130 ergastulo
2480 4056 2660 4128 hujus
2703 4055 2898 4112 saculi
2928 4073 3133 4113 vocare
3157 4057 3433 4131 dignatus
3454 4076 3516 4116 es
3551 4064 3608 4116 et
3634 4060 3701 4117 li-

2057 4148 2195 4204 bera
2223 4164 2351 4204 eam
2399 4147 2471 4201 de
2516 4146 2883 4219 principibus
2912 4147 3305 4213 tenebrarum,
3339 4152 3395 4203 et
3439 4148 3510 4203 de
3558 4148 3702 4206 locis

2058 4254 2384 4310 pmnarum,
2404 4241 2469 4291 ut
2490 4234 2758 4291 absoluta
2777 4235 3041 4292 omnium
3063 4236 3292 4291 vinculo
3310 4243 3699 4309 peccatorum,

2059 4327 2273 4400 quietis
2304 4343 2371 4382 ac
2418 4324 2566 4380 lucis
2598 4328 2822 4379 internae
2854 4324 3215 4380 beatitudine
3262 4325 3612 4397 perfruatur,
3646 4332 3706 4383 et

2059 4417 2213 4471 inter
2242 4418 2475 4470 sanctos
2507 4418 2637 4469 tuos
2669 4413 2728 4467 in
2762 4413 3207 4469 resurrectionis
3237 4414 3418 4485 gloria
3456 4413 3703 4483 resusci-

2060 4504 2172 4559 tari
2205 4506 2515 4558 mereatur.
2553 4503 2673 4558 Per.

2134 4594 2338 4648 Oratio.
2373 4590 2868 4647 Commendamus
2899 4591 3026 4658 tibi,
3056 4592 3316 4661 Domine,
3340 4592 3597 4647 animam
3630 4593 3709 4648 fa-

302 4681 412 4745 Qui
439 4680 587 4738 vivis
616 4685 911 4755 et-regnas
943 4682 1000 4737 in
1033 4682 1258 4739 unitate
1280 4684 1531 4756 Spiritus
1558 4684 1745 4741 sancti
1773 4685 1947 4740 Deus.
1981 4691 2029 4757 Ι)
2062 4680 2205 4736 muli
2250 4679 2337 4736 tui
2386 4679 2581 4734 fratris
2625 4678 2830 4744 nostri,
2866 4696 3308 4751 precamurque,
3362 4684 3428 4733 ut
3475 4684 3712 4752 propter

302 4769 427 4826 Per.

371 4859 637 4931 Suscipe,
662 4859 925 4929 Domine,
949 4861 1207 4917 animam
1240 4860 1441 4916 famuli
1472 4861 1558 4916 tui
1590 4862 1647 4916 in
1681 4862 1851 4918 bono.

375 4948 601 5017 Libera,
624 4948 890 5016 Domine,
913 4950 1173 5005 animam
1194 4950 1343 5006 servi
1368 4950 1453 5006 tui
1475 4967 1543 5006 ex
1563 4951 1839 5006 omnibus
1862 4968 1955 5024 pe-

303 5036 506 5093 riculis
536 5037 922 5106 infernorum,
954 5042 1011 5094 et
1048 5039 1120 5095 de
1163 5039 1390 5112 laqueis
1434 5056 1761 5112 poenarum,
1796 5045 1853 5097 et
1882 5041 1953 5096 de

304 5125 580 5182 omnibus
610 5126 1095 5185 tribulationibus
1128 5128 1318 5184 malis.

376 5215 602 5283 Libera,
636 5216 901 5286 Domine,
936 5219 1194 5274 animam
1242 5218 1443 5274 famuli
1476 5219 1581 5286 tui,
1615 5219 1767 5274 sicut
1812 5219 1952 5275 libe-

306 5303 448 5360 rasti
477 5304 597 5360 Noe
630 5304 691 5360 in
719 5304 958 5362 diluvio.

376 5392 602 5462 Libera,
633 5393 897 5463 Domine,
944 5395 1202 5451 animam
1253 5395 1457 5451 famuli
1485 5395 1592 5462 tui,
1625 5395 1779 5452 sicut
1806 5396 1955 5454 libe-

305 5481 451 5539 rasti
477 5481 663 5538 Eliam
694 5486 751 5538 et
779 5484 1013 5540 Henoch
1044 5484 1115 5541 de
1146 5485 1444 5541 communi
1478 5488 1663 5541 morte
1690 5487 1917 5542 mundi.

379 5569 605 5639 Libera,
640 5571 903 5638 Domine,
929 5573 1189 5629 animam
1211 5572 1363 5629 servi
1384 5572 1491 5638 tui,
1515 5572 1667 5627 sicut
1696 5572 1955 5631 liberasti

306 5658 598 5715 Abraham
632 5676 734 5732 per
763 5661 939 5717 fidem
971 5667 1028 5718 et
1057 5663 1478 5719 credulitatem.

381 5748 607 5815 Libera,
633 5749 894 5816 Domine,
919 5751 1178 5806 animam
1212 5752 1361 5808 servi
1392 5752 1498 5817 tui,
1524 5751 1674 5807 sicut
1700 5750 1957 5808 liberasti

310 5836 454 5893 Loth
485 5837 558 5895 de
585 5837 857 5896 Sodomis
886 5843 944 5896 et
971 5840 1042 5897 de
1074 5840 1312 5896 flamma
1340 5839 1514 5912 ignis.

2064 4788 2241 4844 quam
2274 4768 2345 4823 ad
2377 4772 2593 4823 terram
2632 4771 2736 4822 tua
2775 4767 2987 4839 pietate
3034 4766 3385 4822 descendere
3434 4767 3710 4840 dignatus

2062 4878 2145 4928 es,
2181 4857 2639 4932 patriarcharum
2670 4860 2905 4911 tuorum
2937 4856 2993 4910 in
3026 4854 3254 4912 sinibus
3282 4855 3571 4913 insinuari
3593 4874 3708 4914 non

2062 4966 2276 5006 renuas
2305 4948 2639 5002 miseratus.
2673 4946 2778 5010 Qui
2810 4944 2953 5001 vivis
2982 4949 3041 5001 et
3070 4962 3300 5018 regnas.

2136 5041 2339 5097 Oratio.
2374 5036 2721 5109 Migrantem
2752 5033 2811 5088 in
2844 5039 2943 5089 tuo
2975 5034 3211 5091 nomine
3251 5035 3323 5091 de
3374 5035 3482 5092 hac
3530 5036 3711 5091 insta-

2064 5128 2167 5187 bili
2197 5132 2253 5185 et
2281 5132 2401 5182 tam
2434 5125 2655 5180 incerta
2703 5124 2761 5178 in
2794 5123 3211 5195 sempiternam
3241 5125 3419 5180 vitam
3453 5123 3615 5181 illam
3646 5143 3713 5181 ac

2065 5218 2328 5274 laetitiam
2373 5213 2659 5270 suscitare
2689 5228 2847 5278 eum,
2876 5212 3137 5280 Domine,
3174 5213 3232 5267 in
3268 5214 3436 5270 nobis
3465 5213 3711 5271 ccelesti-

2064 5311 2174 5364 bus
2205 5305 2480 5380 digneris.
2514 5304 2638 5358 Per.
2848 5360 2856 5366 ,

2567 5391 2646 5447 Ad
2669 5406 2859 5462 corpus
2889 5389 3203 5447 lavandum.

2138 5485 2342 5541 Oratio.
2375 5481 2636 5554 Suscipe,
2660 5480 2921 5549 Domine,
2946 5478 3204 5535 animam
3240 5478 3391 5534 servi
3418 5478 3503 5534 tui
3528 5494 3715 5535 rever-

2066 5579 2284 5631 tentem
2316 5572 2388 5627 ad
2428 5576 2504 5641 te,
2532 5574 2751 5628 vestem
2778 5569 3066 5625 caelestem
3096 5567 3275 5623 induc
3303 5584 3453 5634 eam,
3487 5572 3545 5623 et
3586 5566 3717 5623 lava

2068 5681 2195 5721 eam
2244 5665 2445 5719 sancto
2477 5661 2633 5716 fonte
2662 5659 2791 5715 vita:
2837 5663 3081 5727 aeternae,
3107 5661 3169 5714 ut
3195 5657 3348 5712 inter
3394 5656 3716 5729 gaudentes

2068 5753 2411 5826 gaudea‘l,et
2432 5750 2583 5805 inter
2606 5748 2897 5821 sapientes
2923 5748 3130 5820 sapiat,
3163 5753 3220 5804 et
3248 5746 3400 5803 inter
3431 5750 3715 5819 martyres

2070 5842 2402 5909 consedeat,
2434 5842 2493 5895 et
2533 5838 2685 5895 inter
2733 5836 3095 5911 patriarchas
3147 5836 3433 5912 proﬁciat,
3465 5838 3523 5894 et
3567 5836 3719 5892 inter
