  <div class='ocr_page' id='page_1' title='image "/cluster/home/n/w/nwhite01/storage/ocr_20150623/151/umn.31951002477444s/551.png"; bbox 0 0 3978 6362; ppageno 0'>
   <div class='ocr_carea' id='block_1_1' title="bbox 331 377 452 444">
    <p class='ocr_par' dir='ltr' id='par_1_1' title="bbox 331 377 452 444">
     <span class='ocr_line' id='line_1_1' title="bbox 331 377 452 444; baseline -0.025 -1"><span class='ocrx_word' id='word_1_1' title='bbox 331 377 452 444; x_wconf 75' lang='grc'><strong>927</strong></span> 
     </span>
    </p>
   </div>
   <div class='ocr_carea' id='block_1_2' title="bbox 1531 361 2572 460">
    <p class='ocr_par' dir='ltr' id='par_1_2' title="bbox 1531 361 2572 460">
     <span class='ocr_line' id='line_1_2' title="bbox 1531 361 2572 460; baseline 0 -20"><span class='ocrx_word' id='word_1_2' title='bbox 1531 373 1724 455; x_wconf 67' lang='lat' dir='ltr'><strong>asc.</strong></span> <span class='ocrx_word' id='word_1_3' title='bbox 1768 361 1852 460; x_wconf 79' lang='lat' dir='ltr'><strong>x1</strong></span> <span class='ocrx_word' id='word_1_4' title='bbox 1894 369 2208 458; x_wconf 65' lang='lat' dir='ltr'><strong>nonum.</strong></span> <span class='ocrx_word' id='word_1_5' title='bbox 2253 373 2572 460; x_wconf 83' lang='lat' dir='ltr'><strong>LITURG.</strong></span> 
     </span>
    </p>
   </div>
   <div class='ocr_carea' id='block_1_3' title="bbox 3635 375 3762 441">
    <p class='ocr_par' dir='ltr' id='par_1_3' title="bbox 3635 375 3762 441">
     <span class='ocr_line' id='line_1_3' title="bbox 3635 375 3762 441; baseline 0.008 -1"><span class='ocrx_word' id='word_1_6' title='bbox 3635 375 3762 441; x_wconf 68' lang='lat'><strong>928</strong></span> 
     </span>
    </p>
   </div>
   <div class='ocr_carea' id='block_1_4' title="bbox 309 507 3760 600">
    <p class='ocr_par' dir='ltr' id='par_1_4' title="bbox 309 507 3760 600">
     <span class='ocr_line' id='line_1_4' title="bbox 309 507 3760 600; baseline -0.001 -29"><span class='ocrx_word' id='word_1_7' title='bbox 309 510 650 592; x_wconf 71' lang='lat' dir='ltr'><strong>prophetas</strong></span> <span class='ocrx_word' id='word_1_8' title='bbox 677 512 736 570; x_wconf 90' lang='lat' dir='ltr'><strong>et</strong></span> <span class='ocrx_word' id='word_1_9' title='bbox 764 507 1059 587; x_wconf 83' lang='lat' dir='ltr'><strong>apostolos</strong></span> <span class='ocrx_word' id='word_1_10' title='bbox 1107 509 1272 586; x_wconf 83' lang='lat' dir='ltr'><strong>sequi</strong></span> <span class='ocrx_word' id='word_1_11' title='bbox 1298 509 1596 570; x_wconf 85' lang='lat' dir='ltr'><strong>Christum</strong></span> <span class='ocrx_word' id='word_1_12' title='bbox 1643 509 1898 600; x_wconf 85' lang='lat' dir='ltr'><strong>studeat,</strong></span> <span class='ocrx_word' id='word_1_13' title='bbox 1928 511 1986 600; x_wconf 83' lang='lat' dir='ltr'><strong>et</strong></span> <span class='ocrx_word' id='word_1_14' title='bbox 2001 508 2069 600; x_wconf 49' lang='grc' dir='ltr'><strong>,Α</strong></span> <span class='ocrx_word' id='word_1_15' title='bbox 2097 507 2248 566; x_wconf 91' lang='lat' dir='ltr'><strong>inter</strong></span> <span class='ocrx_word' id='word_1_16' title='bbox 2297 509 2535 600; x_wconf 81' lang='lat' dir='ltr'><strong>agmina</strong></span> <span class='ocrx_word' id='word_1_17' title='bbox 2590 512 2928 569; x_wconf 89' lang='lat' dir='ltr'><strong>sanctorum</strong></span> <span class='ocrx_word' id='word_1_18' title='bbox 2985 515 3224 570; x_wconf 87' lang='lat' dir='ltr'><strong>tuorum</strong></span> <span class='ocrx_word' id='word_1_19' title='bbox 3271 509 3562 587; x_wconf 79' lang='lat' dir='ltr'><strong>digneris;</strong></span> <span class='ocrx_word' id='word_1_20' title='bbox 3595 515 3760 598; x_wconf 80' lang='lat' dir='ltr'><strong>veste</strong></span> 
     </span>
    </p>
   </div>
   <div class='ocr_carea' id='block_1_5' title="bbox 333 598 1983 676">
    <p class='ocr_par' dir='ltr' id='par_1_5' title="bbox 333 598 1983 676">
     <span class='ocr_line' id='line_1_5' title="bbox 333 598 1983 676; baseline -0.002 -18"><span class='ocrx_word' id='word_1_21' title='bbox 333 603 488 660; x_wconf 91' lang='lat' dir='ltr'><strong>inter</strong></span> <span class='ocrx_word' id='word_1_22' title='bbox 529 601 770 676; x_wconf 81' lang='lat' dir='ltr'><strong>angelos</strong></span> <span class='ocrx_word' id='word_1_23' title='bbox 814 606 871 658; x_wconf 92' lang='lat' dir='ltr'><strong>et</strong></span> <span class='ocrx_word' id='word_1_24' title='bbox 917 600 1299 676; x_wconf 88' lang='lat' dir='ltr'><strong>archangelos</strong></span> <span class='ocrx_word' id='word_1_25' title='bbox 1355 601 1681 658; x_wconf 78' lang='lat' dir='ltr'><strong>claritatem</strong></span> <span class='ocrx_word' id='word_1_26' title='bbox 1739 599 1838 656; x_wconf 90' lang='lat' dir='ltr'><strong>Dei</strong></span> <span class='ocrx_word' id='word_1_27' title='bbox 1893 598 1983 654; x_wconf 88' lang='lat' dir='ltr'><strong>vi-</strong></span> 
     </span>
    </p>
   </div>
   <div class='ocr_carea' id='block_1_6' title="bbox 333 688 1983 764">
    <p class='ocr_par' dir='ltr' id='par_1_6' title="bbox 333 688 1983 764">
     <span class='ocr_line' id='line_1_6' title="bbox 333 688 1983 764; baseline -0.002 -17"><span class='ocrx_word' id='word_1_28' title='bbox 333 691 487 760; x_wconf 83' lang='lat' dir='ltr'><strong>deat,</strong></span> <span class='ocrx_word' id='word_1_29' title='bbox 511 695 568 747; x_wconf 90' lang='lat' dir='ltr'><strong>et</strong></span> <span class='ocrx_word' id='word_1_30' title='bbox 598 691 752 748; x_wconf 90' lang='lat' dir='ltr'><strong>inter</strong></span> <span class='ocrx_word' id='word_1_31' title='bbox 781 691 1037 764; x_wconf 82' lang='lat' dir='ltr'><strong>paradisi</strong></span> <span class='ocrx_word' id='word_1_32' title='bbox 1061 691 1268 748; x_wconf 87' lang='lat' dir='ltr'><strong>rutilos</strong></span> <span class='ocrx_word' id='word_1_33' title='bbox 1299 691 1520 764; x_wconf 88' lang='lat' dir='ltr'><strong>lapides</strong></span> <span class='ocrx_word' id='word_1_34' title='bbox 1540 688 1821 764; x_wconf 84' lang='lat' dir='ltr'><strong>gaudium</strong></span> <span class='ocrx_word' id='word_1_35' title='bbox 1853 705 1983 762; x_wconf 88' lang='lat' dir='ltr'><strong>pos-</strong></span> 
     </span>
    </p>
   </div>
   <div class='ocr_carea' id='block_1_7' title="bbox 335 779 1980 852">
    <p class='ocr_par' dir='ltr' id='par_1_7' title="bbox 335 779 1980 852">
     <span class='ocr_line' id='line_1_7' title="bbox 335 779 1980 852; baseline -0.002 -16"><span class='ocrx_word' id='word_1_36' title='bbox 335 781 545 846; x_wconf 90' lang='lat' dir='ltr'><strong>sideat,</strong></span> <span class='ocrx_word' id='word_1_37' title='bbox 594 783 653 836; x_wconf 90' lang='lat' dir='ltr'><strong>et</strong></span> <span class='ocrx_word' id='word_1_38' title='bbox 695 779 1157 837; x_wconf 83' lang='lat' dir='ltr'><strong>ministeriorum</strong></span> <span class='ocrx_word' id='word_1_39' title='bbox 1205 779 1306 836; x_wconf 90' lang='lat' dir='ltr'><strong>Dei</strong></span> <span class='ocrx_word' id='word_1_40' title='bbox 1364 779 1630 836; x_wconf 85' lang='lat' dir='ltr'><strong>notitiam</strong></span> <span class='ocrx_word' id='word_1_41' title='bbox 1683 781 1980 852; x_wconf 82' lang='lat' dir='ltr'><strong>agnoscat,</strong></span> 
     </span>
    </p>
   </div>
   <div class='ocr_carea' id='block_1_8' title="bbox 307 858 1982 944">
    <p class='ocr_par' dir='ltr' id='par_1_8' title="bbox 307 858 1982 944">
     <span class='ocr_line' id='line_1_8' title="bbox 307 858 1982 944; baseline -0.002 -18"><span class='ocrx_word' id='word_1_42' title='bbox 307 858 390 926; x_wconf 89' lang='lat' dir='ltr'><strong>ct</strong></span> <span class='ocrx_word' id='word_1_43' title='bbox 418 869 570 925; x_wconf 87' lang='lat' dir='ltr'><strong>inter</strong></span> <span class='ocrx_word' id='word_1_44' title='bbox 597 868 902 925; x_wconf 82' lang='lat' dir='ltr'><strong>cherubim</strong></span> <span class='ocrx_word' id='word_1_45' title='bbox 947 873 1006 926; x_wconf 91' lang='lat' dir='ltr'><strong>et</strong></span> <span class='ocrx_word' id='word_1_46' title='bbox 1042 869 1338 944; x_wconf 86' lang='lat' dir='ltr'><strong>seraphim</strong></span> <span class='ocrx_word' id='word_1_47' title='bbox 1371 868 1695 925; x_wconf 85' lang='lat' dir='ltr'><strong>claritatem</strong></span> <span class='ocrx_word' id='word_1_48' title='bbox 1745 868 1844 924; x_wconf 89' lang='lat' dir='ltr'><strong>Dei</strong></span> <span class='ocrx_word' id='word_1_49' title='bbox 1893 866 1982 922; x_wconf 84' lang='lat' dir='ltr'><strong>in-</strong></span> 
     </span>
    </p>
   </div>
   <div class='ocr_carea' id='block_1_9' title="bbox 329 955 1986 1034">
    <p class='ocr_par' dir='ltr' id='par_1_9' title="bbox 329 955 1986 1034">
     <span class='ocr_line' id='line_1_9' title="bbox 329 955 1986 1034; baseline -0.002 -21"><span class='ocrx_word' id='word_1_50' title='bbox 329 958 544 1026; x_wconf 86' lang='lat' dir='ltr'><strong>veniat,</strong></span> <span class='ocrx_word' id='word_1_51' title='bbox 577 961 634 1014; x_wconf 88' lang='lat' dir='ltr'><strong>et</strong></span> <span class='ocrx_word' id='word_1_52' title='bbox 679 957 834 1014; x_wconf 88' lang='lat' dir='ltr'><strong>inter</strong></span> <span class='ocrx_word' id='word_1_53' title='bbox 881 958 1084 1031; x_wconf 85' lang='lat' dir='ltr'><strong>viginti</strong></span> <span class='ocrx_word' id='word_1_54' title='bbox 1133 963 1387 1030; x_wconf 87' lang='lat' dir='ltr'><strong>quatuor</strong></span> <span class='ocrx_word' id='word_1_55' title='bbox 1441 957 1702 1034; x_wconf 82' lang='lat' dir='ltr'><strong>seniores</strong></span> <span class='ocrx_word' id='word_1_56' title='bbox 1759 955 1986 1012; x_wconf 88' lang='lat' dir='ltr'><strong>cantica</strong></span> 
     </span>
    </p>
   </div>
   <div class='ocr_carea' id='block_1_10' title="bbox 331 1045 1982 1116">
    <p class='ocr_par' dir='ltr' id='par_1_10' title="bbox 331 1045 1982 1116">
     <span class='ocr_line' id='line_1_10' title="bbox 331 1045 1982 1116; baseline -0.002 -13"><span class='ocrx_word' id='word_1_57' title='bbox 331 1045 695 1110; x_wconf 74' lang='lat' dir='ltr'><strong>canticorum</strong></span> <span class='ocrx_word' id='word_1_58' title='bbox 725 1050 1027 1104; x_wconf 80' lang='lat' dir='ltr'><strong>cantantes</strong></span> <span class='ocrx_word' id='word_1_59' title='bbox 1057 1047 1276 1116; x_wconf 88' lang='lat' dir='ltr'><strong>audiat,</strong></span> <span class='ocrx_word' id='word_1_60' title='bbox 1305 1051 1364 1104; x_wconf 92' lang='lat' dir='ltr'><strong>et</strong></span> <span class='ocrx_word' id='word_1_61' title='bbox 1393 1047 1544 1102; x_wconf 91' lang='lat' dir='ltr'><strong>inter</strong></span> <span class='ocrx_word' id='word_1_62' title='bbox 1572 1045 1834 1102; x_wconf 84' lang='lat' dir='ltr'><strong>lavantes</strong></span> <span class='ocrx_word' id='word_1_63' title='bbox 1866 1048 1982 1102; x_wconf 90' lang='lat' dir='ltr'><strong>sto-</strong></span> 
     </span>
    </p>
   </div>
   <div class='ocr_carea' id='block_1_11' title="bbox 329 1133 1983 1201">
    <p class='ocr_par' dir='ltr' id='par_1_11' title="bbox 329 1133 1983 1201">
     <span class='ocr_line' id='line_1_11' title="bbox 329 1133 1983 1201; baseline -0.002 -11"><span class='ocrx_word' id='word_1_64' title='bbox 329 1133 420 1192; x_wconf 88' lang='lat' dir='ltr'><strong>las</strong></span> <span class='ocrx_word' id='word_1_65' title='bbox 447 1153 586 1192; x_wconf 92' lang='lat' dir='ltr'><strong>suas</strong></span> <span class='ocrx_word' id='word_1_66' title='bbox 616 1135 676 1190; x_wconf 91' lang='lat' dir='ltr'><strong>in</strong></span> <span class='ocrx_word' id='word_1_67' title='bbox 708 1136 866 1192; x_wconf 86' lang='lat' dir='ltr'><strong>fonte</strong></span> <span class='ocrx_word' id='word_1_68' title='bbox 895 1135 1139 1192; x_wconf 90' lang='lat' dir='ltr'><strong>luminis</strong></span> <span class='ocrx_word' id='word_1_69' title='bbox 1171 1141 1386 1192; x_wconf 85' lang='lat' dir='ltr'><strong>vestem</strong></span> <span class='ocrx_word' id='word_1_70' title='bbox 1419 1151 1588 1191; x_wconf 90' lang='lat' dir='ltr'><strong>suam</strong></span> <span class='ocrx_word' id='word_1_71' title='bbox 1622 1135 1789 1201; x_wconf 88' lang='lat' dir='ltr'><strong>lavet,</strong></span> <span class='ocrx_word' id='word_1_72' title='bbox 1813 1137 1870 1189; x_wconf 91' lang='lat' dir='ltr'><strong>et</strong></span> <span class='ocrx_word' id='word_1_73' title='bbox 1889 1133 1983 1188; x_wconf 75' lang='lat' dir='ltr'><strong>in~</strong></span> 
     </span>
    </p>
   </div>
   <div class='ocr_carea' id='block_1_12' title="bbox 329 1222 1983 1296">
    <p class='ocr_par' dir='ltr' id='par_1_12' title="bbox 329 1222 1983 1296">
     <span class='ocr_line' id='line_1_12' title="bbox 329 1222 1983 1296; baseline -0.001 -16"><span class='ocrx_word' id='word_1_74' title='bbox 329 1228 418 1280; x_wconf 88' lang='lat' dir='ltr'><strong>ter</strong></span> <span class='ocrx_word' id='word_1_75' title='bbox 445 1223 748 1296; x_wconf 85' lang='lat' dir='ltr'><strong>pulsantes</strong></span> <span class='ocrx_word' id='word_1_76' title='bbox 795 1223 1008 1296; x_wconf 86' lang='lat' dir='ltr'><strong>pulset,</strong></span> <span class='ocrx_word' id='word_1_77' title='bbox 1040 1227 1097 1279; x_wconf 93' lang='lat' dir='ltr'><strong>et</strong></span> <span class='ocrx_word' id='word_1_78' title='bbox 1125 1227 1322 1296; x_wconf 87' lang='lat' dir='ltr'><strong>portas</strong></span> <span class='ocrx_word' id='word_1_79' title='bbox 1369 1222 1697 1280; x_wconf 86' lang='lat' dir='ltr'><strong>Jerusalem</strong></span> <span class='ocrx_word' id='word_1_80' title='bbox 1752 1225 1983 1295; x_wconf 89' lang='lat' dir='ltr'><strong>apertas</strong></span> 
     </span>
    </p>
   </div>
   <div class='ocr_carea' id='block_1_13' title="bbox 329 1299 1984 1378">
    <p class='ocr_par' dir='ltr' id='par_1_13' title="bbox 329 1299 1984 1378">
     <span class='ocr_line' id='line_1_13' title="bbox 329 1299 1984 1378; baseline -0.001 -10"><span class='ocrx_word' id='word_1_81' title='bbox 329 1311 610 1378; x_wconf 86' lang='lat' dir='ltr'><strong>inveniat,</strong></span> <span class='ocrx_word' id='word_1_82' title='bbox 642 1317 700 1368; x_wconf 91' lang='lat' dir='ltr'><strong>et</strong></span> <span class='ocrx_word' id='word_1_83' title='bbox 746 1299 900 1368; x_wconf 88' lang='lat' dir='ltr'><strong>inter</strong></span> <span class='ocrx_word' id='word_1_84' title='bbox 924 1311 1191 1369; x_wconf 88' lang='lat' dir='ltr'><strong>videntes</strong></span> <span class='ocrx_word' id='word_1_85' title='bbox 1232 1310 1545 1368; x_wconf 90' lang='lat' dir='ltr'><strong>Dominum</strong></span> <span class='ocrx_word' id='word_1_86' title='bbox 1582 1311 1729 1368; x_wconf 89' lang='lat' dir='ltr'><strong>facie</strong></span> <span class='ocrx_word' id='word_1_87' title='bbox 1775 1311 1848 1366; x_wconf 90' lang='lat' dir='ltr'><strong>ad</strong></span> <span class='ocrx_word' id='word_1_88' title='bbox 1899 1311 1984 1366; x_wconf 82' lang='lat' dir='ltr'><strong>la-</strong></span> 
     </span>
    </p>
   </div>
   <div class='ocr_carea' id='block_1_14' title="bbox 327 1400 1983 1470">
    <p class='ocr_par' dir='ltr' id='par_1_14' title="bbox 327 1400 1983 1470">
     <span class='ocr_line' id='line_1_14' title="bbox 327 1400 1983 1470; baseline -0.001 -13"><span class='ocrx_word' id='word_1_89' title='bbox 327 1401 476 1458; x_wconf 90' lang='lat' dir='ltr'><strong>ciem</strong></span> <span class='ocrx_word' id='word_1_90' title='bbox 514 1400 725 1470; x_wconf 88' lang='lat' dir='ltr'><strong>videat,</strong></span> <span class='ocrx_word' id='word_1_91' title='bbox 757 1405 817 1457; x_wconf 91' lang='lat' dir='ltr'><strong>et</strong></span> <span class='ocrx_word' id='word_1_92' title='bbox 868 1401 1020 1456; x_wconf 88' lang='lat' dir='ltr'><strong>inter</strong></span> <span class='ocrx_word' id='word_1_93' title='bbox 1067 1405 1369 1458; x_wconf 87' lang='lat' dir='ltr'><strong>cantantes</strong></span> <span class='ocrx_word' id='word_1_94' title='bbox 1419 1401 1715 1456; x_wconf 89' lang='lat' dir='ltr'><strong>canticum</strong></span> <span class='ocrx_word' id='word_1_95' title='bbox 1766 1417 1983 1456; x_wconf 89' lang='lat' dir='ltr'><strong>novum</strong></span> 
     </span>
    </p>
   </div>
   <div class='ocr_carea' id='block_1_15' title="bbox 327 1488 1981 1557">
    <p class='ocr_par' dir='ltr' id='par_1_15' title="bbox 327 1488 1981 1557">
     <span class='ocr_line' id='line_1_15' title="bbox 327 1488 1981 1557; baseline 0 -11"><span class='ocrx_word' id='word_1_96' title='bbox 327 1493 538 1557; x_wconf 89' lang='lat' dir='ltr'><strong>cantet,</strong></span> <span class='ocrx_word' id='word_1_97' title='bbox 566 1493 625 1546; x_wconf 90' lang='lat' dir='ltr'><strong>et</strong></span> <span class='ocrx_word' id='word_1_98' title='bbox 653 1488 808 1545; x_wconf 89' lang='lat' dir='ltr'><strong>inter</strong></span> <span class='ocrx_word' id='word_1_99' title='bbox 829 1489 1134 1546; x_wconf 87' lang='lat' dir='ltr'><strong>audientes</strong></span> <span class='ocrx_word' id='word_1_100' title='bbox 1163 1489 1453 1546; x_wconf 78' lang='lat' dir='ltr'><strong>ccelestem</strong></span> <span class='ocrx_word' id='word_1_101' title='bbox 1477 1489 1737 1546; x_wconf 85' lang='lat' dir='ltr'><strong>sonitum</strong></span> <span class='ocrx_word' id='word_1_102' title='bbox 1760 1489 1981 1546; x_wconf 86' lang='lat' dir='ltr'><strong>audiat.</strong></span> 
     </span>
    </p>
   </div>
   <div class='ocr_carea' id='block_1_16' title="bbox 326 1577 681 1635">
    <p class='ocr_par' dir='ltr' id='par_1_16' title="bbox 326 1577 681 1635">
     <span class='ocr_line' id='line_1_16' title="bbox 326 1577 681 1635; baseline -0.006 -1"><span class='ocrx_word' id='word_1_103' title='bbox 326 1578 433 1634; x_wconf 90' lang='lat' dir='ltr'><strong>Per</strong></span> <span class='ocrx_word' id='word_1_104' title='bbox 463 1577 681 1635; x_wconf 87' lang='lat' dir='ltr'><strong>omnia.</strong></span> 
     </span>
    </p>
   </div>
   <div class='ocr_carea' id='block_1_17' title="bbox 402 1667 1982 1741">
    <p class='ocr_par' dir='ltr' id='par_1_17' title="bbox 402 1667 1982 1741">
     <span class='ocr_line' id='line_1_17' title="bbox 402 1667 1982 1741; baseline 0.001 -16"><span class='ocrx_word' id='word_1_105' title='bbox 402 1669 530 1725; x_wconf 88' lang='lat' dir='ltr'><strong>Alia</strong></span> <span class='ocrx_word' id='word_1_106' title='bbox 557 1670 753 1724; x_wconf 79' lang='lat' dir='ltr'><strong>oratio.</strong></span> <span class='ocrx_word' id='word_1_107' title='bbox 784 1667 1046 1741; x_wconf 89' lang='lat' dir='ltr'><strong>Suscipe,</strong></span> <span class='ocrx_word' id='word_1_108' title='bbox 1071 1668 1335 1737; x_wconf 89' lang='lat' dir='ltr'><strong>Domine,</strong></span> <span class='ocrx_word' id='word_1_109' title='bbox 1372 1667 1630 1724; x_wconf 88' lang='lat' dir='ltr'><strong>animam</strong></span> <span class='ocrx_word' id='word_1_110' title='bbox 1661 1667 1867 1724; x_wconf 88' lang='lat' dir='ltr'><strong>famuli</strong></span> <span class='ocrx_word' id='word_1_111' title='bbox 1896 1671 1982 1726; x_wconf 90' lang='lat' dir='ltr'><strong>tui</strong></span> 
     </span>
    </p>
   </div>
   <div class='ocr_carea' id='block_1_18' title="bbox 323 1757 1981 1830">
    <p class='ocr_par' dir='ltr' id='par_1_18' title="bbox 323 1757 1981 1830">
     <span class='ocr_line' id='line_1_18' title="bbox 323 1757 1981 1830; baseline -0.001 -16"><span class='ocrx_word' id='word_1_112' title='bbox 323 1757 398 1814; x_wconf 86' lang='lat' dir='ltr'><strong>ad</strong></span> <span class='ocrx_word' id='word_1_113' title='bbox 427 1761 486 1814; x_wconf 89' lang='lat' dir='ltr'><strong>te</strong></span> <span class='ocrx_word' id='word_1_114' title='bbox 514 1761 922 1824; x_wconf 85' lang='lat' dir='ltr'><strong>revertentem,</strong></span> <span class='ocrx_word' id='word_1_115' title='bbox 942 1757 1016 1812; x_wconf 93' lang='lat' dir='ltr'><strong>de</strong></span> <span class='ocrx_word' id='word_1_116' title='bbox 1044 1757 1272 1830; x_wconf 67' lang='lat' dir='ltr'><strong>Egypti</strong></span> <span class='ocrx_word' id='word_1_117' title='bbox 1311 1757 1578 1830; x_wconf 89' lang='lat' dir='ltr'><strong>partibus</strong></span> <span class='ocrx_word' id='word_1_118' title='bbox 1608 1757 1981 1829; x_wconf 87' lang='lat' dir='ltr'><strong>proficiscen-</strong></span> 
     </span>
    </p>
   </div>
   <div class='ocr_carea' id='block_1_19' title="bbox 323 1845 2060 1934">
    <p class='ocr_par' dir='ltr' id='par_1_19' title="bbox 323 1845 2060 1934">
     <span class='ocr_line' id='line_1_19' title="bbox 323 1845 2060 1934; baseline -0.001 -30"><span class='ocrx_word' id='word_1_119' title='bbox 323 1851 466 1914; x_wconf 88' lang='lat' dir='ltr'><strong>tem,</strong></span> <span class='ocrx_word' id='word_1_120' title='bbox 497 1850 554 1902; x_wconf 91' lang='lat' dir='ltr'><strong>et</strong></span> <span class='ocrx_word' id='word_1_121' title='bbox 595 1847 762 1902; x_wconf 86' lang='lat' dir='ltr'><strong>mitte</strong></span> <span class='ocrx_word' id='word_1_122' title='bbox 813 1845 1048 1934; x_wconf 80' lang='lat' dir='ltr'><strong>angelos</strong></span> <span class='ocrx_word' id='word_1_123' title='bbox 1081 1851 1215 1902; x_wconf 90' lang='lat' dir='ltr'><strong>tuos</strong></span> <span class='ocrx_word' id='word_1_124' title='bbox 1258 1849 1493 1901; x_wconf 88' lang='lat' dir='ltr'><strong>sanctos</strong></span> <span class='ocrx_word' id='word_1_125' title='bbox 1543 1845 1773 1934; x_wconf 78' lang='lat' dir='ltr'><strong>obviam</strong></span> <span class='ocrx_word' id='word_1_126' title='bbox 1821 1845 1894 1914; x_wconf 90' lang='lat' dir='ltr'><strong>ei,</strong></span> <span class='ocrx_word' id='word_1_127' title='bbox 1927 1851 1984 1902; x_wconf 88' lang='lat' dir='ltr'><strong>et</strong></span> <span class='ocrx_word' id='word_1_128' title='bbox 2011 1869 2060 1934; x_wconf 81' lang='grc' dir='ltr'>Β</span> 
     </span>
    </p>
   </div>
   <div class='ocr_carea' id='block_1_20' title="bbox 323 1933 1981 2007">
    <p class='ocr_par' dir='ltr' id='par_1_20' title="bbox 323 1933 1981 2007">
     <span class='ocr_line' id='line_1_20' title="bbox 323 1933 1981 2007; baseline -0.001 -15"><span class='ocrx_word' id='word_1_129' title='bbox 323 1935 477 1992; x_wconf 90' lang='lat' dir='ltr'><strong>viam</strong></span> <span class='ocrx_word' id='word_1_130' title='bbox 495 1935 762 2006; x_wconf 80' lang='lat' dir='ltr'><strong>justitiae,</strong></span> <span class='ocrx_word' id='word_1_131' title='bbox 789 1937 846 1990; x_wconf 89' lang='lat' dir='ltr'><strong>et</strong></span> <span class='ocrx_word' id='word_1_132' title='bbox 867 1933 1079 2007; x_wconf 89' lang='lat' dir='ltr'><strong>repelle</strong></span> <span class='ocrx_word' id='word_1_133' title='bbox 1103 1935 1174 1990; x_wconf 91' lang='lat' dir='ltr'><strong>ab</strong></span> <span class='ocrx_word' id='word_1_134' title='bbox 1199 1950 1265 1990; x_wconf 91' lang='lat' dir='ltr'><strong>ea</strong></span> <span class='ocrx_word' id='word_1_135' title='bbox 1287 1951 1490 1989; x_wconf 92' lang='lat' dir='ltr'><strong>omnes</strong></span> <span class='ocrx_word' id='word_1_136' title='bbox 1513 1933 1804 2007; x_wconf 89' lang='lat' dir='ltr'><strong>principes</strong></span> <span class='ocrx_word' id='word_1_137' title='bbox 1824 1938 1981 1992; x_wconf 86' lang='lat' dir='ltr'><strong>tene-</strong></span> 
     </span>
    </p>
   </div>
   <div class='ocr_carea' id='block_1_21' title="bbox 324 2021 1982 2096">
    <p class='ocr_par' dir='ltr' id='par_1_21' title="bbox 324 2021 1982 2096">
     <span class='ocr_line' id='line_1_21' title="bbox 324 2021 1982 2096; baseline 0.001 -17"><span class='ocrx_word' id='word_1_138' title='bbox 324 2025 596 2091; x_wconf 84' lang='lat' dir='ltr'><strong>brarum;</strong></span> <span class='ocrx_word' id='word_1_139' title='bbox 629 2039 897 2096; x_wconf 89' lang='lat' dir='ltr'><strong>agnosce,</strong></span> <span class='ocrx_word' id='word_1_140' title='bbox 932 2021 1197 2090; x_wconf 90' lang='lat' dir='ltr'><strong>Domine,</strong></span> <span class='ocrx_word' id='word_1_141' title='bbox 1215 2026 1543 2079; x_wconf 87' lang='lat' dir='ltr'><strong>creaturam</strong></span> <span class='ocrx_word' id='word_1_142' title='bbox 1571 2027 1733 2079; x_wconf 87' lang='lat' dir='ltr'><strong>tuam</strong></span> <span class='ocrx_word' id='word_1_143' title='bbox 1769 2041 1883 2080; x_wconf 91' lang='lat' dir='ltr'><strong>non</strong></span> <span class='ocrx_word' id='word_1_144' title='bbox 1913 2041 1982 2080; x_wconf 85' lang='lat' dir='ltr'><strong>ex</strong></span> 
     </span>
    </p>
   </div>
   <div class='ocr_carea' id='block_1_22' title="bbox 274 2110 1976 2184">
    <p class='ocr_par' dir='ltr' id='par_1_22' title="bbox 274 2110 1976 2184">
     <span class='ocr_line' id='line_1_22' title="bbox 274 2110 1976 2184; baseline 0.001 -16"><span class='ocrx_word' id='word_1_145' title='bbox 274 2171 279 2174; x_wconf 94' lang='lat'>_</span> <span class='ocrx_word' id='word_1_146' title='bbox 324 2113 438 2168; x_wconf 91' lang='lat' dir='ltr'><strong>diis</strong></span> <span class='ocrx_word' id='word_1_147' title='bbox 470 2110 676 2168; x_wconf 88' lang='lat' dir='ltr'><strong>alienis</strong></span> <span class='ocrx_word' id='word_1_148' title='bbox 704 2115 982 2184; x_wconf 89' lang='lat' dir='ltr'><strong>creatam,</strong></span> <span class='ocrx_word' id='word_1_149' title='bbox 1007 2111 1108 2169; x_wconf 89' lang='lat' dir='ltr'><strong>sed</strong></span> <span class='ocrx_word' id='word_1_150' title='bbox 1139 2129 1174 2168; x_wconf 89' lang='lat' dir='ltr'><strong>a</strong></span> <span class='ocrx_word' id='word_1_151' title='bbox 1203 2115 1259 2168; x_wconf 87' lang='lat' dir='ltr'><strong>te</strong></span> <span class='ocrx_word' id='word_1_152' title='bbox 1287 2111 1409 2168; x_wconf 90' lang='lat' dir='ltr'><strong>solo</strong></span> <span class='ocrx_word' id='word_1_153' title='bbox 1442 2116 1556 2168; x_wconf 84' lang='lat' dir='ltr'><strong>Deo</strong></span> <span class='ocrx_word' id='word_1_154' title='bbox 1577 2112 1706 2168; x_wconf 89' lang='lat' dir='ltr'><strong>vivo</strong></span> <span class='ocrx_word' id='word_1_155' title='bbox 1736 2116 1795 2168; x_wconf 89' lang='lat' dir='ltr'><strong>et</strong></span> <span class='ocrx_word' id='word_1_156' title='bbox 1821 2129 1976 2183; x_wconf 90' lang='lat' dir='ltr'><strong>vero,</strong></span> 
     </span>
    </p>
   </div>
   <div class='ocr_carea' id='block_1_23' title="bbox 321 2199 1978 2274">
    <p class='ocr_par' dir='ltr' id='par_1_23' title="bbox 321 2199 1978 2274">
     <span class='ocr_line' id='line_1_23' title="bbox 321 2199 1978 2274; baseline 0.001 -18"><span class='ocrx_word' id='word_1_157' title='bbox 321 2201 464 2274; x_wconf 86' lang='lat' dir='ltr'><strong>quia</strong></span> <span class='ocrx_word' id='word_1_158' title='bbox 491 2217 608 2256; x_wconf 90' lang='lat' dir='ltr'><strong>non</strong></span> <span class='ocrx_word' id='word_1_159' title='bbox 637 2203 728 2258; x_wconf 90' lang='lat' dir='ltr'><strong>est</strong></span> <span class='ocrx_word' id='word_1_160' title='bbox 757 2199 908 2256; x_wconf 90' lang='lat' dir='ltr'><strong>alius</strong></span> <span class='ocrx_word' id='word_1_161' title='bbox 939 2201 1092 2258; x_wconf 90' lang='lat' dir='ltr'><strong>Deus</strong></span> <span class='ocrx_word' id='word_1_162' title='bbox 1136 2204 1343 2273; x_wconf 69' lang='lat' dir='ltr'><strong>praeter</strong></span> <span class='ocrx_word' id='word_1_163' title='bbox 1371 2205 1448 2270; x_wconf 93' lang='lat' dir='ltr'><strong>te,</strong></span> <span class='ocrx_word' id='word_1_164' title='bbox 1484 2201 1744 2271; x_wconf 91' lang='lat' dir='ltr'><strong>Domine,</strong></span> <span class='ocrx_word' id='word_1_165' title='bbox 1777 2205 1834 2257; x_wconf 92' lang='lat' dir='ltr'><strong>et</strong></span> <span class='ocrx_word' id='word_1_166' title='bbox 1861 2219 1978 2258; x_wconf 92' lang='lat' dir='ltr'><strong>non</strong></span> 
     </span>
    </p>
   </div>
   <div class='ocr_carea' id='block_1_24' title="bbox 321 2289 1978 2364">
    <p class='ocr_par' dir='ltr' id='par_1_24' title="bbox 321 2289 1978 2364">
     <span class='ocr_line' id='line_1_24' title="bbox 321 2289 1978 2364; baseline 0.001 -16"><span class='ocrx_word' id='word_1_167' title='bbox 321 2294 414 2348; x_wconf 87' lang='lat' dir='ltr'><strong>est</strong></span> <span class='ocrx_word' id='word_1_168' title='bbox 439 2291 764 2350; x_wconf 85' lang='lat' dir='ltr'><strong>secundum</strong></span> <span class='ocrx_word' id='word_1_169' title='bbox 787 2308 964 2364; x_wconf 88' lang='lat' dir='ltr'><strong>opera</strong></span> <span class='ocrx_word' id='word_1_170' title='bbox 983 2295 1106 2348; x_wconf 89' lang='lat' dir='ltr'><strong>tua.</strong></span> <span class='ocrx_word' id='word_1_171' title='bbox 1132 2291 1406 2358; x_wconf 69' lang='lat' dir='ltr'><strong>Laetifica,</strong></span> <span class='ocrx_word' id='word_1_172' title='bbox 1431 2291 1693 2360; x_wconf 91' lang='lat' dir='ltr'><strong>Domine,</strong></span> <span class='ocrx_word' id='word_1_173' title='bbox 1720 2289 1978 2349; x_wconf 90' lang='lat' dir='ltr'><strong>animam</strong></span> 
     </span>
    </p>
   </div>
   <div class='ocr_carea' id='block_1_25' title="bbox 325 2379 1978 2454">
    <p class='ocr_par' dir='ltr' id='par_1_25' title="bbox 325 2379 1978 2454">
     <span class='ocr_line' id='line_1_25' title="bbox 325 2379 1978 2454; baseline 0 -16"><span class='ocrx_word' id='word_1_174' title='bbox 325 2381 528 2438; x_wconf 80' lang='lat' dir='ltr'><strong>famuli</strong></span> <span class='ocrx_word' id='word_1_175' title='bbox 559 2380 669 2449; x_wconf 91' lang='lat' dir='ltr'><strong>tui,</strong></span> <span class='ocrx_word' id='word_1_176' title='bbox 701 2385 760 2436; x_wconf 90' lang='lat' dir='ltr'><strong>et</strong></span> <span class='ocrx_word' id='word_1_177' title='bbox 791 2397 863 2436; x_wconf 88' lang='lat' dir='ltr'><strong>ne</strong></span> <span class='ocrx_word' id='word_1_178' title='bbox 890 2379 1232 2437; x_wconf 90' lang='lat' dir='ltr'><strong>memineris</strong></span> <span class='ocrx_word' id='word_1_179' title='bbox 1263 2379 1642 2453; x_wconf 88' lang='lat' dir='ltr'><strong>iniquitatum</strong></span> <span class='ocrx_word' id='word_1_180' title='bbox 1672 2381 1800 2452; x_wconf 91' lang='lat' dir='ltr'><strong>ejus</strong></span> <span class='ocrx_word' id='word_1_181' title='bbox 1832 2398 1978 2454; x_wconf 88' lang='lat' dir='ltr'><strong>quas</strong></span> 
     </span>
    </p>
   </div>
   <div class='ocr_carea' id='block_1_26' title="bbox 325 2468 1973 2542">
    <p class='ocr_par' dir='ltr' id='par_1_26' title="bbox 325 2468 1973 2542">
     <span class='ocr_line' id='line_1_26' title="bbox 325 2468 1973 2542; baseline -0.001 -15"><span class='ocrx_word' id='word_1_182' title='bbox 325 2469 632 2527; x_wconf 87' lang='lat' dir='ltr'><strong>suscitavit</strong></span> <span class='ocrx_word' id='word_1_183' title='bbox 659 2469 824 2526; x_wconf 89' lang='lat' dir='ltr'><strong>furor</strong></span> <span class='ocrx_word' id='word_1_184' title='bbox 853 2469 990 2526; x_wconf 90' lang='lat' dir='ltr'><strong>mali</strong></span> <span class='ocrx_word' id='word_1_185' title='bbox 1011 2469 1322 2538; x_wconf 86' lang='lat' dir='ltr'><strong>desiderii;</strong></span> <span class='ocrx_word' id='word_1_186' title='bbox 1353 2469 1489 2526; x_wconf 92' lang='lat' dir='ltr'><strong>licet</strong></span> <span class='ocrx_word' id='word_1_187' title='bbox 1507 2468 1663 2526; x_wconf 90' lang='lat' dir='ltr'><strong>enim</strong></span> <span class='ocrx_word' id='word_1_188' title='bbox 1697 2471 1973 2542; x_wconf 89' lang='lat' dir='ltr'><strong>peccavit,</strong></span> 
     </span>
    </p>
   </div>
   <div class='ocr_carea' id='block_1_27' title="bbox 319 2557 1976 2630">
    <p class='ocr_par' dir='ltr' id='par_1_27' title="bbox 319 2557 1976 2630">
     <span class='ocr_line' id='line_1_27' title="bbox 319 2557 1976 2630; baseline -0.001 -15"><span class='ocrx_word' id='word_1_189' title='bbox 319 2562 518 2616; x_wconf 87' lang='lat' dir='ltr'><strong>tamen</strong></span> <span class='ocrx_word' id='word_1_190' title='bbox 550 2558 800 2624; x_wconf 83' lang='lat' dir='ltr'><strong>Patrem,</strong></span> <span class='ocrx_word' id='word_1_191' title='bbox 824 2562 884 2613; x_wconf 89' lang='lat' dir='ltr'><strong>et</strong></span> <span class='ocrx_word' id='word_1_192' title='bbox 914 2557 1223 2625; x_wconf 84' lang='lat' dir='ltr'><strong>Filium,et</strong></span> <span class='ocrx_word' id='word_1_193' title='bbox 1251 2557 1534 2630; x_wconf 90' lang='lat' dir='ltr'><strong>Spiritum</strong></span> <span class='ocrx_word' id='word_1_194' title='bbox 1557 2561 1829 2614; x_wconf 90' lang='lat' dir='ltr'><strong>sanctum</strong></span> <span class='ocrx_word' id='word_1_195' title='bbox 1859 2575 1976 2615; x_wconf 90' lang='lat' dir='ltr'><strong>non</strong></span> 
     </span>
    </p>
   </div>
   <div class='ocr_carea' id='block_1_28' title="bbox 320 2645 1975 2722">
    <p class='ocr_par' dir='ltr' id='par_1_28' title="bbox 320 2645 1975 2722">
     <span class='ocr_line' id='line_1_28' title="bbox 320 2645 1975 2722; baseline -0.001 -18"><span class='ocrx_word' id='word_1_196' title='bbox 320 2645 572 2722; x_wconf 84' lang='lat' dir='ltr'><strong>negavit,</strong></span> <span class='ocrx_word' id='word_1_197' title='bbox 595 2647 697 2704; x_wconf 90' lang='lat' dir='ltr'><strong>sed</strong></span> <span class='ocrx_word' id='word_1_198' title='bbox 721 2646 987 2714; x_wconf 90' lang='lat' dir='ltr'><strong>credidit,</strong></span> <span class='ocrx_word' id='word_1_199' title='bbox 1011 2651 1070 2702; x_wconf 93' lang='lat' dir='ltr'><strong>et</strong></span> <span class='ocrx_word' id='word_1_200' title='bbox 1099 2645 1289 2702; x_wconf 90' lang='lat' dir='ltr'><strong>zelum</strong></span> <span class='ocrx_word' id='word_1_201' title='bbox 1317 2645 1419 2702; x_wconf 92' lang='lat' dir='ltr'><strong>Dei</strong></span> <span class='ocrx_word' id='word_1_202' title='bbox 1439 2645 1665 2716; x_wconf 86' lang='lat' dir='ltr'><strong>habuit,</strong></span> <span class='ocrx_word' id='word_1_203' title='bbox 1690 2650 1749 2702; x_wconf 91' lang='lat' dir='ltr'><strong>et</strong></span> <span class='ocrx_word' id='word_1_204' title='bbox 1767 2647 1975 2722; x_wconf 85' lang='lat' dir='ltr'><strong>Deum,</strong></span> 
     </span>
    </p>
   </div>
   <div class='ocr_carea' id='block_1_29' title="bbox 325 2733 1778 2810">
    <p class='ocr_par' dir='ltr' id='par_1_29' title="bbox 325 2733 1778 2810">
     <span class='ocr_line' id='line_1_29' title="bbox 325 2733 1778 2810; baseline -0.001 -18"><span class='ocrx_word' id='word_1_205' title='bbox 325 2735 426 2810; x_wconf 86' lang='lat' dir='ltr'><strong>qui</strong></span> <span class='ocrx_word' id='word_1_206' title='bbox 457 2735 594 2792; x_wconf 89' lang='lat' dir='ltr'><strong>fecit</strong></span> <span class='ocrx_word' id='word_1_207' title='bbox 621 2735 840 2802; x_wconf 88' lang='lat' dir='ltr'><strong>omnia,</strong></span> <span class='ocrx_word' id='word_1_208' title='bbox 863 2735 1140 2791; x_wconf 88' lang='lat' dir='ltr'><strong>adoravit.</strong></span> <span class='ocrx_word' id='word_1_209' title='bbox 1166 2735 1274 2800; x_wconf 87' lang='lat' dir='ltr'><strong>Qui</strong></span> <span class='ocrx_word' id='word_1_210' title='bbox 1303 2733 1442 2789; x_wconf 88' lang='lat' dir='ltr'><strong>vivit</strong></span> <span class='ocrx_word' id='word_1_211' title='bbox 1471 2737 1529 2790; x_wconf 93' lang='lat' dir='ltr'><strong>et</strong></span> <span class='ocrx_word' id='word_1_212' title='bbox 1556 2738 1778 2808; x_wconf 88' lang='lat' dir='ltr'><strong>regnat.</strong></span> 
     </span>
    </p>
   </div>
   <div class='ocr_carea' id='block_1_30' title="bbox 391 2823 1978 2895">
    <p class='ocr_par' dir='ltr' id='par_1_30' title="bbox 391 2823 1978 2895">
     <span class='ocr_line' id='line_1_30' title="bbox 391 2823 1978 2895; baseline -0.001 -13"><span class='ocrx_word' id='word_1_213' title='bbox 391 2825 601 2882; x_wconf 80' lang='lat' dir='ltr'><strong>Oratio.</strong></span> <span class='ocrx_word' id='word_1_214' title='bbox 635 2824 812 2891; x_wconf 92' lang='lat' dir='ltr'><strong>Deus,</strong></span> <span class='ocrx_word' id='word_1_215' title='bbox 862 2827 997 2880; x_wconf 90' lang='lat' dir='ltr'><strong>ante</strong></span> <span class='ocrx_word' id='word_1_216' title='bbox 1052 2824 1223 2895; x_wconf 88' lang='lat' dir='ltr'><strong>cujus</strong></span> <span class='ocrx_word' id='word_1_217' title='bbox 1281 2825 1662 2894; x_wconf 89' lang='lat' dir='ltr'><strong>conspectum</strong></span> <span class='ocrx_word' id='word_1_218' title='bbox 1720 2823 1978 2882; x_wconf 82' lang='lat' dir='ltr'><strong>defertur</strong></span> 
     </span>
    </p>
   </div>
   <div class='ocr_carea' id='block_1_31' title="bbox 323 2909 1976 2985">
    <p class='ocr_par' dir='ltr' id='par_1_31' title="bbox 323 2909 1976 2985">
     <span class='ocr_line' id='line_1_31' title="bbox 323 2909 1976 2985; baseline 0.001 -15"><span class='ocrx_word' id='word_1_219' title='bbox 323 2929 497 2970; x_wconf 88' lang='lat' dir='ltr'><strong>omne</strong></span> <span class='ocrx_word' id='word_1_220' title='bbox 523 2913 682 2985; x_wconf 88' lang='lat' dir='ltr'><strong>quod</strong></span> <span class='ocrx_word' id='word_1_221' title='bbox 713 2911 962 2984; x_wconf 89' lang='lat' dir='ltr'><strong>geritur;</strong></span> <span class='ocrx_word' id='word_1_222' title='bbox 995 2911 1096 2982; x_wconf 91' lang='lat' dir='ltr'><strong>qui</strong></span> <span class='ocrx_word' id='word_1_223' title='bbox 1135 2927 1272 2966; x_wconf 90' lang='lat' dir='ltr'><strong>cum</strong></span> <span class='ocrx_word' id='word_1_224' title='bbox 1317 2910 1400 2966; x_wconf 89' lang='lat' dir='ltr'><strong>sis</strong></span> <span class='ocrx_word' id='word_1_225' title='bbox 1447 2909 1768 2980; x_wconf 90' lang='lat' dir='ltr'><strong>institutor,</strong></span> <span class='ocrx_word' id='word_1_226' title='bbox 1800 2916 1858 2969; x_wconf 90' lang='lat' dir='ltr'><strong>et</strong></span> <span class='ocrx_word' id='word_1_227' title='bbox 1905 2914 1976 2970; x_wconf 92' lang='lat' dir='ltr'><strong>de</strong></span> 
     </span>
    </p>
   </div>
   <div class='ocr_carea' id='block_1_32' title="bbox 321 2999 1974 3074">
    <p class='ocr_par' dir='ltr' id='par_1_32' title="bbox 321 2999 1974 3074">
     <span class='ocr_line' id='line_1_32' title="bbox 321 2999 1974 3074; baseline -0.001 -15"><span class='ocrx_word' id='word_1_228' title='bbox 321 2999 631 3074; x_wconf 86' lang='lat' dir='ltr'><strong>suppliciis</strong></span> <span class='ocrx_word' id='word_1_229' title='bbox 655 3017 718 3058; x_wconf 89' lang='lat' dir='ltr'><strong>es</strong></span> <span class='ocrx_word' id='word_1_230' title='bbox 745 3001 1096 3071; x_wconf 87' lang='lat' dir='ltr'><strong>moderator,</strong></span> <span class='ocrx_word' id='word_1_231' title='bbox 1111 3015 1451 3072; x_wconf 83' lang='lat' dir='ltr'><strong>quaesumus</strong></span> <span class='ocrx_word' id='word_1_232' title='bbox 1474 3016 1578 3072; x_wconf 88' lang='lat' dir='ltr'><strong>pro</strong></span> <span class='ocrx_word' id='word_1_233' title='bbox 1603 2999 1821 3058; x_wconf 87' lang='lat' dir='ltr'><strong>famulo</strong></span> <span class='ocrx_word' id='word_1_234' title='bbox 1847 3006 1974 3072; x_wconf 89' lang='lat' dir='ltr'><strong>tuo,</strong></span> 
     </span>
    </p>
   </div>
   <div class='ocr_carea' id='block_1_33' title="bbox 321 3087 1973 3162">
    <p class='ocr_par' dir='ltr' id='par_1_33' title="bbox 321 3087 1973 3162">
     <span class='ocr_line' id='line_1_33' title="bbox 321 3087 1973 3162; baseline 0 -15"><span class='ocrx_word' id='word_1_235' title='bbox 321 3094 388 3147; x_wconf 88' lang='lat' dir='ltr'><strong>ut</strong></span> <span class='ocrx_word' id='word_1_236' title='bbox 415 3090 520 3146; x_wconf 89' lang='lat' dir='ltr'><strong>des</strong></span> <span class='ocrx_word' id='word_1_237' title='bbox 549 3089 600 3146; x_wconf 91' lang='lat' dir='ltr'><strong>ei</strong></span> <span class='ocrx_word' id='word_1_238' title='bbox 633 3091 858 3162; x_wconf 90' lang='lat' dir='ltr'><strong>partem</strong></span> <span class='ocrx_word' id='word_1_239' title='bbox 889 3105 1024 3144; x_wconf 91' lang='lat' dir='ltr'><strong>cum</strong></span> <span class='ocrx_word' id='word_1_240' title='bbox 1055 3088 1274 3145; x_wconf 89' lang='lat' dir='ltr'><strong>sanctis</strong></span> <span class='ocrx_word' id='word_1_241' title='bbox 1315 3088 1455 3156; x_wconf 89' lang='lat' dir='ltr'><strong>tuis,</strong></span> <span class='ocrx_word' id='word_1_242' title='bbox 1488 3092 1547 3144; x_wconf 90' lang='lat' dir='ltr'><strong>et</strong></span> <span class='ocrx_word' id='word_1_243' title='bbox 1573 3087 1973 3147; x_wconf 66' lang='lat' dir='ltr'><strong>haereditatem</strong></span> 
     </span>
    </p>
   </div>
   <div class='ocr_carea' id='block_1_34' title="bbox 322 3176 1472 3239">
    <p class='ocr_par' dir='ltr' id='par_1_34' title="bbox 322 3176 1472 3239">
     <span class='ocr_line' id='line_1_34' title="bbox 322 3176 1472 3239; baseline -0.003 -3"><span class='ocrx_word' id='word_1_244' title='bbox 322 3195 458 3239; x_wconf 90' lang='lat' dir='ltr'><strong>cum</strong></span> <span class='ocrx_word' id='word_1_245' title='bbox 490 3177 690 3236; x_wconf 89' lang='lat' dir='ltr'><strong>electis</strong></span> <span class='ocrx_word' id='word_1_246' title='bbox 714 3177 851 3234; x_wconf 84' lang='lat' dir='ltr'><strong>tuis.</strong></span> <span class='ocrx_word' id='word_1_247' title='bbox 877 3177 984 3234; x_wconf 89' lang='lat' dir='ltr'><strong>Per</strong></span> <span class='ocrx_word' id='word_1_248' title='bbox 1011 3176 1210 3234; x_wconf 89' lang='lat' dir='ltr'><strong>omnia</strong></span> <span class='ocrx_word' id='word_1_249' title='bbox 1239 3176 1472 3234; x_wconf 84' lang='lat' dir='ltr'><strong>saecula.</strong></span> 
     </span>
    </p>
   </div>
   <div class='ocr_carea' id='block_1_35' title="bbox 367 3240 2049 3340">
    <p class='ocr_par' dir='ltr' id='par_1_35' title="bbox 367 3240 2049 3340">
     <span class='ocr_line' id='line_1_35' title="bbox 367 3240 2049 3340; baseline 0.004 -19"><span class='ocrx_word' id='word_1_250' title='bbox 367 3269 597 3326; x_wconf 85' lang='lat' dir='ltr'><strong>.0ratio.</strong></span> <span class='ocrx_word' id='word_1_251' title='bbox 627 3267 888 3340; x_wconf 87' lang='lat' dir='ltr'><strong>Suscipe,</strong></span> <span class='ocrx_word' id='word_1_252' title='bbox 921 3267 1183 3336; x_wconf 88' lang='lat' dir='ltr'><strong>Domine,</strong></span> <span class='ocrx_word' id='word_1_253' title='bbox 1206 3266 1465 3324; x_wconf 89' lang='lat' dir='ltr'><strong>animam</strong></span> <span class='ocrx_word' id='word_1_254' title='bbox 1497 3268 1646 3325; x_wconf 90' lang='lat' dir='ltr'><strong>servi</strong></span> <span class='ocrx_word' id='word_1_255' title='bbox 1678 3268 1764 3324; x_wconf 90' lang='lat' dir='ltr'><strong>tui</strong></span> <span class='ocrx_word' id='word_1_256' title='bbox 1795 3269 1856 3324; x_wconf 88' lang='lat' dir='ltr'><strong>in</strong></span> <span class='ocrx_word' id='word_1_257' title='bbox 1877 3269 1976 3326; x_wconf 89' lang='lat' dir='ltr'><strong>bo-</strong></span> <span class='ocrx_word' id='word_1_258' title='bbox 2005 3240 2049 3308; x_wconf 67' lang='grc' dir='ltr'><strong>θ</strong></span> 
     </span>
    </p>
   </div>
   <div class='ocr_carea' id='block_1_36' title="bbox 321 3357 1976 3432">
    <p class='ocr_par' dir='ltr' id='par_1_36' title="bbox 321 3357 1976 3432">
     <span class='ocr_line' id='line_1_36' title="bbox 321 3357 1976 3432; baseline -0.001 -17"><span class='ocrx_word' id='word_1_259' title='bbox 321 3375 464 3416; x_wconf 90' lang='lat' dir='ltr'><strong>num</strong></span> <span class='ocrx_word' id='word_1_260' title='bbox 509 3357 932 3425; x_wconf 87' lang='lat' dir='ltr'><strong>habitaculum,</strong></span> <span class='ocrx_word' id='word_1_261' title='bbox 957 3357 1128 3429; x_wconf 88' lang='lat' dir='ltr'><strong>cujus</strong></span> <span class='ocrx_word' id='word_1_262' title='bbox 1149 3357 1563 3430; x_wconf 89' lang='lat' dir='ltr'><strong>corpusculum</strong></span> <span class='ocrx_word' id='word_1_263' title='bbox 1588 3357 1818 3414; x_wconf 89' lang='lat' dir='ltr'><strong>lavandi</strong></span> <span class='ocrx_word' id='word_1_264' title='bbox 1851 3374 1976 3432; x_wconf 92' lang='lat' dir='ltr'><strong>per-</strong></span> 
     </span>
    </p>
   </div>
   <div class='ocr_carea' id='block_1_37' title="bbox 321 3445 1972 3522">
    <p class='ocr_par' dir='ltr' id='par_1_37' title="bbox 321 3445 1972 3522">
     <span class='ocr_line' id='line_1_37' title="bbox 321 3445 1972 3522; baseline 0.001 -20"><span class='ocrx_word' id='word_1_265' title='bbox 321 3446 583 3522; x_wconf 87' lang='lat' dir='ltr'><strong>ragimus</strong></span> <span class='ocrx_word' id='word_1_266' title='bbox 611 3445 893 3516; x_wconf 80' lang='lat' dir='ltr'><strong>officium,</strong></span> <span class='ocrx_word' id='word_1_267' title='bbox 911 3449 968 3502; x_wconf 91' lang='lat' dir='ltr'><strong>et</strong></span> <span class='ocrx_word' id='word_1_268' title='bbox 993 3447 1068 3502; x_wconf 92' lang='lat' dir='ltr'><strong>da</strong></span> <span class='ocrx_word' id='word_1_269' title='bbox 1087 3445 1140 3502; x_wconf 92' lang='lat' dir='ltr'><strong>ei</strong></span> <span class='ocrx_word' id='word_1_270' title='bbox 1161 3447 1422 3519; x_wconf 89' lang='lat' dir='ltr'><strong>requiem</strong></span> <span class='ocrx_word' id='word_1_271' title='bbox 1448 3446 1510 3502; x_wconf 92' lang='lat' dir='ltr'><strong>in</strong></span> <span class='ocrx_word' id='word_1_272' title='bbox 1534 3463 1712 3520; x_wconf 88' lang='lat' dir='ltr'><strong>regno</strong></span> <span class='ocrx_word' id='word_1_273' title='bbox 1735 3451 1972 3519; x_wconf 79' lang='lat' dir='ltr'><strong>aeterno,</strong></span> 
     </span>
    </p>
   </div>
   <div class='ocr_carea' id='block_1_38' title="bbox 321 3535 1978 3610">
    <p class='ocr_par' dir='ltr' id='par_1_38' title="bbox 321 3535 1978 3610">
     <span class='ocr_line' id='line_1_38' title="bbox 321 3535 1978 3610; baseline 0.001 -18"><span class='ocrx_word' id='word_1_274' title='bbox 321 3537 381 3594; x_wconf 88' lang='lat' dir='ltr'><strong>id</strong></span> <span class='ocrx_word' id='word_1_275' title='bbox 407 3541 501 3593; x_wconf 91' lang='lat' dir='ltr'><strong>est</strong></span> <span class='ocrx_word' id='word_1_276' title='bbox 527 3538 586 3592; x_wconf 92' lang='lat' dir='ltr'><strong>in</strong></span> <span class='ocrx_word' id='word_1_277' title='bbox 615 3535 941 3593; x_wconf 85' lang='lat' dir='ltr'><strong>Jerusalem</strong></span> <span class='ocrx_word' id='word_1_278' title='bbox 965 3535 1282 3608; x_wconf 80' lang='lat' dir='ltr'><strong>caelestem,</strong></span> <span class='ocrx_word' id='word_1_279' title='bbox 1305 3540 1362 3592; x_wconf 92' lang='lat' dir='ltr'><strong>et</strong></span> <span class='ocrx_word' id='word_1_280' title='bbox 1391 3537 1450 3592; x_wconf 93' lang='lat' dir='ltr'><strong>in</strong></span> <span class='ocrx_word' id='word_1_281' title='bbox 1473 3535 1701 3592; x_wconf 90' lang='lat' dir='ltr'><strong>sinibus</strong></span> <span class='ocrx_word' id='word_1_282' title='bbox 1733 3537 1978 3610; x_wconf 88' lang='lat' dir='ltr'><strong>patriar-</strong></span> 
     </span>
    </p>
   </div>
   <div class='ocr_carea' id='block_1_39' title="bbox 321 3625 1976 3695">
    <p class='ocr_par' dir='ltr' id='par_1_39' title="bbox 321 3625 1976 3695">
     <span class='ocr_line' id='line_1_39' title="bbox 321 3625 1976 3695; baseline 0.001 -13"><span class='ocrx_word' id='word_1_283' title='bbox 321 3625 564 3683; x_wconf 84' lang='lat' dir='ltr'><strong>charum</strong></span> <span class='ocrx_word' id='word_1_284' title='bbox 621 3629 879 3693; x_wconf 90' lang='lat' dir='ltr'><strong>tuorum,</strong></span> <span class='ocrx_word' id='word_1_285' title='bbox 913 3625 972 3680; x_wconf 88' lang='lat' dir='ltr'><strong>id</strong></span> <span class='ocrx_word' id='word_1_286' title='bbox 1011 3629 1100 3681; x_wconf 91' lang='lat' dir='ltr'><strong>est</strong></span> <span class='ocrx_word' id='word_1_287' title='bbox 1137 3625 1402 3693; x_wconf 66' lang='lat' dir='ltr'><strong>Abrahae,</strong></span> <span class='ocrx_word' id='word_1_288' title='bbox 1437 3625 1598 3681; x_wconf 87' lang='lat' dir='ltr'><strong>Isaac</strong></span> <span class='ocrx_word' id='word_1_289' title='bbox 1655 3629 1714 3681; x_wconf 92' lang='lat' dir='ltr'><strong>et</strong></span> <span class='ocrx_word' id='word_1_290' title='bbox 1769 3626 1976 3695; x_wconf 87' lang='lat' dir='ltr'><strong>Jacob,</strong></span> 
     </span>
    </p>
   </div>
   <div class='ocr_carea' id='block_1_40' title="bbox 317 3712 1978 3786">
    <p class='ocr_par' dir='ltr' id='par_1_40' title="bbox 317 3712 1978 3786">
     <span class='ocr_line' id='line_1_40' title="bbox 317 3712 1978 3786; baseline 0.001 -16"><span class='ocrx_word' id='word_1_291' title='bbox 317 3712 601 3770; x_wconf 89' lang='lat' dir='ltr'><strong>collocare</strong></span> <span class='ocrx_word' id='word_1_292' title='bbox 645 3713 927 3786; x_wconf 87' lang='lat' dir='ltr'><strong>digneris,</strong></span> <span class='ocrx_word' id='word_1_293' title='bbox 961 3718 1028 3768; x_wconf 92' lang='lat' dir='ltr'><strong>ut</strong></span> <span class='ocrx_word' id='word_1_294' title='bbox 1075 3713 1288 3769; x_wconf 88' lang='lat' dir='ltr'><strong>habeat</strong></span> <span class='ocrx_word' id='word_1_295' title='bbox 1335 3717 1561 3786; x_wconf 87' lang='lat' dir='ltr'><strong>partem</strong></span> <span class='ocrx_word' id='word_1_296' title='bbox 1612 3713 1672 3768; x_wconf 93' lang='lat' dir='ltr'><strong>in</strong></span> <span class='ocrx_word' id='word_1_297' title='bbox 1723 3714 1891 3770; x_wconf 88' lang='lat' dir='ltr'><strong>beata</strong></span> <span class='ocrx_word' id='word_1_298' title='bbox 1921 3719 1978 3770; x_wconf 91' lang='lat' dir='ltr'><strong>et</strong></span> 
     </span>
    </p>
   </div>
   <div class='ocr_carea' id='block_1_41' title="bbox 322 3801 1974 3875">
    <p class='ocr_par' dir='ltr' id='par_1_41' title="bbox 322 3801 1974 3875">
     <span class='ocr_line' id='line_1_41' title="bbox 322 3801 1974 3875; baseline 0 -17"><span class='ocrx_word' id='word_1_299' title='bbox 322 3801 516 3875; x_wconf 87' lang='lat' dir='ltr'><strong>prima</strong></span> <span class='ocrx_word' id='word_1_300' title='bbox 542 3802 999 3870; x_wconf 88' lang='lat' dir='ltr'><strong>resurrectione;</strong></span> <span class='ocrx_word' id='word_1_301' title='bbox 1031 3819 1244 3875; x_wconf 90' lang='lat' dir='ltr'><strong>corpus</strong></span> <span class='ocrx_word' id='word_1_302' title='bbox 1291 3802 1421 3872; x_wconf 86' lang='lat' dir='ltr'><strong>ejus</strong></span> <span class='ocrx_word' id='word_1_303' title='bbox 1470 3801 1724 3875; x_wconf 89' lang='lat' dir='ltr'><strong>suscipe,</strong></span> <span class='ocrx_word' id='word_1_304' title='bbox 1753 3806 1811 3858; x_wconf 89' lang='lat' dir='ltr'><strong>et</strong></span> <span class='ocrx_word' id='word_1_305' title='bbox 1838 3819 1974 3858; x_wconf 90' lang='lat' dir='ltr'><strong>cum</strong></span> 
     </span>
    </p>
   </div>
   <div class='ocr_carea' id='block_1_42' title="bbox 321 3889 1974 3953">
    <p class='ocr_par' dir='ltr' id='par_1_42' title="bbox 321 3889 1974 3953">
     <span class='ocr_line' id='line_1_42' title="bbox 321 3889 1974 3953; baseline -0.001 -5"><span class='ocrx_word' id='word_1_306' title='bbox 321 3890 644 3948; x_wconf 87' lang='lat' dir='ltr'><strong>benedictis</strong></span> <span class='ocrx_word' id='word_1_307' title='bbox 671 3891 744 3946; x_wconf 89' lang='lat' dir='ltr'><strong>ad</strong></span> <span class='ocrx_word' id='word_1_308' title='bbox 777 3891 1072 3946; x_wconf 87' lang='lat' dir='ltr'><strong>dexteram</strong></span> <span class='ocrx_word' id='word_1_309' title='bbox 1115 3890 1216 3946; x_wconf 91' lang='lat' dir='ltr'><strong>Dei</strong></span> <span class='ocrx_word' id='word_1_310' title='bbox 1259 3889 1447 3953; x_wconf 83' lang='lat' dir='ltr'><strong>Patris</strong></span> <span class='ocrx_word' id='word_1_311' title='bbox 1477 3889 1845 3946; x_wconf 86' lang='lat' dir='ltr'><strong>venientibus</strong></span> <span class='ocrx_word' id='word_1_312' title='bbox 1874 3907 1974 3947; x_wconf 87' lang='lat' dir='ltr'><strong>ve-</strong></span> 
     </span>
    </p>
   </div>
   <div class='ocr_carea' id='block_1_43' title="bbox 323 3977 1970 4052">
    <p class='ocr_par' dir='ltr' id='par_1_43' title="bbox 323 3977 1970 4052">
     <span class='ocr_line' id='line_1_43' title="bbox 323 3977 1970 4052; baseline 0.001 -17"><span class='ocrx_word' id='word_1_313' title='bbox 323 3979 466 4048; x_wconf 88' lang='lat' dir='ltr'><strong>niat,</strong></span> <span class='ocrx_word' id='word_1_314' title='bbox 489 3983 548 4035; x_wconf 90' lang='lat' dir='ltr'><strong>et</strong></span> <span class='ocrx_word' id='word_1_315' title='bbox 574 3977 727 4034; x_wconf 91' lang='lat' dir='ltr'><strong>inter</strong></span> <span class='ocrx_word' id='word_1_316' title='bbox 755 3977 1122 4052; x_wconf 89' lang='lat' dir='ltr'><strong>possidentes</strong></span> <span class='ocrx_word' id='word_1_317' title='bbox 1141 3979 1318 4035; x_wconf 87' lang='lat' dir='ltr'><strong>vitam</strong></span> <span class='ocrx_word' id='word_1_318' title='bbox 1347 3982 1622 4034; x_wconf 82' lang='lat' dir='ltr'><strong>aeternam</strong></span> <span class='ocrx_word' id='word_1_319' title='bbox 1655 3978 1970 4051; x_wconf 89' lang='lat' dir='ltr'><strong>possideat.</strong></span> 
     </span>
    </p>
   </div>
   <div class='ocr_carea' id='block_1_44' title="bbox 324 4069 449 4125">
    <p class='ocr_par' dir='ltr' id='par_1_44' title="bbox 324 4069 449 4125">
     <span class='ocr_line' id='line_1_44' title="bbox 324 4069 449 4125; baseline -0.008 0"><span class='ocrx_word' id='word_1_320' title='bbox 324 4069 449 4125; x_wconf 88' lang='lat' dir='ltr'><strong>Per.</strong></span> 
     </span>
    </p>
   </div>
   <div class='ocr_carea' id='block_1_45' title="bbox 447 4173 1849 4301">
    <p class='ocr_par' dir='ltr' id='par_1_45' title="bbox 447 4173 1849 4301">
     <span class='ocr_line' id='line_1_45' title="bbox 447 4173 1849 4301; baseline 0.001 -71"><span class='ocrx_word' id='word_1_321' title='bbox 447 4174 726 4248; x_wconf 86' lang='lat' dir='ltr'><strong>Incipiunt</strong></span> <span class='ocrx_word' id='word_1_322' title='bbox 753 4173 1166 4301; x_wconf 62' lang='lat' dir='ltr'><strong>capitula,lsivet</strong></span> <span class='ocrx_word' id='word_1_323' title='bbox 1188 4176 1479 4242; x_wconf 85' lang='lat' dir='ltr'><strong>orationes,</strong></span> <span class='ocrx_word' id='word_1_324' title='bbox 1505 4181 1626 4247; x_wconf 88' lang='lat' dir='ltr'><strong>post</strong></span> <span class='ocrx_word' id='word_1_325' title='bbox 1655 4189 1849 4248; x_wconf 87' lang='lat' dir='ltr'><strong>corpus</strong></span> 
     </span>
     <span class='ocr_line' id='line_1_46' title="bbox 1041 4262 1283 4301; baseline 0.008 -2"><span class='ocrx_word' id='word_1_326' title='bbox 1041 4262 1144 4301; x_wconf 89' lang='lat' dir='ltr'><strong>ava</strong></span> <span class='ocrx_word' id='word_1_327' title='bbox 1171 4262 1283 4301; x_wconf 90' lang='lat' dir='ltr'><strong>um.</strong></span> 
     </span>
    </p>
   </div>
   <div class='ocr_carea' id='block_1_46' title="bbox 1041 4262 1283 4302">
    <p class='ocr_par' dir='ltr' id='par_1_46' title="bbox 1041 4262 1283 4302">
     <span class='ocr_line' id='line_1_47' title="bbox 1041 4262 1283 4302; baseline 0.008 -3"><span class='ocrx_word' id='word_1_328' title='bbox 1041 4262 1283 4302; x_wconf 84' lang='lat' dir='ltr'><strong>avatum.</strong></span> 
     </span>
    </p>
   </div>
   <div class='ocr_carea' id='block_1_47' title="bbox 394 4334 1173 4392">
    <p class='ocr_par' dir='ltr' id='par_1_47' title="bbox 394 4334 1173 4392">
     <span class='ocr_line' id='line_1_48' title="bbox 394 4334 1173 4392; baseline -0.005 0"><span class='ocrx_word' id='word_1_329' title='bbox 394 4335 565 4392; x_wconf 90' lang='lat' dir='ltr'><strong>Pater</strong></span> <span class='ocrx_word' id='word_1_330' title='bbox 595 4338 810 4390; x_wconf 84' lang='lat' dir='ltr'><strong>noster.</strong></span> <span class='ocrx_word' id='word_1_331' title='bbox 844 4334 913 4390; x_wconf 91' lang='lat' dir='ltr'><strong>Et</strong></span> <span class='ocrx_word' id='word_1_332' title='bbox 943 4350 1014 4389; x_wconf 91' lang='lat' dir='ltr'><strong>ne</strong></span> <span class='ocrx_word' id='word_1_333' title='bbox 1043 4351 1173 4389; x_wconf 90' lang='lat' dir='ltr'><strong>nos.</strong></span> 
     </span>
    </p>
   </div>
   <div class='ocr_carea' id='block_1_48' title="bbox 397 4422 1972 4497">
    <p class='ocr_par' dir='ltr' id='par_1_48' title="bbox 397 4422 1972 4497">
     <span class='ocr_line' id='line_1_49' title="bbox 397 4422 1972 4497; baseline 0.002 -18"><span class='ocrx_word' id='word_1_334' title='bbox 397 4423 731 4496; x_wconf 83' lang='lat' dir='ltr'><strong>Capitulum.</strong></span> <span class='ocrx_word' id='word_1_335' title='bbox 780 4422 844 4478; x_wconf 92' lang='lat' dir='ltr'><strong>In</strong></span> <span class='ocrx_word' id='word_1_336' title='bbox 893 4422 1175 4480; x_wconf 90' lang='lat' dir='ltr'><strong>memoria</strong></span> <span class='ocrx_word' id='word_1_337' title='bbox 1220 4426 1434 4480; x_wconf 66' lang='lat' dir='ltr'><strong>aeterna</strong></span> <span class='ocrx_word' id='word_1_338' title='bbox 1479 4423 1591 4481; x_wconf 91' lang='lat' dir='ltr'><strong>erit</strong></span> <span class='ocrx_word' id='word_1_339' title='bbox 1629 4424 1853 4497; x_wconf 88' lang='lat' dir='ltr'><strong>justus.</strong></span> <span class='ocrx_word' id='word_1_340' title='bbox 1886 4425 1972 4482; x_wconf 88' lang='lat' dir='ltr'><strong>Ab</strong></span> 
     </span>
    </p>
   </div>
   <div class='ocr_carea' id='block_1_49' title="bbox 327 4511 555 4568">
    <p class='ocr_par' dir='ltr' id='par_1_49' title="bbox 327 4511 555 4568">
     <span class='ocr_line' id='line_1_50' title="bbox 327 4511 555 4568; baseline -0.004 0"><span class='ocrx_word' id='word_1_341' title='bbox 327 4511 555 4568; x_wconf 91' lang='lat' dir='ltr'><strong>auditu.</strong></span> 
     </span>
    </p>
   </div>
   <div class='ocr_carea' id='block_1_50' title="bbox 2083 588 3760 686">
    <p class='ocr_par' dir='ltr' id='par_1_50' title="bbox 2083 588 3760 686">
     <span class='ocr_line' id='line_1_51' title="bbox 2083 588 3760 686; baseline 0.005 -32"><span class='ocrx_word' id='word_1_342' title='bbox 2083 614 2316 673; x_wconf 88' lang='lat' dir='ltr'><strong>quoque</strong></span> <span class='ocrx_word' id='word_1_343' title='bbox 2345 599 2562 656; x_wconf 82' lang='lat' dir='ltr'><strong>caelesti</strong></span> <span class='ocrx_word' id='word_1_344' title='bbox 2593 604 2651 656; x_wconf 92' lang='lat' dir='ltr'><strong>et</strong></span> <span class='ocrx_word' id='word_1_345' title='bbox 2669 600 2821 658; x_wconf 90' lang='lat' dir='ltr'><strong>stola</strong></span> <span class='ocrx_word' id='word_1_346' title='bbox 2863 601 3327 684; x_wconf 86' lang='lat' dir='ltr'><strong>immortalitatis</strong></span> <span class='ocrx_word' id='word_1_347' title='bbox 3354 602 3541 686; x_wconf 78' lang='lat' dir='ltr'><strong>indui,</strong></span> <span class='ocrx_word' id='word_1_348' title='bbox 3569 588 3760 682; x_wconf 47' lang='lat' dir='ltr'><strong>et&#39;pa_</strong></span> 
     </span>
    </p>
   </div>
   <div class='ocr_carea' id='block_1_51' title="bbox 2090 688 3395 764">
    <p class='ocr_par' dir='ltr' id='par_1_51' title="bbox 2090 688 3395 764">
     <span class='ocr_line' id='line_1_52' title="bbox 2090 688 3395 764; baseline 0.005 -21"><span class='ocrx_word' id='word_1_349' title='bbox 2090 688 2268 744; x_wconf 87' lang='lat' dir='ltr'><strong>radisi</strong></span> <span class='ocrx_word' id='word_1_350' title='bbox 2301 689 2639 746; x_wconf 87' lang='lat' dir='ltr'><strong>amoenitate</strong></span> <span class='ocrx_word' id='word_1_351' title='bbox 2669 691 2961 748; x_wconf 88' lang='lat' dir='ltr'><strong>confoveri</strong></span> <span class='ocrx_word' id='word_1_352' title='bbox 2993 692 3236 764; x_wconf 88' lang='lat' dir='ltr'><strong>jubeas.</strong></span> <span class='ocrx_word' id='word_1_353' title='bbox 3268 693 3395 749; x_wconf 90' lang='lat' dir='ltr'><strong>Per.</strong></span> 
     </span>
    </p>
   </div>
   <div class='ocr_carea' id='block_1_52' title="bbox 2160 779 3753 854">
    <p class='ocr_par' dir='ltr' id='par_1_52' title="bbox 2160 779 3753 854">
     <span class='ocr_line' id='line_1_53' title="bbox 2160 779 3753 854; baseline 0.006 -21"><span class='ocrx_word' id='word_1_354' title='bbox 2160 780 2286 834; x_wconf 86' lang='lat' dir='ltr'><strong>Alia</strong></span> <span class='ocrx_word' id='word_1_355' title='bbox 2321 781 2516 836; x_wconf 79' lang='lat' dir='ltr'><strong>oratio.</strong></span> <span class='ocrx_word' id='word_1_356' title='bbox 2567 779 2744 850; x_wconf 92' lang='lat' dir='ltr'><strong>Deus,</strong></span> <span class='ocrx_word' id='word_1_357' title='bbox 2797 781 2898 854; x_wconf 90' lang='lat' dir='ltr'><strong>qui</strong></span> <span class='ocrx_word' id='word_1_358' title='bbox 2959 781 3357 838; x_wconf 88' lang='lat' dir='ltr'><strong>humanarum</strong></span> <span class='ocrx_word' id='word_1_359' title='bbox 3409 782 3753 843; x_wconf 89' lang='lat' dir='ltr'><strong>animarum</strong></span> 
     </span>
    </p>
   </div>
   <div class='ocr_carea' id='block_1_53' title="bbox 2091 858 3752 946">
    <p class='ocr_par' dir='ltr' id='par_1_53' title="bbox 2091 858 3752 946">
     <span class='ocr_line' id='line_1_54' title="bbox 2091 858 3752 946; baseline 0.006 -24"><span class='ocrx_word' id='word_1_360' title='bbox 2091 869 2343 924; x_wconf 59' lang='lat' dir='ltr'><strong>aeternus</strong></span> <span class='ocrx_word' id='word_1_361' title='bbox 2371 871 2600 925; x_wconf 86' lang='lat' dir='ltr'><strong>amator</strong></span> <span class='ocrx_word' id='word_1_362' title='bbox 2627 883 2710 937; x_wconf 92' lang='lat' dir='ltr'><strong>es,</strong></span> <span class='ocrx_word' id='word_1_363' title='bbox 2733 871 2993 926; x_wconf 90' lang='lat' dir='ltr'><strong>animam</strong></span> <span class='ocrx_word' id='word_1_364' title='bbox 3025 858 3562 946; x_wconf 38' lang='lat' dir='ltr'><strong>famuli&#39;tui,quam</strong></span> <span class='ocrx_word' id='word_1_365' title='bbox 3591 889 3752 944; x_wconf 88' lang='lat' dir='ltr'><strong>vera,</strong></span> 
     </span>
    </p>
   </div>
   <div class='ocr_carea' id='block_1_54' title="bbox 2092 955 3753 1030">
    <p class='ocr_par' dir='ltr' id='par_1_54' title="bbox 2092 955 3753 1030">
     <span class='ocr_line' id='line_1_55' title="bbox 2092 955 3753 1030; baseline 0.005 -19"><span class='ocrx_word' id='word_1_366' title='bbox 2092 955 2232 1012; x_wconf 91' lang='lat' dir='ltr'><strong>dum</strong></span> <span class='ocrx_word' id='word_1_367' title='bbox 2258 956 2320 1011; x_wconf 93' lang='lat' dir='ltr'><strong>in</strong></span> <span class='ocrx_word' id='word_1_368' title='bbox 2351 973 2590 1030; x_wconf 89' lang='lat' dir='ltr'><strong>corpore</strong></span> <span class='ocrx_word' id='word_1_369' title='bbox 2618 957 2987 1028; x_wconf 87' lang='lat' dir='ltr'><strong>vixit,tenuit</strong></span> <span class='ocrx_word' id='word_1_370' title='bbox 3013 959 3182 1027; x_wconf 86' lang='lat' dir='ltr'><strong>ﬁdes,</strong></span> <span class='ocrx_word' id='word_1_371' title='bbox 3198 961 3270 1016; x_wconf 94' lang='lat' dir='ltr'><strong>ab</strong></span> <span class='ocrx_word' id='word_1_372' title='bbox 3293 961 3454 1018; x_wconf 88' lang='lat' dir='ltr'><strong>omni</strong></span> <span class='ocrx_word' id='word_1_373' title='bbox 3485 963 3753 1020; x_wconf 82' lang='lat' dir='ltr'><strong>eruciatu</strong></span> 
     </span>
    </p>
   </div>
   <div class='ocr_carea' id='block_1_55' title="bbox 2092 1035 3752 1124">
    <p class='ocr_par' dir='ltr' id='par_1_55' title="bbox 2092 1035 3752 1124">
     <span class='ocr_line' id='line_1_56' title="bbox 2092 1035 3752 1124; baseline 0.007 -25"><span class='ocrx_word' id='word_1_374' title='bbox 2092 1043 2455 1106; x_wconf 87' lang='lat' dir='ltr'><strong>infernorum</strong></span> <span class='ocrx_word' id='word_1_375' title='bbox 2487 1047 2663 1103; x_wconf 92' lang='lat' dir='ltr'><strong>redde</strong></span> <span class='ocrx_word' id='word_1_376' title='bbox 2693 1050 3002 1116; x_wconf 86' lang='lat' dir='ltr'><strong>extorrem,</strong></span> <span class='ocrx_word' id='word_1_377' title='bbox 3032 1051 3099 1104; x_wconf 93' lang='lat' dir='ltr'><strong>ut</strong></span> <span class='ocrx_word' id='word_1_378' title='bbox 3127 1053 3432 1124; x_wconf 83' lang='lat' dir='ltr'><strong>segregata</strong></span> <span class='ocrx_word' id='word_1_379' title='bbox 3459 1053 3532 1108; x_wconf 92' lang='lat' dir='ltr'><strong>ab</strong></span> <span class='ocrx_word' id='word_1_380' title='bbox 3562 1035 3752 1110; x_wconf 80' lang='lat' dir='ltr'><strong>infer-</strong></span> 
     </span>
    </p>
   </div>
   <div class='ocr_carea' id='block_1_56' title="bbox 2093 1132 3752 1200">
    <p class='ocr_par' dir='ltr' id='par_1_56' title="bbox 2093 1132 3752 1200">
     <span class='ocr_line' id='line_1_57' title="bbox 2093 1132 3752 1200; baseline 0.006 -12"><span class='ocrx_word' id='word_1_381' title='bbox 2093 1132 2328 1190; x_wconf 90' lang='lat' dir='ltr'><strong>nalibus</strong></span> <span class='ocrx_word' id='word_1_382' title='bbox 2359 1133 2632 1191; x_wconf 86' lang='lat' dir='ltr'><strong>claustris</strong></span> <span class='ocrx_word' id='word_1_383' title='bbox 2662 1139 2999 1193; x_wconf 87' lang='lat' dir='ltr'><strong>sanctorum</strong></span> <span class='ocrx_word' id='word_1_384' title='bbox 3026 1142 3317 1195; x_wconf 85' lang='lat' dir='ltr'><strong>mereatur</strong></span> <span class='ocrx_word' id='word_1_385' title='bbox 3341 1140 3589 1196; x_wconf 88' lang='lat' dir='ltr'><strong>adunari</strong></span> <span class='ocrx_word' id='word_1_386' title='bbox 3614 1159 3752 1200; x_wconf 89' lang='lat' dir='ltr'><strong>con-</strong></span> 
     </span>
    </p>
   </div>
   <div class='ocr_carea' id='block_1_57' title="bbox 2093 1213 3668 1288">
    <p class='ocr_par' dir='ltr' id='par_1_57' title="bbox 2093 1213 3668 1288">
     <span class='ocr_line' id='line_1_58' title="bbox 2093 1213 3668 1288; baseline 0.006 -10"><span class='ocrx_word' id='word_1_387' title='bbox 2093 1221 2312 1278; x_wconf 89' lang='lat' dir='ltr'><strong>sortiis.</strong></span> <span class='ocrx_word' id='word_1_388' title='bbox 2340 1223 2448 1279; x_wconf 90' lang='lat' dir='ltr'><strong>Per</strong></span> <span class='ocrx_word' id='word_1_389' title='bbox 2474 1221 2794 1281; x_wconf 87' lang='lat' dir='ltr'><strong>Dominum</strong></span> <span class='ocrx_word' id='word_1_390' title='bbox 2824 1229 3092 1283; x_wconf 87' lang='lat' dir='ltr'><strong>nostrum</strong></span> <span class='ocrx_word' id='word_1_391' title='bbox 3121 1227 3326 1284; x_wconf 86' lang='lat' dir='ltr'><strong>Jesum</strong></span> <span class='ocrx_word' id='word_1_392' title='bbox 3349 1213 3668 1288; x_wconf 81' lang='lat' dir='ltr'><strong>Christum.</strong></span> 
     </span>
    </p>
   </div>
   <div class='ocr_carea' id='block_1_58' title="bbox 2170 1305 3747 1392">
    <p class='ocr_par' dir='ltr' id='par_1_58' title="bbox 2170 1305 3747 1392">
     <span class='ocr_line' id='line_1_59' title="bbox 2170 1305 3747 1392; baseline 0.008 -26"><span class='ocrx_word' id='word_1_393' title='bbox 2170 1312 2301 1367; x_wconf 63' lang='lat' dir='ltr'><strong>Alia</strong></span> <span class='ocrx_word' id='word_1_394' title='bbox 2318 1313 2513 1368; x_wconf 85' lang='lat' dir='ltr'><strong>oratio.</strong></span> <span class='ocrx_word' id='word_1_395' title='bbox 2538 1316 2711 1384; x_wconf 92' lang='lat' dir='ltr'><strong>Deus,</strong></span> <span class='ocrx_word' id='word_1_396' title='bbox 2737 1314 2890 1387; x_wconf 89' lang='lat' dir='ltr'><strong>apud</strong></span> <span class='ocrx_word' id='word_1_397' title='bbox 2911 1331 3084 1387; x_wconf 89' lang='lat' dir='ltr'><strong>quem</strong></span> <span class='ocrx_word' id='word_1_398' title='bbox 3109 1305 3475 1374; x_wconf 85' lang='lat' dir='ltr'><strong>mortuorum</strong></span> <span class='ocrx_word' id='word_1_399' title='bbox 3498 1320 3747 1392; x_wconf 89' lang='lat' dir='ltr'><strong>spiritus</strong></span> 
     </span>
    </p>
   </div>
   <div class='ocr_carea' id='block_1_59' title="bbox 2089 1399 3742 1480">
    <p class='ocr_par' dir='ltr' id='par_1_59' title="bbox 2089 1399 3742 1480">
     <span class='ocr_line' id='line_1_60' title="bbox 2089 1399 3742 1480; baseline 0.007 -24"><span class='ocrx_word' id='word_1_400' title='bbox 2089 1399 2312 1468; x_wconf 90' lang='lat' dir='ltr'><strong>vivunt,</strong></span> <span class='ocrx_word' id='word_1_401' title='bbox 2337 1405 2394 1456; x_wconf 92' lang='lat' dir='ltr'><strong>et</strong></span> <span class='ocrx_word' id='word_1_402' title='bbox 2423 1401 2484 1456; x_wconf 88' lang='lat' dir='ltr'><strong>in</strong></span> <span class='ocrx_word' id='word_1_403' title='bbox 2505 1418 2621 1474; x_wconf 89' lang='lat' dir='ltr'><strong>quo</strong></span> <span class='ocrx_word' id='word_1_404' title='bbox 2641 1401 2956 1460; x_wconf 86' lang='lat' dir='ltr'><strong>electorum</strong></span> <span class='ocrx_word' id='word_1_405' title='bbox 2979 1403 3208 1475; x_wconf 84' lang='lat' dir='ltr'><strong>animae,</strong></span> <span class='ocrx_word' id='word_1_406' title='bbox 3235 1407 3502 1480; x_wconf 91' lang='lat' dir='ltr'><strong>deposito</strong></span> <span class='ocrx_word' id='word_1_407' title='bbox 3523 1409 3742 1480; x_wconf 89' lang='lat' dir='ltr'><strong>carnis,</strong></span> 
     </span>
    </p>
   </div>
   <div class='ocr_carea' id='block_1_60' title="bbox 2093 1487 3743 1570">
    <p class='ocr_par' dir='ltr' id='par_1_60' title="bbox 2093 1487 3743 1570">
     <span class='ocr_line' id='line_1_61' title="bbox 2093 1487 3743 1570; baseline 0.008 -28"><span class='ocrx_word' id='word_1_408' title='bbox 2093 1502 2286 1556; x_wconf 90' lang='lat' dir='ltr'><strong>onere,</strong></span> <span class='ocrx_word' id='word_1_409' title='bbox 2308 1487 2480 1560; x_wconf 91' lang='lat' dir='ltr'><strong>plena</strong></span> <span class='ocrx_word' id='word_1_410' title='bbox 2520 1488 2794 1546; x_wconf 80' lang='lat' dir='ltr'><strong>felicitate</strong></span> <span class='ocrx_word' id='word_1_411' title='bbox 2834 1488 3129 1561; x_wconf 64' lang='lat' dir='ltr'><strong>laetantur,</strong></span> <span class='ocrx_word' id='word_1_412' title='bbox 3151 1499 3380 1566; x_wconf 70' lang='lat' dir='ltr'><strong>praesta,</strong></span> <span class='ocrx_word' id='word_1_413' title='bbox 3405 1497 3743 1570; x_wconf 82' lang='lat' dir='ltr'><strong>supplican-</strong></span> 
     </span>
    </p>
   </div>
   <div class='ocr_carea' id='block_1_61' title="bbox 2090 1575 3745 1658">
    <p class='ocr_par' dir='ltr' id='par_1_61' title="bbox 2090 1575 3745 1658">
     <span class='ocr_line' id='line_1_62' title="bbox 2090 1575 3745 1658; baseline 0.007 -26"><span class='ocrx_word' id='word_1_414' title='bbox 2090 1575 2250 1632; x_wconf 89' lang='lat' dir='ltr'><strong>tibus</strong></span> <span class='ocrx_word' id='word_1_415' title='bbox 2283 1577 2471 1645; x_wconf 91' lang='lat' dir='ltr'><strong>nobis,</strong></span> <span class='ocrx_word' id='word_1_416' title='bbox 2495 1581 2561 1634; x_wconf 91' lang='lat' dir='ltr'><strong>ut</strong></span> <span class='ocrx_word' id='word_1_417' title='bbox 2593 1579 2850 1635; x_wconf 88' lang='lat' dir='ltr'><strong>animam</strong></span> <span class='ocrx_word' id='word_1_418' title='bbox 2893 1579 3094 1636; x_wconf 84' lang='lat' dir='ltr'><strong>famuli</strong></span> <span class='ocrx_word' id='word_1_419' title='bbox 3133 1583 3240 1651; x_wconf 91' lang='lat' dir='ltr'><strong>tui,</strong></span> <span class='ocrx_word' id='word_1_420' title='bbox 3273 1599 3400 1655; x_wconf 69' lang='lat' dir='ltr'><strong>qua:</strong></span> <span class='ocrx_word' id='word_1_421' title='bbox 3432 1587 3745 1658; x_wconf 84' lang='lat' dir='ltr'><strong>temporali</strong></span> 
     </span>
    </p>
   </div>
   <div class='ocr_carea' id='block_1_62' title="bbox 2092 1664 3745 1737">
    <p class='ocr_par' dir='ltr' id='par_1_62' title="bbox 2092 1664 3745 1737">
     <span class='ocr_line' id='line_1_63' title="bbox 2092 1664 3745 1737; baseline 0.008 -17"><span class='ocrx_word' id='word_1_422' title='bbox 2092 1664 2272 1737; x_wconf 89' lang='lat' dir='ltr'><strong>hujus</strong></span> <span class='ocrx_word' id='word_1_423' title='bbox 2305 1665 2500 1722; x_wconf 83' lang='lat' dir='ltr'><strong>saeculi</strong></span> <span class='ocrx_word' id='word_1_424' title='bbox 2530 1667 2718 1724; x_wconf 90' lang='lat' dir='ltr'><strong>caruit</strong></span> <span class='ocrx_word' id='word_1_425' title='bbox 2743 1667 2894 1736; x_wconf 89' lang='lat' dir='ltr'><strong>visu,</strong></span> <span class='ocrx_word' id='word_1_426' title='bbox 2919 1673 3134 1726; x_wconf 72' lang='lat' dir='ltr'><strong>aeterno</strong></span> <span class='ocrx_word' id='word_1_427' title='bbox 3163 1670 3323 1729; x_wconf 89' lang='lat' dir='ltr'><strong>illius</strong></span> <span class='ocrx_word' id='word_1_428' title='bbox 3353 1672 3504 1731; x_wconf 91' lang='lat' dir='ltr'><strong>lucis</strong></span> <span class='ocrx_word' id='word_1_429' title='bbox 3532 1675 3745 1734; x_wconf 82' lang='lat' dir='ltr'><strong>solatio</strong></span> 
     </span>
    </p>
   </div>
   <div class='ocr_carea' id='block_1_63' title="bbox 2093 1749 3743 1837">
    <p class='ocr_par' dir='ltr' id='par_1_63' title="bbox 2093 1749 3743 1837">
     <span class='ocr_line' id='line_1_64' title="bbox 2093 1749 3743 1837; baseline 0.008 -27"><span class='ocrx_word' id='word_1_430' title='bbox 2093 1753 2368 1826; x_wconf 90' lang='lat' dir='ltr'><strong>potiatur,</strong></span> <span class='ocrx_word' id='word_1_431' title='bbox 2391 1756 2667 1828; x_wconf 74' lang='lat' dir='ltr'><strong>non:eam</strong></span> <span class='ocrx_word' id='word_1_432' title='bbox 2695 1761 3058 1814; x_wconf 88' lang='lat' dir='ltr'><strong>tormentum</strong></span> <span class='ocrx_word' id='word_1_433' title='bbox 3089 1761 3295 1818; x_wconf 89' lang='lat' dir='ltr'><strong>mortis</strong></span> <span class='ocrx_word' id='word_1_434' title='bbox 3323 1749 3743 1837; x_wconf 30' lang='lat' dir='ltr'><strong>attingat,‘non</strong></span> 
     </span>
    </p>
   </div>
   <div class='ocr_carea' id='block_1_64' title="bbox 2093 1841 3748 1923">
    <p class='ocr_par' dir='ltr' id='par_1_64' title="bbox 2093 1841 3748 1923">
     <span class='ocr_line' id='line_1_65' title="bbox 2093 1841 3748 1923; baseline 0.009 -25"><span class='ocrx_word' id='word_1_435' title='bbox 2093 1841 2256 1898; x_wconf 92' lang='lat' dir='ltr'><strong>dolor</strong></span> <span class='ocrx_word' id='word_1_436' title='bbox 2286 1841 2585 1900; x_wconf 70' lang='lat' dir='ltr'><strong>horrendae</strong></span> <span class='ocrx_word' id='word_1_437' title='bbox 2615 1845 2859 1903; x_wconf 79' lang='lat' dir='ltr'><strong>visionis</strong></span> <span class='ocrx_word' id='word_1_438' title='bbox 2889 1847 3126 1918; x_wconf 81' lang='lat' dir='ltr'><strong>afﬁciet,</strong></span> <span class='ocrx_word' id='word_1_439' title='bbox 3153 1866 3268 1906; x_wconf 93' lang='lat' dir='ltr'><strong>non</strong></span> <span class='ocrx_word' id='word_1_440' title='bbox 3293 1851 3540 1923; x_wconf 69' lang='lat' dir='ltr'><strong>poenalis</strong></span> <span class='ocrx_word' id='word_1_441' title='bbox 3563 1853 3748 1912; x_wconf 83' lang='lat' dir='ltr'><strong>timor</strong></span> 
     </span>
    </p>
   </div>
   <div class='ocr_carea' id='block_1_65' title="bbox 2089 1927 3742 2017">
    <p class='ocr_par' dir='ltr' id='par_1_65' title="bbox 2089 1927 3742 2017">
     <span class='ocr_line' id='line_1_66' title="bbox 2089 1927 3742 2017; baseline 0.008 -30"><span class='ocrx_word' id='word_1_442' title='bbox 2089 1931 2398 1998; x_wconf 81' lang='lat' dir='ltr'><strong>excruciet,</strong></span> <span class='ocrx_word' id='word_1_443' title='bbox 2426 1949 2542 1988; x_wconf 90' lang='lat' dir='ltr'><strong>non</strong></span> <span class='ocrx_word' id='word_1_444' title='bbox 2574 1950 2804 1991; x_wconf 89' lang='lat' dir='ltr'><strong>reorum</strong></span> <span class='ocrx_word' id='word_1_445' title='bbox 2833 1936 3094 2007; x_wconf 89' lang='lat' dir='ltr'><strong>pessima</strong></span> <span class='ocrx_word' id='word_1_446' title='bbox 3122 1941 3326 1996; x_wconf 88' lang='lat' dir='ltr'><strong>catena</strong></span> <span class='ocrx_word' id='word_1_447' title='bbox 3355 1927 3742 2017; x_wconf 85' lang='lat' dir='ltr'><strong>constringat,</strong></span> 
     </span>
    </p>
   </div>
   <div class='ocr_carea' id='block_1_66' title="bbox 2089 2022 3744 2111">
    <p class='ocr_par' dir='ltr' id='par_1_66' title="bbox 2089 2022 3744 2111">
     <span class='ocr_line' id='line_1_67' title="bbox 2089 2022 3744 2111; baseline 0.01 -35"><span class='ocrx_word' id='word_1_448' title='bbox 2089 2022 2210 2090; x_wconf 89' lang='lat' dir='ltr'><strong>sed,</strong></span> <span class='ocrx_word' id='word_1_449' title='bbox 2233 2038 2512 2079; x_wconf 88' lang='lat' dir='ltr'><strong>concessa</strong></span> <span class='ocrx_word' id='word_1_450' title='bbox 2531 2023 2640 2079; x_wconf 90' lang='lat' dir='ltr'><strong>sibi</strong></span> <span class='ocrx_word' id='word_1_451' title='bbox 2663 2023 3008 2082; x_wconf 88' lang='lat' dir='ltr'><strong>delictorum</strong></span> <span class='ocrx_word' id='word_1_452' title='bbox 3032 2028 3295 2084; x_wconf 89' lang='lat' dir='ltr'><strong>omnium</strong></span> <span class='ocrx_word' id='word_1_453' title='bbox 3315 2029 3502 2111; x_wconf 82' lang='lat' dir='ltr'><strong>venia,</strong></span> <span class='ocrx_word' id='word_1_454' title='bbox 3527 2035 3744 2108; x_wconf 68' lang='lat' dir='ltr'><strong>optate</strong></span> 
     </span>
    </p>
   </div>
   <div class='ocr_carea' id='block_1_67' title="bbox 2089 2109 3372 2188">
    <p class='ocr_par' dir='ltr' id='par_1_67' title="bbox 2089 2109 3372 2188">
     <span class='ocr_line' id='line_1_68' title="bbox 2089 2109 3372 2188; baseline 0.005 -22"><span class='ocrx_word' id='word_1_455' title='bbox 2089 2109 2302 2182; x_wconf 87' lang='lat' dir='ltr'><strong>quietis</strong></span> <span class='ocrx_word' id='word_1_456' title='bbox 2333 2115 2726 2184; x_wconf 87' lang='lat' dir='ltr'><strong>consequatur</strong></span> <span class='ocrx_word' id='word_1_457' title='bbox 2749 2114 2968 2186; x_wconf 89' lang='lat' dir='ltr'><strong>gaudia</strong></span> <span class='ocrx_word' id='word_1_458' title='bbox 2998 2115 3372 2188; x_wconf 89' lang='lat' dir='ltr'><strong>repromissa.</strong></span> 
     </span>
    </p>
   </div>
   <div class='ocr_carea' id='block_1_68' title="bbox 2159 2201 3738 2284">
    <p class='ocr_par' dir='ltr' id='par_1_68' title="bbox 2159 2201 3738 2284">
     <span class='ocr_line' id='line_1_69' title="bbox 2159 2201 3738 2284; baseline 0.009 -30"><span class='ocrx_word' id='word_1_459' title='bbox 2159 2201 2358 2258; x_wconf 87' lang='lat' dir='ltr'><strong>Finitis</strong></span> <span class='ocrx_word' id='word_1_460' title='bbox 2386 2201 2638 2257; x_wconf 85' lang='lat' dir='ltr'><strong>omnibus</strong></span> <span class='ocrx_word' id='word_1_461' title='bbox 2680 2204 3039 2272; x_wconf 77' lang='lat' dir='ltr'><strong>orationibus,</strong></span> <span class='ocrx_word' id='word_1_462' title='bbox 3057 2209 3298 2277; x_wconf 86' lang='lat' dir='ltr'><strong>ponatur</strong></span> <span class='ocrx_word' id='word_1_463' title='bbox 3341 2224 3538 2282; x_wconf 86' lang='lat' dir='ltr'><strong>corpus</strong></span> <span class='ocrx_word' id='word_1_464' title='bbox 3568 2212 3629 2267; x_wconf 88' lang='lat' dir='ltr'><strong>in</strong></span> <span class='ocrx_word' id='word_1_465' title='bbox 3654 2215 3738 2284; x_wconf 74' lang='lat' dir='ltr'><strong>fe-</strong></span> 
     </span>
    </p>
   </div>
   <div class='ocr_carea' id='block_1_69' title="bbox 2085 2292 3738 2364">
    <p class='ocr_par' dir='ltr' id='par_1_69' title="bbox 2085 2292 3738 2364">
     <span class='ocr_line' id='line_1_70' title="bbox 2085 2292 3738 2364; baseline 0.007 -20"><span class='ocrx_word' id='word_1_466' title='bbox 2085 2297 2252 2355; x_wconf 81' lang='lat' dir='ltr'><strong>retro,</strong></span> <span class='ocrx_word' id='word_1_467' title='bbox 2275 2292 2326 2346; x_wconf 87' lang='lat' dir='ltr'><strong>et</strong></span> <span class='ocrx_word' id='word_1_468' title='bbox 2355 2293 2676 2362; x_wconf 86' lang='lat' dir='ltr'><strong>aspergatur</strong></span> <span class='ocrx_word' id='word_1_469' title='bbox 2703 2307 2848 2364; x_wconf 89' lang='lat' dir='ltr'><strong>aqua</strong></span> <span class='ocrx_word' id='word_1_470' title='bbox 2874 2297 3086 2362; x_wconf 86' lang='lat' dir='ltr'><strong>saneta,</strong></span> <span class='ocrx_word' id='word_1_471' title='bbox 3108 2302 3159 2352; x_wconf 88' lang='lat' dir='ltr'><strong>et</strong></span> <span class='ocrx_word' id='word_1_472' title='bbox 3187 2297 3498 2354; x_wconf 87' lang='lat' dir='ltr'><strong>incensetur</strong></span> <span class='ocrx_word' id='word_1_473' title='bbox 3525 2307 3578 2356; x_wconf 90' lang='lat' dir='ltr'><strong>et</strong></span> <span class='ocrx_word' id='word_1_474' title='bbox 3603 2315 3738 2358; x_wconf 88' lang='lat' dir='ltr'><strong>can-</strong></span> 
     </span>
    </p>
   </div>
   <div class='ocr_carea' id='block_1_70' title="bbox 2087 2377 3735 2458">
    <p class='ocr_par' dir='ltr' id='par_1_70' title="bbox 2087 2377 3735 2458">
     <span class='ocr_line' id='line_1_71' title="bbox 2087 2377 3735 2458; baseline 0.009 -26"><span class='ocrx_word' id='word_1_475' title='bbox 2087 2385 2218 2433; x_wconf 87' lang='lat' dir='ltr'><strong>tent.</strong></span> <span class='ocrx_word' id='word_1_476' title='bbox 2262 2377 2594 2448; x_wconf 89' lang='lat' dir='ltr'><strong>Subvenite,</strong></span> <span class='ocrx_word' id='word_1_477' title='bbox 2633 2381 2818 2436; x_wconf 89' lang='lat' dir='ltr'><strong>sancti</strong></span> <span class='ocrx_word' id='word_1_478' title='bbox 2862 2382 2982 2438; x_wconf 92' lang='lat' dir='ltr'><strong>Dei.</strong></span> <span class='ocrx_word' id='word_1_479' title='bbox 3016 2383 3312 2458; x_wconf 90' lang='lat' dir='ltr'><strong>Suscipiat</strong></span> <span class='ocrx_word' id='word_1_480' title='bbox 3355 2389 3430 2443; x_wconf 92' lang='lat' dir='ltr'><strong>te.</strong></span> <span class='ocrx_word' id='word_1_481' title='bbox 3464 2387 3642 2458; x_wconf 89' lang='lat' dir='ltr'><strong>Deus,</strong></span> <span class='ocrx_word' id='word_1_482' title='bbox 3673 2389 3735 2447; x_wconf 84' lang='lat' dir='ltr'><strong>in</strong></span> 
     </span>
    </p>
   </div>
   <div class='ocr_carea' id='block_1_71' title="bbox 2085 2465 3735 2535">
    <p class='ocr_par' dir='ltr' id='par_1_71' title="bbox 2085 2465 3735 2535">
     <span class='ocr_line' id='line_1_72' title="bbox 2085 2465 3735 2535; baseline 0.008 -14"><span class='ocrx_word' id='word_1_483' title='bbox 2085 2465 2324 2522; x_wconf 91' lang='lat' dir='ltr'><strong>nomine</strong></span> <span class='ocrx_word' id='word_1_484' title='bbox 2353 2469 2475 2524; x_wconf 89' lang='lat' dir='ltr'><strong>tuo.</strong></span> <span class='ocrx_word' id='word_1_485' title='bbox 2514 2467 2671 2524; x_wconf 90' lang='lat' dir='ltr'><strong>Beati</strong></span> <span class='ocrx_word' id='word_1_486' title='bbox 2701 2468 3084 2528; x_wconf 90' lang='lat' dir='ltr'><strong>immaculati.</strong></span> <span class='ocrx_word' id='word_1_487' title='bbox 3109 2473 3175 2530; x_wconf 84' lang='lat' dir='ltr'><strong>Et</strong></span> <span class='ocrx_word' id='word_1_488' title='bbox 3197 2475 3280 2530; x_wconf 86' lang='lat' dir='ltr'><strong>sic</strong></span> <span class='ocrx_word' id='word_1_489' title='bbox 3322 2475 3527 2534; x_wconf 85' lang='lat' dir='ltr'><strong>vadant</strong></span> <span class='ocrx_word' id='word_1_490' title='bbox 3551 2477 3621 2534; x_wconf 89' lang='lat' dir='ltr'><strong>ad</strong></span> <span class='ocrx_word' id='word_1_491' title='bbox 3647 2495 3735 2535; x_wconf 87' lang='lat' dir='ltr'><strong>ee-</strong></span> 
     </span>
    </p>
   </div>
   <div class='ocr_carea' id='block_1_72' title="bbox 2084 2556 3736 2634">
    <p class='ocr_par' dir='ltr' id='par_1_72' title="bbox 2084 2556 3736 2634">
     <span class='ocr_line' id='line_1_73' title="bbox 2084 2556 3736 2634; baseline 0.009 -24"><span class='ocrx_word' id='word_1_492' title='bbox 2084 2556 2330 2612; x_wconf 86' lang='lat' dir='ltr'><strong>clesiam.</strong></span> <span class='ocrx_word' id='word_1_493' title='bbox 2351 2557 2486 2613; x_wconf 84' lang='lat' dir='ltr'><strong>Cum</strong></span> <span class='ocrx_word' id='word_1_494' title='bbox 2512 2559 2762 2614; x_wconf 80' lang='lat' dir='ltr'><strong>venerint</strong></span> <span class='ocrx_word' id='word_1_495' title='bbox 2790 2559 2862 2615; x_wconf 85' lang='lat' dir='ltr'><strong>ad</strong></span> <span class='ocrx_word' id='word_1_496' title='bbox 2892 2562 3180 2618; x_wconf 88' lang='lat' dir='ltr'><strong>introitum</strong></span> <span class='ocrx_word' id='word_1_497' title='bbox 3207 2564 3466 2634; x_wconf 74' lang='lat' dir='ltr'><strong>ecclesiae,</strong></span> <span class='ocrx_word' id='word_1_498' title='bbox 3491 2565 3698 2624; x_wconf 83' lang='lat' dir='ltr'><strong>dicitur</strong></span> <span class='ocrx_word' id='word_1_499' title='bbox 3713 2587 3736 2625; x_wconf 90' lang='lat'><strong><em>:</em></strong></span> 
     </span>
    </p>
   </div>
   <div class='ocr_carea' id='block_1_73' title="bbox 2086 2643 3740 2735">
    <p class='ocr_par' dir='ltr' id='par_1_73' title="bbox 2086 2643 3740 2735">
     <span class='ocr_line' id='line_1_74' title="bbox 2086 2643 3740 2735; baseline 0.009 -36"><span class='ocrx_word' id='word_1_500' title='bbox 2086 2643 2420 2714; x_wconf 86' lang='lat' dir='ltr'><strong>Subvenite,</strong></span> <span class='ocrx_word' id='word_1_501' title='bbox 2454 2646 2642 2702; x_wconf 90' lang='lat' dir='ltr'><strong>sancti</strong></span> <span class='ocrx_word' id='word_1_502' title='bbox 2671 2646 2790 2704; x_wconf 91' lang='lat' dir='ltr'><strong>Dei.</strong></span> <span class='ocrx_word' id='word_1_503' title='bbox 2823 2649 2890 2704; x_wconf 86' lang='lat' dir='ltr'><strong>Et</strong></span> <span class='ocrx_word' id='word_1_504' title='bbox 2911 2651 2994 2706; x_wconf 89' lang='lat' dir='ltr'><strong>sic</strong></span> <span class='ocrx_word' id='word_1_505' title='bbox 3019 2650 3176 2707; x_wconf 86' lang='lat' dir='ltr'><strong>detur</strong></span> <span class='ocrx_word' id='word_1_506' title='bbox 3201 2653 3484 2735; x_wconf 80' lang='lat' dir='ltr'><strong>incensum</strong></span> <span class='ocrx_word' id='word_1_507' title='bbox 3515 2659 3570 2712; x_wconf 86' lang='lat' dir='ltr'><strong>et</strong></span> <span class='ocrx_word' id='word_1_508' title='bbox 3591 2673 3740 2730; x_wconf 84' lang='lat' dir='ltr'><strong>aqua</strong></span> 
     </span>
    </p>
   </div>
   <div class='ocr_carea' id='block_1_74' title="bbox 2083 2737 3740 2816">
    <p class='ocr_par' dir='ltr' id='par_1_74' title="bbox 2083 2737 3740 2816">
     <span class='ocr_line' id='line_1_75' title="bbox 2083 2737 3740 2816; baseline 0.008 -28"><span class='ocrx_word' id='word_1_509' title='bbox 2083 2741 2294 2802; x_wconf 87' lang='lat' dir='ltr'><strong>sancta,</strong></span> <span class='ocrx_word' id='word_1_510' title='bbox 2315 2737 2365 2790; x_wconf 91' lang='lat' dir='ltr'><strong>et</strong></span> <span class='ocrx_word' id='word_1_511' title='bbox 2391 2739 2660 2792; x_wconf 82' lang='lat' dir='ltr'><strong>sanentur</strong></span> <span class='ocrx_word' id='word_1_512' title='bbox 2697 2739 2886 2793; x_wconf 62' lang='lat' dir='ltr'><strong>omnia</strong></span> <span class='ocrx_word' id='word_1_513' title='bbox 2911 2740 3090 2810; x_wconf 89' lang='lat' dir='ltr'><strong>signa,</strong></span> <span class='ocrx_word' id='word_1_514' title='bbox 3112 2747 3165 2796; x_wconf 90' lang='lat' dir='ltr'><strong>et</strong></span> <span class='ocrx_word' id='word_1_515' title='bbox 3185 2746 3430 2812; x_wconf 84' lang='lat' dir='ltr'><strong>ponatur</strong></span> <span class='ocrx_word' id='word_1_516' title='bbox 3470 2745 3740 2816; x_wconf 81' lang='lat' dir='ltr'><strong>feretrum</strong></span> 
     </span>
    </p>
   </div>
   <div class='ocr_carea' id='block_1_75' title="bbox 2084 2821 3738 2908">
    <p class='ocr_par' dir='ltr' id='par_1_75' title="bbox 2084 2821 3738 2908">
     <span class='ocr_line' id='line_1_76' title="bbox 2084 2821 3738 2908; baseline 0.009 -30"><span class='ocrx_word' id='word_1_517' title='bbox 2084 2825 2146 2878; x_wconf 91' lang='lat' dir='ltr'><strong>in</strong></span> <span class='ocrx_word' id='word_1_518' title='bbox 2169 2823 2502 2894; x_wconf 83' lang='lat' dir='ltr'><strong>pavimento,</strong></span> <span class='ocrx_word' id='word_1_519' title='bbox 2533 2828 2586 2881; x_wconf 91' lang='lat' dir='ltr'><strong>et</strong></span> <span class='ocrx_word' id='word_1_520' title='bbox 2614 2831 2831 2882; x_wconf 79' lang='lat' dir='ltr'><strong>cantent</strong></span> <span class='ocrx_word' id='word_1_521' title='bbox 2875 2829 3257 2886; x_wconf 83' lang='lat' dir='ltr'><strong>invitatoriam</strong></span> <span class='ocrx_word' id='word_1_522' title='bbox 3284 2850 3303 2886; x_wconf 89' lang='lat'><em>:</em></span> <span class='ocrx_word' id='word_1_523' title='bbox 3336 2821 3572 2906; x_wconf 84' lang='lat' dir='ltr'><strong>Regem,</strong></span> <span class='ocrx_word' id='word_1_524' title='bbox 3603 2839 3738 2908; x_wconf 90' lang='lat' dir='ltr'><strong>etc.,</strong></span> 
     </span>
    </p>
   </div>
   <div class='ocr_carea' id='block_1_76' title="bbox 2086 2913 3742 2992">
    <p class='ocr_par' dir='ltr' id='par_1_76' title="bbox 2086 2913 3742 2992">
     <span class='ocr_line' id='line_1_77' title="bbox 2086 2913 3742 2992; baseline 0.011 -26"><span class='ocrx_word' id='word_1_525' title='bbox 2086 2919 2144 2968; x_wconf 89' lang='lat' dir='ltr'><strong>ut</strong></span> <span class='ocrx_word' id='word_1_526' title='bbox 2173 2913 2234 2968; x_wconf 91' lang='lat' dir='ltr'><strong>in</strong></span> <span class='ocrx_word' id='word_1_527' title='bbox 2259 2913 2440 2982; x_wconf 78' lang='lat' dir='ltr'><strong>editis,</strong></span> <span class='ocrx_word' id='word_1_528' title='bbox 2475 2914 2763 2984; x_wconf 69' lang='lat' dir='ltr'><strong>exelusive,</strong></span> <span class='ocrx_word' id='word_1_529' title='bbox 2777 2932 2950 2988; x_wconf 87' lang='lat' dir='ltr'><strong>usque</strong></span> <span class='ocrx_word' id='word_1_530' title='bbox 2969 2919 3039 2973; x_wconf 87' lang='lat' dir='ltr'><strong>ad</strong></span> <span class='ocrx_word' id='word_1_531' title='bbox 3058 2923 3462 2992; x_wconf 85' lang='lat' dir='ltr'><strong>responsorium</strong></span> <span class='ocrx_word' id='word_1_532' title='bbox 3489 2923 3742 2984; x_wconf 68' lang='lat' dir='ltr'><strong>secundae</strong></span> 
     </span>
    </p>
   </div>
   <div class='ocr_carea' id='block_1_77' title="bbox 2033 3002 3740 3086">
    <p class='ocr_par' dir='ltr' id='par_1_77' title="bbox 2033 3002 3740 3086">
     <span class='ocr_line' id='line_1_78' title="bbox 2033 3002 3740 3086; baseline 0.008 -30"><span class='ocrx_word' id='word_1_533' title='bbox 2033 3022 2042 3037; x_wconf 68' lang='grc' dir='ltr'>ι</span> <span class='ocrx_word' id='word_1_534' title='bbox 2085 3002 2334 3058; x_wconf 75' lang='lat' dir='ltr'><strong>lectionis</strong></span> <span class='ocrx_word' id='word_1_535' title='bbox 2357 3005 2533 3074; x_wconf 84' lang='lat' dir='ltr'><strong>primi</strong></span> <span class='ocrx_word' id='word_1_536' title='bbox 2568 3007 2842 3074; x_wconf 81' lang='lat' dir='ltr'><strong>nocturni,</strong></span> <span class='ocrx_word' id='word_1_537' title='bbox 2865 3006 3024 3078; x_wconf 84' lang='lat' dir='ltr'><strong>cujus</strong></span> <span class='ocrx_word' id='word_1_538' title='bbox 3051 3009 3215 3065; x_wconf 86' lang='lat' dir='ltr'><strong>verba</strong></span> <span class='ocrx_word' id='word_1_539' title='bbox 3261 3010 3375 3066; x_wconf 75' lang='lat' dir='ltr'><strong>haec</strong></span> <span class='ocrx_word' id='word_1_540' title='bbox 3418 3016 3598 3086; x_wconf 84' lang='lat' dir='ltr'><strong>sunt:</strong></span> <span class='ocrx_word' id='word_1_541' title='bbox 3629 3013 3740 3080; x_wconf 88' lang='lat' dir='ltr'><strong>Qui</strong></span> 
     </span>
    </p>
   </div>
   <div class='ocr_carea' id='block_1_78' title="bbox 2083 3087 3740 3172">
    <p class='ocr_par' dir='ltr' id='par_1_78' title="bbox 2083 3087 3740 3172">
     <span class='ocr_line' id='line_1_79' title="bbox 2083 3087 3740 3172; baseline 0.009 -26"><span class='ocrx_word' id='word_1_542' title='bbox 2083 3087 2446 3148; x_wconf 76' lang='lat' dir='ltr'><strong>resiiscitasti</strong></span> <span class='ocrx_word' id='word_1_543' title='bbox 2477 3092 2731 3166; x_wconf 89' lang='lat' dir='ltr'><strong>puellam</strong></span> <span class='ocrx_word' id='word_1_544' title='bbox 2761 3095 2913 3152; x_wconf 86' lang='lat' dir='ltr'><strong>infra</strong></span> <span class='ocrx_word' id='word_1_545' title='bbox 2941 3097 3209 3169; x_wconf 88' lang='lat' dir='ltr'><strong>domum,</strong></span> <span class='ocrx_word' id='word_1_546' title='bbox 3237 3103 3296 3156; x_wconf 89' lang='lat' dir='ltr'><strong>et</strong></span> <span class='ocrx_word' id='word_1_547' title='bbox 3333 3101 3604 3172; x_wconf 81' lang='lat' dir='ltr'><strong>juvenem</strong></span> <span class='ocrx_word' id='word_1_548' title='bbox 3639 3120 3740 3160; x_wconf 78' lang='lat' dir='ltr'><strong>ex-</strong></span> 
     </span>
    </p>
   </div>
   <div class='ocr_carea' id='block_1_79' title="bbox 2084 3168 3737 3265">
    <p class='ocr_par' dir='ltr' id='par_1_79' title="bbox 2084 3168 3737 3265">
     <span class='ocr_line' id='line_1_80' title="bbox 2084 3168 3737 3265; baseline 0.008 -29"><span class='ocrx_word' id='word_1_549' title='bbox 2084 3183 2177 3236; x_wconf 92' lang='lat' dir='ltr'><strong>tra</strong></span> <span class='ocrx_word' id='word_1_550' title='bbox 2200 3184 2449 3252; x_wconf 90' lang='lat' dir='ltr'><strong>portam,</strong></span> <span class='ocrx_word' id='word_1_551' title='bbox 2489 3185 2549 3237; x_wconf 89' lang='lat' dir='ltr'><strong>tu</strong></span> <span class='ocrx_word' id='word_1_552' title='bbox 2584 3183 2656 3251; x_wconf 92' lang='lat' dir='ltr'><strong>ei,</strong></span> <span class='ocrx_word' id='word_1_553' title='bbox 2680 3183 2945 3242; x_wconf 90' lang='lat' dir='ltr'><strong>Domine.</strong></span> <span class='ocrx_word' id='word_1_554' title='bbox 2968 3168 3384 3265; x_wconf 81' lang='lat' dir='ltr'><strong>Lectio-Manus</strong></span> <span class='ocrx_word' id='word_1_555' title='bbox 3435 3168 3568 3260; x_wconf 66' lang='lat' dir='ltr'><strong>tuae,</strong></span> <span class='ocrx_word' id='word_1_556' title='bbox 3599 3195 3737 3261; x_wconf 89' lang='lat' dir='ltr'><strong>etc.,</strong></span> 
     </span>
    </p>
   </div>
   <div class='ocr_carea' id='block_1_80' title="bbox 2085 3269 3734 3351">
    <p class='ocr_par' dir='ltr' id='par_1_80' title="bbox 2085 3269 3734 3351">
     <span class='ocr_line' id='line_1_81' title="bbox 2085 3269 3734 3351; baseline 0.01 -28"><span class='ocrx_word' id='word_1_557' title='bbox 2085 3269 2376 3337; x_wconf 74' lang='lat' dir='ltr'><strong>exclusive,</strong></span> <span class='ocrx_word' id='word_1_558' title='bbox 2407 3286 2580 3342; x_wconf 85' lang='lat' dir='ltr'><strong>usque</strong></span> <span class='ocrx_word' id='word_1_559' title='bbox 2606 3271 2677 3327; x_wconf 88' lang='lat' dir='ltr'><strong>ad</strong></span> <span class='ocrx_word' id='word_1_560' title='bbox 2707 3277 3108 3344; x_wconf 87' lang='lat' dir='ltr'><strong>responsorium</strong></span> <span class='ocrx_word' id='word_1_561' title='bbox 3149 3281 3428 3351; x_wconf 81' lang='lat' dir='ltr'><strong>sequentis</strong></span> <span class='ocrx_word' id='word_1_562' title='bbox 3455 3279 3734 3339; x_wconf 76' lang='lat' dir='ltr'><strong>lectionis.</strong></span> 
     </span>
    </p>
   </div>
   <div class='ocr_carea' id='block_1_81' title="bbox 2086 3357 3736 3442">
    <p class='ocr_par' dir='ltr' id='par_1_81' title="bbox 2086 3357 3736 3442">
     <span class='ocr_line' id='line_1_82' title="bbox 2086 3357 3736 3442; baseline 0.01 -30"><span class='ocrx_word' id='word_1_563' title='bbox 2086 3357 2410 3430; x_wconf 85' lang='lat' dir='ltr'><strong>Responde.</strong></span> <span class='ocrx_word' id='word_1_564' title='bbox 2474 3359 2626 3427; x_wconf 83' lang='lat' dir='ltr'><strong>Quod</strong></span> <span class='ocrx_word' id='word_1_565' title='bbox 2679 3363 2760 3416; x_wconf 85' lang='lat' dir='ltr'><strong>sic</strong></span> <span class='ocrx_word' id='word_1_566' title='bbox 2810 3363 3038 3434; x_wconf 60' lang='lat' dir='ltr'><strong>eﬂ’ertur</strong></span> <span class='ocrx_word' id='word_1_567' title='bbox 3081 3383 3102 3420; x_wconf 86' lang='lat'><strong><em>:</em></strong></span> <span class='ocrx_word' id='word_1_568' title='bbox 3150 3365 3485 3442; x_wconf 86' lang='lat' dir='ltr'><strong>Subvenite,</strong></span> <span class='ocrx_word' id='word_1_569' title='bbox 3545 3371 3736 3442; x_wconf 86' lang='lat' dir='ltr'><strong>sancti</strong></span> 
     </span>
    </p>
   </div>
   <div class='ocr_carea' id='block_1_82' title="bbox 2083 3439 3740 3532">
    <p class='ocr_par' dir='ltr' id='par_1_82' title="bbox 2083 3439 3740 3532">
     <span class='ocr_line' id='line_1_83' title="bbox 2083 3439 3740 3532; baseline 0.011 -33"><span class='ocrx_word' id='word_1_570' title='bbox 2083 3444 2208 3516; x_wconf 91' lang='lat' dir='ltr'><strong>Dei,</strong></span> <span class='ocrx_word' id='word_1_571' title='bbox 2241 3451 2376 3515; x_wconf 90' lang='lat' dir='ltr'><strong>etc.,</strong></span> <span class='ocrx_word' id='word_1_572' title='bbox 2406 3450 2466 3502; x_wconf 86' lang='lat' dir='ltr'><strong>ut</strong></span> <span class='ocrx_word' id='word_1_573' title='bbox 2509 3449 2572 3503; x_wconf 89' lang='lat' dir='ltr'><strong>in</strong></span> <span class='ocrx_word' id='word_1_574' title='bbox 2611 3448 2790 3520; x_wconf 82' lang='lat' dir='ltr'><strong>editis,</strong></span> <span class='ocrx_word' id='word_1_575' title='bbox 2821 3453 3038 3525; x_wconf 83' lang='lat' dir='ltr'><strong>quando</strong></span> <span class='ocrx_word' id='word_1_576' title='bbox 3065 3439 3363 3532; x_wconf 26' lang='lat' dir='ltr'><strong>deducitur.</strong></span> <span class='ocrx_word' id='word_1_577' title='bbox 3395 3439 3624 3532; x_wconf 79' lang='lat' dir='ltr'><strong>cadaver</strong></span> <span class='ocrx_word' id='word_1_578' title='bbox 3669 3460 3740 3518; x_wconf 87' lang='lat' dir='ltr'><strong>de</strong></span> 
     </span>
    </p>
   </div>
   <div class='ocr_carea' id='block_1_83' title="bbox 2083 3533 3735 3622">
    <p class='ocr_par' dir='ltr' id='par_1_83' title="bbox 2083 3533 3735 3622">
     <span class='ocr_line' id='line_1_84' title="bbox 2083 3533 3735 3622; baseline 0.01 -32"><span class='ocrx_word' id='word_1_579' title='bbox 2083 3533 2258 3592; x_wconf 88' lang='lat' dir='ltr'><strong>domo.</strong></span> <span class='ocrx_word' id='word_1_580' title='bbox 2294 3536 2476 3593; x_wconf 89' lang='lat' dir='ltr'><strong>Homo</strong></span> <span class='ocrx_word' id='word_1_581' title='bbox 2507 3541 2678 3594; x_wconf 86' lang='lat' dir='ltr'><strong>natus</strong></span> <span class='ocrx_word' id='word_1_582' title='bbox 2707 3539 2780 3594; x_wconf 91' lang='lat' dir='ltr'><strong>de</strong></span> <span class='ocrx_word' id='word_1_583' title='bbox 2811 3539 3075 3613; x_wconf 89' lang='lat' dir='ltr'><strong>muliere,</strong></span> <span class='ocrx_word' id='word_1_584' title='bbox 3098 3547 3231 3622; x_wconf 87' lang='lat' dir='ltr'><strong>etc.,</strong></span> <span class='ocrx_word' id='word_1_585' title='bbox 3262 3553 3324 3602; x_wconf 86' lang='lat' dir='ltr'><strong>ut</strong></span> <span class='ocrx_word' id='word_1_586' title='bbox 3350 3549 3410 3602; x_wconf 89' lang='lat' dir='ltr'><strong>in</strong></span> <span class='ocrx_word' id='word_1_587' title='bbox 3437 3545 3618 3618; x_wconf 83' lang='lat' dir='ltr'><strong>editis,</strong></span> <span class='ocrx_word' id='word_1_588' title='bbox 3640 3566 3735 3606; x_wconf 84' lang='lat' dir='ltr'><strong>us-</strong></span> 
     </span>
    </p>
   </div>
   <div class='ocr_carea' id='block_1_84' title="bbox 2084 3625 3734 3709">
    <p class='ocr_par' dir='ltr' id='par_1_84' title="bbox 2084 3625 3734 3709">
     <span class='ocr_line' id='line_1_85' title="bbox 2084 3625 3734 3709; baseline 0.009 -31"><span class='ocrx_word' id='word_1_589' title='bbox 2084 3640 2187 3695; x_wconf 87' lang='lat' dir='ltr'><strong>que</strong></span> <span class='ocrx_word' id='word_1_590' title='bbox 2217 3625 2287 3680; x_wconf 88' lang='lat' dir='ltr'><strong>ad</strong></span> <span class='ocrx_word' id='word_1_591' title='bbox 2327 3628 2730 3698; x_wconf 86' lang='lat' dir='ltr'><strong>responsorium</strong></span> <span class='ocrx_word' id='word_1_592' title='bbox 2753 3631 3030 3701; x_wconf 84' lang='lat' dir='ltr'><strong>sequentis</strong></span> <span class='ocrx_word' id='word_1_593' title='bbox 3079 3632 3342 3690; x_wconf 80' lang='lat' dir='ltr'><strong>lectionis.</strong></span> <span class='ocrx_word' id='word_1_594' title='bbox 3377 3635 3518 3701; x_wconf 85' lang='lat' dir='ltr'><strong>Quis</strong></span> <span class='ocrx_word' id='word_1_595' title='bbox 3563 3636 3734 3709; x_wconf 89' lang='lat' dir='ltr'><strong>mihi,</strong></span> 
     </span>
    </p>
   </div>
   <div class='ocr_carea' id='block_1_85' title="bbox 2084 3713 3740 3799">
    <p class='ocr_par' dir='ltr' id='par_1_85' title="bbox 2084 3713 3740 3799">
     <span class='ocr_line' id='line_1_86' title="bbox 2084 3713 3740 3799; baseline 0.01 -31"><span class='ocrx_word' id='word_1_596' title='bbox 2084 3713 2182 3769; x_wconf 88' lang='lat' dir='ltr'><strong>ubi</strong></span> <span class='ocrx_word' id='word_1_597' title='bbox 2199 3715 2404 3786; x_wconf 86' lang='lat' dir='ltr'><strong>legitur</strong></span> <span class='ocrx_word' id='word_1_598' title='bbox 2421 3733 2440 3770; x_wconf 90' lang='lat'><strong><em>:</em></strong></span> <span class='ocrx_word' id='word_1_599' title='bbox 2464 3714 2546 3774; x_wconf 89' lang='lat' dir='ltr'><strong>Ne</strong></span> <span class='ocrx_word' id='word_1_600' title='bbox 2567 3716 2750 3774; x_wconf 90' lang='lat' dir='ltr'><strong>intres</strong></span> <span class='ocrx_word' id='word_1_601' title='bbox 2767 3715 2822 3773; x_wconf 91' lang='lat' dir='ltr'><strong>in</strong></span> <span class='ocrx_word' id='word_1_602' title='bbox 2839 3719 3132 3799; x_wconf 85' lang='lat' dir='ltr'><strong>judicium</strong></span> <span class='ocrx_word' id='word_1_603' title='bbox 3154 3739 3287 3799; x_wconf 87' lang='lat' dir='ltr'><strong>cum</strong></span> <span class='ocrx_word' id='word_1_604' title='bbox 3307 3740 3470 3782; x_wconf 87' lang='lat' dir='ltr'><strong>servo</strong></span> <span class='ocrx_word' id='word_1_605' title='bbox 3492 3728 3612 3796; x_wconf 92' lang='lat' dir='ltr'><strong>tuo,</strong></span> <span class='ocrx_word' id='word_1_606' title='bbox 3633 3731 3740 3784; x_wconf 90' lang='lat' dir='ltr'><strong>Do-</strong></span> 
     </span>
    </p>
   </div>
   <div class='ocr_carea' id='block_1_86' title="bbox 2083 3795 3739 3885">
    <p class='ocr_par' dir='ltr' id='par_1_86' title="bbox 2083 3795 3739 3885">
     <span class='ocr_line' id='line_1_87' title="bbox 2083 3795 3739 3885; baseline 0.01 -30"><span class='ocrx_word' id='word_1_607' title='bbox 2083 3800 2261 3856; x_wconf 90' lang='lat' dir='ltr'><strong>mine.</strong></span> <span class='ocrx_word' id='word_1_608' title='bbox 2281 3803 2344 3857; x_wconf 88' lang='lat' dir='ltr'><strong>In</strong></span> <span class='ocrx_word' id='word_1_609' title='bbox 2372 3803 2530 3859; x_wconf 87' lang='lat' dir='ltr'><strong>tertio</strong></span> <span class='ocrx_word' id='word_1_610' title='bbox 2559 3809 2824 3862; x_wconf 84' lang='lat' dir='ltr'><strong>nocturno</strong></span> <span class='ocrx_word' id='word_1_611' title='bbox 2851 3823 2872 3862; x_wconf 87' lang='lat'><strong><em>:</em></strong></span> <span class='ocrx_word' id='word_1_612' title='bbox 2899 3795 3285 3881; x_wconf 38' lang='lat' dir='ltr'><strong>Complacent&#39;,</strong></span> <span class='ocrx_word' id='word_1_613' title='bbox 3309 3815 3444 3879; x_wconf 89' lang='lat' dir='ltr'><strong>etc.,</strong></span> <span class='ocrx_word' id='word_1_614' title='bbox 3469 3795 3634 3885; x_wconf 84' lang='lat' dir='ltr'><strong>usque</strong></span> <span class='ocrx_word' id='word_1_615' title='bbox 3667 3815 3739 3870; x_wconf 88' lang='lat' dir='ltr'><strong>ad</strong></span> 
     </span>
    </p>
   </div>
   <div class='ocr_carea' id='block_1_87' title="bbox 2083 3881 3737 3974">
    <p class='ocr_par' dir='ltr' id='par_1_87' title="bbox 2083 3881 3737 3974">
     <span class='ocr_line' id='line_1_88' title="bbox 2083 3881 3737 3974; baseline 0.008 -28"><span class='ocrx_word' id='word_1_616' title='bbox 2083 3898 2252 3947; x_wconf 87' lang='lat' dir='ltr'><strong>totam</strong></span> <span class='ocrx_word' id='word_1_617' title='bbox 2281 3891 2582 3949; x_wconf 83' lang='lat' dir='ltr'><strong>lectionem.</strong></span> <span class='ocrx_word' id='word_1_618' title='bbox 2618 3893 2758 3950; x_wconf 88' lang='lat' dir='ltr'><strong>Pelli</strong></span> <span class='ocrx_word' id='word_1_619' title='bbox 2788 3911 2951 3967; x_wconf 66' lang='lat' dir='ltr'><strong>metu,</strong></span> <span class='ocrx_word' id='word_1_620' title='bbox 2980 3900 3138 3970; x_wconf 86' lang='lat' dir='ltr'><strong>cujus</strong></span> <span class='ocrx_word' id='word_1_621' title='bbox 3167 3881 3582 3974; x_wconf 67' lang='lat' dir='ltr'><strong>responsoriutn</strong></span> <span class='ocrx_word' id='word_1_622' title='bbox 3609 3911 3690 3960; x_wconf 87' lang='lat' dir='ltr'><strong>est</strong></span> <span class='ocrx_word' id='word_1_623' title='bbox 3716 3921 3737 3959; x_wconf 88' lang='lat'><em>:</em></span> 
     </span>
    </p>
   </div>
   <div class='ocr_carea' id='block_1_88' title="bbox 2081 3979 3736 4062">
    <p class='ocr_par' dir='ltr' id='par_1_88' title="bbox 2081 3979 3736 4062">
     <span class='ocr_line' id='line_1_89' title="bbox 2081 3979 3736 4062; baseline 0.01 -28"><span class='ocrx_word' id='word_1_624' title='bbox 2081 3979 2286 4036; x_wconf 87' lang='lat' dir='ltr'><strong>Libera</strong></span> <span class='ocrx_word' id='word_1_625' title='bbox 2317 3981 2718 4052; x_wconf 75' lang='lat' dir='ltr'><strong>me,‘Domiue,</strong></span> <span class='ocrx_word' id='word_1_626' title='bbox 2739 3985 2811 4041; x_wconf 92' lang='lat' dir='ltr'><strong>de</strong></span> <span class='ocrx_word' id='word_1_627' title='bbox 2847 3985 2902 4040; x_wconf 90' lang='lat' dir='ltr'><strong>vi</strong></span> <span class='ocrx_word' id='word_1_628' title='bbox 2933 3985 3165 4055; x_wconf 89' lang='lat' dir='ltr'><strong>inferni,</strong></span> <span class='ocrx_word' id='word_1_629' title='bbox 3189 3986 3290 4061; x_wconf 79' lang='lat' dir='ltr'><strong>qui</strong></span> <span class='ocrx_word' id='word_1_630' title='bbox 3329 3995 3528 4062; x_wconf 89' lang='lat' dir='ltr'><strong>portas</strong></span> <span class='ocrx_word' id='word_1_631' title='bbox 3558 4007 3736 4050; x_wconf 65' lang='lat' dir='ltr'><strong>aereas</strong></span> 
     </span>
    </p>
   </div>
   <div class='ocr_carea' id='block_1_89' title="bbox 2080 4069 3734 4143">
    <p class='ocr_par' dir='ltr' id='par_1_89' title="bbox 2080 4069 3734 4143">
     <span class='ocr_line' id='line_1_90' title="bbox 2080 4069 3734 4143; baseline 0.008 -19"><span class='ocrx_word' id='word_1_632' title='bbox 2080 4069 2511 4143; x_wconf 86' lang='lat' dir='ltr'><strong>confregisti,et</strong></span> <span class='ocrx_word' id='word_1_633' title='bbox 2539 4071 2787 4128; x_wconf 89' lang='lat' dir='ltr'><strong>visitasti</strong></span> <span class='ocrx_word' id='word_1_634' title='bbox 2838 4073 3156 4143; x_wconf 87' lang='lat' dir='ltr'><strong>infernum,</strong></span> <span class='ocrx_word' id='word_1_635' title='bbox 3183 4082 3240 4134; x_wconf 93' lang='lat' dir='ltr'><strong>et</strong></span> <span class='ocrx_word' id='word_1_636' title='bbox 3285 4073 3498 4136; x_wconf 84' lang='lat' dir='ltr'><strong>dedisti</strong></span> <span class='ocrx_word' id='word_1_637' title='bbox 3529 4079 3614 4137; x_wconf 88' lang='lat' dir='ltr'><strong>eis</strong></span> <span class='ocrx_word' id='word_1_638' title='bbox 3641 4079 3734 4138; x_wconf 87' lang='lat' dir='ltr'><strong>lu-</strong></span> 
     </span>
    </p>
   </div>
   <div class='ocr_carea' id='block_1_90' title="bbox 2082 4151 3730 4240">
    <p class='ocr_par' dir='ltr' id='par_1_90' title="bbox 2082 4151 3730 4240">
     <span class='ocr_line' id='line_1_91' title="bbox 2082 4151 3730 4240; baseline 0.01 -28"><span class='ocrx_word' id='word_1_639' title='bbox 2082 4174 2236 4226; x_wconf 91' lang='lat' dir='ltr'><strong>men,</strong></span> <span class='ocrx_word' id='word_1_640' title='bbox 2258 4162 2324 4214; x_wconf 94' lang='lat' dir='ltr'><strong>ut</strong></span> <span class='ocrx_word' id='word_1_641' title='bbox 2341 4157 2602 4216; x_wconf 88' lang='lat' dir='ltr'><strong>viderent</strong></span> <span class='ocrx_word' id='word_1_642' title='bbox 2629 4163 2686 4216; x_wconf 91' lang='lat' dir='ltr'><strong>te</strong></span> <span class='ocrx_word' id='word_1_643' title='bbox 2707 4161 2808 4234; x_wconf 89' lang='lat' dir='ltr'><strong>qui</strong></span> <span class='ocrx_word' id='word_1_644' title='bbox 2830 4167 2996 4220; x_wconf 89' lang='lat' dir='ltr'><strong>erant</strong></span> <span class='ocrx_word' id='word_1_645' title='bbox 3024 4164 3084 4220; x_wconf 91' lang='lat' dir='ltr'><strong>in</strong></span> <span class='ocrx_word' id='word_1_646' title='bbox 3113 4164 3304 4240; x_wconf 74' lang='lat' dir='ltr'><strong>poenis</strong></span> <span class='ocrx_word' id='word_1_647' title='bbox 3328 4151 3730 4240; x_wconf 88' lang='lat' dir='ltr'><strong>tenebrarum,</strong></span> 
     </span>
    </p>
   </div>
   <div class='ocr_carea' id='block_1_91' title="bbox 2081 4245 3732 4330">
    <p class='ocr_par' dir='ltr' id='par_1_91' title="bbox 2081 4245 3732 4330">
     <span class='ocr_line' id='line_1_92' title="bbox 2081 4245 3732 4330; baseline 0.009 -28"><span class='ocrx_word' id='word_1_648' title='bbox 2081 4245 2404 4304; x_wconf 87' lang='lat' dir='ltr'><strong>clamantes</strong></span> <span class='ocrx_word' id='word_1_649' title='bbox 2419 4250 2478 4304; x_wconf 86' lang='lat' dir='ltr'><strong>et</strong></span> <span class='ocrx_word' id='word_1_650' title='bbox 2496 4247 2754 4307; x_wconf 87' lang='lat' dir='ltr'><strong>dicentes</strong></span> <span class='ocrx_word' id='word_1_651' title='bbox 2775 4268 2788 4308; x_wconf 91' lang='lat'><strong>:</strong></span> <span class='ocrx_word' id='word_1_652' title='bbox 2806 4253 3126 4328; x_wconf 83' lang='lat' dir='ltr'><strong>Advenisti,</strong></span> <span class='ocrx_word' id='word_1_653' title='bbox 3141 4255 3498 4330; x_wconf 78' lang='lat' dir='ltr'><strong>Redemptor</strong></span> <span class='ocrx_word' id='word_1_654' title='bbox 3514 4263 3732 4329; x_wconf 90' lang='lat' dir='ltr'><strong>noster,</strong></span> 
     </span>
    </p>
   </div>
   <div class='ocr_carea' id='block_1_92' title="bbox 2081 4336 3736 4417">
    <p class='ocr_par' dir='ltr' id='par_1_92' title="bbox 2081 4336 3736 4417">
     <span class='ocr_line' id='line_1_93' title="bbox 2081 4336 3736 4417; baseline 0.009 -27"><span class='ocrx_word' id='word_1_655' title='bbox 2081 4336 2186 4404; x_wconf 91' lang='lat' dir='ltr'><strong>Qui</strong></span> <span class='ocrx_word' id='word_1_656' title='bbox 2219 4341 2402 4394; x_wconf 83' lang='lat' dir='ltr'><strong>erant.</strong></span> <span class='ocrx_word' id='word_1_657' title='bbox 2428 4340 2642 4394; x_wconf 87' lang='lat' dir='ltr'><strong>Lectio:</strong></span> <span class='ocrx_word' id='word_1_658' title='bbox 2663 4339 2764 4416; x_wconf 82' lang='lat' dir='ltr'><strong>Vir</strong></span> <span class='ocrx_word' id='word_1_659' title='bbox 2793 4340 3153 4400; x_wconf 88' lang='lat' dir='ltr'><strong>fortissimus</strong></span> <span class='ocrx_word' id='word_1_660' title='bbox 3181 4343 3385 4417; x_wconf 83' lang='lat' dir='ltr'><strong>Judas.</strong></span> <span class='ocrx_word' id='word_1_661' title='bbox 3415 4348 3473 4417; x_wconf 72' lang='lat' dir='ltr'><strong>li).</strong></span> <span class='ocrx_word' id='word_1_662' title='bbox 3491 4347 3736 4406; x_wconf 88' lang='lat' dir='ltr'><strong>Redem-</strong></span> 
     </span>
    </p>
   </div>
   <div class='ocr_carea' id='block_1_93' title="bbox 2081 4427 3737 4510">
    <p class='ocr_par' dir='ltr' id='par_1_93' title="bbox 2081 4427 3737 4510">
     <span class='ocr_line' id='line_1_94' title="bbox 2081 4427 3737 4510; baseline 0.007 -28"><span class='ocrx_word' id='word_1_663' title='bbox 2081 4429 2211 4498; x_wconf 90' lang='lat' dir='ltr'><strong>ptor</strong></span> <span class='ocrx_word' id='word_1_664' title='bbox 2240 4444 2409 4484; x_wconf 90' lang='lat' dir='ltr'><strong>meus</strong></span> <span class='ocrx_word' id='word_1_665' title='bbox 2437 4427 2598 4498; x_wconf 90' lang='lat' dir='ltr'><strong>vivit,</strong></span> <span class='ocrx_word' id='word_1_666' title='bbox 2621 4431 2680 4483; x_wconf 91' lang='lat' dir='ltr'><strong>et</strong></span> <span class='ocrx_word' id='word_1_667' title='bbox 2719 4428 2781 4485; x_wconf 92' lang='lat' dir='ltr'><strong>in</strong></span> <span class='ocrx_word' id='word_1_668' title='bbox 2813 4431 3132 4490; x_wconf 88' lang='lat' dir='ltr'><strong>novissimo</strong></span> <span class='ocrx_word' id='word_1_669' title='bbox 3175 4433 3268 4490; x_wconf 90' lang='lat' dir='ltr'><strong>die</strong></span> <span class='ocrx_word' id='word_1_670' title='bbox 3317 4451 3644 4510; x_wconf 88' lang='lat' dir='ltr'><strong>resurgam,</strong></span> <span class='ocrx_word' id='word_1_671' title='bbox 3678 4441 3737 4494; x_wconf 90' lang='lat' dir='ltr'><strong>et</strong></span> 
     </span>
    </p>
   </div>
   <div class='ocr_carea' id='block_1_94' title="bbox 2079 4516 3736 4597">
    <p class='ocr_par' dir='ltr' id='par_1_94' title="bbox 2079 4516 3736 4597">
     <span class='ocr_line' id='line_1_95' title="bbox 2079 4516 3736 4597; baseline 0.01 -29"><span class='ocrx_word' id='word_1_672' title='bbox 2079 4516 2515 4571; x_wconf 89' lang='lat' dir='ltr'><strong>renovabuntur</strong></span> <span class='ocrx_word' id='word_1_673' title='bbox 2558 4516 2752 4573; x_wconf 88' lang='lat' dir='ltr'><strong>denuo</strong></span> <span class='ocrx_word' id='word_1_674' title='bbox 2781 4535 2918 4577; x_wconf 88' lang='lat' dir='ltr'><strong>ossa</strong></span> <span class='ocrx_word' id='word_1_675' title='bbox 2955 4538 3104 4590; x_wconf 90' lang='lat' dir='ltr'><strong>mea,</strong></span> <span class='ocrx_word' id='word_1_676' title='bbox 3128 4527 3185 4578; x_wconf 93' lang='lat' dir='ltr'><strong>et</strong></span> <span class='ocrx_word' id='word_1_677' title='bbox 3215 4523 3275 4579; x_wconf 92' lang='lat' dir='ltr'><strong>in</strong></span> <span class='ocrx_word' id='word_1_678' title='bbox 3306 4541 3481 4597; x_wconf 81' lang='lat' dir='ltr'><strong>carne</strong></span> <span class='ocrx_word' id='word_1_679' title='bbox 3525 4526 3736 4584; x_wconf 86' lang='lat' dir='ltr'><strong>videbo</strong></span> 
     </span>
    </p>
   </div>
   <div class='ocr_carea' id='block_1_95' title="bbox 393 4599 3734 4688">
    <p class='ocr_par' dir='ltr' id='par_1_95' title="bbox 393 4599 3734 4688">
     <span class='ocr_line' id='line_1_96' title="bbox 393 4599 3734 4688; baseline 0.004 -30"><span class='ocrx_word' id='word_1_680' title='bbox 393 4600 476 4658; x_wconf 89' lang='lat' dir='ltr'><strong>Ne</strong></span> <span class='ocrx_word' id='word_1_681' title='bbox 504 4601 688 4659; x_wconf 90' lang='lat' dir='ltr'><strong>intres</strong></span> <span class='ocrx_word' id='word_1_682' title='bbox 734 4601 794 4657; x_wconf 91' lang='lat' dir='ltr'><strong>in</strong></span> <span class='ocrx_word' id='word_1_683' title='bbox 831 4599 1123 4672; x_wconf 91' lang='lat' dir='ltr'><strong>judicium</strong></span> <span class='ocrx_word' id='word_1_684' title='bbox 1155 4617 1288 4658; x_wconf 89' lang='lat' dir='ltr'><strong>cum</strong></span> <span class='ocrx_word' id='word_1_685' title='bbox 1335 4617 1499 4660; x_wconf 89' lang='lat' dir='ltr'><strong>servo</strong></span> <span class='ocrx_word' id='word_1_686' title='bbox 1549 4607 1675 4673; x_wconf 92' lang='lat' dir='ltr'><strong>tuo,</strong></span> <span class='ocrx_word' id='word_1_687' title='bbox 1707 4604 1970 4673; x_wconf 91' lang='lat' dir='ltr'><strong>Domine,</strong></span> <span class='ocrx_word' id='word_1_688' title='bbox 2002 4611 2050 4676; x_wconf 76' lang='grc' dir='ltr'><strong>Β</strong></span> <span class='ocrx_word' id='word_1_689' title='bbox 2080 4603 2396 4660; x_wconf 86' lang='lat' dir='ltr'><strong>Dominum</strong></span> <span class='ocrx_word' id='word_1_690' title='bbox 2445 4619 2662 4661; x_wconf 87' lang='lat' dir='ltr'><strong>meum.</strong></span> <span class='ocrx_word' id='word_1_691' title='bbox 2688 4607 2908 4678; x_wconf 90' lang='lat' dir='ltr'><strong>Lauda,</strong></span> <span class='ocrx_word' id='word_1_692' title='bbox 2942 4610 3140 4669; x_wconf 90' lang='lat' dir='ltr'><strong>anima</strong></span> <span class='ocrx_word' id='word_1_693' title='bbox 3187 4629 3338 4684; x_wconf 88' lang='lat' dir='ltr'><strong>mea,</strong></span> <span class='ocrx_word' id='word_1_694' title='bbox 3379 4613 3734 4688; x_wconf 84' lang='lat' dir='ltr'><strong>Dominum;</strong></span> 
     </span>
    </p>
   </div>
   <div class='ocr_carea' id='block_1_96' title="bbox 323 4689 1078 4766">
    <p class='ocr_par' dir='ltr' id='par_1_96' title="bbox 323 4689 1078 4766">
     <span class='ocr_line' id='line_1_97' title="bbox 323 4689 1078 4766; baseline -0.001 -18"><span class='ocrx_word' id='word_1_695' title='bbox 323 4691 470 4758; x_wconf 89' lang='lat' dir='ltr'><strong>Quia</strong></span> <span class='ocrx_word' id='word_1_696' title='bbox 498 4709 614 4748; x_wconf 92' lang='lat' dir='ltr'><strong>non</strong></span> <span class='ocrx_word' id='word_1_697' title='bbox 635 4689 1078 4766; x_wconf 81' lang='lat' dir='ltr'><strong>justiﬁcabitur.</strong></span> 
     </span>
    </p>
   </div>
   <div class='ocr_carea' id='block_1_97' title="bbox 393 4779 1976 4851">
    <p class='ocr_par' dir='ltr' id='par_1_97' title="bbox 393 4779 1976 4851">
     <span class='ocr_line' id='line_1_98' title="bbox 393 4779 1976 4851; baseline 0.001 -15"><span class='ocrx_word' id='word_1_698' title='bbox 393 4781 477 4838; x_wconf 85' lang='lat' dir='ltr'><strong>Ne</strong></span> <span class='ocrx_word' id='word_1_699' title='bbox 506 4781 706 4838; x_wconf 88' lang='lat' dir='ltr'><strong>tradas</strong></span> <span class='ocrx_word' id='word_1_700' title='bbox 735 4781 942 4837; x_wconf 90' lang='lat' dir='ltr'><strong>bestiis</strong></span> <span class='ocrx_word' id='word_1_701' title='bbox 973 4779 1204 4838; x_wconf 89' lang='lat' dir='ltr'><strong>animas</strong></span> <span class='ocrx_word' id='word_1_702' title='bbox 1229 4782 1572 4840; x_wconf 84' lang='lat' dir='ltr'><strong>conﬁtentes</strong></span> <span class='ocrx_word' id='word_1_703' title='bbox 1599 4781 1728 4851; x_wconf 92' lang='lat' dir='ltr'><strong>tibi,</strong></span> <span class='ocrx_word' id='word_1_704' title='bbox 1756 4783 1828 4838; x_wconf 91' lang='lat' dir='ltr'><strong>Et</strong></span> <span class='ocrx_word' id='word_1_705' title='bbox 1855 4781 1976 4838; x_wconf 91' lang='lat' dir='ltr'><strong>ani-</strong></span> 
     </span>
    </p>
   </div>
   <div class='ocr_carea' id='block_1_98' title="bbox 323 4885 832 4944">
    <p class='ocr_par' dir='ltr' id='par_1_98' title="bbox 323 4885 832 4944">
     <span class='ocr_line' id='line_1_99' title="bbox 323 4885 832 4944; baseline 0.004 -18"><span class='ocrx_word' id='word_1_706' title='bbox 323 4885 454 4927; x_wconf 87' lang='lat' dir='ltr'><strong>mas</strong></span> <span class='ocrx_word' id='word_1_707' title='bbox 483 4885 810 4944; x_wconf 73' lang='lat' dir='ltr'><strong>pauperum</strong></span> <span class='ocrx_word' id='word_1_708' title='bbox 819 4913 832 4928; x_wconf 83' lang='grc'><strong>.</strong></span> 
     </span>
    </p>
   </div>
   <div class='ocr_carea' id='block_1_99' title="bbox 372 4959 1973 5032">
    <p class='ocr_par' dir='ltr' id='par_1_99' title="bbox 372 4959 1973 5032">
     <span class='ocr_line' id='line_1_100' title="bbox 372 4959 1973 5032; baseline -0.001 -16"><span class='ocrx_word' id='word_1_709' title='bbox 372 4959 678 5032; x_wconf 69' lang='grc' dir='ltr'><strong>⁸Βθψλὶθιῐ)</strong></span> <span class='ocrx_word' id='word_1_710' title='bbox 709 4962 984 5016; x_wconf 76' lang='lat' dir='ltr'><strong>aeternam</strong></span> <span class='ocrx_word' id='word_1_711' title='bbox 1013 4961 1168 5018; x_wconf 91' lang='lat' dir='ltr'><strong>dona</strong></span> <span class='ocrx_word' id='word_1_712' title='bbox 1203 4961 1254 5018; x_wconf 89' lang='lat' dir='ltr'><strong>ei</strong></span> <span class='ocrx_word' id='word_1_713' title='bbox 1286 4960 1550 5028; x_wconf 90' lang='lat' dir='ltr'><strong>Domine,</strong></span> <span class='ocrx_word' id='word_1_714' title='bbox 1581 4961 1652 5016; x_wconf 91' lang='lat' dir='ltr'><strong>Et</strong></span> <span class='ocrx_word' id='word_1_715' title='bbox 1699 4959 1798 5015; x_wconf 82' lang='lat' dir='ltr'><strong>lux</strong></span> <span class='ocrx_word' id='word_1_716' title='bbox 1843 4976 1973 5032; x_wconf 90' lang='lat' dir='ltr'><strong>per-</strong></span> 
     </span>
    </p>
   </div>
   <div class='ocr_carea' id='block_1_100' title="bbox 325 5051 520 5122">
    <p class='ocr_par' dir='ltr' id='par_1_100' title="bbox 325 5051 520 5122">
     <span class='ocr_line' id='line_1_101' title="bbox 325 5051 520 5122; baseline -0.005 -18"><span class='ocrx_word' id='word_1_717' title='bbox 325 5051 520 5122; x_wconf 89' lang='lat' dir='ltr'><strong>petua.</strong></span> 
     </span>
    </p>
   </div>
   <div class='ocr_carea' id='block_1_101' title="bbox 395 5137 1270 5196">
    <p class='ocr_par' dir='ltr' id='par_1_101' title="bbox 395 5137 1270 5196">
     <span class='ocr_line' id='line_1_102' title="bbox 395 5137 1270 5196; baseline 0.001 -4"><span class='ocrx_word' id='word_1_718' title='bbox 395 5137 641 5194; x_wconf 89' lang='lat' dir='ltr'><strong>Domine</strong></span> <span class='ocrx_word' id='word_1_719' title='bbox 670 5139 897 5196; x_wconf 82' lang='lat' dir='ltr'><strong>exaudi.</strong></span> <span class='ocrx_word' id='word_1_720' title='bbox 935 5139 1004 5195; x_wconf 92' lang='lat' dir='ltr'><strong>Et</strong></span> <span class='ocrx_word' id='word_1_721' title='bbox 1033 5139 1270 5196; x_wconf 89' lang='lat' dir='ltr'><strong>clamor.</strong></span> 
     </span>
    </p>
   </div>
   <div class='ocr_carea' id='block_1_102' title="bbox 397 5227 1320 5285">
    <p class='ocr_par' dir='ltr' id='par_1_102' title="bbox 397 5227 1320 5285">
     <span class='ocr_line' id='line_1_103' title="bbox 397 5227 1320 5285; baseline -0.003 -2"><span class='ocrx_word' id='word_1_722' title='bbox 397 5227 684 5284; x_wconf 90' lang='lat' dir='ltr'><strong>Dominus</strong></span> <span class='ocrx_word' id='word_1_723' title='bbox 709 5227 1035 5285; x_wconf 91' lang='lat' dir='ltr'><strong>vobiscum.</strong></span> <span class='ocrx_word' id='word_1_724' title='bbox 1063 5229 1136 5284; x_wconf 90' lang='lat' dir='ltr'><strong>Et</strong></span> <span class='ocrx_word' id='word_1_725' title='bbox 1165 5244 1320 5284; x_wconf 90' lang='lat' dir='ltr'><strong>cum.</strong></span> 
     </span>
    </p>
   </div>
   <div class='ocr_carea' id='block_1_103' title="bbox 398 5315 1973 5388">
    <p class='ocr_par' dir='ltr' id='par_1_103' title="bbox 398 5315 1973 5388">
     <span class='ocr_line' id='line_1_104' title="bbox 398 5315 1973 5388; baseline -0.001 -14"><span class='ocrx_word' id='word_1_726' title='bbox 398 5317 603 5374; x_wconf 87' lang='lat' dir='ltr'><strong>Oratio.</strong></span> <span class='ocrx_word' id='word_1_727' title='bbox 629 5318 940 5386; x_wconf 74' lang='lat' dir='ltr'><strong>Deus,vitae</strong></span> <span class='ocrx_word' id='word_1_728' title='bbox 962 5318 1150 5386; x_wconf 90' lang='lat' dir='ltr'><strong>dator,</strong></span> <span class='ocrx_word' id='word_1_729' title='bbox 1175 5319 1232 5372; x_wconf 91' lang='lat' dir='ltr'><strong>et</strong></span> <span class='ocrx_word' id='word_1_730' title='bbox 1252 5315 1644 5372; x_wconf 89' lang='lat' dir='ltr'><strong>humanorum</strong></span> <span class='ocrx_word' id='word_1_731' title='bbox 1669 5331 1973 5388; x_wconf 88' lang='lat' dir='ltr'><strong>corporum</strong></span> 
     </span>
    </p>
   </div>
   <div class='ocr_carea' id='block_1_104' title="bbox 327 5404 1975 5480">
    <p class='ocr_par' dir='ltr' id='par_1_104' title="bbox 327 5404 1975 5480">
     <span class='ocr_line' id='line_1_105' title="bbox 327 5404 1975 5480; baseline 0 -20"><span class='ocrx_word' id='word_1_732' title='bbox 327 5411 646 5478; x_wconf 89' lang='lat' dir='ltr'><strong>reparator,</strong></span> <span class='ocrx_word' id='word_1_733' title='bbox 671 5407 784 5480; x_wconf 86' lang='lat' dir='ltr'><strong>qui-</strong></span> <span class='ocrx_word' id='word_1_734' title='bbox 816 5411 872 5464; x_wconf 89' lang='lat' dir='ltr'><strong>te</strong></span> <span class='ocrx_word' id='word_1_735' title='bbox 911 5425 946 5464; x_wconf 90' lang='lat' dir='ltr'><strong>a</strong></span> <span class='ocrx_word' id='word_1_736' title='bbox 991 5404 1398 5478; x_wconf 88' lang='lat' dir='ltr'><strong>peccatoribus</strong></span> <span class='ocrx_word' id='word_1_737' title='bbox 1445 5404 1669 5462; x_wconf 83' lang='lat' dir='ltr'><strong>exorari</strong></span> <span class='ocrx_word' id='word_1_738' title='bbox 1714 5405 1975 5474; x_wconf 90' lang='lat' dir='ltr'><strong>voluisti,</strong></span> 
     </span>
    </p>
   </div>
   <div class='ocr_carea' id='block_1_105' title="bbox 325 5491 1980 5569">
    <p class='ocr_par' dir='ltr' id='par_1_105' title="bbox 325 5491 1980 5569">
     <span class='ocr_line' id='line_1_106' title="bbox 325 5491 1980 5569; baseline -0.001 -18"><span class='ocrx_word' id='word_1_739' title='bbox 325 5494 536 5551; x_wconf 82' lang='lat' dir='ltr'><strong>exaudi</strong></span> <span class='ocrx_word' id='word_1_740' title='bbox 584 5512 804 5569; x_wconf 90' lang='lat' dir='ltr'><strong>preces,</strong></span> <span class='ocrx_word' id='word_1_741' title='bbox 837 5511 986 5568; x_wconf 88' lang='lat' dir='ltr'><strong>quas</strong></span> <span class='ocrx_word' id='word_1_742' title='bbox 1017 5491 1254 5567; x_wconf 88' lang='lat' dir='ltr'><strong>speciali</strong></span> <span class='ocrx_word' id='word_1_743' title='bbox 1283 5493 1585 5550; x_wconf 86' lang='lat' dir='ltr'><strong>devotione</strong></span> <span class='ocrx_word' id='word_1_744' title='bbox 1629 5511 1732 5567; x_wconf 89' lang='lat' dir='ltr'><strong>pro</strong></span> <span class='ocrx_word' id='word_1_745' title='bbox 1781 5494 1980 5550; x_wconf 89' lang='lat' dir='ltr'><strong>anima</strong></span> 
     </span>
    </p>
   </div>
   <div class='ocr_carea' id='block_1_106' title="bbox 329 5581 1977 5655">
    <p class='ocr_par' dir='ltr' id='par_1_106' title="bbox 329 5581 1977 5655">
     <span class='ocr_line' id='line_1_107' title="bbox 329 5581 1977 5655; baseline 0.001 -17"><span class='ocrx_word' id='word_1_746' title='bbox 329 5582 532 5638; x_wconf 88' lang='lat' dir='ltr'><strong>famuli</strong></span> <span class='ocrx_word' id='word_1_747' title='bbox 563 5583 648 5640; x_wconf 91' lang='lat' dir='ltr'><strong>tui</strong></span> <span class='ocrx_word' id='word_1_748' title='bbox 697 5585 804 5640; x_wconf 88' lang='lat' dir='ltr'><strong>tibi</strong></span> <span class='ocrx_word' id='word_1_749' title='bbox 851 5581 1305 5655; x_wconf 79' lang='lat' dir='ltr'><strong>lacrymahiliter</strong></span> <span class='ocrx_word' id='word_1_750' title='bbox 1357 5581 1682 5651; x_wconf 90' lang='lat' dir='ltr'><strong>fundimus,</strong></span> <span class='ocrx_word' id='word_1_751' title='bbox 1731 5587 1788 5640; x_wconf 89' lang='lat' dir='ltr'><strong>et</strong></span> <span class='ocrx_word' id='word_1_752' title='bbox 1827 5582 1977 5640; x_wconf 89' lang='lat' dir='ltr'><strong>libe—</strong></span> 
     </span>
    </p>
   </div>
   <div class='ocr_carea' id='block_1_107' title="bbox 328 5671 1979 5742">
    <p class='ocr_par' dir='ltr' id='par_1_107' title="bbox 328 5671 1979 5742">
     <span class='ocr_line' id='line_1_108' title="bbox 328 5671 1979 5742; baseline 0.001 -12"><span class='ocrx_word' id='word_1_753' title='bbox 328 5689 459 5734; x_wconf 88' lang='lat' dir='ltr'><strong>rare</strong></span> <span class='ocrx_word' id='word_1_754' title='bbox 502 5687 638 5729; x_wconf 88' lang='lat' dir='ltr'><strong>eum</strong></span> <span class='ocrx_word' id='word_1_755' title='bbox 685 5675 758 5729; x_wconf 91' lang='lat' dir='ltr'><strong>ab</strong></span> <span class='ocrx_word' id='word_1_756' title='bbox 803 5672 1126 5731; x_wconf 87' lang='lat' dir='ltr'><strong>inferorum</strong></span> <span class='ocrx_word' id='word_1_757' title='bbox 1183 5671 1561 5742; x_wconf 86' lang='lat' dir='ltr'><strong>cruciatibus,</strong></span> <span class='ocrx_word' id='word_1_758' title='bbox 1593 5677 1650 5730; x_wconf 93' lang='lat' dir='ltr'><strong>et</strong></span> <span class='ocrx_word' id='word_1_759' title='bbox 1696 5671 1979 5731; x_wconf 89' lang='lat' dir='ltr'><strong>collocare</strong></span> 
     </span>
    </p>
   </div>
   <div class='ocr_carea' id='block_1_108' title="bbox 2081 4689 3739 4762">
    <p class='ocr_par' dir='ltr' id='par_1_108' title="bbox 2081 4689 3739 4762">
     <span class='ocr_line' id='line_1_109' title="bbox 2081 4689 3739 4762; baseline 0.01 -16"><span class='ocrx_word' id='word_1_760' title='bbox 2081 4689 2331 4748; x_wconf 91' lang='lat' dir='ltr'><strong>laudabo</strong></span> <span class='ocrx_word' id='word_1_761' title='bbox 2361 4692 2677 4750; x_wconf 89' lang='lat' dir='ltr'><strong>Dominum</strong></span> <span class='ocrx_word' id='word_1_762' title='bbox 2708 4695 2769 4752; x_wconf 92' lang='lat' dir='ltr'><strong>in</strong></span> <span class='ocrx_word' id='word_1_763' title='bbox 2817 4697 2940 4754; x_wconf 87' lang='lat' dir='ltr'><strong>vita</strong></span> <span class='ocrx_word' id='word_1_764' title='bbox 2987 4716 3134 4756; x_wconf 90' lang='lat' dir='ltr'><strong>mea.</strong></span> <span class='ocrx_word' id='word_1_765' title='bbox 3167 4701 3233 4757; x_wconf 89' lang='lat' dir='ltr'><strong>Et</strong></span> <span class='ocrx_word' id='word_1_766' title='bbox 3279 4702 3339 4759; x_wconf 89' lang='lat' dir='ltr'><strong>in</strong></span> <span class='ocrx_word' id='word_1_767' title='bbox 3393 4720 3586 4761; x_wconf 87' lang='lat' dir='ltr'><strong>carne.</strong></span> <span class='ocrx_word' id='word_1_768' title='bbox 3621 4705 3739 4762; x_wconf 87' lang='lat' dir='ltr'><strong>Re-</strong></span> 
     </span>
    </p>
   </div>
   <div class='ocr_carea' id='block_1_109' title="bbox 2085 4779 3024 4852">
    <p class='ocr_par' dir='ltr' id='par_1_109' title="bbox 2085 4779 3024 4852">
     <span class='ocr_line' id='line_1_110' title="bbox 2085 4779 3024 4852; baseline 0.01 -18"><span class='ocrx_word' id='word_1_769' title='bbox 2085 4779 2282 4852; x_wconf 89' lang='lat' dir='ltr'><strong>quiem</strong></span> <span class='ocrx_word' id='word_1_770' title='bbox 2313 4783 2610 4838; x_wconf 84' lang='lat' dir='ltr'><strong>aeternam.</strong></span> <span class='ocrx_word' id='word_1_771' title='bbox 2643 4784 2713 4839; x_wconf 88' lang='lat' dir='ltr'><strong>Et</strong></span> <span class='ocrx_word' id='word_1_772' title='bbox 2742 4785 2800 4840; x_wconf 91' lang='lat' dir='ltr'><strong>in</strong></span> <span class='ocrx_word' id='word_1_773' title='bbox 2831 4801 3024 4843; x_wconf 87' lang='lat' dir='ltr'><strong>carne.</strong></span> 
     </span>
    </p>
   </div>
   <div class='ocr_carea' id='block_1_110' title="bbox 2152 4868 3740 4956">
    <p class='ocr_par' dir='ltr' id='par_1_110' title="bbox 2152 4868 3740 4956">
     <span class='ocr_line' id='line_1_111' title="bbox 2152 4868 3740 4956; baseline 0.013 -32"><span class='ocrx_word' id='word_1_774' title='bbox 2152 4870 2216 4925; x_wconf 87' lang='lat' dir='ltr'><strong>In</strong></span> <span class='ocrx_word' id='word_1_775' title='bbox 2243 4868 2519 4926; x_wconf 85' lang='lat' dir='ltr'><strong>Laudibus</strong></span> <span class='ocrx_word' id='word_1_776' title='bbox 2541 4888 2561 4926; x_wconf 88' lang='lat'><strong><em>:</em></strong></span> <span class='ocrx_word' id='word_1_777' title='bbox 2579 4871 2988 4949; x_wconf 87' lang='lat' dir='ltr'><strong>Exsultabunt,</strong></span> <span class='ocrx_word' id='word_1_778' title='bbox 3017 4880 3150 4946; x_wconf 91' lang='lat' dir='ltr'><strong>etc.,</strong></span> <span class='ocrx_word' id='word_1_779' title='bbox 3178 4884 3241 4936; x_wconf 89' lang='lat' dir='ltr'><strong>ut</strong></span> <span class='ocrx_word' id='word_1_780' title='bbox 3267 4881 3538 4952; x_wconf 82' lang='lat' dir='ltr'><strong>ineditis,</strong></span> <span class='ocrx_word' id='word_1_781' title='bbox 3571 4899 3740 4956; x_wconf 78' lang='lat' dir='ltr'><strong>usque</strong></span> 
     </span>
    </p>
   </div>
   <div class='ocr_carea' id='block_1_111' title="bbox 2082 4957 3737 5042">
    <p class='ocr_par' dir='ltr' id='par_1_111' title="bbox 2082 4957 3737 5042">
     <span class='ocr_line' id='line_1_112' title="bbox 2082 4957 3737 5042; baseline 0.01 -28"><span class='ocrx_word' id='word_1_782' title='bbox 2082 4957 2154 5014; x_wconf 87' lang='lat' dir='ltr'><strong>ad</strong></span> <span class='ocrx_word' id='word_1_783' title='bbox 2177 4961 2432 5030; x_wconf 84' lang='lat' dir='ltr'><strong>quartam</strong></span> <span class='ocrx_word' id='word_1_784' title='bbox 2459 4961 2816 5032; x_wconf 86' lang='lat' dir='ltr'><strong>antiphonam</strong></span> <span class='ocrx_word' id='word_1_785' title='bbox 2842 4965 3134 5024; x_wconf 70' lang='lat' dir='ltr'><strong>exelusive.</strong></span> <span class='ocrx_word' id='word_1_786' title='bbox 3161 4969 3474 5042; x_wconf 85' lang='lat' dir='ltr'><strong>Antiphona</strong></span> <span class='ocrx_word' id='word_1_787' title='bbox 3501 4989 3522 5027; x_wconf 89' lang='lat'><strong><em>:</em></strong></span> <span class='ocrx_word' id='word_1_788' title='bbox 3553 4971 3737 5029; x_wconf 90' lang='lat' dir='ltr'><strong>Reco-</strong></span> 
     </span>
    </p>
   </div>
   <div class='ocr_carea' id='block_1_112' title="bbox 2083 5043 3732 5132">
    <p class='ocr_par' dir='ltr' id='par_1_112' title="bbox 2083 5043 3732 5132">
     <span class='ocr_line' id='line_1_113' title="bbox 2083 5043 3732 5132; baseline 0.01 -32"><span class='ocrx_word' id='word_1_789' title='bbox 2083 5043 2282 5119; x_wconf 88' lang='lat' dir='ltr'><strong>gitabo</strong></span> <span class='ocrx_word' id='word_1_790' title='bbox 2313 5063 2518 5105; x_wconf 90' lang='lat' dir='ltr'><strong>omnes</strong></span> <span class='ocrx_word' id='word_1_791' title='bbox 2545 5065 2732 5108; x_wconf 89' lang='lat' dir='ltr'><strong>annos</strong></span> <span class='ocrx_word' id='word_1_792' title='bbox 2782 5067 2944 5110; x_wconf 92' lang='lat' dir='ltr'><strong>meos</strong></span> <span class='ocrx_word' id='word_1_793' title='bbox 2971 5053 3033 5111; x_wconf 90' lang='lat' dir='ltr'><strong>in</strong></span> <span class='ocrx_word' id='word_1_794' title='bbox 3066 5057 3458 5132; x_wconf 86' lang='lat' dir='ltr'><strong>amaritudine</strong></span> <span class='ocrx_word' id='word_1_795' title='bbox 3501 5061 3732 5120; x_wconf 74' lang='lat' dir='ltr'><strong>animm.</strong></span> 
     </span>
    </p>
   </div>
   <div class='ocr_carea' id='block_1_113' title="bbox 2082 5136 3734 5220">
    <p class='ocr_par' dir='ltr' id='par_1_113' title="bbox 2082 5136 3734 5220">
     <span class='ocr_line' id='line_1_114' title="bbox 2082 5136 3734 5220; baseline 0.012 -31"><span class='ocrx_word' id='word_1_796' title='bbox 2082 5136 2234 5191; x_wconf 87' lang='lat' dir='ltr'><strong>Psal.</strong></span> <span class='ocrx_word' id='word_1_797' title='bbox 2265 5140 2328 5192; x_wconf 92' lang='lat' dir='ltr'><strong>ut</strong></span> <span class='ocrx_word' id='word_1_798' title='bbox 2378 5138 2440 5192; x_wconf 89' lang='lat' dir='ltr'><strong>in</strong></span> <span class='ocrx_word' id='word_1_799' title='bbox 2483 5137 2643 5194; x_wconf 86' lang='lat' dir='ltr'><strong>editis</strong></span> <span class='ocrx_word' id='word_1_800' title='bbox 2685 5143 2738 5195; x_wconf 88' lang='lat' dir='ltr'><strong>et</strong></span> <span class='ocrx_word' id='word_1_801' title='bbox 2792 5158 2963 5215; x_wconf 86' lang='lat' dir='ltr'><strong>usque</strong></span> <span class='ocrx_word' id='word_1_802' title='bbox 3015 5146 3085 5201; x_wconf 86' lang='lat' dir='ltr'><strong>ad</strong></span> <span class='ocrx_word' id='word_1_803' title='bbox 3140 5147 3502 5220; x_wconf 86' lang='lat' dir='ltr'><strong>antiphonam</strong></span> <span class='ocrx_word' id='word_1_804' title='bbox 3551 5150 3734 5208; x_wconf 88' lang='lat' dir='ltr'><strong>Bene-</strong></span> 
     </span>
    </p>
   </div>
   <div class='ocr_carea' id='block_1_114' title="bbox 2084 5224 3736 5310">
    <p class='ocr_par' dir='ltr' id='par_1_114' title="bbox 2084 5224 3736 5310">
     <span class='ocr_line' id='line_1_115' title="bbox 2084 5224 3736 5310; baseline 0.012 -31"><span class='ocrx_word' id='word_1_805' title='bbox 2084 5224 2300 5294; x_wconf 90' lang='lat' dir='ltr'><strong>dictus,</strong></span> <span class='ocrx_word' id='word_1_806' title='bbox 2317 5229 2436 5297; x_wconf 85' lang='lat' dir='ltr'><strong>post</strong></span> <span class='ocrx_word' id='word_1_807' title='bbox 2465 5243 2629 5298; x_wconf 87' lang='lat' dir='ltr'><strong>quam</strong></span> <span class='ocrx_word' id='word_1_808' title='bbox 2659 5229 2862 5301; x_wconf 83' lang='lat' dir='ltr'><strong>legitur</strong></span> <span class='ocrx_word' id='word_1_809' title='bbox 2881 5250 2904 5286; x_wconf 85' lang='grc'><strong>.·</strong></span> <span class='ocrx_word' id='word_1_810' title='bbox 2932 5233 3116 5290; x_wconf 91' lang='lat' dir='ltr'><strong>Omne</strong></span> <span class='ocrx_word' id='word_1_811' title='bbox 3147 5237 3298 5310; x_wconf 90' lang='lat' dir='ltr'><strong>quod</strong></span> <span class='ocrx_word' id='word_1_812' title='bbox 3329 5238 3453 5310; x_wconf 83' lang='lat' dir='ltr'><strong>dat,</strong></span> <span class='ocrx_word' id='word_1_813' title='bbox 3485 5242 3596 5296; x_wconf 90' lang='lat' dir='ltr'><strong>etc.</strong></span> <span class='ocrx_word' id='word_1_814' title='bbox 3629 5240 3736 5297; x_wconf 88' lang='lat' dir='ltr'><strong>Be-</strong></span> 
     </span>
    </p>
   </div>
   <div class='ocr_carea' id='block_1_115' title="bbox 2085 5314 3734 5402">
    <p class='ocr_par' dir='ltr' id='par_1_115' title="bbox 2085 5314 3734 5402">
     <span class='ocr_line' id='line_1_116' title="bbox 2085 5314 3734 5402; baseline 0.01 -33"><span class='ocrx_word' id='word_1_815' title='bbox 2085 5314 2372 5372; x_wconf 88' lang='lat' dir='ltr'><strong>nedictus.</strong></span> <span class='ocrx_word' id='word_1_816' title='bbox 2401 5315 2484 5371; x_wconf 88' lang='lat' dir='ltr'><strong>Ad</strong></span> <span class='ocrx_word' id='word_1_817' title='bbox 2523 5317 2774 5390; x_wconf 83' lang='lat' dir='ltr'><strong>Vesperas</strong></span> <span class='ocrx_word' id='word_1_818' title='bbox 2809 5321 3114 5394; x_wconf 87' lang='lat' dir='ltr'><strong>antiphona</strong></span> <span class='ocrx_word' id='word_1_819' title='bbox 3141 5325 3434 5402; x_wconf 29' lang='lat' dir='ltr'><strong>:IPlacebo</strong></span> <span class='ocrx_word' id='word_1_820' title='bbox 3465 5327 3734 5396; x_wconf 89' lang='lat' dir='ltr'><strong>Domino,</strong></span> 
     </span>
    </p>
   </div>
   <div class='ocr_carea' id='block_1_116' title="bbox 2085 5405 3738 5484">
    <p class='ocr_par' dir='ltr' id='par_1_116' title="bbox 2085 5405 3738 5484">
     <span class='ocr_line' id='line_1_117' title="bbox 2085 5405 3738 5484; baseline 0.007 -24"><span class='ocrx_word' id='word_1_821' title='bbox 2085 5409 2220 5473; x_wconf 91' lang='lat' dir='ltr'><strong>etc.,</strong></span> <span class='ocrx_word' id='word_1_822' title='bbox 2249 5419 2420 5476; x_wconf 85' lang='lat' dir='ltr'><strong>usque</strong></span> <span class='ocrx_word' id='word_1_823' title='bbox 2455 5405 2527 5460; x_wconf 88' lang='lat' dir='ltr'><strong>ad</strong></span> <span class='ocrx_word' id='word_1_824' title='bbox 2563 5408 2842 5477; x_wconf 86' lang='lat' dir='ltr'><strong>psalmum</strong></span> <span class='ocrx_word' id='word_1_825' title='bbox 2869 5427 2889 5466; x_wconf 86' lang='lat'><strong><em>:</em></strong></span> <span class='ocrx_word' id='word_1_826' title='bbox 2919 5410 3266 5484; x_wconf 87' lang='lat' dir='ltr'><strong>Confitebor,</strong></span> <span class='ocrx_word' id='word_1_827' title='bbox 3297 5416 3564 5474; x_wconf 88' lang='lat' dir='ltr'><strong>inclusive</strong></span> <span class='ocrx_word' id='word_1_828' title='bbox 3590 5419 3652 5474; x_wconf 83' lang='lat' dir='ltr'><strong>ut</strong></span> <span class='ocrx_word' id='word_1_829' title='bbox 3673 5419 3738 5472; x_wconf 86' lang='lat' dir='ltr'><strong>in</strong></span> 
     </span>
    </p>
   </div>
   <div class='ocr_carea' id='block_1_117' title="bbox 2085 5493 3141 5550">
    <p class='ocr_par' dir='ltr' id='par_1_117' title="bbox 2085 5493 3141 5550">
     <span class='ocr_line' id='line_1_118' title="bbox 2085 5493 3141 5550; baseline -0.003 0"><span class='ocrx_word' id='word_1_830' title='bbox 2085 5493 2262 5550; x_wconf 84' lang='lat' dir='ltr'><strong>editis.</strong></span> <span class='ocrx_word' id='word_1_831' title='bbox 3135 5542 3141 5547; x_wconf 89' lang='lat'><strong>.</strong></span> 
     </span>
    </p>
   </div>
   <div class='ocr_carea' id='block_1_118' title="bbox 2154 5582 3736 5658">
    <p class='ocr_par' dir='ltr' id='par_1_118' title="bbox 2154 5582 3736 5658">
     <span class='ocr_line' id='line_1_119' title="bbox 2154 5582 3736 5658; baseline 0.009 -20"><span class='ocrx_word' id='word_1_832' title='bbox 2154 5582 2360 5640; x_wconf 86' lang='lat' dir='ltr'><strong>Deinde</strong></span> <span class='ocrx_word' id='word_1_833' title='bbox 2385 5585 2633 5658; x_wconf 87' lang='lat' dir='ltr'><strong>sequitur</strong></span> <span class='ocrx_word' id='word_1_834' title='bbox 2661 5602 2679 5640; x_wconf 92' lang='lat'><em>:</em></span> <span class='ocrx_word' id='word_1_835' title='bbox 2713 5586 2992 5658; x_wconf 86' lang='lat' dir='ltr'><strong>Requiem</strong></span> <span class='ocrx_word' id='word_1_836' title='bbox 3039 5595 3335 5650; x_wconf 73' lang='lat' dir='ltr'><strong>aeternam.</strong></span> <span class='ocrx_word' id='word_1_837' title='bbox 3365 5595 3434 5652; x_wconf 90' lang='lat' dir='ltr'><strong>Et</strong></span> <span class='ocrx_word' id='word_1_838' title='bbox 3473 5593 3594 5652; x_wconf 85' lang='lat' dir='ltr'><strong>lux.</strong></span> <span class='ocrx_word' id='word_1_839' title='bbox 3626 5597 3736 5652; x_wconf 81' lang='lat' dir='ltr'><strong>An-</strong></span> 
     </span>
    </p>
   </div>
   <div class='ocr_carea' id='block_1_119' title="bbox 2087 5672 3737 5746">
    <p class='ocr_par' dir='ltr' id='par_1_119' title="bbox 2087 5672 3737 5746">
     <span class='ocr_line' id='line_1_120' title="bbox 2087 5672 3737 5746; baseline 0.008 -17"><span class='ocrx_word' id='word_1_840' title='bbox 2087 5673 2360 5746; x_wconf 83' lang='lat' dir='ltr'><strong>tiphona:</strong></span> <span class='ocrx_word' id='word_1_841' title='bbox 2400 5672 2606 5729; x_wconf 88' lang='lat' dir='ltr'><strong>Audivi</strong></span> <span class='ocrx_word' id='word_1_842' title='bbox 2655 5690 2855 5733; x_wconf 91' lang='lat' dir='ltr'><strong>vocem</strong></span> <span class='ocrx_word' id='word_1_843' title='bbox 2905 5679 2976 5736; x_wconf 93' lang='lat' dir='ltr'><strong>de</strong></span> <span class='ocrx_word' id='word_1_844' title='bbox 3014 5679 3156 5738; x_wconf 57' lang='lat' dir='ltr'><strong>caelo</strong></span> <span class='ocrx_word' id='word_1_845' title='bbox 3205 5682 3494 5742; x_wconf 87' lang='lat' dir='ltr'><strong>dicentem</strong></span> <span class='ocrx_word' id='word_1_846' title='bbox 3541 5683 3737 5742; x_wconf 88' lang='lat' dir='ltr'><strong>mihi:</strong></span> 
     </span>
    </p>
   </div>
  </div>
