3978 6402
202 449 321 509 933

997 453 1385 514 EXCERPT.
1432 453 1537 514 EX
1583 454 1810 514 CODD.
1860 454 2175 518 LITURG.
2224 456 2831 516 FONTAVELLAN.

3503 462 3620 522 934

210 579 547 652 iniquitates
578 584 832 649 nostras,
866 586 930 638 ut
958 583 1028 638 ad
1061 588 1262 639 sancta
1311 587 1648 639 sanctorum
1690 584 1853 655 puris
1884 592 1932 655 Α
1964 585 2342 658 Evangelium
2382 586 2562 658 pacis.
2624 587 2853 642 Demum
2908 588 3184 644 osculetur
3239 591 3617 660 Evangelium,

212 684 538 725 mereamur
566 670 865 727 mentibus
895 671 1153 743 introire.
1188 672 1313 728 Per.

279 758 504 827 Quando
532 759 780 814 sacerdos
808 768 886 815 est
916 760 986 816 ad
1014 760 1210 830 altare,
1257 760 1401 815 dicat
1429 777 1448 814 :
1479 760 1729 816 Oramus
1779 766 1856 823 te,

211 846 468 915 Domine,
501 852 566 901 ut
598 864 700 920 per
731 849 941 904 merita
970 854 1305 905 sanctorum
1340 854 1857 921 tuorum,quorum

212 935 465 1008 reliquiae
497 936 590 991 hic
613 940 770 1005 sunt,
799 954 1000 992 eorum
1028 937 1567 1006 intercessionibus,
1592 938 1857 1011 omnipo-

212 1029 336 1080 tens
366 1024 541 1092 Deus,
574 1024 877 1097 indulgere
909 1026 1169 1098 digneris
1200 1025 1345 1081 mihi
1376 1027 1575 1082 omnia
1622 1032 1858 1100 peccata

212 1130 357 1169 mea.
392 1113 517 1168 Per.
558 1138 567 1145 -

278 1203 417 1257 Dum
445 1207 703 1258 cantatur
730 1204 957 1274 cpistola
985 1207 1037 1258 et
1084 1203 1345 1272 graduale
1377 1207 1426 1258 et
1485 1204 1737 1271 alleluia,
1767 1221 1858 1259 sa-

212 1289 393 1347 cerdos
423 1291 569 1345 dicat
608 1292 750 1345 hanc
777 1293 1111 1347 orationem:
1145 1290 1385 1361 Suscipe
1433 1308 1537 1346 con
1550 1291 1858 1347 fessionem

213 1395 421 1445 meam,
458 1396 576 1433 una
605 1396 740 1451 spes
771 1379 980 1435 salutis
1013 1396 1173 1442 meae,
1207 1380 1452 1435 Domine
1487 1382 1634 1436 Deus
1668 1396 1855 1436 meus.

212 1467 355 1524 Gula
411 1467 710 1528 ebrietate.
783 1468 1183 1535 fornicatione,
1260 1466 1523 1536 libidine,
1603 1468 1856 1535 tristitia,

211 1555 468 1626 avaritia,
491 1556 596 1623 ira,
623 1555 844 1626 acedia,
865 1556 1274 1622 somnolentis,
1302 1555 1678 1628 negligentia,
1702 1556 1860 1629 cupi-

212 1644 407 1713 ditate,
440 1644 678 1711 invidia,
707 1643 952 1712 malitia,
988 1645 1141 1713 odio,
1167 1644 1545 1710 detractione,
1580 1645 1857 1717 perjurio,

211 1732 485 1800 falsitate,
519 1732 845 1799 mendacio,
875 1749 1025 1788 vana
1054 1732 1258 1805 gloria,
1291 1733 1627 1799 levitate,ac
1651 1751 1860 1805 super-

210 1818 595 1893 bia'perditus
617 1838 772 1889 sum,
796 1826 854 1876 et
880 1822 1118 1877 omnino
1146 1821 1516 1893 cogitatione,
1546 1821 1858 1889 locutione,

210 1998 528 2065 ODomine,
555 1998 653 2070 qui
668 1998 970 2069 justiﬁcus
992 1998 1204 2070 impios
1226 2002 1282 2055 et
1301 1998 1555 2055 viviﬁcas
1576 2004 1860 2065 mortuos,

206 2085 467 2158 justiﬁca
499 2102 590 2140 me
621 2091 677 2141 et
709 2085 1025 2142 ressuscita
1057 2103 1168 2153 me,
1204 2086 1447 2143 Domine
1478 2087 1632 2143 Deus
1664 2104 1851 2144 meus.

208 2176 317 2233 Per
344 2179 549 2231 Jesum
580 2175 876 2231 Christum
918 2175 1131 2231 Filium
1161 2182 1329 2231 tuum
1383 2176 1695 2231 Dominum
1729 2195 1860 2234 nos-

209 2270 388 2332 trum,
426 2263 527 2336 qui
560 2268 749 2320 tecum
779 2264 922 2319 vivit
950 2268 1007 2318 et
1036 2268 1258 2335 regnat,
1291 2273 1396 2320 etc.

280 2353 464 2408 Maria
492 2352 853 2419 beatissima,
886 2353 1069 2408 Mater
1089 2352 1186 2408 Dei
1212 2359 1268 2408 et
1293 2352 1549 2409 hominis
1578 2354 1852 2426 gloriosa,

216 2442 365 2498 inter
395 2457 600 2497 omnes
633 2440 909 2497 mulieres
938 2441 1261 2506 benedicta,
1295 2440 1418 2496 coeli
1452 2449 1508 2497 et
1547 2447 1711 2498 terra:
1746 2444 1860 2500 Do-

212 2530 394 2594 mina,
417 2546 594 2602 super
614 2545 818 2585 omnes
840 2528 1079 2602 angelos
1100 2532 1158 2584 et
1178 2528 1560 2601 archangelos
1585 2531 1855 2600 exaltata,

211 2625 275 2675 tu
308 2619 550 2692 dignare
568 2635 673 2689 pro
695 2635 788 2674 me
809 2623 1107 2690 peccatore
1139 2635 1336 2690 preces
1366 2618 1859 2692 effundere,cujus

214 2709 397 2764 oratio
430 2724 545 2763 non
571 2711 761 2780 potest
781 2708 853 2764 ab
884 2723 950 2762 eo
982 2708 1080 2778 qui
1103 2723 1170 2762 ex
1202 2711 1257 2763 te
1287 2712 1459 2764 natus
1482 2712 1589 2777 est,
1616 2710 1855 2782 despici,

210 2813 317 2854 nec
347 2797 487 2870 quid
520 2795 894 2868 aliquatenus
925 2813 959 2850 a
992 2794 1131 2851 Filio
1180 2800 1279 2852 tuo
1310 2800 1368 2852 et
1409 2798 1677 2854 Creatore
1721 2815 1856 2854 con-

212 2885 419 2942 temni.
454 2886 497 2941 Ο
529 2883 849 2959 singularis
878 2890 935 2941 et
967 2901 1112 2940 nova
1137 2902 1440 2958 puerpera,
1473 2886 1649 2942 adoro
1681 2887 1858 2960 virgi-

207 2973 360 3031 nalis
382 2974 529 3030 uteri
563 2975 648 3029 tui
678 2980 1043 3046 conceptum.
1070 2974 1252 3031 Adoro
1279 2980 1509 3047 partum
1531 2992 1599 3031 ex
1621 2975 1859 3032 inteme-

205 3068 345 3119 ratae
373 3062 630 3136 Virginis
675 3062 813 3118 flore
866 3063 1259 3136 progenitum.
1294 3063 1483 3119 Adoro
1540 3081 1609 3119 ex
1640 3069 1693 3120 te
1736 3065 1857 3119 vir~

202 3152 471 3227 ginitatis
528 3157 641 3208 tum
693 3150 1066 3225 signaculum
1116 3152 1490 3209 ineﬁ'abiliter
1563 3154 1852 3226 prodeun-

201 3242 538 3298 tem.Adoro
570 3240 628 3295 in
657 3240 947 3298 cunabilis
980 3240 1281 3313 pueriliter
1301 3240 1853 3314 vagientem.Adoro

1965 679 2020 728 et
2049 674 2196 728 dicat
2226 692 2242 727 :
2275 674 2390 728 Pax
2419 673 2654 743 Christi,
2688 691 2867 746 quam
2901 676 3069 732 nobis
3112 693 3215 748 per
3249 678 3622 750 Evangelium

1969 778 2141 816 suum
2172 761 2436 826 tradidit,
2469 760 2774 818 conﬁrmet
2805 767 2862 819 et
2883 769 3185 820 conservet
3214 765 3389 821 corda
3420 770 3476 822 et
3505 783 3625 823 cor-

1969 865 2111 921 pora
2141 855 2343 905 nostra
2370 849 2431 904 in
2461 850 2641 905 vitam
2672 856 2969 907 aeternam.
2997 853 3198 908 Amen.
3236 854 3461 922 Quando
3493 857 3622 911 mit-

1969 940 2108 993 titur
2137 940 2420 993 incensum
2450 941 2509 994 in
2548 940 2891 996 thuribulum
2918 940 3049 996 dicit
3077 960 3095 996 :
3121 942 3206 996 Ab
3248 942 3375 1014 ipso
3407 943 3624 1011 benef-

1970 1026 2185 1082 dicaris
2217 1044 2319 1099 pro
2349 1028 2520 1097 cujus
2551 1044 2747 1083 amore
2768 1029 3065 1085 cremaris.
3092 1030 3295 1085 Deinde
3316 1033 3624 1088 inccnsetur

1968 1116 2332 1183 evangelium,
2366 1131 2468 1186 quo
2498 1116 2628 1171 lecto
2659 1119 3005 1188 evangelium
3033 1119 3304 1174 osculetur
3346 1120 3571 1176 dicendo
3602 1138 3613 1175 :

1969 1203 2076 1258 Per
2132 1204 2273 1258 istos
2334 1209 2568 1259 sanctos
2626 1222 2926 1261 sermones
2977 1205 3272 1279 Evangelii
3336 1206 3622 1281 Dominus

1970 1296 2167 1348 noster
2186 1292 2217 1347 J
2225 1309 2362 1348 esus
2381 1291 2651 1349 Christus
2675 1292 2977 1366 indulgeat
2998 1294 3143 1349 mihi
3168 1296 3366 1351 omnia
3391 1303 3627 1368 peccata

1969 1396 2117 1435 mea.
2151 1383 2353 1436 Amen.

2039 1468 2117 1523 Ad
2139 1470 2417 1540 corporale
2448 1469 2759 1527 benedictio.
2779 1468 2839 1524 ln
2875 1474 2971 1525 tuo
2995 1475 3330 1542 conspectu,
3353 1471 3616 1540 Domine,

1969 1557 2092 1613 haec
2124 1561 2323 1614 nostra
2351 1574 2595 1613 munera
2623 1557 2729 1613 tibi
2764 1556 2976 1630 placita
3033 1558 3171 1627 sint,
3232 1563 3297 1614 ut
3354 1577 3457 1616 nos
3513 1561 3619 1617 tibi

1971 1645 2195 1718 placere
2226 1646 2543 1717 possimus.

2043 1736 2267 1803 Quando
2289 1736 2472 1791 oblata
2501 1752 2665 1807 super
2695 1736 2870 1791 altare
2894 1738 3090 1807 ponit:
3141 1735 3291 1800 Tibi,
3354 1736 3618 1806 Domine,

1970 1825 2221 1880 Creatori
2247 1840 2375 1879 meo
2399 1824 2651 1880 hostiam
2676 1824 2851 1880 offero
2870 1842 2971 1897 pro
2992 1824 3336 1880 remissione
3357 1825 3622 1881 omnium

58 1909 455 2009 /..actione,
489 1914 665 1981 atque
695 1910 971 1965 omnibus
1022 1908 1292 1965 sensibus
1323 1909 1643 1965 exstinctus
1699 1927 1855 1966 sum.
1892 1948 1940 2012 B
1970 1917 2342 1985 peccatorum
2375 1930 2661 1981 meorum,
2694 1919 2752 1969 et
2780 1918 3123 1968 cunctorum
3168 1911 3438 1968 ﬁdelium
3495 1917 3624 1969 tuo-

1973 2018 2106 2056 rum
2137 2001 2455 2057 viventium
2487 2006 2545 2057 et
2574 2006 2963 2057 mortuorum.

2045 2089 2269 2158 Quando
2298 2107 2443 2161 aqua
2469 2092 2713 2146 mittitur
2751 2092 2811 2145 in
2839 2092 3088 2160 calicem,
3148 2090 3295 2145 dicat
3330 2091 3576 2147 sacerdos
3606 2109 3625 2145 .-

1971 2179 2053 2233 Ex
2072 2178 2249 2234 latere
2270 2178 2481 2234 Christi
2505 2179 2749 2249 sanguis
2781 2184 2838 2233 et
2859 2195 3010 2250 aqua
3031 2178 3241 2234 exiisse
3262 2178 3623 2250 perhibetur,

1971 2272 2030 2322 et
2057 2267 2185 2323 ideo
2218 2268 2433 2340 pariter
2463 2267 2936 2333 commiscentur,
2972 2270 3037 2321 ut
3084 2267 3419 2323 misericors
3468 2267 3625 2323 Deus

1971 2356 2041 2410 ad
2074 2355 2361 2412 medelam
2394 2355 2726 2410 animarum
2758 2360 3091 2411 nostrarum
3150 2355 3514 2410 sanctiﬁcare
3544 2356 3626 2409 di-

1969 2449 2143 2516 gnetu
2155 2462 2196 2499 r.

2042 2532 2266 2600 Quando
2290 2532 2440 2587 catis:
2457 2532 2683 2603 ponitur
2696 2547 2859 2602 super
2874 2532 3072 2597 altare,
3095 2530 3241 2585 dicat
3268 2548 3280 2585 :
3305 2530 3539 2586 Oﬁ'erim
3551 2547 3618 2585 us

1967 2620 2096 2692 tibi,
2132 2620 2395 2686 Domine,
2434 2619 2671 2675 calicem
2722 2616 3023 2686 salutaris,
3055 2618 3360 2675 humiliter
3409 2618 3625 2690 implo-

1969 2716 2164 2765 rantes
2218 2708 2590 2764 clementiam
2648 2713 2831 2774 tuam,
2894 2713 2958 2761 ut
3027 2714 3162 2762 ante
3239 2711 3617 2779 conspectum

1968 2799 2174 2854 divinae
2200 2797 2529 2868 majestatis
2560 2802 2673 2852 tuae
2705 2813 2839 2851 cum
2872 2796 3049 2853 odore
3079 2795 3386 2853 suavitatis
3418 2811 3622 2852 ascen-

1969 2889 2086 2944 dat.
3336 2922 3347 2927 -

2040 2976 2295 3047 Sequitur
2325 2991 2448 3029 cum
2475 2990 2633 3030 cruce
2661 2989 2825 3045 super
2849 2982 3102 3045 utrosque
3130 2990 3149 3026 :
3180 2972 3454 3028 Oblatum
3484 2973 3611 3041 tibi,

1967 3064 2234 3131 Domine,
2266 3081 2482 3119 munus
2513 3062 2833 3129 sanctiﬁca,
2882 3067 2947 3115 ut
3006 3061 3173 3117 nobis
3204 3059 3489 3134 unigeniti
3539 3062 3621 3117 tui

1969 3153 2097 3210 Filii
2110 3151 2343 3209 Domini
2356 3150 2540 3208 nostri
2553 3152 2583 3206 J
2591 3168 2693 3207 esu
2709 3150 2923 3206 Christi
2942 3165 3153 3221 corpus
3167 3153 3222 3205 et
3241 3149 3483 3222 sanguis
3498 3149 3621 3204 ﬁat.

2042 3243 2299 3315 Sequitur
2327 3261 2348 3295 .·
2376 3240 2541 3307 Veni,
2565 3238 2988 3305 Sanctiﬁcator,
3022 3238 3395 3309 omnipotens
3417 3242 3626 3294 aeterne

202 3331 389 3387 ubera
446 3334 711 3387 materna
765 3334 1089 3403 augentem.
1151 3330 1264 3385 Ora
1302 3313 1405 3402 pro
1465 3346 1557 3385 me
1616 3316 1849 3395 misero,
1887 3313 1930 3381 Ο
1968 3313 2144 3399 Deus,
2178 3329 2419 3386 henedic
2452 3329 2560 3385 hoc
2586 3327 2940 3385 sacriﬁcium
2977 3325 3079 3381 tibi
3106 3331 3512 3399 praeparatum.

201 3419 376 3476 beata
391 3418 495 3475 Dei
515 3417 793 3488 Genitrix,
819 3422 884 3474 ut
914 3418 1013 3491 qui
1046 3434 1113 3473 ex
1142 3421 1199 3472 te
1215 3434 1417 3473 verum
1438 3416 1737 3474 hominem
1768 3422 1857 3475 est

204 3507 486 3582 dignatus
515 3506 778 3577 induere,
812 3508 871 3563 in
904 3511 1097 3563 mente
1120 3523 1250 3562 mea
1267 3523 1378 3562 non
1403 3507 1855 3580 dedigneturin-

199 3595 516 3653 visibiliter
554 3589 837 3653 habitare.
873 3596 1001 3652 Tibi
1030 3596 1228 3664 etiam,
1283 3595 1550 3669 piissime
1597 3596 1855 3664 domina,

200 3684 634 3759 turpitudinem
657 3685 917 3758 corporis
947 3690 1004 3741 et
1032 3684 1240 3740 animae
1273 3701 1413 3740 meae
1445 3685 1708 3741 conﬁteri
1742 3702 1856 3742 non

201 3776 507 3842 erubesco,
540 3775 681 3847 quia
708 3774 768 3830 in
801 3774 1052 3848 peccatis
1082 3778 1399 3847 conceptus
1429 3777 1486 3830 et
1516 3774 1575 3829 in
1603 3774 1859 3847 peccatis

198 3863 486 3932 nutritus,
519 3870 578 3920 et
616 3864 677 3920 in
736 3864 988 3936 peccatis
1036 3868 1169 3937 post
1210 3863 1507 3935 baptisma
1558 3879 1746 3936 usque
1785 3864 1857 3919 ad

178 3950 357 4011 ‘hanc
375 3951 580 4010 horam
607 3970 739 4008 cum
759 3952 1033 4008 omnibus
1055 3951 1458 4025 peccatoribus
1485 3957 1859 4008 conversatus

199 4041 465 4100 animam
493 4057 684 4098 meam
725 4041 784 4096 in
816 4057 988 4097 carne
1020 4039 1273 4113 positam
1317 4037 1521 4113 pollui,
1572 4039 1859 4113 templum

198 4130 467 4203 corporis
494 4131 610 4186 mei
640 4130 711 4186 de
728 4130 888 4185 omni
922 4146 1131 4203 genere
1158 4128 1559 4186 fornicationis
1591 4133 1648 4185 et
1680 4128 1863 4202 pollu-

196 4220 384 4277 tionis
406 4222 464 4275 et
482 4219 871 4275 immunditiaa
894 4218 1286 4291 coinquinavi.
1302 4218 1534 4274 Peccavi
1553 4234 1657 4291 ego
1681 4218 1863 4274 miser

199 4313 259 4365 et
290 4306 492 4364 infelix
520 4307 582 4363 in
613 4306 967 4381 negligentia
995 4307 1130 4363 etin
1159 4306 1625 4379 transgressione
1646 4311 1859 4363 sanctae

199 4393 357 4470 legis
391 4401 449 4453 et
478 4396 743 4452 omnium
775 4397 1187 4452 mandatorum
1239 4394 1369 4451 Filii
1416 4394 1539 4463 Dei,
1583 4400 1642 4451 et
1685 4394 1861 4452 ofﬁcii

126 4546 131 4557 ,
197 4484 589 4542 sacerdotalis
621 4490 679 4541 et
702 4483 1043 4541 obedientiae
1088 4483 1231 4538 mihi
1271 4483 1621 4555 commissae,
1649 4488 1707 4540 et
1736 4500 1860 4540 om-

194 4573 372 4630 nium
395 4577 631 4629 actuum
659 4589 881 4629 eorum.
909 4572 1033 4628 Non
1056 4577 1145 4629 est
1165 4571 1444 4644 iniquitas
1466 4588 1643 4645 super
1667 4588 1858 4628 meam

2038 3420 2293 3491 Sequitur
2322 3436 2341 3472 .·
2372 3418 2435 3473 In
2469 3415 2705 3473 nomine
2735 3414 2967 3471 Domini
3001 3415 3182 3470 nostri
3213 3415 3352 3470 Jesu
3408 3414 3622 3470 Christi

1966 3509 2043 3565 sit
2070 3508 2180 3564 hoc
2224 3505 2579 3563 sacriﬁcium
2636 3502 3105 3570 immaculatum,
3139 3507 3197 3557 et
3253 3519 3286 3558 a
3315 3508 3370 3558 te
3402 3502 3516 3557 Deo
3548 3503 3625 3572 vi:

1964 3614 2034 3653 vo
2064 3601 2122 3652 et
2148 3611 2282 3652 vero
2304 3596 2625 3650 adunatum
2645 3597 2701 3648 et
2721 3590 3090 3648 benedictum
3113 3590 3172 3644 in
3197 3589 3411 3646 sazcula
3441 3606 3624 3646 saecu-

1964 3685 2177 3743 lorum.
2208 3686 2413 3739 Amen.
2550 3684 2563 3710 ‘

2041 3773 2266 3843 Quando
2302 3773 2585 3827 incensum
2638 3770 2864 3842 ponitur
2908 3770 2969 3823 in
3028 3767 3375 3823 thuribulum
3431 3766 3617 3823 dicat:

1968 3864 2075 3920 Per
2103 3860 2600 3927 intercessionem,
2634 3864 2769 3928 etc.,
2800 3866 2862 3913 ut
2890 3860 2950 3913 in
2978 3857 3156 3912 editis.

2042 3951 2176 4007 Cum
2202 3952 2450 4006 incensat
2477 3948 2660 4005 oblata
2700 3955 2752 4003 et
2778 3947 3027 4017 calicem,
3059 3945 3205 4002 dicat
3238 3947 3343 4000 ista
3372 3960 3497 4000 cum
3522 3946 3619 4000 tri-

1971 4042 2068 4097 bus
2096 4040 2347 4096 crucibus
2376 4053 2541 4110 super
2567 4040 2844 4108 utrosque,
2878 4042 2929 4091 et
2956 4034 3262 4107 regyraudo
3292 4033 3464 4089 tribus
3489 4034 3621 4089 vici-

1972 4130 2068 4185 bus
2096 4129 2288 4185 dicat:
2320 4127 2564 4183 Domine
2595 4124 2749 4181 Deus
2780 4128 2998 4191 noster,
3032 4123 3131 4196 qui
3164 4120 3473 4194 suscepisti
3499 4138 3625 4177 mu-

1969 4235 2113 4275 nera
2140 4216 2302 4286 Abel,
2335 4217 2475 4283 Noe,
2506 4218 2720 4282 Aaron,
2748 4212 2985 4269 Samuel
3019 4217 3076 4268 et
3104 4211 3367 4267 omnium
3399 4215 3625 4266 sancto-

1972 4325 2102 4364 rum
2132 4311 2388 4373 tuorum,
2415 4303 2499 4361 s‘ic
2520 4307 2578 4359 et
2601 4304 2671 4359 de
2693 4320 2872 4358 manu
2896 4306 3267 4375 peccatorum
3289 4302 3623 4356 nostrorum

1972 4394 2270 4467 suscipere
2300 4392 2561 4466 digneris
2611 4391 2920 4449 incensum
2980 4390 3139 4447 istud
3192 4390 3253 4444 in
3311 4392 3625 4461 conspectu

1968 4490 2093 4550 tuo,
2120 4483 2183 4537 in
2214 4482 2449 4537 odorem
2483 4480 2810 4549 suavitatis,
2844 4479 2903 4533 in
2928 4478 3334 4534 remissionem
3367 4479 3629 4548 peccato-

1970 4588 2102 4628 rum
2135 4575 2495 4627 nostrorum.
2529 4570 2637 4625 Per
2667 4568 2990 4624 Christum.

194 4662 784 4736 iniquitatem,super
810 4678 1014 4718 omnes
1040 4665 1374 4734 peccatores
1404 4661 1619 4734 saepius
1651 4666 1707 4717 et
1727 4677 1856 4734 gra-
1889 4679 1936 4744 D
2041 4662 2176 4716 Cum
2206 4660 2449 4714 incensat
2503 4656 2683 4711 oblata
2722 4663 2773 4744 et
2829 4656 3053 4744 calicem
3091 4652 3236 4744 dicat
3265 4670 3283 4707 :
3317 4652 3625 4744 incensum

190 4751 334 4807 vius
366 4750 711 4823 cecidi,plus
734 4751 1012 4807 omnibus
1051 4749 1393 4806 hominibus
1414 4749 1747 4804 carnalibus
1777 4749 1861 4805 vi-

188 4839 301 4896 tiis
332 4839 452 4895 sive
477 4838 885 4912 spiritualibus
912 4840 983 4896 ab
1014 4838 1261 4894 infantia
1300 4854 1430 4894 mea
1460 4838 1860 4894 indesinenter

144 4914 152 4921 ’
200 4928 465 5001 peccavi.
493 4928 803 5000 Propterea
831 4930 1025 4984 mente
1055 4931 1112 4983 et
1142 4942 1381 4999 corpore
1429 4924 1709 4998 pollutus,
1744 4917 1859 4981 non

192 5033 342 5073 sum
374 5017 591 5090 dignus
619 5020 868 5073 tractare
896 5015 985 5072 vel
1017 5015 1315 5087 suscipere
1346 5030 1559 5087 corpus
1587 5014 1717 5069 Filii
1750 5014 1856 5069 tui.

192 5103 373 5161 Nunc
402 5120 561 5178 ergo,
595 5105 781 5161 Mater
804 5103 1236 5172 misericordiae,
1271 5119 1374 5160 ora
1401 5119 1504 5175 pro
1536 5119 1628 5159 me
1656 5118 1858 5176 pecca-

190 5197 331 5250 tore
362 5194 433 5251 ad
468 5194 740 5251 eumdem
769 5192 981 5250 Filium
1001 5197 1171 5248 tuum
1204 5191 1519 5247 Dominum
1566 5196 1857 5257 nostrum,

190 5283 305 5355 qui
338 5298 553 5356 passus
582 5287 670 5339 est
699 5300 804 5356 pro
835 5280 1025 5350 nobis,
1060 5296 1236 5352 quem
1274 5283 1338 5335 tu
1371 5279 1627 5353 gloriosa
1674 5284 1732 5336 et
1759 5279 1857 5335 be-

193 5371 442 5429 nedicta
470 5371 729 5446 genuisti
768 5371 953 5428 Deum
1000 5375 1057 5426 et
1095 5368 1393 5425 hominem
1442 5385 1545 5441 pro
1593 5369 1858 5440 redemp-

194 5460 369 5518 tione
407 5460 673 5517 omnium
704 5464 1099 5533 peccatorum.

270 5549 367 5606 Λα
398 5549 827 5606 benedictionem
879 5548 1184 5621 Evangelii,
1218 5546 1480 5603 diaconus
1507 5549 1656 5617 petat
1703 5547 1860 5600 bene-

182 5634 500 5696 dictionem
528 5638 748 5695 dicens:
782 5636 1055 5707 Benedic,
1076 5636 1238 5708 jube.
1271 5636 1309 5704 ii)
1341 5633 1628 5691 Dominus
1686 5633 1764 5690 sit
1794 5633 1855 5689 in

182 5727 374 5784 corde
428 5731 553 5797 tuo,
589 5731 656 5783 ut
712 5726 888 5800 digne
946 5729 1005 5782 et
1060 5727 1456 5797 competenter
1512 5721 1858 5796 pronunties

1973 4748 2154 4814 istud,
2181 4752 2313 4813 etc.,
2348 4749 2407 4800 ut
2434 4746 2497 4800 in
2524 4744 2704 4799 editis.
2738 4742 2994 4798 Sacerdos
3016 4741 3300 4794 humiliter
3320 4739 3549 4794 inclinet
3569 4754 3626 4793 se

1967 4842 2094 4894 ante
2124 4837 2299 4891 altare
2326 4841 2377 4890 et
2406 4832 2553 4888 dicat
2584 4850 2602 4887 :
2628 4831 2888 4904 Suscipe,
2920 4834 3123 4885 sancta
3159 4826 3437 4895 Trinitas,
3469 4826 3622 4882 hanc

1968 4925 2529 4995 oblationem,quam
2562 4919 2667 4976 tibi
2684 4921 2851 4976 oﬂ‘ert
2872 4917 3129 4974 famulus
3148 4922 3308 4986 tuus,
3336 4919 3392 4972 et
3415 4920 3628 4988 praesta

1970 5021 2037 5072 ut
2066 5016 2126 5071 in
2157 5015 2534 5085 conSpectum
2566 5012 2736 5065 tuum
2767 5008 2873 5063 tibi
2906 5007 3144 5079 placens
3173 5005 3466 5061 ascendat.

2042 5105 2333 5175 Sequitur:
2366 5099 2628 5171 Suscipe,
2664 5101 2868 5153 sancta
2891 5096 3169 5165 Trinitas,
3204 5096 3353 5150 hanc
3385 5093 3629 5151 oblatio-

1970 5210 2127 5263 nem,
2162 5208 2342 5264 quam
2374 5188 2482 5245 tibi
2513 5188 2689 5243 offero
2719 5202 2824 5259 pro
2856 5200 2949 5240 me
2975 5190 3294 5256 peccatore,
3327 5188 3385 5240 et
3414 5200 3517 5257 pro
3541 5185 3624 5240 fa-

1971 5282 2149 5340 mulis
2180 5284 2237 5338 et
2266 5277 2600 5336 famulabus
2631 5277 2772 5342 tuis,
2804 5274 2904 5348 qui
2962 5289 3025 5328 se
3069 5273 3629 5329 commendaverunt

1968 5371 2030 5427 in
2063 5369 2282 5426 nostris
2302 5365 2687 5434 orationibus,
2720 5367 2778 5421 et
2809 5378 2913 5436 pro
2930 5359 3088 5418 omni
3117 5359 3626 5431 p0puloChristia-

1975 5477 2068 5529 no,
2108 5457 2254 5514 vivis
2285 5461 2466 5528 atque
2493 5453 2806 5519 defunctis,
2835 5457 2899 5507 ut
2941 5447 3086 5505 mihi
3117 5452 3176 5504 et
3212 5446 3331 5503 illis
3361 5447 3628 5519 proﬁciat

1972 5550 2044 5605 ad
2079 5544 2390 5610 medelam,
2423 5548 2481 5600 et
2510 5545 2581 5600 ad
2612 5543 2792 5600 vitam
2821 5548 3120 5599 aeternam.

2042 5626 2245 5685 Deinde
2289 5626 2464 5696 erigat
2490 5639 2547 5680 se
2600 5623 2865 5690 sacerdos,
2898 5625 2948 5678 et
3006 5623 3177 5677 vertat
3205 5633 3260 5674 se
3318 5616 3389 5672 ad
3416 5619 3621 5690 fratres

1970 5719 2152 5776 dicens
2177 5734 2196 5771 :
2227 5717 2419 5781 Orate,
2436 5712 2644 5768 fratres
2674 5710 3029 5779 charissimi,
3065 5725 3166 5782 pro
3200 5722 3313 5777 me,
3342 5708 3405 5762 ut
3425 5723 3621 5763 meum
