3978 6398
371 410 499 470 935

1571 407 1762 469 SE6.
1807 409 1886 469 Xl
1933 407 2244 470 MONUM.
2291 405 2611 468 LlTURG.

3685 405 3819 468 936

375 557 440 597 ac
468 544 732 596 vestrum
762 537 1119 596 sacrificium
1179 543 1484 628 acceptum
1521 539 1600 594 sit
1626 539 1686 594 in
1716 543 2032 613 conspectu
2060 545 2117 610 Α
2145 537 2260 594 Pax
2291 535 2523 593 Domini
2552 535 2630 591 sit
2659 551 2892 608 semper
2918 535 3244 594 vobiscum.
3277 535 3350 592 Et
3408 552 3545 594 cum
3599 540 3816 610 Agnus

376 627 632 688 Domini.

446 719 512 772 Et
543 717 633 772 illi
647 715 1038 788 respondeant:
1065 714 1362 787 Suscipiat
1382 715 2031 772 Dominus-sacriﬁcium

377 806 447 860 de
479 804 754 864 manibus
781 803 900 859 tuis
959 804 1032 858 ad
1064 803 1300 859 laudem
1359 808 1416 860 et
1473 803 1720 876 gloriam
1775 804 2032 860 nominis

376 894 492 961 sui,
521 893 593 949 ad
627 891 942 948 utilitatem
992 909 1227 964 quoque
1283 897 1615 948 nostrarum
1675 893 2028 959 animarum,

375 982 675 1054 totiusque
702 980 974 1037 Ecclesiae
1004 998 1123 1036 suae
1155 985 1390 1036 sanctae.

449 1073 512 1126 In
539 1071 840 1126 Nativitate
859 1071 1081 1124 Domini
1105 1070 1358 1140 praefatio
1382 1087 1400 1124 :
1431 1069 1687 1141 Dignum
1717 1074 1777 1125 et
1797 1069 2031 1140 justum

379 1165 488 1223 est,
521 1175 754 1230 aequum
789 1163 847 1214 et
877 1157 1153 1222 salutare,
1187 1173 1359 1228 usque
1387 1163 1600 1213 aeterne
1630 1162 1804 1213 Deus.

448 1247 538 1303 Sic
561 1249 622 1302 in
647 1247 1074 1319 prwfationibus
1099 1245 1573 1315 Quadragcsinue,
1603 1246 2034 1302 Resurrcctionis

377 1341 427 1392 et
455 1337 810 1392 Pentecostcs.

444 1426 716 1496 Praefatio
739 1427 1098 1479 mortuorum.
1136 1423 1242 1478 Per
1271 1439 1446 1494 quem
1479 1422 1644 1478 salus
1675 1423 1916 1494 mundi,
1931 1440 2034 1496 per

373 1529 545 1585 quem
567 1513 685 1568 vita
715 1511 1031 1578 luminum,
1067 1527 1170 1582 per
1197 1527 1374 1582 quem
1397 1510 1746 1568 resurrectio
1771 1516 2030 1567 mortuo-

371 1619 534 1658 rum:
558 1618 660 1674 per
678 1600 876 1673 ipsum
891 1599 1594 1672 te,Domine,suppliciter
1619 1601 2032 1672 deprecamur,

341 1677 345 1682 ’
373 1696 441 1746 ut
469 1691 678 1746 animae
712 1688 915 1744 famuli
935 1689 1019 1744 tui
1047 1688 1434 1744 etanimabus
1457 1687 1815 1744 famulorum
1843 1688 2032 1743 famu-

375 1779 685 1850 larumque
715 1783 954 1833 tuarum
1017 1776 1446 1848 indulgentiam
1503 1774 1717 1848 largire
1775 1775 2032 1849 digneris

376 1872 744 1938 perpetuam,
787 1869 964 1948 atque
1005 1881 1034 1919 a
1069 1865 1356 1936 contagiis
1407 1863 1781 1919 mortalitatis
1829 1869 2034 1920 exutas

377 1955 438 2009 in
471 1959 700 2010 aeternae
733 1952 1071 2008 salvationis
1110 1957 1336 2024 partem
1369 1952 1666 2008 restituas.
1702 1953 1809 2008 Per
1835 1969 2032 2025 quem.

450 2044 576 2098 Alia
601 2043 882 2114 prwfatio.
937 2041 1185 2114 Dignum
1217 2045 1276 2095 et
1291 2043 1522 2111 justum
1555 2046 1663 2108 est,
1714 2058 1946 2113 aequum
1978 2047 2037 2098 et

377 2130 654 2188 salutare.
689 2129 796 2194 Qui
819 2130 989 2185 nobis
1022 2132 1084 2184 in
1117 2128 1366 2198 Christo,
1402 2128 1700 2203 unigenito
1731 2129 1872 2186 Filio
1907 2135 2031 2197 tuo,

378 2219 628 2276 Domino
660 2223 882 2288 nostro,
909 2235 1072 2292 spem
1107 2219 1288 2273 beata:
1318 2219 1762 2274 resurrectionis
1797 2235 2030 2276 conces-

377 2309 528 2376 sisti,
561 2314 793 2380 prassta,
821 2311 1266 2379 quaesumus,ut
1293 2307 1524 2374 animae,
1549 2325 1653 2379 pro
1686 2308 1904 2380 quibus
1923 2308 2033 2364 hoc

375 2397 726 2454 sacrificium
761 2397 1178 2468 redemptionis
1210 2401 1420 2452 nostrae
1451 2401 1566 2452 tua:
1587 2397 1888 2454 offerimus
1906 2414 2029 2452 ma-

366 2486 588 2558 jestati,
611 2486 684 2542 ad
707 2487 887 2542 beata:
909 2485 1354 2541 resurrectionis
1375 2485 1633 2556 quietem
1665 2491 1716 2540 te
1745 2487 2029 2542 miseran-

372 2581 427 2630 te
457 2592 591 2630 cum
631 2574 850 2630 sanctis
877 2572 994 2629 tuis
1027 2572 1324 2644 pervenire
1355 2577 1707 2630 mereantur.
1744 2574 1850 2629 Per
1868 2591 2034 2630 eum-

372 2664 504 2719 dem
537 2663 835 2720 Christum
870 2663 1180 2717 Dominum
1215 2666 1503 2718 nostrum.
1538 2663 1644 2718 Pcr
1671 2679 1870 2734 quem.

443 2754 569 2808 Alia
595 2753 874 2822 praefatio.
912 2749 1165 2822 Dignum
1196 2755 1254 2804 et
1275 2751 1516 2820 justum
1567 2755 1676 2818 est,
1712 2769 1942 2824 aequum
1975 2756 2032 2808 et

373 2840 647 2896 salutare.
683 2838 790 2904 Qui
823 2855 884 2894 es
916 2838 1045 2892 fons
1071 2838 1222 2904 vite,
1256 2839 1417 2912 origo
1449 2837 1715 2908 luminis,
1745 2845 1803 2895 et
1832 2847 2031 2898 auctor

374 2929 555 2982 totius
575 2927 878 2990 bonitatis,
895 2927 1063 2997 cujus
1087 2927 1510 2999 omnipotentis
1535 2927 1900 2999 deprecanda
1917 2934 2025 2996 est,

376 3035 408 3069 1:
423 3015 778 3071 lit’CI‘iOOPdia
799 3015 1116 3078 adoranda,
1132 3015 1319 3086 pietas
1335 3014 1741 3087 implectenda,
1759 3018 2026 3088 majesta-

372 3109 491 3159 tcm
524 3108 687 3158 tuam
721 3102 932 3158 humili
969 3106 1066 3158 tuo
1099 3119 1282 3174 servo,
1315 3109 1371 3160 et
1399 3104 1708 3161 animabus
1757 3107 2021 3162 omnium

373 3191 634 3246 fidelium
665 3191 1150 3266 Christianorum,
1185 3192 1576 3250 intercedente
1607 3195 1780 3250 beata
1809 3199 1866 3250 et
1895 3195 2022 3268 glo-

2143 626 2266 682 Dei.
2300 625 2448 697 (ten)

2217 715 2358 770 Cum
2387 729 2580 784 corpus
2608 714 2672 768 in
2715 714 3040 784 sanguinem
3095 713 3288 781 mittit,
3345 713 3489 768 dicat
3543 716 3800 773 sacerdos

2142 804 2446 858 orationem
2487 819 2499 856 :
2536 801 2662 857 Fiat
2691 801 2814 856 haec
2843 801 3202 858 consecratio
3234 805 3291 858 et
3313 801 3643 858 commistio
3671 819 3798 860 cor-

2145 891 2302 963 poris
2332 896 2390 945 et
2418 889 2726 962 sanguinis
2749 889 2982 946 Domini
3013 889 3195 945 nostri
3215 888 3353 946 Jesu
3376 889 3591 947 Christi
3612 891 3805 950 omni-

2141 979 2254 1034 bus
2281 978 2705 1050 accipientibus
2755 979 2924 1034 nobis
2953 978 3116 1034 salus
3146 978 3206 1034 in
3259 979 3440 1035 vitam
3489 985 3796 1039 aeternam.

2141 1067 2348 1122 Amen.

2213 1153 2415 1210 Deinde
2429 1155 2706 1210 osculetur
2719 1155 2913 1222 altare,
2944 1163 2996 1211 et
3019 1155 3165 1210 dicat
3193 1157 3534 1212 orationem:
3563 1156 3816 1214 Domina

2141 1241 2172 1298 J
2178 1259 2282 1297 esu
2300 1241 2552 1310 Christe,
2569 1243 2668 1315 qui
2689 1242 2888 1298 dixisti
2903 1243 3184 1315 apostolis
3208 1243 3347 1308 tuis,
3373 1244 3580 1300 Pacem
3608 1261 3806 1316 meam

2142 1331 2214 1386 do
2243 1331 2429 1397 vobis,
2460 1347 2530 1386 ne
2557 1331 2838 1404 respicias
2861 1336 3096 1403 peccata
3125 1347 3276 1400 mea,
3302 1331 3402 1388 sed
3429 1331 3805 1390 devotionem

2132 1408 2436 1491 iidemque
2450 1419 2718 1475 Ecclesiae
2739 1423 2872 1488 tum,
2897 1436 3144 1492 eamque
3172 1420 3501 1476 secundum
3527 1419 3799 1478 volunta-

2145 1511 2263 1562 tem
2297 1512 2459 1562 tuam
2493 1509 2805 1580 purificare
2845 1513 2902 1564 et
2949 1508 3210 1564 adunare
3259 1507 3540 1582 digneris.
3572 1510 3681 1576 Qui
3713 1510 3808 1565 vi-

2145 1596 2249 1651 sis.

2215 1685 2418 1738 Deinde
2443 1686 2617 1756 faciat
2641 1701 2854 1756 pacem,
2913 1684 3180 1740 dicendo:
3225 1685 3444 1742 Habete
3497 1685 3806 1744 vinculum

2144 1771 2450 1828 charitatis
2476 1777 2534 1828 et
2557 1775 2740 1846 pacis,
2764 1779 2826 1828 ut
2857 1775 2976 1846 apti
3008 1773 3138 1830 sitis
3167 1775 3559 1832 sacrosanctis
3589 1783 3811 1849 mysta-

2146 1861 2272 1930 riis,
2302 1868 2360 1916 et
2405 1879 2517 1934 pax
2558 1861 2773 1918 Christi
2808 1861 3074 1918 Ecclesia:
3137 1879 3370 1936 semper
3426 1863 3687 1920 abundet
3740 1865 3806 1922 in

2153 1949 2427 2005 cordibus
2455 1954 2684 2006 vestris.

2213 2039 2515 2110 Antequam
2541 2041 2776 2111 accipiat
2817 2055 3010 2112 corpus
3053 2047 3106 2095 et
3163 2042 3513 2110 sanguinem,
3572 2043 3816 2100 inclinet

2139 2141 2200 2182 se
2225 2126 2470 2182 sacerdos
2497 2136 2626 2182 ante
2655 2127 2856 2197 altare,
2905 2131 2953 2184 et
2985 2129 3426 2201 lacrymabiliter
3471 2129 3618 2188 dicat
3663 2131 3816 2190 hanc

2139 2217 2482 2272 orationem:
2515 2215 2758 2272 Domine
2784 2221 2986 2272 sancte
3011 2217 3198 2288 Pater,
3231 2217 3604 2290 omnipotens
3624 2219 3813 2292 Deus,

2141 2302 2218 2358 da
2239 2303 2380 2358 mihi
2400 2303 2508 2359 hoc
2525 2321 2738 2376 corpus
2759 2309 2816 2360 et
2831 2305 3178 2377 sanguinem
3199 2306 3432 2362 Domini
3455 2307 3642 2363 nostri
3661 2308 3808 2364 Jesu

2140 2390 2357 2446 Christi
2385 2391 2466 2447 ita
2497 2409 2748 2462 sumere,
2783 2398 2848 2448 ut
2878 2411 3104 2450 merear
3125 2411 3230 2466 per
3249 2394 3358 2450 hoc
3390 2396 3810 2453 remissionem

2141 2485 2514 2550 peccatorum
2545 2480 2826 2552 accipere,
2859 2487 2916 2537 et
2946 2485 3044 2538 tuo
3077 2487 3278 2540 sancto
3309 2481 3529 2554 Spiritu
3561 2483 3804 2556 repleri,

2141 2568 2280 2640 quia
2312 2573 2376 2624 tu
2407 2585 2471 2624 es
2502 2573 2674 2640 Deus,
2715 2575 2772 2624 et
2801 2567 3010 2642 praeter
3042 2575 3098 2626 te
3129 2587 3244 2626 non
3276 2577 3366 2627 est
3421 2569 3593 2640 alius,
3627 2575 3806 2646 cujus

2141 2656 2466 2730 gloriosum
2501 2675 2711 2714 nomen
2743 2663 3046 2731 permanet
3076 2660 3135 2716 in
3167 2658 3382 2716 saecula
3422 2659 3804 2720 saeculorum.

2139 2748 2344 2802 Amen.

2209 2836 2331 2891 Alia
2361 2838 2552 2892 oratio.
2591 2836 2830 2892 Domine
2873 2837 3012 2892 Jesu
3045 2837 3292 2907 Christe,
3355 2837 3458 2893 Fili
3513 2840 3608 2894 Dei
3661 2839 3806 2909 vivi,

2137 2929 2340 2995 pastor
2368 2926 2536 2993 bone,
2571 2924 2992 2999 gloriosissime
3020 2927 3286 2984 conditor
3317 2929 3546 2996 mundi,
3594 2929 3696 3002 qui
3727 2946 3805 2986 ex

2134 3011 2431 3070 voluntate
2460 3013 2668 3084 Patris,
2717 3021 3064 3088 coeperante
3123 3015 3347 3088 Spiritu
3405 3023 3628 3086 sancto,
3691 3035 3804 3092 per

2134 3105 2383 3156 mortem
2415 3107 2577 3158 tuam
2606 3104 2906 3161 viviﬁcasti
2961 3106 3272 3175 mundum,
3305 3105 3488 3162 libera
3540 3123 3634 3164 me
3685 3125 3797 3181 per

2133 3189 2245 3245 hoc
2275 3197 2723 3248 sacrosanctum
2782 3210 2995 3266 corpus
3041 3199 3098 3250 et
3153 3195 3502 3268 sanguinem
3556 3202 3730 3253 tuum
3761 3216 3804 3255 a

373 3281 528 3340 riosa
559 3281 654 3336 Dei
679 3280 956 3354 genitrice
980 3281 1163 3336 Maria
1183 3298 1317 3336 cum
1337 3283 1614 3339 omnibus
1641 3283 1860 3339 sanctis
1883 3267 2022 3351 tuis,
2055 3267 2100 3336 C
2139 3279 2366 3335 cunctis
2397 3279 2830 3352 iniquitatibus,
2861 3287 2918 3338 εἴ
2951 3282 3236 3339 υῐιίνθνείε
3294 3283 3465 3340 malis
3524 3276 3694 3354 meis,
3739 3290 3806 3343 et

371 3370 775 3426 remissionem
811 3369 1075 3426 omnium
1103 3370 1332 3427 tribuas
1351 3375 1742 3444 peccatorum,
1767 3375 1825 3427 et
1853 3373 1928 3428 ad
1951 3373 2028 3428 vi-

368 3463 487 3514 tam
523 3459 808 3531 perducas
840 3458 1083 3514 feliciter
1112 3460 1551 3532 sempiternam.
1585 3465 1695 3518 Per
1729 3461 2025 3518 Christum

367 3548 679 3604 Dominum
712 3552 1000 3604 nostrum.
1037 3548 1144 3604 Per
1173 3565 1369 3620 quem.

442 3639 743 3708 Antequam
772 3638 916 3692 dicat
945 3639 1022 3693 Te
1055 3637 1254 3710 igitur,
1303 3638 1450 3694 dicat
1478 3657 1497 3694 :
1527 3638 1720 3712 Aperi,
1763 3639 2024 3707 Domine,

367 3741 432 3781 os
464 3742 659 3782 meum
685 3726 754 3780 ad
789 3726 1262 3788 benedicendum
1291 3743 1504 3783 nomen
1531 3731 1702 3783 tuum
1725 3733 2022 3796 sanctum,

366 3814 703 3884 mundaque
726 3831 826 3869 cor
844 3831 1039 3869 meum
1061 3815 1136 3870 ab
1157 3815 1630 3880 omnibusvariis
1661 3821 1720 3872 et
1737 3817 2027 3888 nequissi-

365 3903 482 3957 mis
511 3901 986 3974 cogitationibus,
1019 3907 1082 3958 ut
1123 3903 1385 3958 exaudiri
1411 3921 1662 3960 ~merear
1705 3905 2023 3978 deprecans

364 4006 470 4061 pro
501 3989 716 4062 populo
746 3994 872 4058 tuo,
907 4007 1084 4062 quem
1110 3990 1336 4064 elegisti
1379 3993 1508 4062 tibi,
1563 3997 1877 4066 praestante
1907 3995 2023 4052 Do-

366 4077 525 4133 mino
561 4082 758 4135 nostro
789 4078 930 4135 Jesu
960 4077 1209 4136 Christo.
1245 4079 1513 4144 Quicum
1547 4082 1733 4140 Patre.

435 4167 515 4222 Te
541 4165 740 4239 igitur,
775 4175 826 4224 et
856 4171 1055 4224 caetera
1103 4169 1268 4240 hujus
1297 4171 1586 4240 orationis,
1634 4179 1696 4228 at
1733 4175 1796 4228 in
1841 4174 2018 4231 editis.

363 4256 459 4310 Hic
486 4256 636 4312 debet
677 4255 926 4312 sacerdos
983 4257 1262 4313 recordari
1314 4261 1546 4315 nomina
1596 4262 1866 4318 vivorum.
1900 4263 2020 4319 Me-

363 4348 582 4409 mento,
609 4343 869 4410 Domine,
894 4349 1000 4400 etc.
1021 4361 1192 4416 usque
1213 4346 1284 4401 ad
1305 4347 1510 4404 Libera
1522 4364 2016 4422 nos,quaasumus,

363 4431 628 4488 Domine.
681 4435 747 4488 In
803 4436 1262 4490 communicantes
1315 4435 1538 4492 additur
1587 4443 1708 4510 post
1751 4440 2020 4498 Damiani

358 4536 553 4575 nomen
585 4520 784 4587 Blasii,
817 4530 868 4576 et
898 4525 956 4576 in
988 4522 1166 4579 Nobis
1196 4541 1429 4597 quoque
1458 4529 1882 4598 peccatoribus,
1903 4535 2018 4602 post

358 4609 668 4666 Anastasis
699 4609 924 4666 additur
955 4611 1332 4668 Scholastica.

433 4698 638 4755 Libera
659 4715 1156 4771 nos,qua:sumus,
1175 4701 1520 4770 Domine,ab
1539 4705 1814 4760 omnibus
1838 4705 2009 4762 malis

357 4786 1078 4859 praeteritis,praasentibus
1100 4795 1156 4844 et
1179 4790 1411 4858 futuris,
1437 4797 1490 4846 et
1512 4791 2008 4849 intercedentibus

358 4891 462 4944 pro
477 4875 646 4930 nobis
660 4877 829 4932 beata
841 4881 898 4931 et
907 4875 1162 4949 gloriosa
1182 4895 1450 4952 semperq
1461 4897 1531 4935 ue
1542 4879 1780 4952 Virgine
1803 4880 2004 4951 Maria,

358 4966 416 5016 et
453 4961 653 5030 electis
697 4963 1065 5036 archangelis
1095 4967 1212 5021 tuis
1244 4967 1542 5036 Michaele,
1575 4967 1858 5036 Gabriele,
1893 4969 2004 5024 Ra-

359 5048 582 5120 phaele,
599 5051 884 5124 beateque
907 5053 1129 5109 Joanne
1143 5054 1421 5126 Baptista.
1447 5060 1506 5124 et
1526 5055 1710 5110 beatis
1726 5057 2006 5128 apostolis

359 5137 478 5194 tuis
510 5138 676 5194 Petro
701 5143 758 5194 et
787 5140 987 5204 Paulo,
1021 5146 1194 5215 atque
1218 5143 1468 5206 Andrea,
1496 5147 1554 5197 et
1593 5146 1838 5209 Joanne,
1871 5161 2005 5201 san-

359 5231 566 5298 ctoque
595 5226 942 5300 Apollinare,
975 5236 1032 5286 et
1065 5230 1396 5298 Laurentio,
1447 5235 1504 5286 et
1532 5231 1841 5290 Benedicto
1872 5251 2006 5290 cum

359 5315 636 5372 omnibus
667 5319 886 5374 sanctis
918 5319 1035 5374 tuis
1060 5336 1073 5374 :
1107 5320 1202 5373 llic
1220 5319 1402 5388 signat
1427 5335 1485 5375 se
1513 5335 1638 5374 cum
1661 5329 1900 5392 patena:
1933 5322 2010 5379 da

357 5403 649 5476 propitius
670 5422 874 5477 pacem
892 5407 952 5461 in
973 5407 1180 5462 diebus
1193 5406 1436 5474 nostris;
1466 5411 1529 5462 ut
1549 5424 1656 5480 ope
1677 5409 2006 5468 misericor-

357 5492 466 5548 dias
491 5497 608 5550 tua;
637 5494 822 5564 adjuti
855 5500 914 5549 et
943 5511 979 5548 a
1007 5499 1238 5566 peccato
1262 5495 1450 5550 simus
1481 5512 1714 5570 semper
1739 5495 1930 5568 liberi,
1952 5505 2010 5556 et

357 5581 430 5634 ab
443 5581 604 5636 omni
619 5582 1054 5652 perturbatione
1075 5598 1206 5637 secu
1217 5581 1396 5638 ri.Per
1409 5583 1724 5640 Dominum
1740 5590 2008 5643 nostrum

355 5667 811 5737 Jesum,etc.Per
831 5671 1030 5724 omnia
1061 5669 1274 5726 saecula
1295 5671 1662 5728 saeculorum.
1698 5675 1778 5742 1%..
1803 5681 2004 5732 Amen.

2139 3367 2228 3423 fac
2263 3385 2356 3424 me
2386 3369 2504 3424 tuis
2537 3370 2756 3426 sanctis
2787 3371 3021 3428 obedire
3062 3373 3379 3442 mandatis,
3405 3377 3463 3430 et
3487 3392 3521 3430 a
3553 3382 3607 3430 te
3643 3392 3801 3432 nun-

2139 3473 2318 3529 quam
2341 3456 2399 3512 in
2417 3462 2766 3531 perpetuum
2787 3459 3094 3532 permittas
3121 3462 3404 3534 separari,
3433 3468 3489 3520 et
3499 3453 3806 3538 perceptio

2137 3545 2220 3600 tui
2248 3547 2508 3618 corporis
2537 3552 2595 3604 et
2639 3547 2968 3622 sanguinis,
3028 3567 3161 3622 quas
3217 3551 3501 3626 indignus
3556 3569 3808 3611 sumere

2137 3651 2572 3706 praesumo,non
2596 3636 2742 3692 mihi
2763 3636 2958 3694 veniat
2977 3638 3038 3694 in
3047 3639 3342 3711 judicium
3368 3646 3424 3697 et
3445 3643 3806 3700 condemna-

2137 3723 2488 3792 tionem,sed
2511 3743 2614 3798 pro
2641 3731 2744 3784 tua
2762 3729 2979 3800 pietate
2997 3729 3184 3802 prosit
3212 3729 3356 3786 mihi
3389 3731 3460 3787 ad
3494 3735 3802 3790 tutamen-

2135 3816 2262 3869 tum
2322 3815 2538 3872 mentis
2568 3820 2624 3871 et
2653 3817 2912 3890 corporis
2942 3834 3047 3890 per
3083 3823 3160 3885 te,
3191 3819 3333 3876 Jesu
3389 3819 3640 3892 Christe,
3690 3823 3803 3896 qui

2136 3918 2268 3958 cum
2301 3902 2468 3960 Patre
2493 3909 2551 3960 et
2579 3905 2798 3978 Spiritu
2829 3911 3034 3964 sancto
3065 3908 3212 3965 vivis
3243 3915 3299 3966 et
3328 3927 3536 3984 regnas
3587 3911 3648 3968 in
3682 3929 3801 3970 ste-

2133 3990 2269 4050 cula
2298 3992 2668 4051 saeculorum.
2702 3997 2908 4052 Amen.

2209 4082 2355 4137 Tunc
2381 4083 2634 4140 sacerdos
2660 4083 2807 4140 dicat
2835 4086 3016 4141 tribas
3050 4087 3258 4144 vicibus
3288 4106 3306 4143 :
3351 4088 3619 4160 Domine,
3671 4108 3794 4149 non

2133 4186 2268 4225 sum
2298 4170 2538 4245 digmus
2567 4177 2634 4228 ut
2661 4173 2844 4231 intres
2875 4176 2986 4230 sub
3012 4179 3232 4232 tectum
3265 4194 3484 4234 meum.

2201 4261 2393 4315 Postea
2421 4262 2568 4318 dicat
2596 4263 2771 4318 tribus
2799 4266 3007 4321 vicibus
3036 4285 3055 4320 :
3082 4266 3305 4340 Corpus
3339 4268 3565 4324 Domini
3598 4271 3790 4327 nostri

2129 4349 2162 4404 J
2167 4365 2270 4404 esu
2283 4349 2498 4406 Christi
2521 4357 2822 4408 conservet
2843 4354 3100 4410 animam
3125 4373 3315 4412 meam
3339 4358 3399 4412 in
3419 4357 3596 4414 vitam
3625 4364 3792 4416 teter-

2131 4453 2285 4492 nam.
2323 4442 2531 4494 Amen.

2197 4527 2326 4581 Post
2353 4529 2629 4597 acceptum
2665 4543 2860 4600 corpus
2889 4535 2943 4584 et
2969 4533 3318 4604 sanguinem,
3352 4533 3422 4589 ad
3447 4536 3791 4606 perfunden-

2043 4638 2090 4702 D
2127 4613 2260 4669 dum
2287 4613 2432 4669 dicat
2461 4615 2603 4671 hanc
2629 4621 2970 4675 orationem:
3021 4621 3490 4679 Communicatio
3535 4628 3592 4678 et
3634 4613 3787 4680 con-

2123 4702 2374 4758 firmatio
2423 4705 2681 4776 corporis
2736 4711 2791 4761 et
2823 4709 3128 4782 sanguinis
3172 4711 3279 4776 tui,
3336 4711 3582 4768 Domine
3637 4712 3784 4770 Jesu

2119 4791 2365 4858 Christe,
2400 4793 2585 4865 porsit
2615 4794 2758 4850 mihi
2793 4795 2851 4850 in
2887 4799 3290 4855 remissionem
3345 4802 3614 4858 omnium
3645 4819 3785 4874 pec-

2117 4885 2380 4936 catorum
2412 4898 2701 4952 meorum,
2734 4889 2790 4939 et
2820 4891 3120 4942 conservet
3150 4905 3241 4944 me
3283 4895 3340 4945 et
3386 4891 3672 4962 perducat
3704 4893 3780 4948 ad

2114 4967 2294 5024 vitam
2325 4976 2624 5026 eternam.
2657 4974 2840 5035 Amen
2853 5016 2866 5028 .

2156 5057 2268 5127 Md
2296 5059 2672 5130 replicandum
2699 5063 2978 5134 corporale
3005 5069 3056 5120 et
3104 5067 3494 5138 reponendum.
3545 5067 3779 5140 Corpus

2115 5149 2306 5214 tuum,
2339 5147 2600 5220 Domine,
2634 5151 2790 5221 quod
2811 5153 3060 5224 sumpsi,
3085 5162 3142 5210 et
3161 5155 3330 5223 calix,
3359 5173 3534 5228 quem
3557 5157 3780 5228 potavi,

2117 5235 2450 5291 adhmreant
2477 5253 2710 5310 semper
2735 5239 3058 5298 visceribus
3086 5245 3254 5314 meis,
3286 5249 3353 5300 ut
3380 5245 3437 5300 in
3500 5261 3594 5300 me
3654 5261 3778 5302 non

2117 5329 2416 5380 remaneat
2445 5325 2567 5382 ulla
2597 5328 2846 5398 macula,
2878 5329 2939 5385 in
2971 5348 3146 5402 quem
3175 5350 3322 5405 pura
3353 5337 3411 5390 et
3440 5337 3646 5390 sancta
3679 5335 3781 5390 in-

2116 5413 2403 5470 troierunt
2433 5422 2820 5472 sacramenta.

2186 5503 2372 5558 Fin-ita
2397 5505 2566 5559 missa
2592 5503 2727 5560 dicit
2755 5508 3003 5564 sacerdos
3046 5511 3212 5567 istam
3268 5512 3572 5566 orationem
3589 5529 3608 5567 :
3639 5511 3784 5568 Pla-

2117 5595 2244 5646 ceat
2262 5591 2389 5662 tibi,
2405 5597 2607 5648 sancta
2623 5593 3259 5669 Trinitas,obsequium
3281 5600 3580 5656 servitutis
3605 5617 3784 5672 mete,

2117 5679 2272 5751 quod
2302 5679 2486 5736 oculis
2514 5685 2628 5735 tuaa
2659 5681 2988 5752 majestatis
3019 5685 3296 5761 indignus
3319 5687 3540 5746 obtuli:
3566 5688 3645 5746 sit
3665 5689 3788 5748 tibi
