3978 6394
153 423 267 488 931

963 420 1352 486 EXCERPT.
1399 422 1502 487 EX
1547 423 1777 488 CODD.
1823 423 2139 491 LITURG.
2170 427 2772 494 FON'PAVELLAN.

3452 425 3580 496 938

153 559 411 630 placens,
430 555 695 629 mihique
713 561 768 611 et
791 555 1064 611 omnibus
1083 574 1185 629 pro
1200 558 1416 629 quibus
1432 558 1577 614 illud
1600 558 1808 628 obtuli,
1839 569 1892 635 Α
1924 560 2044 616 min
2055 578 2150 616 um
2169 564 2688 632 etconﬁrmamini,
2704 560 3302 635 qumritefaciemejus
3318 574 3569 636 semper

150 647 227 703 sit
252 651 308 703 te
337 647 652 703 miserante
682 643 1072 718 propitiabile.

216 738 402 792 Finita
455 737 624 790 missa
678 735 812 790 dicit
878 733 1167 790 sacerdos:
1221 735 1440 791 Meritis
1517 740 1574 791 et
1626 735 1800 792 inter-

144 823 505 882 cessionibus
533 822 782 878 istorum
834 822 1181 878 misereatur
1213 823 1394 878 nostri
1428 825 1801 896 omnipotens

140 915 314 970 Deus.

209 1004 348 1058 Cum
385 1003 540 1058 exuit
589 1017 646 1058 se
691 999 960 1065 sacerdos,
993 1000 1140 1056 dicat
1183 1000 1276 1056 hos
1302 1002 1577 1073 psalmos:
1611 1003 1794 1058 Bene-

137 1092 332 1161 dicite,
366 1091 699 1148 sacerdotes
738 1089 992 1156 Domini,
1028 1090 1364 1144 Dominum.
1400 1091 1652 1146 Laudate
1683 1092 1796 1147 Do-

137 1181 366 1237 minum
391 1180 448 1234 in
471 1179 690 1235 sanctis
708 1179 852 1250 ejus.
881 1179 1046 1250 Kyrie
1069 1178 1308 1242 eleison,
1331 1179 1575 1248 Christe,
1603 1181 1788 1253 Kyrie.

133 1273 305 1328 Pater
335 1274 550 1327 noster.
603 1270 669 1324 Et
717 1285 789 1323 ne
845 1286 972 1323 nos.
1026 1268 1359 1339 Capit-illum.
1396 1268 1793 1324 Conﬁteantur

132 1362 262 1427 tibi,
297 1359 562 1426 Domine,
589 1357 785 1413 omnia
807 1374 981 1430 opera
1006 1362 1118 1414 tua.
1145 1359 1214 1413 Et
1234 1357 1420 1412 sancti
1444 1357 1527 1412 tui
1559 1358 1792 1413 benedi-

132 1455 267 1506 cant
283 1448 409 1505 tibi.
433 1447 820 1504 Exsultabunt
837 1446 1019 1501 sancti
1041 1447 1098 1501 in
1121 1446 1322 1518 gloria.
1350 1448 1419 1501 Et
1439 1446 1791 1502 laetabuntur

132 1541 189 1594 in
222 1536 517 1594 cubilibus
550 1536 694 1592 suis.
729 1534 1034 1590 Exsultent
1055 1537 1204 1605 justi
1239 1535 1298 1590 in
1319 1540 1633 1608 conspectu
1661 1536 1783 1591 Dei.

128 1630 197 1684 Et
223 1627 494 1683 laetentur
524 1626 581 1680 in
614 1624 832 1680 laetitia.
867 1624 1204 1680 Sacerdotes
1253 1625 1362 1692 tui,
1399 1626 1659 1691 Domine,
1694 1625 1784 1680 in-

126 1715 723 1786 duanturjustitiam.
761 1714 825 1768 Et
856 1713 1040 1769 sancti
1073 1716 1156 1767 tui
1178 1713 1488 1769 exsultent.
1513 1715 1778 1783 Domine,

123 1805 354 1863 exaudi.
390 1806 455 1860 Et
487 1805 724 1860 clamor.
750 1803 1034 1859 Dominus
1061 1803 1379 1859 vobiscum.
1405 1809 1471 1858 Et
1501 1821 1632 1858 cum
1669 1805 1785 1876 spi-

121 1897 259 1952 ritu.

196 1985 403 2041 Oratio.
440 1984 610 2047 Deus,
645 1981 744 2053 qui
795 1980 982 2036 tribus
1033 1981 1230 2052 pueris
1278 1981 1562 2053 mitigasti
1609 1981 1779 2037 ﬂam-

122 2090 250 2129 mas
281 2072 532 2145 ignium,
566 2071 813 2126 concede
846 2069 1136 2142 propitius
1167 2087 1270 2142 per
1301 2070 1692 2126 interventum
1724 2074 1781 2127 et

123 2161 334 2218 merita
364 2160 628 2217 omnium
657 2161 994 2214 sanctorum
1019 2161 1274 2228 tuorum,
1305 2163 1369 2214 ut
1399 2176 1502 2214 nos
1521 2157 1778 2238 famulos

123 2255 252 2306 tuos
287 2265 404 2304 non
434 2253 637 2303 exurat
667 2247 904 2302 ﬂamma
932 2247 1224 2302 vitiorum.
1260 2248 1382 2302 Per.

121 2385 294 2423 MISSA
333 2382 392 2421 IN
433 2381 708 2420 IIONOREM
747 2379 976 2418 SANCTE
1003 2380 1318 2418 TRINITATIS
1350 2380 1441 2417 DIE
1481 2379 1774 2416 DUMlNICO.

189 2463 507 2520 Benedicta
539 2461 632 2528 sit,
664 2465 796 2527 etc.,
817 2463 878 2514 ut
899 2461 958 2514 in
979 2459 1158 2514 editis.
1181 2461 1330 2515 Psal.
1358 2459 1778 2514 Benedicamus

121 2556 352 2610 Patrem
383 2554 440 2629 et
477 2548 691 2604 Filium
719 2565 853 2604 cum
887 2552 1086 2603 sancto
1118 2548 1360 2615 Spiritu.
1396 2549 1608 2604 Oratio.
1643 2548 1777 2603 Om-

121 2643 395 2713 nipotens
415 2638 766 2709 sempiterno
789 2637 962 2703 Deus,
987 2641 1096 2692 etc.
1127 2636 1412 2692 Graduale.
1436 2637 1778 2692 Benedictus

123 2749 206 2798 es,
239 2729 509 2794 Domine,
560 2727 657 2798 qui
707 2725 952 2780 intueris
997 2726 1258 2796 abyssos,
1304 2730 1359 2780 et
1412 2726 1579 2780 sedes
1605 2741 1780 2796 super

122 2817 458 2874 Cherubim.
479 2814 810 2871 Benedicite
827 2815 1010 2870 Deum
1033 2814 1160 2870 coeli
1179 2814 1478 2879 coelorum,
1495 2815 1632 2886 quia
1649 2814 1782 2870 feeit

123 2907 437 2981 nobiscum
458 2902 920 2959 misericordiam
943 2919 1130 2957 suam.
1155 2903 1410 2957 Alleluia.
1439 2902 1780 2958 Benedictus

123 3013 208 3061 es,
235 2993 480 3049 Domine
505 2996 652 3047 Deus
675 2995 908 3063 patrum
934 2995 1286 3059 nostrorum,
1311 2995 1368 3046 et
1386 2991 1700 3046 laudabilis
1720 2990 1780 3044 in

125 3081 363 3140 saecula.

198 3170 516 3244 Sequentia
536 3170 720 3225 sancti
740 3168 1032 3241 Evangelii
1055 3169 1379 3225 secundum
1395 3170 1704 3225 Joannem.
1721 3169 1783 3224 In

128 3261 229 3318 illo
261 3266 524 3332 tempore
568 3258 713 3314 dixit
758 3259 950 3314 Jesus.
983 3259 1127 3314 Cum
1157 3258 1381 3313 venerit
1433 3257 1784 3322 Paracletus,

124 3367 296 3424 usque
353 3365 459 3421 ego
516 3347 635 3402 dixi
685 3347 869 3402 vobis.
928 3349 1304 3418 Offertorium,
1366 3348 1670 3402 communio
1728 3350 1785 3401 et

119 3438 556 3512 poslcomm-zmio
589 3439 646 3491 ut
667 3438 727 3491 in
757 3437 937 3492 editis.

195 3529 331 3583 Alia
358 3528 552 3581 oratio.
587 3525 830 3580 Domine
861 3525 1038 3592 Deus,
1071 3525 1239 3579 Pater
1267 3524 1658 3596 omnipotens,
1681 3538 1786 3577 nos

125 3614 390 3672 famulos
423 3619 555 3669 tuos
596 3616 706 3668 tuae
755 3613 1050 3685 maiestati
1084 3613 1382 3684 subjectos
1415 3630 1516 3684 per
1547 3607 1786 3666 unicum

127 3705 347 3780 Filium
381 3705 549 3757 tuum
571 3701 630 3756 in
653 3701 864 3756 virtute
887 3701 1074 3756 sancti
1097 3701 1349 3772 Spiritus
1378 3701 1619 3756 benedic
1644 3715 1792 3754 sem-

129 3811 236 3865 per
257 3796 318 3848 et
346 3796 604 3865 protege,
642 3795 706 3845 ut
757 3791 828 3846 ab
859 3789 1019 3845 omni
1068 3790 1234 3846 hoste
1265 3789 1451 3845 securi
1482 3790 1540 3843 in
1573 3789 1789 3859 tuaju-

129 3883 288 3954 giter
317 3879 492 3936 laude
521 3879 803 3935 laetemur.
837 3883 946 3934 Per
973 3879 1265 3935 eumdem.

205 4004 384 4044 MISSA
404 4003 585 4042 FBRIz‘E
611 4001 886 4041 SECUNDJE
915 4002 973 4038 IN
1006 4001 1345 4040 SANC’I‘ORUM
1375 4000 1722 4040 ANGELORUM

843 4072 1088 4110 HONORE.

207 4163 540 4220 Benedicite
573 4162 910 4231 Dominum,
936 4168 1044 4217 etc.
1080 4163 1281 4218 Oratio.
1317 4162 1662 4232 Perpetuum
1699 4178 1798 4215 no-

132 4255 254 4320 bis,
289 4252 553 4321 Domine,
602 4257 712 4306 tua:
755 4251 1146 4307 miserationis
1189 4255 1402 4322 praesta
1444 4251 1795 4321 subsidium,

132 4343 361 4415 quibus
399 4345 455 4396 et
483 4339 744 4414 angelica
769 4340 1090 4412 praestitisti
1123 4339 1401 4412 suffragia
1431 4357 1543 4395 non
1577 4341 1797 4396 deesse.

131 4432 265 4488 Per.
304 4430 495 4485 Lectio
527 4428 659 4484 libri
710 4427 1087 4501 Apocalypsis
1135 4428 1377 4483 Joannis
1425 4427 1689 4500 apostoli.
1737 4429 1799 4482 In

132 4521 353 4576 diebus
384 4517 502 4574 illis
534 4518 679 4573 dixit
710 4516 854 4572 mihi
895 4515 1175 4590 angelus:
1212 4517 1410 4572 Scribe
1459 4517 1632 4584 beati,
1667 4520 1799 4579 etc.,

131 4623 312 4680 usque
343 4612 524 4662 Deum
547 4607 744 4661 adora.
780 4603 1070 4660 Graduale.
1105 4605 1436 4660 Benedicite
1465 4605 1800 4674 Dominum,

131 4714 348 4754 omnes
379 4694 568 4768 angeli
599 4695 747 4766 ejus,
781 4698 1045 4767 potentes
1075 4694 1304 4760 virtute,
1338 4695 1438 4765 qui
1472 4695 1656 4750 facitis
1677 4711 1799 4749 ver-

129 4790 286 4844 bum
321 4785 468 4855 ejus.
503 4782 772 4848 Benedic,
805 4783 1020 4855 anima,
1049 4800 1196 4852 mea,
1221 4784 1486 4852 Domino,
1521 4787 1577 4838 et
1608 4783 1803 4838 omnia

133 4874 430 4931 interiora
447 4889 575 4928 mea
592 4877 862 4928 sanctum
880 4889 1091 4928 nomen
1114 4873 1260 4944 ejus.
1277 4873 1534 4927 Alleluia.
1551 4872 1804 4927 Laudate

105 4961 488 5028 Dominum,
521 4977 725 5017 omnes
751 4961 941 5033 angeli
971 4963 1119 5032 ejus,
1153 4961 1386 5016 laudate
1417 4978 1571 5029 eum,
1601 4976 1804 5017 omnes

129 5054 392 5108 virtutes
423 5051 570 5121 ejus.
607 5050 924 5122 Sequentia
945 5050 1130 5106 sancti
1162 5049 1455 5122 Evangelii
1483 5050 1804 5105 secundum

129 5144 459 5198 Joannem.
493 5139 555 5194 In
590 5138 686 5193 illo
719 5143 979 5210 tempore
1012 5139 1276 5194 ascendit
1307 5138 1590 5193 Dominus
1609 5139 1808 5192 Hiero-

131 5231 640 5303 solymam,usque
662 5228 1032 5283 detinebatur
1055 5227 1412 5282 inﬁrmitate.
1439 5229 1805 5300 Oilei-torium,

129 5325 186 5375 et
217 5321 434 5376 secreta
464 5321 529 5372 ut
559 5317 620 5371 in
653 5317 845 5371 editis.
875 5317 1212 5372 Communia.
1240 5316 1581 5384 Benedicite,
1607 5333 1811 5371 omnes

132 5406 342 5482 angeli
377 5405 634 5472 Domini,
661 5405 997 5473 Dominum,
1027 5406 1314 5478 hymnum
1337 5405 1509 5460 dicite
1535 5410 1590 5460 et
1608 5422 1811 5477 super-

130 5496 398 5556 exaltate
429 5510 564 5550 eum
597 5491 657 5548 in
691 5493 922 5552 saecula.
952 5496 1411 5560 Postcommunio,
1441 5498 1507 5550 ut
1539 5493 1596 5547 in
1619 5492 1811 5548 editis.

672 5617 840 5657 MISSA
882 5617 953 5656 DE
993 5617 1307 5657 SAPIENTIA.

209 5709 476 5782 Laetetur
507 5722 607 5763 cor
635 5706 1022 5779 quaerentium
1062 5708 1401 5780 Dominum,
1432 5707 1673 5786 quaerite
1708 5691 1816 5766 Do-

474 5833 740 5900 ΡΑτιιοῖ..
786 5833 934 5900 CLI.

1810 1935 1858 2000 B

1914 651 2063 704 Psal.
2099 651 2464 707 Conﬁtemini
2499 652 2744 708 Domino
2776 655 2832 707 et
2861 652 3145 707 invocate.
3179 649 3386 706 Oratio.
3417 654 3589 708 Deus-

1915 739 2014 810 qui
2046 756 2150 811 per
2181 744 2527 796 coazternam
2558 741 2664 796 tibi
2697 740 3066 813 sapientiam,
3089 739 3410 810 hominem,
3433 753 3568 796 cum

1913 844 2027 882 non
2067 835 2242 895 esset,
2297 829 2606 885 condidisti
2663 829 3073 903 perditumque
3111 828 3570 886 misericorditer

1909 918 2260 984 reformasti,
2308 922 2536 990 praesta,
2593 936 2949 991 quaesumus,
3004 921 3070 972 ut
3097 919 3299 974 eadem
3332 920 3567 992 pectora

1907 1010 2108 1061 nostra
2142 1006 2462 1079 inspirante
2492 1011 2549 1062 te
2580 1013 2700 1064 tota
2755 1011 2950 1063 mente
3000 1023 3290 1076 amemus,
3320 1010 3378 1064 et
3404 1006 3476 1064 ad
3507 1010 3564 1066 te

1907 1099 2026 1150 toto
2077 1096 2251 1151 corde
2308 1113 2638 1151 curramus.
2691 1097 2814 1152 Per.
2867 1095 3056 1152 Lectio
3105 1095 3362 1169 epistolae.
3409 1094 3564 1151 beati

1905 1182 2104 1238 Jacobi
2137 1184 2406 1256 apostoli.
2452 1185 2818 1251 Charissimi,
2874 1185 2923 1243 si
2957 1184 3089 1257 quis
3118 1187 3379 1240 vestrum
3406 1182 3560 1239 indi-

1902 1277 2017 1343 get,
2048 1275 2179 1338 etc.,
2208 1290 2377 1345 usque
2404 1273 2463 1328 in
2487 1273 2817 1329 humilitate
2847 1291 2974 1330 sua.
3000 1272 3291 1328 Graduale.
3317 1271 3563 1327 Domine

1902 1361 2188 1417 Dominus
2220 1367 2437 1427 noster,
2461 1379 2639 1434 quam
2668 1362 3011 1418 admirabile
3031 1365 3122 1418 est
3141 1378 3354 1418 nomen
3385 1365 3558 1417 tuum

1898 1449 1958 1504 in
2003 1451 2274 1506 universa
2313 1455 2488 1507 terra.
2545 1451 2831 1516 Quoniam
2881 1451 3099 1507 elevata
3149 1455 3237 1506 est
3285 1449 3557 1522 magniﬁ-

1899 1539 2087 1594 centia
2114 1544 2215 1595 tua
2244 1557 2422 1612 super
2452 1539 2648 1612 caelos,
2679 1541 2938 1596 Alleluia.
2971 1539 3169 1596 Lauda
3199 1538 3396 1594 anima
3425 1554 3557 1594 mea

1898 1628 2235 1697 Dominum,
2259 1631 2532 1685 Laudabo
2555 1629 2869 1686 Dominum
2893 1629 2952 1683 in
2972 1628 3092 1684 vita
3121 1644 3270 1696 mea,
3303 1626 3552 1700 psallam

1896 1717 2011 1773 Deo
2053 1735 2200 1784 meo,
2235 1719 2495 1790 quandiu
2525 1736 2642 1775 ero.
2677 1718 2994 1790 Sequentia
3024 1717 3212 1774 sancti
3254 1715 3554 1790 Evangelii

1896 1808 2221 1862 secundum
2259 1808 2565 1863 Joannem.
2623 1809 2686 1863 In
2745 1807 2844 1862 illo
2897 1810 3175 1879 tempore.
3224 1803 3553 1862 Sublevatis

1895 1895 2181 1952 Dominus
2211 1897 2404 1965 Jesus,
2468 1900 2603 1965 etc.,
2664 1914 2830 1967 usque
2876 1896 2946 1951 ad
3000 1895 3203 1952 Jesum
3231 1893 3549 1950 Christum.

1893 1985 2262 2055 Oﬂ‘ertorium.
2300 1985 2626 2042 Meditabor
2677 1985 2736 2039 in
2787 1985 3081 2042 mandatis
3136 1983 3275 2050 tuis,
3304 1999 3430 2056 qua
3461 1982 3551 2038 di-

1888 2073 1998 2128 lexi
2031 2073 2231 2143 nimis,
2266 2079 2325 2128 et
2355 2073 2554 2129 levabo
2588 2091 2800 2130 manus
2831 2090 2992 2130 meas
3025 2073 3097 2129 ad
3119 2072 3398 2128 mandata
3425 2074 3548 2140 tua,

1892 2179 2018 2232 quae
2051 2161 2249 2217 dilexi.
2284 2162 2516 2218 Secreta.
2569 2162 2994 2230 Sanctiﬁcetur,
3045 2176 3406 2234 quaesumus,
3437 2158 3550 2216 Do-

1890 2251 2049 2305 mine
2082 2250 2258 2318 Deus,
2294 2250 2472 2321 hujus
2493 2251 2806 2306 oblationis
2829 2268 3049 2306 munus
3073 2255 3176 2305 tua
3203 2252 3551 2322 cooperante

1889 2338 2197 2410 sapientia,
2229 2343 2294 2394 ut
2325 2339 2428 2393 tibi
2461 2338 2685 2410 placere
2714 2340 2902 2410 possit
2921 2340 2992 2395 ad
3013 2338 3270 2410 laudem,
3291 2340 3348 2393 et
3377 2336 3547 2411 nobis

1890 2428 2168 2499 proﬁcere
2199 2428 2270 2482 ad
2299 2427 2568 2483 salutem.
2603 2429 2726 2483 Per.
2761 2427 3100 2482 Communio.
3134 2425 3398 2493 Domine,
3428 2441 3547 2480 me-

1889 2516 2161 2571 morabor
2182 2515 2426 2585 justitize
2458 2519 2571 2571 tuae
2603 2515 2804 2583 solius,
2829 2516 2982 2572 Deus
3003 2513 3252 2570 docuisti
3278 2529 3371 2569 me
3389 2529 3423 2569 a
3439 2514 3540 2584 ju-

1886 2607 2122 2659 ventute
2155 2620 2301 2670 mea,
2335 2608 2391 2658 et
2411 2620 2597 2675 usque
2616 2603 2674 2659 in
2698 2607 2990 2660 senectam
3013 2606 3070 2659 et
3089 2601 3340 2670 senium,
3364 2606 3537 2672 Deus,

1890 2708 1960 2746 ne
2007 2691 2378 2762 derelinquas
2425 2709 2537 2746 me.
2579 2692 3036 2748 Postcomm-unio.
3086 2691 3332 2746 Infunde
3378 2705 3536 2762 qum-

1889 2797 2118 2845 sumus,
2165 2780 2408 2834 Domine
2452 2782 2627 2847 Deus,
2681 2797 2784 2851 per
2824 2779 2946 2836 haec
2992 2781 3378 2846 sacramenta,
3407 2792 3536 2849 qua

1891 2868 2276 2940 sdmpsimus,
2310 2874 2422 2923 tuae
2454 2869 2652 2925 lumen
2674 2867 2948 2924 cordibus
2979 2867 3194 2924 nostris
3215 2865 3536 2940 sapientia,

1891 2962 1955 3012 ut
1979 2962 2034 3013 et
2066 2962 2121 3013 te
2171 2958 2448 3014 veraciter
2505 2973 2916 3030 agnoscamus,
2973 2960 3031 3014 et
3088 2954 3337 3013 ﬁdeliter
3383 2969 3542 3010 ame-

1891 3063 2044 3101 mus.
2078 3047 2201 3101 Per.

2249 3151 2419 3190 MISSA
2459 3151 2528 3190 DE
2566 3151 2875 3190 CHARITATE
2915 3150 3080 3189 FERIA
3120 3149 3192 3188 ιν.

1967 3223 2230 3279 Charitas
2263 3223 2361 3278 Doi
2397 3224 2612 3278 diﬁ'usa
2642 3227 2730 3278 est
2759 3223 2818 3278 in
2839 3223 3118 3278 cordibus
3148 3219 3390 3285 nostris,
3422 3216 3559 3274 alle-

1818 3301 1859 3368 C
1900 3311 2150 3383 luia,per
2168 3311 2592 3367 inbabitantcm
2609 3311 2892 3382 Spiritum
2911 3309 3112 3380 ejusin
3127 3305 3560 3376 nobis,al—leluia

1897 3399 2149 3454 alleluia.
2187 3400 2431 3455 Domine
2476 3400 2629 3455 Deus
2685 3398 2893 3454 salutis
2940 3415 3102 3452 meae.
3138 3397 3343 3451 Oratio.
3377 3395 3556 3461 Deus,

1897 3488 1996 3560 qui
2027 3488 2408 3560 diligentibus
2443 3493 2496 3543 te
2530 3489 2681 3543 bona
2710 3485 3028 3542 invisibilia
3058 3484 3422 3558 praeparasti,
3464 3482 3556 3539 in-

1896 3578 2076 3632 funde
2106 3576 2383 3632 cordibus
2415 3575 2631 3630 nostris
2683 3573 2769 3629 tui
2817 3573 3036 3628 amoris
3081 3573 3375 3639 allectum,
3407 3572 3474 3624 ut
3501 3572 3558 3624 te

1900 3665 1958 3720 in
1991 3665 2265 3719 omnibus
2297 3669 2354 3718 et
2383 3680 2559 3735 super
2599 3663 2797 3718 omnia
2844 3661 3171 3734 diligentes,
3205 3657 3557 3732 promissio-

1900 3770 2003 3809 nes
2040 3758 2192 3822 tuas,
2228 3770 2354 3823 quas
2410 3769 2582 3808 omne
2613 3751 2969 3808 desiderium
3018 3751 3320 3822 superant,
3351 3761 3555 3803 conse-

1902 3859 2173 3913 quamur.
2209 3842 2400 3897 Lectio
2458 3840 2714 3913 epistolae
2771 3837 2926 3895 beati
2978 3837 3144 3894 Pauli
3203 3833 3451 3908 apostoli
3481 3834 3556 3890 ad

1901 3930 2250 3987 Corinthios.
2285 3931 2534 3998 Fratres,
2567 3929 2822 3985 charitas
2853 3928 3081 4000 patiens
3099 3929 3208 3993 est,
3227 3928 3362 3992 etc.,
3390 3937 3559 3998 usque

1903 4037 2206 4092 nunquam
2263 4019 2493 4075 excidit.
2558 4017 2852 4073 Graduale.
2914 4017 3164 4072 Laetatus
3211 4029 3345 4070 sum
3374 4013 3434 4068 in
3464 4011 3558 4076 his

1906 4127 2032 4182 qua:
2074 4110 2229 4164 dicta
2285 4112 2424 4164 sunt
2471 4107 2640 4176 mihi,
2689 4106 2749 4161 in
2781 4107 3021 4161 domum
3052 4102 3285 4160 Domini
3314 4101 3557 4157 ibimus.

1909 4199 2034 4254 Fiat
2060 4215 2173 4270 pax
2216 4197 2276 4252 in
2330 4198 2544 4252 virtute
2575 4200 2696 4264 tua,
2729 4199 2787 4250 et
2818 4191 3178 4250 abundantia
3207 4191 3266 4246 in
3296 4189 3561 4264 turribus

1907 4287 2044 4342 tuis.
2079 4287 2338 4341 Alleluia.
2358 4285 2672 4352 Attendite,
2693 4282 2908 4355 popule
2929 4298 3115 4350 meus,
3138 4280 3327 4354 legem
3345 4293 3561 4346 meam,

1909 4374 2184 4429 inclinate
2211 4392 2413 4429 aurem
2445 4377 2700 4428 vestram
2725 4373 2783 4426 in
2806 4372 2984 4428 verba
3001 4371 3117 4426 oris
3143 4369 3280 4425 mei.
3304 4369 3565 4439 Sequen-

1915 4464 1992 4518 tia
2023 4463 2208 4518 sancti
2267 4463 2562 4534 Evangelii
2621 4462 2946 4516 secundum
3002 4460 3311 4516 Joannem.
3353 4457 3436 4513 .In
3467 4455 3565 4511 illo

1911 4556 2189 4621 tempore,
2223 4550 2370 4604 dixit
2399 4549 2572 4604 Jesus
2603 4549 2909 4621 discipulis
2931 4547 3092 4602 suis:
3128 4545 3340 4611 Filioli,
3374 4544 3566 4600 adhuc

1913 4638 2232 4705 modicum,
2265 4642 2399 4700 etc.,
2432 4653 2602 4707 usque
2631 4638 2702 4691 ad
2757 4636 3026 4691 invicem.
3059 4633 3425 4705 Oﬂ'ertorium.
3460 4631 3567 4687 Be-

1912 4728 2177 4784 nedictus
2208 4744 2289 4792 es,
2324 4724 2587 4790 Domine,
2622 4726 2763 4779 doce
2810 4740 2904 4778 me
2926 4720 3378 4794 justiﬁcationes
3407 4721 3563 4784 tuas,

1912 4819 1971 4874 in
1993 4817 2164 4871 labiis
2189 4815 2335 4870 meis
2366 4812 2756 4886 pronuntiavi.
2781 4813 3012 4867 Secreta.
3039 4808 3197 4864 Deus
3237 4806 3338 4879 qui
3359 4821 3464 4861 nos
3489 4804 3563 4860 ad

1913 4906 2229 4979 imaginem
2260 4909 2422 4959 tuam
2455 4899 2836 4957 sacramentis
2889 4914 3122 4954 revocas
3151 4901 3210 4952 et
3237 4891 3562 4968 praeceptis,

1916 4996 2125 5067 perﬁce
2155 5009 2391 5066 gressus
2421 4993 2651 5045 nostros
2683 4988 2740 5043 in
2768 4987 2996 5044 semitis
3016 4987 3158 5052 tuis,
3181 4990 3248 5041 ut
3267 4981 3568 5040 charitatis

1917 5086 2160 5150 donum,
2195 5099 2373 5155 quam
2404 5078 2589 5135 fecisti
2622 5094 2656 5133 a
2679 5077 2849 5132 nobis
2879 5076 3128 5148 cperari,
3157 5092 3260 5148 per
3287 5074 3409 5130 hec
3440 5086 3568 5144 qua!

1919 5172 2219 5234 offerimus
2252 5169 2558 5235 sacriﬁcia,
2613 5165 2894 5221 veraciter
2951 5163 3132 5218 facias
3188 5159 3571 5236 apprehendi.

1920 5262 2043 5324 Pef.
2081 5261 2417 5316 Communio.
2452 5256 2715 5322 Domine,
2768 5252 3136 5308 memorabor
3170 5250 3420 5324 justitiaa
3461 5253 3575 5320 tum

1922 5305 1994 5316 ,ν
2034 5305 2043 5315 .
2082 5305 2417 5316 νγ..-.,..-...,.
2452 5305 2715 5322 ---ηωη
3170 5305 3223 5324 νγ
3378 5305 3409 5306 η
3526 5305 3532 5320 η

1922 5305 2105 5405 εάίυε
2130 5367 2142 5414 ;
2179 5348 2352 5416 Deus,
2386 5343 2638 5402 docuisti
2661 5359 2751 5398 me
2775 5342 3123 5412 ajuventute
3140 5355 3290 5407 mea,
3315 5341 3372 5394 et
3392 5352 3582 5409 usque

1922 5440 1981 5494 in
2005 5441 2297 5494 senectam
2320 5441 2377 5491 et
2402 5435 2653 5501 senium,
2679 5433 2853 5501 Deus,
2882 5445 2953 5485 ne
2975 5427 3349 5498 derelinquas
3370 5442 3484 5480 me.
3504 5423 3586 5480 Ad

1920 5526 2497 5600 postcommunionem.
2532 5521 2814 5593 Spiritum
2846 5520 2906 5575 in
2948 5517 3139 5584 nobis,
3174 5513 3437 5580 Domine,
3471 5517 3586 5590 tua:

1927 5599 2227 5671 charitatis
2259 5612 2524 5682 infunde,
2556 5615 2622 5666 ut
2651 5626 2798 5681 quos
2831 5625 2948 5664 uno
2981 5623 3130 5680 pane
3160 5603 3375 5662 ccelesti
3406 5599 3588 5683 satias

1928 5705 2025 5776 sti,
2055 5709 2159 5764 tua
2186 5701 2364 5761 facias
2392 5700 2604 5778 pietate
2632 5698 2970 5758 concordes.
3002 5696 3130 5752 Per.

2973 5821 3054 5898 30
