3978 6420
491 607 662 646 MISSA
684 607 757 646 AD
787 604 1198 646 POSTULANDAM
1219 605 1470 646 GRATIAM
1493 605 1752 646 SPIRITUS
1783 605 1998 644 SANCTI.

491 681 692 735 Oratio.
729 683 880 735 Deus
927 682 1152 751 patrem
1200 683 1534 734 nostrorum
1573 679 1648 732 da
1685 677 1854 733 nobis
1885 677 2066 750 Spiri-

416 773 566 834 tum,
626 768 727 840 qui
786 768 1025 823 ﬂamma
1069 767 1342 824 infundat
1397 769 1456 822 in
1505 767 1780 823 cordibus
1829 765 2066 822 nostris.

417 859 570 914 Psal.
603 856 933 913 Benedicite
961 857 1158 912 omnia
1179 873 1373 928 opera.
1405 858 1602 912 Lectio.
1629 857 1690 911 1n
1713 855 1921 912 diebus
1955 855 2070 911 illis

422 946 566 1001 dixit
595 945 897 1002 Salomon:
923 945 1076 1001 Deus
1097 949 1327 1018 patrum
1355 949 1715 1011 nostrorum,
1739 949 1870 1011 etc.,
1903 961 2072 1016 usque

423 1034 806 1090 ancillas-tute.
859 1033 1147 1090 Graduale.
1199 1033 1459 1106 Respice,
1505 1033 1768 1101 Domine,
1803 1033 1860 1087 in
1893 1039 2068 1089 testa-

426 1127 688 1179 mentum
711 1128 898 1191 tuum,
923 1127 980 1178 et
999 1123 1227 1178 animas
1245 1139 1568 1195 pauperum
1585 1128 1822 1178 tuorum
1842 1138 1912 1176 ne
1929 1121 2072 1176 obli-

421 1211 665 1268 viscaris
722 1212 782 1267 in
837 1213 1034 1268 ﬁnem.
1109 1212 1382 1284 Exsurge,
1443 1211 1709 1277 Domine,
1768 1218 1824 1266 et
1870 1210 2072 1282 judica

425 1318 660 1357 causam
681 1305 866 1367 tuam,
892 1315 1117 1355 memor
1143 1303 1268 1355 esto
1299 1299 1593 1371 opprobrii
1619 1316 1916 1354 servorum
1939 1303 2069 1354 tuo-

423 1387 1214 1456 rum../llleluia.Veni,sancte
1234 1386 1668 1459 Spiritus,reple
1691 1391 1921 1442 tuorum
1947 1403 2068 1442 cor-

421 1477 495 1532 da
525 1477 805 1540 ﬁdelium,
831 1480 886 1532 et
917 1477 1001 1532 tui
1023 1475 1240 1532 amoris
1264 1475 1454 1548 ignem
1479 1475 2073 1548 accendc.Sequentia

419 1565 606 1622 sancti
637 1563 928 1637 Evangelii
959 1565 1282 1619 secundum
1315 1563 1676 1619 Matthaeum.
1711 1564 1771 1619 In
1795 1563 1894 1618 illo
1925 1569 2070 1620 tem-

417 1653 940 1728 pore,respondens
957 1652 1424 1708 DeminusJesus
1437 1651 1599 1707 dixit:
1619 1653 2071 1720 Conﬁteor,etc.,

416 1760 582 1815 usque
613 1742 788 1798 Filius
823 1741 1091 1796 revelare.
1139 1742 1508 1812 O/fertorium.
1553 1740 1804 1796 Justitize
1843 1741 2069 1796 Domini

417 1837 606 1900 rectm,
640 1831 998 1885 lmtiﬁcantcs
1029 1829 1224 1896 corda,
1258 1835 1312 1884 et
1345 1827 1634 1884 dulciores
1665 1844 1842 1901 super
1871 1829 1983 1884 mel
2016 1833 2071 1883 et

418 1921 614 1974 favum
644 1937 657 1987 ;
692 1935 836 1973 nam
862 1922 918 1972 et
964 1933 1164 1972 servus
1212 1921 1350 1971 tuus
1395 1917 1653 1972 custodit
1683 1934 1802 1972 eas.
1835 1918 2067 1973 Secreta.

419 2008 548 2063 Haec
579 2006 816 2070 oblatio,
854 2005 1094 2061 Domine
1143 2004 1321 2072 Deus,
1367 2005 1559 2060 cordis
1591 2006 1774 2062 nostri
1809 2007 2074 2062 maculas

417 2095 718 2161 emundet,
736 2099 800 2148 ut
813 2093 997 2149 sancti
1015 2091 1164 2164 Spiri
1177 2093 2068 2164 tusdignaefﬁciaturhabitatio.

418 2185 544 2240 Per.
580 2185 915 2239 Communia.
958 2181 1200 2236 Gustata
1247 2185 1304 2236 et
1341 2180 1528 2236 videte
1567 2181 1844 2253 quoniam
1875 2183 2071 2239 suavis

417 2279 506 2330 est
536 2272 836 2341 Dominus,
869 2272 1076 2326 beatus
1103 2269 1210 2334 vir,
1243 2269 1342 2342 qui
1382 2274 1578 2342 sperat
1608 2269 1665 2324 in
1699 2286 1784 2325 eo.
1819 2272 1900 2326 Ad
1925 2287 2070 2326 cam-

415 2366 756 2418 munionem.
812 2359 1075 2415 Concede
1123 2375 1249 2424 nos,
1283 2375 1640 2430 quaesumus,
1702 2359 2070 2430 omnipotens

413 2453 586 2519 Deus,
620 2450 902 2523 Spiritum
957 2452 1226 2503 sanctum
1269 2447 1418 2502 votis
1462 2449 1776 2519 promereri
1823 2449 2065 2516 sedulis,

412 2547 701 2614 quatenus
733 2539 859 2610 ejus
905 2537 1094 2608 gratia
1125 2537 1196 2591 ab
1228 2535 1506 2592 omnibus
1534 2535 1853 2592 liberemur
1882 2541 2066 2593 tenta-

409 2630 690 2696 tionibus,
705 2632 761 2682 et
775 2630 1142 2698 peccatorum
1164 2633 1497 2680 nostrorum
1515 2625 1607 2679 ind
1621 2625 1936 2698 ulgentiam
1955 2643 2068 2680 me-

409 2722 646 2774 re'amur'
669 2715 947 2786 accipere.
981 2714 1107 2768 Per.

473 2803 482 2814 ”
671 2872 674 2878 ι
729 2819 889 2858 rsum
927 2818 982 2856 vr
1021 2817 1077 2854 IN
1121 2817 1386 2855 nomnen
1428 2819 1476 2856 s.
1520 2818 1744 2856 cauas.

481 2893 598 2948 Nos
612 2895 945 2961 autem,etc.
957 2889 1106 2956 ,utin
1119 2889 1548 2959 editis,usqueal
1569 2879 2067 2947 alleluia.Alleluia

409 2981 526 3036 Nos
543 2985 738 3035 autem
760 2975 995 3050 gloriari
1013 2980 1240 3048 oportet
1257 2976 1312 3031 in
1333 2993 1502 3032 cruce
1525 2977 1752 3033 Domini
1777 2979 1961 3034 nostri
1977 2980 2064 3035 Je-

411 3087 480 3125 su
500 3065 1058 3136 Cbristi.Sequentia
1073 3065 1256 3120 sancti
1275 3065 1562 3138 Evangelii
1581 3067 1903 3121 secundum
1924 3067 2065 3124 Mat-

409 3157 652 3212 thzeum.
683 3156 748 3210 ln
782 3153 878 3208 illo
909 3157 1186 3224 tempore,
1211 3152 1534 3224 assumpsit
1551 3153 1742 3221 Jesus,
1765 3159 1873 3210 etc.
1909 3156 2061 3211 Com-

409 3247 620 3315 munia.
659 3242 1008 3314 Redemptor
1035 3240 1238 3296 mundi
1270 3241 1436 3312 signo
1467 3242 1656 3298 crucis
1679 3243 1750 3297 ab
1773 3245 1932 3298 omni
1955 3261 2062 3300 nos

1611 449 1802 519 ειΕα.
1850 448 1932 517 XI
1979 445 2294 518 MONUM.
2340 447 2654 518 LITURG.

2101 597 2156 658 Α
2188 589 2697 659 compunctionem
2748 587 2960 656 cordis,
2992 585 3216 642 luctum
3265 589 3323 644 et
3375 584 3618 644 ﬂumina
3647 587 3829 662 lacry-

3711 453 3832 520 940

2179 693 2408 732 marum
2439 675 2728 748 largiaris,
2763 681 3053 748 quatenus
3083 675 3375 732 ccelestem
3399 675 3459 731 in
3486 675 3680 734 futuro
3703 693 3836 734 con-

2177 764 2521 820 solationem
2557 780 2910 844 mereamur.
2937 767 3062 820 Per.

2605 869 2770 910 MISSA
2819 871 2928 909 PRO
2973 870 3146 910 TRIBU
3155 871 3407 910 LATIONE.

2251 941 2635 1013 Omnipotens
2677 941 3035 1014 eempiterne
3083 941 3260 1014 Deus,
3315 947 3658 1000 maestorum
3699 960 3836 1002 con-

2178 1029 2405 1094 solatio,
2443 1029 2834 1086 laborantium
2859 1029 3158 1099 fortitudo,
3183 1031 3523 1104 perveniant
3543 1032 3616 1089 ad
3640 1035 3695 1088 te
3713 1050 3842 1106 pre-

2178 1135 2274 1174 ces
2306 1120 2376 1174 de
2407 1136 2755 1192 quacunque
2779 1119 3158 1176 tribulatione
3187 1119 3590 1189 clamantium,
3625 1126 3690 1178 ut
3716 1139 3840 1178 om-

2179 1224 2283 1262 nes
2307 1207 2418 1262 sibi
2451 1207 2510 1262 in
2543 1208 2992 1264 necessitatibus
3023 1209 3150 1266 suis
3180 1207 3647 1267 misericordiam
3671 1215 3835 1268 tuam

2179 1297 2473 1367 gaudeant
2500 1297 2756 1353 etfuisse.
2791 1298 2914 1354 Per.
2969 1297 3206 1354 Secreta.
3257 1301 3378 1354 Has
3407 1299 3538 1366 tibi,
3570 1301 3832 1369 Domine,

2180 1383 2402 1440 hostias
2433 1385 2733 1441 offerimus
2763 1403 2864 1459 pro
2895 1387 3083 1442 salute
3115 1391 3338 1455 nostra,
3359 1392 3416 1442 et
3435 1405 3538 1460 pro
3561 1389 3836 1446 omnibus

2181 1473 2470 1545 angustiis
2506 1474 2670 1530 nobis
2695 1473 3164 1544 imminentibus,
3198 1481 3490 1548 quatenus
3511 1493 3754 1550 corpora
3781 1483 3840 1534 et

2180 1561 2406 1617 animas
2434 1569 2662 1618 nostras
2693 1563 2950 1634 Spiritus
2973 1563 3158 1620 sancti
3185 1565 3372 1636 gratia
3395 1564 3643 1622 liberare
3663 1571 3839 1639 atque

2179 1649 2509 1705 illuminare
2539 1651 2820 1722 digneris.
2883 1652 2960 1706 Ad
3015 1655 3466 1709 communionem
3533 1658 3616 1710 Da
3644 1656 3839 1723 nobis,

2179 1755 2538 1808 quaesumus,
2574 1741 2642 1794 de
2675 1739 3050 1796 tribulatione
3082 1741 3363 1810 laetitiam,
3397 1747 3462 1797 ut
3488 1744 3586 1815 qui
3609 1744 3710 1800 diu
3733 1761 3838 1818 pro

2181 1828 2432 1898 peccatis
2453 1829 2666 1882 nostris
2688 1829 2930 1900 afﬂigim
2942 1847 3028 1895 ur,
3049 1830 3544 1888 intercedentibus
3561 1834 3840 1890 omnibus

2180 1917 2398 1970 sanctis
2430 1917 2566 1982 tuis,
2602 1919 2656 1970 iu
2694 1922 2794 1972 tua
2845 1917 3243 1974 misericordia
3292 1919 3670 1992 respiremus.
3704 1922 3833 1978 Per.

2583 2023 2746 2060 MISSA
2787 2023 2896 2060 PRO
2935 2024 3062 2062 [TER
3100 2024 3433 2065 AGENTIBUS.

2254 2093 2458 2159 Oratio,
2511 2096 2726 2150 Secreta
2781 2099 2830 2150 et
2873 2098 3308 2151 Postea-inmunia
3363 2098 3570 2155 eadem
3622 2115 3748 2170 qua?
3777 2103 3838 2156 in

2181 2181 2356 2238 editis.
2393 2183 2639 2238 Additur.
2693 2181 3040 2256 Prosperum
3093 2185 3202 2240 iter
3251 2185 3424 2242 faciat
3459 2187 3630 2244 nobis
3658 2189 3834 2258 Deus,

2181 2270 2424 2342 angelus
2451 2271 2676 2326 Domini
2711 2273 2897 2326 bonus
2921 2272 3232 2328 comitetur
3261 2274 3589 2344 nobiscum,
3615 2281 3672 2332 et
3691 2277 3839 2335 bene

2179 2360 2453 2430 disponat
2483 2359 2688 2414 itinera
2722 2365 2921 2414 nostra
2952 2365 3102 2414 Deus
3132 2365 3347 2418 noster.
3373 2362 3676 2436 Exsurgat.
3702 2364 3836 2422 Glo-

2180 2447 2285 2502 ria.
2321 2447 2689 2518 Prosperum.
2724 2449 2928 2503 Oratio.
2953 2447 3107 2503 Deus
3128 2448 3230 2520 qui
3249 2448 3630 2522 diligentibus
3651 2455 3708 2508 te
3729 2455 3839 2510 mi-

2178 2535 2556 2590 sericordiam
2587 2541 2748 2590 tuam
2783 2552 3014 2608 semper
3043 2536 3356 2609 impendis,
3389 2542 3446 2594 et
3475 2556 3508 2594 a
3538 2541 3838 2616 servienti-

2176 2624 2288 2678 bus
2312 2623 2416 2679 tibi
2450 2625 2504 2678 in
2533 2623 2693 2680 nulla
2713 2641 2776 2680 es
2797 2625 3030 2696 regione
3051 2624 3434 2699 longinquus,
3463 2628 3647 2702 dirige
3676 2630 3834 2686 viam

2178 2711 2465 2766 famuloru
2477 2730 2530 2766 ιιι
2555 2717 2724 2767 tuoru
2736 2729 2788 2766 m
2810 2713 2866 2766 in
2883 2713 3180 2770 voluntate
3199 2719 3321 2782 tua,
3339 2720 3402 2770 ut
3419 2719 3474 2772 te
3487 2721 3830 2788 protectore,

2176 2805 2232 2855 te
2253 2805 2420 2868 duce,
2445 2817 2546 2872 per
2557 2801 2804 2871 justitite
2823 2801 3064 2857 semitas
3082 2802 3206 2858 sine
3227 2803 3545 2861 offensione
3560 2806 3834 2878 gradian-

2174 2895 2290 2944 tur.
2325 2890 2450 2944 Per.

2247 2978 2436 3034 Lectio
2465 2977 2726 3034 Genesis.
2749 2980 2812 3033 In
2845 2977 3049 3035 diebus
3071 2978 3189 3035 illis
3212 2981 3506 3052 profectus
3525 2986 3617 3038 est
3642 2967 3826 3041 Israel

2173 3083 2342 3139 usque
2369 3070 2774 3122 revertentem.

2241 3154 2497 3227 Angelus
2534 3155 2758 3210 Domini
2819 3157 3008 3213 bonus
3065 3158 3375 3214 comitetur
3411 3159 3736 3230 vobiscum,
3771 3166 3830 3220 et

2172 3244 2318 3298 bene
2349 3243 2622 3314 disponat
2646 3243 2858 3300 itinera
2885 3248 3096 3301 vestra.
3132 3245 3478 3319 Prosperum
3509 3249 3620 3305 iter
3650 3249 3830 3308 faciat

410 3333 755 3389 adversitate
803 3329 1051 3396 custodi,
1102 3329 1202 3401 qui
1253 3327 1488 3384 salvasti
1528 3330 1763 3385 Petrum
1797 3331 1855 3385 in
1886 3331 2056 3400 mari,
2088 3319 2130 3384 C
2167 3331 2328 3386 vobis
2371 3331 2526 3387 Deus
2569 3331 2853 3388 Salutaris
2901 3335 3116 3388 noster.
3173 3332 3434 3390 Alleluia.
3468 3337 3825 3409 Prosperum

408 3420 684 3492 miserere
714 3419 902 3474 nobis.
955 3420 1410 3473 Postcammunia.
1459 3417 1674 3473 Refecti
1721 3419 1849 3474 cibo
1881 3424 2053 3492 potu-

405 3517 519 3582 que
573 3507 812 3574 caelesti,
869 3523 1227 3578 quaesumus,
1269 3506 1640 3578 omnipotens
1668 3507 1845 3573 Deus,
1887 3511 1949 3562 ut
1980 3509 2053 3564 ab

403 3598 662 3655 hostium
691 3597 970 3652 defendas
1001 3594 1333 3660 formidine,
1363 3611 1512 3666 quos
1534 3596 1786 3668 pretioso
1808 3595 1934 3651 Filii
1966 3598 2054 3652 tui

401 3689 687 3761 sanguine
716 3684 1033 3742 redemisti.
1068 3684 1176 3738 Per
1205 3683 1500 3738 eumdem.

448 3779 461 3850 ’ν
520 3792 770 3832 ΒΑΒΒΑἸῸ
809 3789 978 3829 MISSA
1016 3788 1076 3826 IN
1117 3786 1390 3826 HONOREM
1431 3787 1666 3827 SANC’I‘IB
1701 3789 1918 3828 ΜΑΒῙΕ.

466 3865 650 3934 Salve,
674 3865 880 3918 sancta
899 3877 1132 3932 parens,
1155 3864 1264 3914 etc.
1288 3858 1462 3932 Virgo
1479 3859 1576 3915 Dei
1597 3861 2051 3934 genitrix,quem

394 3942 550 4009 tectus
580 3967 696 4006 non
723 3948 876 4020 capit
904 3947 1082 4015 orbis,
1115 3947 1174 4001 in
1213 3951 1314 4002 tua
1343 3963 1405 4002 se
1443 3947 1654 4004 clausit
1683 3949 1902 4005 viscera
1934 3951 2053 4006 fac-

392 4046 490 4096 tus
537 4039 733 4110 homo.
767 4037 972 4092 Oratio.
1005 4033 1264 4090 Concede
1314 4051 1438 4105 nos,
1472 4039 1580 4091 etc.
1613 4035 1877 4092 Alleluia.
1916 4037 2052 4094 Post

393 4133 628 4202 partum
659 4127 821 4199 virgo
879 4122 1155 4179 inviolata
1209 4125 1606 4196 permansisti,
1664 4123 1918 4182 alleluia.
1951 4132 2048 4183 Se-

395 4209 636 4291 quentia
666 4213 854 4272 sancti
881 4211 1176 4285 Evangelii
1207 4214 1534 4269 secundum
1567 4214 1803 4269 Lucam.
1837 4219 1903 4270 In
1951 4216 2049 4273 illo

395 4312 689 4378 tempore:
723 4301 1043 4370 Extollens,
1074 4306 1184 4357 etc.

444 4399 456 4406 ”
678 4395 741 4448 In
771 4393 886 4448 alia
915 4393 1085 4447 missa
1110 4394 1308 4447 sanetae
1345 4391 1536 4448 Maria:
1564 4393 1759 4448 oratio.

467 4483 642 4551 Deus,
677 4483 774 4555 qui
807 4481 1028 4537 violatae
1061 4485 1284 4536 naturae
1314 4497 1418 4553 per
1439 4481 1718 4553 virginale
1739 4483 1920 4538 decus
1944 4485 2048 4540 ad-

393 4573 562 4629 hibes
592 4571 963 4636 medicinam,
991 4571 1077 4627 fac
1100 4587 1206 4626 nos
1227 4570 1403 4626 beatae
1425 4569 1617 4624 Mariae
1638 4569 1894 4645 Virginis
1918 4590 2044 4645 pre-

2162 3419 2272 3474 iter
2302 3419 2476 3474 iaciat
2507 3423 2774 3475 nostrum
2806 3420 2960 3476 Deus
2990 3420 3273 3478 Salutaris
3305 3427 3518 3479 noster.
3552 3424 3824 3482 Alleluia.

2231 3507 2294 3563 In
2327 3507 2426 3564 illo
2454 3511 2716 3579 tempore
2746 3507 2892 3564 dixit
2935 3513 3108 3565 Jesus
3153 3510 3459 3583 discipulis
3489 3511 3618 3568 suis
3647 3530 3829 3587 usque

2161 3595 2246 3650 illi
2277 3596 2514 3652 civitati.
2548 3595 2918 3668 Oﬂ‘ertarium.
2947 3597 3205 3670 Angelus
3239 3599 3466 3655 Domini
3497 3599 3691 3656 bonus
3726 3618 3826 3658 co-

2163 3686 2402 3740 mitetur
2430 3685 2754 3750 vobiscum,
2803 3689 2861 3740 et
2916 3685 3063 3741 bene
3093 3685 3368 3758 disponat
3395 3686 3506 3744 iter
3533 3693 3820 3762 vestrum,

2161 3773 2414 3830 alleluia.
2435 3775 2776 3830 Communia.
2792 3773 2954 3829 Sicut
2977 3773 3276 3846 praecessit
3295 3775 3538 3832 Tobiam
3563 3776 3826 3850 Raphael

2161 3862 2546 3936 arcbangelus
2577 3864 2648 3918 ad
2696 3863 3135 3936 praeparandam
3187 3863 3366 3933 viam,
3397 3865 3479 3920 ita
3508 3866 3828 3924 comitetur

2158 3951 2485 4017 vobiscum,
2517 3955 2574 4006 et
2605 3951 2750 4007 bene
2776 3951 3050 4023 disponat
3069 3951 3281 4009 itinera
3308 3957 3522 4009 vestra.
3542 3958 3828 4012 Pasicom-

2148 4041 2368 4095 munia.
2389 4038 2602 4110 Dirige,
2619 4055 2982 4112 quaesumus,
3004 4039 3269 4110 Domine,
3287 4041 3439 4096 viam
3461 4041 3825 4102 famulorum

2157 4131 2394 4183 tuorum
2427 4127 2487 4182 in
2517 4125 2814 4183 voluntate
2845 4133 2968 4196 tua,
3018 4145 3240 4201 nosque
3287 4129 3578 4202 propitius
3608 4133 3825 4190 exaudi

2157 4216 2578 4289 supplicantes,
2601 4221 2665 4272 ut
2687 4217 2939 4272 habeant
2961 4217 3070 4273 iter
3089 4234 3456 4291 prosperum,
3481 4219 3617 4276 etin
3642 4224 3701 4278 te
3724 4239 3826 4280 cor

2159 4305 2467 4360 directum.
2503 4305 2630 4361 Per.

2513 4409 2678 4449 MISSA
2708 4409 2820 4449 PRO
2847 4411 3200 4451 TENTATIONE
3229 4411 3454 4452 ΟΑΒΝῙΒ.

2227 4482 2356 4548 Ure,
2388 4486 2522 4549 etc.,
2556 4489 2618 4536 ut
2649 4483 2707 4536 in
2737 4481 2902 4538 editis
2933 4500 3104 4554 usque
3133 4483 3203 4539 ad
3231 4488 3402 4540 tatam
3427 4495 3710 4544 secretam.
3744 4487 3825 4543 Ad

2157 4569 2628 4626 Cammunionem.
2660 4571 2900 4628 Domine
2931 4571 3164 4644 adjutor
3192 4576 3250 4628 et
3269 4577 3578 4645 protector,
3607 4577 3824 4648 adiuva

393 4662 562 4718 cibus
591 4665 646 4718 et
677 4661 1026 4716 fermentum
1060 4663 1403 4731 conceptum
1444 4657 1746 4730 pravitatis
1776 4660 2050 4748 abjicere’
2083 4681 2128 4747 Ι)
2161 4677 2289 4728 nos,
2322 4663 2381 4714 et
2426 4657 2694 4748 refloreat
2741 4677 2875 4716 caro
2921 4665 3124 4718 nostra
3169 4660 3366 4735 vigore
3413 4663 3735 4734 pudicitiae,
3766 4671 3825 4722 et

391 4755 448 4808 et
477 4751 537 4806 in
570 4751 840 4808 novitatis
871 4765 1133 4821 azymam
1163 4749 1234 4804 de
1265 4751 1548 4802 vetustate
1579 4749 1850 4804 transire.

793 4855 962 4894 mssa
1002 4854 1110 4892 eno
1150 4852 1632 4892 concessamus.
1937 4825 1944 4831 ’

443 4930 667 4986 'Oratia.
701 4927 1082 4998 Omnipotens
1127 4923 1480 4995 sempiterna
1532 4925 1701 4990 Deus,
1755 4925 1854 4996 qui
1900 4927 2042 4982 facis

390 5015 684 5075 mirabilia
703 5016 882 5084 solus,
901 5015 1195 5088 praetende
1214 5027 1395 5083 super
1419 5009 1668 5068 famulos
1688 5016 1842 5080 tuos,
1865 5019 1922 5070 et
1943 5032 2042 5070 su-

390 5090 493 5178 per
512 5109 752 5160 cunctas
767 5102 1244 5176 congregationes
1266 5098 1384 5153 illis
1401 5099 1750 5154 commissas
1770 5101 2037 5172 spiritum

389 5193 588 5266 gratia:
619 5193 912 5262 salutaris,
945 5196 1002 5248 et
1032 5194 1096 5245 ut
1125 5189 1182 5242 in
1213 5185 1449 5242 veritate
1483 5187 1588 5242 tibi
1621 5189 2038 5260 complaceant,

388 5287 736 5354 perpetuum
758 5283 842 5338 eis
861 5296 1048 5335 rorem
1067 5283 1176 5331 tuae
1199 5274 1617 5331 benedictionis
1633 5275 1897 5334 infunde.
1913 5279 2037 5338 Per.

388 5370 602 5427 Secreta
627 5375 678 5426 et
711 5370 1030 5426 Communia
1051 5373 1213 5438 prout
1247 5365 1309 5420 in
1337 5364 1517 5420 editis.

419 5438 427 5477 ἶ
661 5476 832 5514 MISSA
873 5473 981 5512 PRO
1020 5469 1310 5510 PETITIONE
1351 5466 1762 5508 LACBYMARUM.

424 5562 430 5568 '
461 5549 664 5612 Oratio.
698 5546 1101 5617 Omnipotens,
1133 5547 1267 5608 etc.,
1293 5545 1354 5596 ut
1382 5543 1439 5594 in
1469 5540 1645 5595 editis.

417 5637 426 5646 '
457 5637 911 5692 Pastcommunia.
945 5633 1190 5704 Corpore
1223 5635 1278 5685 et
1307 5627 1592 5700 sanguine
1613 5632 1736 5697 tuo,
1772 5629 2036 5706 Domine,

385 5723 601 5794 satiati,
633 5738 972 5802 queasumus
1001 5724 1066 5780 ut
1097 5737 1197 5796 pro
1251 5717 1470 5778 nostris
1516 5717 1776 5796 peccatis
1805 5736 2038 5804 semper

2160 4747 2560 4804 sanctimoniae
2593 4749 2867 4818 novitate,
2903 4753 3284 4824 ereptamque
3315 4752 3384 4808 de
3409 4769 3590 4809 manu
3610 4753 3823 4812 tartari

2153 4838 2212 4891 in
2247 4837 2692 4894 resurrectionis
2743 4837 2959 4910 gaudio
2983 4839 3197 4911 jubeas
3224 4842 3651 4914 repraesentari.
3687 4842 3818 4900 Per.

2411 4943 2580 4982 MISSA
2611 4943 2722 4982 PRO
2752 4943 3032 4984 IMMUNDIS
3062 4945 3550 4986 COGITATIONIBUS.

2221 5015 2624 5087 Omnipotens,
2678 5019 2812 5083 etc.,
2865 5020 2927 5072 ut
2977 5018 3037 5073 in
3065 5017 3244 5074 editis.
3279 5018 3512 5075 Secreta.
3546 5017 3656 5074 Per
3682 5018 3819 5091 hoc,

2152 5121 2515 5178 quaesumus,
2546 5103 2809 5173 Domine,
2843 5104 3223 5174 sacrificium,
3260 5108 3417 5178 quod
3451 5111 3563 5162 tuas
3595 5107 3820 5164 obtuli-

2150 5212 2285 5250 mus
2315 5191 2627 5264 majestati,
2671 5192 2744 5248 ab
2797 5193 3073 5250 omnibus
3118 5195 3296 5250 corda
3324 5201 3526 5253 nostra
3553 5199 3822 5256 emunda

2148 5281 2588 5340 tentationibus.
2622 5281 2748 5338 Per.

2664 5386 2827 5426 MISSA
2865 5387 2976 5434 PRO
3016 5389 3297 5430 PECCATIS.

2219 5459 2278 5516 Si
2299 5459 2638 5532 iniquitates
2661 5458 3357 5531 observaveris,Domine,
3381 5462 3650 5533 Domine,
3673 5466 3818 5538 quis

2148 5549 2506 5606 sustinebit?
2551 5547 2698 5612 Quia
2736 5548 2891 5620 apud
2923 5553 2980 5605 te
3007 5550 3340 5624 prapitiatio
3369 5555 3478 5622 est,
3512 5551 3672 5610 Deus
3705 5573 3816 5612 no-

2147 5643 2284 5695 ster.
2315 5638 2466 5694 Psal.
2491 5641 2569 5692 De
2594 5635 2898 5708 profundis
2919 5635 3162 5696 clamavi
3187 5641 3258 5696 ad
3281 5645 3357 5711 te,
3382 5641 3646 5698 Domine.
3671 5643 3814 5700 Ora-

2149 5729 2244 5792 tio.
2269 5727 2466 5802 Parce,
2493 5723 2758 5799 Domine,
2782 5740 2954 5804 parce
2972 5729 3224 5806 peccetis
3243 5729 3482 5806 nostris,
3511 5734 3572 5792 et
3599 5747 3816 5810 quam-
