3978 6424
144 475 258 539 9M

948 479 1333 546 EXCERPT.
1380 482 1485 545 EX
1529 478 1756 547 CODD'.
1800 480 2113 550 LITURG.
2161 484 2754 551 FONTAVELLAN.

3428 492 3552 553 942

143 611 231 667 vis
257 611 688 668 incessabiliter
706 613 1188 686 delinquentibus
1205 617 1483 673 continua
1503 635 1674 690 pmna
1694 618 1790 674 de-
1818 622 1873 686 Α
1903 620 2029 692 cipe
2041 621 3074 694 munera,quaesumus,Domine,quee
3088 620 3310 694 tibipro
3321 622 3542 680 famulo

144 702 374 769 beatur,
408 705 640 773 praesta,
673 718 1033 774 quaesumus,
1066 709 1132 759 ut
1162 706 1316 776 quod
1345 707 1416 761 ad
1446 710 1792 778 perpetuum

142 794 405 846 meretur
429 790 961 857 exitium,transeat
984 793 1054 847 ad
1082 794 1460 850 correctionis
1484 794 1789 850 auxilium.

144 878 270 934 Per.
306 878 498 935 Lectio
523 879 794 951 Epistola:
840 881 994 935 beati
1028 881 1191 936 Pauli
1216 882 1462 954 apostoli
1487 884 1559 938 ad
1592 883 1790 939 Corin-

143 968 320 1025 thios.
344 968 592 1036 Fratres,
618 968 1005 1037 condelector,
1041 974 1175 1037 etc.,
1207 987 1378 1042 usque
1404 972 1473 1027 ad
1489 972 1790 1028 Christum

143 1056 461 1113 Dominum
518 1061 808 1113 nostrum.
870 1058 1159 1115 Graduaie.
1212 1060 1296 1115 Ab
1354 1059 1602 1116 occultis
1643 1060 1790 1116 meis

143 1146 369 1201 munda
397 1161 513 1212 me,
546 1145 807 1213 Domine,
842 1151 899 1202 et
928 1148 999 1202 ab
1033 1146 1240 1204 alienis
1271 1165 1440 1220 parce
1472 1166 1635 1205 servo
1664 1153 1787 1205 tuo.

144 1235 205 1291 Si
228 1236 345 1293 mei
373 1253 489 1290 non
514 1235 731 1291 fuerint
746 1235 1199 1300 dominati,tunc
1226 1236 1640 1293 immaculatus
1669 1255 1789 1309 ero,

145 1329 200 1382 et
231 1325 603 1380 emundabor
623 1342 657 1380 a
677 1324 886 1381 delicto
911 1325 1535 1395 maximo,Allcluia.De
1559 1327 1791 1398 profun-

144 1414 235 1469 dis
247 1412 492 1468 clamavi
513 1414 584 1468 ad
604 1417 679 1480 te,
696 1413 961 1481 Domine,
983 1414 1228 1471 Domine
1243 1416 1787 1472 exaudiorationem

145 1518 359 1558 meam.
394 1500 563 1557 Fiant
593 1519 763 1559 aures
796 1509 905 1558 tuae
965 1503 1333 1559 intendentes
1371 1503 1431 1558 in
1464 1504 1786 1560 orationem

143 1590 414 1647 servitui.
431 1591 747 1662 Sequentia
767 1592 952 1647 sancti
970 1592 1267 1664 Evangelii
1290 1594 1615 1649 secundum
1630 1594 1787 1648 Mar-

143 1679 372 1737 cum.In
395 1678 495 1735 illo
521 1684 782 1752 tempore
806 1680 950 1735 dixit
972 1680 1471 1754 Jesusdiscipulis
1491 1682 1649 1737 suis:
1673 1682 1784 1736 Ha-

143 1769 460 1827 beteﬁdem
485 1768 781 1839 Dci,usquc
810 1769 879 1823 ad
914 1774 1147 1841 peccata
1173 1773 1384 1826 vestra.
1411 1771 1782 1842 Oﬂertorium.

143 1860 419 1916 Miserere
434 1857 662 1922 mihi,et
683 1858 1007 1912 secundum
1023 1875 1297 1929 magnam
1319 1859 1783 1914 misericordiam

140 1955 303 2003 tuam
333 1945 855 2017 deleiniquitatem
889 1963 1103 2002 meam.
1138 1948 1375 2003 Secreta.
1411 1948 1538 2003 Hme
1568 1948 1784 2015 hostia,

141 2034 1094 2108 Domine,quzesumus,Ecclesiam
1122 2041 1283 2092 tuam
1308 2036 1380 2092 ab
1403 2036 1646 2092 occultis
1669 2054 1790 2092 rea-

142 2126 301 2180 tibns
331 2139 563 2195 semper
592 2124 859 2195 expediat
889 2128 945 2179 et
966 2142 1000 2180 a
1030 2125 1358 2181 manifestis
1384 2125 1790 2180 convenienter

144 2219 443 2286 expurget.
479 2211 604 2269 Per.
639 2214 1081 2269 Communio.Ab
1113 2213 1359 2269 occultis
1389 2214 1537 2269 meis
1567 2214 1790 2269 munda

146 2320 257 2370 me,
288 2303 552 2365 Domine,
585 2306 641 2356 et
671 2301 741 2356 ab
774 2301 978 2356 alienis
1001 2318 1169 2373 parce
1202 2319 1364 2357 servo
1396 2303 1604 2357 tuo.Ad
1628 2302 1785 2357 Com-

142 2393 480 2447 munimzem.
512 2391 729 2446 Praesta
760 2391 949 2457 nobis,
984 2396 1192 2446 aeterne
1215 2391 1496 2458 Salvator,
1526 2396 1589 2446 ut
1609 2391 1789 2462 perci-

143 2481 372 2553 pientes
401 2479 511 2535 hoc
543 2496 786 2535 munere
815 2480 1044 2535 veniam
1079 2485 1474 2553 peccatorum,
1514 2480 1787 2552 deinceps

142 2574 384 2642 peccata
412 2567 683 2623 vitemus.
716 2568 842 2623 Per.

430 2673 592 2713 HISSA
625 2673 732 2712 PRO
761 2673 1175 2712 TRIBULATIONB
1202 2674 1500 2713 ECCLESIrE.

214 2748 370 2803 Deus
402 2751 565 2819 pater
600 2745 1315 2818 orphanorumjudexque
1333 2746 1668 2814 viduarum,
1702 2745 1784 2802 la-

141 2852 375 2908 crymas
404 2834 672 2891 Ecclesiae
716 2839 828 2889 tua:
857 2835 1172 2891 miseratus
1217 2835 1470 2904 intende,
1508 2834 1787 2906 illamque

142 2934 247 2984 tua
268 2924 726 2982 misericorditer
746 2924 958 2996 eripiat
979 2926 1466 2997 majestas,quam
1496 2923 1659 2979 nulla
1677 2928 1788 2979 ter-

142 3032 288 3072 rena
336 3013 599 3070 defendit
646 3017 927 3084 potestas.
962 3013 1088 3069 Per.
1121 3014 1352 3070 Secreta.
1413 3014 1543 3068 Haec
1573 3011 1784 3079 hostia,

146 3104 411 3170 Domine,
443 3119 621 3175 quam
653 3119 755 3175 pro
785 3102 1112 3158 infidelium
1146 3103 1297 3169 telis,
1329 3102 1650 3168 offerimus,
1682 3101 1787 3156 tibi

145 3195 223 3251 sit
253 3194 509 3264 accepta,
545 3196 609 3247 ut
641 3209 741 3264 per
767 3191 910 3258 htBC,
945 3192 1099 3263 quod
1125 3193 1326 3248 devote
1368 3192 1687 3264 poscimus,
1731 3195 1787 3245 te

141 3286 458 3354 adjuvante
502 3297 951 3353 consequamur.
1015 3286 1141 3337 Per.
1176 3282 1631 3336 Postcommum'o.
1679 3284 1786 3334 De-

142 3370 1263 3444 prime,quaasumus,omnipotens,jura
1282 3368 1782 3442 tyrannorumtibi
1815 3356 1857 3421 C

139 3461 675 3526 adversantium,ut
704 3458 932 3514 discant
962 3462 1015 3514 te
1045 3459 1165 3514 fore
1188 3463 1571 3531 protectorem
1598 3456 1788 3513 Eccle-

141 3550 243 3605 sia:
272 3553 381 3603 tua:
418 3552 517 3603 tuo
542 3547 795 3620 pretioso
826 3547 1116 3619 sanguine
1149 3547 1479 3620 redemptzc.
1517 3548 1643 3601 Per.

607 3652 774 3691 MISSA
820 3652 930 3690 PRO
970 3652 1141 3691 SEREN
1150 3653 1324 3691 ITATE.

210 3726 424 3783 Oratio.
443 3726 529 3781 Ad
548 3728 601 3781 te
634 3741 762 3793 nos,
783 3723 1046 3794 Domine,
1072 3729 1203 3791 etc.,
1228 3726 1306 3780 Ad
1332 3726 1786 3792 communionem,

148 3815 318 3871 Plebs
332 3819 455 3883 tua,
479 3813 745 3881 Domine,
770 3813 961 3885 capiat
991 3831 1166 3869 saeue
1201 3814 1621 3870 benedictionis
1644 3830 1788 3886 aug-

144 3909 438 3971 mentum,
470 3907 528 3959 et
547 3903 799 3975 copiosis
819 3903 1237 3959 beneﬁciorum
1258 3908 1493 3959 tuorum
1525 3901 1790 3958 subleve-

143 4000 243 4049 tur
273 3991 530 4058 auxiliis,
562 4009 689 4064 quae
719 3992 900 4048 tantis
932 3992 991 4047 in
1023 3992 1474 4049 intercessorum
1520 3994 1791 4064 depreca-

144 4082 410 4138 tionibus
439 4082 770 4154 adjuvetur.
804 4081 931 4137 Per.

566 4187 735 4226 MISSA
776 4187 885 4225 PRO
925 4187 1381 4226 POENITENTIBUS.

219 4262 431 4317 Justus
454 4276 536 4326 es,
554 4260 817 4325 Domine,
834 4265 910 4327 et,
927 4260 1448 4331 rectumjudieinm
1465 4266 1636 4315 tuum
1661 4277 1674 4327 ;
1709 4259 1797 4315 fac

151 4367 290 4407 cum
315 4365 483 4405 servo
503 4354 604 4404 tuo
624 4349 946 4405 secundum
972 4348 1432 4404 misericordiam
1455 4349 1796 4403 tuam.Psal.

91 4439 313 4539 ρεαιῇ
362 4436 729 4494 immaculati
776 4438 836 4492 in
863 4438 973 4493 via.
1009 4438 1214 4494 Oratio.
1250 4439 1427 4507 Deus,
1458 4438 1799 4510 quijustili-

150 4546 254 4585 cas
286 4527 537 4601 impium
570 4531 628 4583 et
657 4544 770 4583 non
803 4528 890 4582 vis
922 4532 1167 4583 mortem
1199 4533 1590 4600 peccatorum,
1619 4528 1799 4598 maje-

149 4622 368 4673 statem
399 4621 563 4673 tuam
599 4614 943 4689 suppliciter
971 4617 1374 4688 deprecamur,
1417 4620 1483 4672 ut
1515 4616 1801 4672 famulum

152 4714 324 4763 tuum
354 4706 425 4762 de
444 4709 550 4761 tua
568 4705 969 4761 misericordia
992 4706 1400 4770 confidentem,
1419 4706 1635 4762 cmlesti
1669 4722 1800 4778 pro-
1834 4727 1878 4792 D

150 4802 323 4870 tegas
353 4795 648 4869 benignus
680 4794 983 4861 auxilio,et
1013 4795 1251 4851 assidua
1281 4795 1636 4867 protectione
1664 4810 1800 4851 con-

152 4888 448 4950 serves,ut
467 4883 575 4939 tibi
593 4883 812 4957 jugiter
831 4884 1169 4952 famuletur,
1190 4889 1245 4939 et
1267 4883 1444 4939 nullis
1475 4883 1806 4940 tentationi-

152 4977 269 5031 bus
300 4978 409 5030 ate
442 4979 765 5046 separetur.
797 4973 903 5029 Per
942 4973 1278 5029 Dominum.
1315 4974 1504 5029 Lectio
1535 4972 1804 5045 Epistolis

152 5063 314 5119 beati
340 5060 502 5117 Pauli
518 5061 765 5135 apostoli
795 5063 864 5118 ad
888 5062 1202 5117 Romanos.
1240 5064 1491 5130 Fratres,
1526 5063 1678 5117 sicut
1706 5078 1809 5134 per

155 5152 340 5207 unius
362 5150 969 5224 hominis,etc.,usque
989 5150 1237 5206 Domino
1262 5156 1479 5206 nostro.
1515 5151 1804 5206 Gradualc.

153 5240 401 5305 Salvum
430 5240 518 5295 fac
541 5256 777 5295 servum
800 5244 991 5309 tuum,
1026 5240 1271 5296 Domine
1301 5241 1456 5295 Deus
1479 5239 1811 5295 misericors

154 5334 496 5403 sperantem
521 5329 581 5384 in
599 5328 940 5385 te.Auribus
961 5328 1812 5402 percipe,Domine,orationem

154 5434 380 5485 meam,
407 5426 462 5473 et
492 5418 715 5473 clamor
742 5435 911 5475 meus
964 5418 1037 5474 ad
1066 5423 1123 5474 te
1150 5418 1465 5491 perveniat.
1500 5418 1816 5488 Sequentia

156 5507 351 5562 sancti
373 5505 673 5580 Evangelii
696 5507 1022 5564 secundum
1051 5507 1361 5562 Lucam.ln
1394 5505 1492 5562 illo
1517 5510 1776 5578 tempore
1800 5526 1813 5564 :

151 5597 340 5652 Erant
371 5595 938 5669 appropinquantes,
1001 5600 1137 5665 etc.,
1199 5613 1370 5669 usque
1419 5595 1817 5668 pleni-tentiam

153 5690 396 5758 agente.
420 5685 885 5758 0/fertorium.De
906 5685 1216 5758 profundis
1248 5684 1494 5742 clamavi
1513 5684 1584 5740 ad
1604 5687 1679 5754 te,
1713 5684 1821 5741 Do-

156 5772 836 5847 mine,Domine,exaudi
863 5774 1188 5836 orationem
1208 5791 1420 5833 meam.
1436 5774 1673 5834 Secreta.
1688 5774 1825 5835 Sus-

1902 711 2004 764 tuo
2037 710 2107 765 de
2132 715 2234 766 tua
2260 710 2530 783 largitate
2560 710 2900 775 deferimus,
2935 717 2998 766 ut
3026 708 3148 766 haec
3178 715 3554 768 sacrosancta

1905 799 2206 870 mysteria,
2240 801 2440 873 gratiae
2465 805 2576 856 ture
2602 804 2877 872 operante
2896 799 3132 868 virtute,
3164 803 3222 857 et
3249 799 3551 873 praesentis

1901 886 2028 941 vitae
2080 904 2212 943 cum
2245 889 2677 945 conversatione
2703 889 3088 957 sanctiﬁcent,
3121 893 3178 944 et
3207 889 3281 945 ad
3328 887 3548 962 gaudia

1902 979 2117 1032 aeterna
2138 978 2482 1048 perducant.
2506 981 2633 1033 Per.
2667 977 3005 1033 Communia.
3021 977 3159 1034 Dico
3179 977 3365 1048 vobis,
3399 994 3544 1051 gau-

1902 1063 2065 1119 dium
2089 1069 2178 1120 est
2198 1083 2391 1121 coram
2415 1066 2639 1139 angelis
2657 1066 2757 1121 Dei
2778 1082 2955 1139 super
2974 1083 3092 1122 uno
3116 1070 3416 1139 peccatore
3427 1082 3544 1138 pae-

1903 1152 2209 1208 nitentiam
2242 1155 2562 1226 agente.Ad
2589 1154 3384 1210 communionem.Puriﬁcent
3412 1171 3542 1223 nos,

1900 1240 2163 1309 Domine,
2190 1247 2293 1297 tua
2323 1246 2544 1310 sancta,
2581 1260 2711 1315 quae
2742 1243 3134 1315 sumpsimus,
3167 1246 3223 1299 et
3247 1241 3539 1299 famulum

1898 1333 2066 1384 tuum
2103 1331 2174 1386 ab
2212 1331 2371 1386 omni
2396 1330 2571 1404 culpa
2598 1331 2849 1387 liberum
2895 1348 3024 1387 esse
3044 1331 3319 1400 concede,
3345 1334 3415 1387 ut
3440 1329 3542 1402 qui

1898 1418 2263 1474 conscientiae
2296 1438 2413 1475 sum
2443 1424 2606 1475 reatu
2637 1420 3156 1493 constringitur,de
3187 1417 3439 1476 ccelestis
3458 1435 3545 1475 re-

1896 1507 2074 1562 medii
2106 1507 2468 1580 plenitudine
2496 1509 2798 1581 glorietur.
2831 1514 2959 1564 Per.

2178 1614 2349 1654 MISSA
2396 1615 2508 1653 PRO
2548 1614 2859 1654 SEMETIPSO
2906 1614 3248 1653 SACERDOTE.

1966 1686 2041 1740 Su
2052 1685 2319 1757 ppliciter
2349 1687 2724 1759 te,.piissime
2754 1687 2930 1754 Deus,
2954 1690 3125 1743 Pater
3143 1686 3535 1760 omnipotens,

1895 1774 1992 1845 qui
2027 1791 2089 1829 es
2111 1780 2333 1831 creator
2363 1776 2630 1831 omnium
2663 1777 3257 1848 rerum,depreeor,ut
3275 1778 3418 1833 dum
3442 1792 3538 1833 me

1896 1862 2185 1918 famulum
2216 1870 2385 1919 tuum
2417 1881 2613 1920 coram
2643 1863 3066 1936 omnipotentia
3085 1864 3537 1935 majestatistuae

1894 1953 2147 2025 graviter
2193 1952 2511 2025 deliquisse
2569 1953 2867 2020 conﬁteor,
2919 1969 3024 2025 per
3058 1951 3538 2009 intercessionem

1871 2041 2078 2104 beatae
2112 2040 2306 2096 Mariae
2336 2058 2570 2113 semper
2600 2041 2846 2113 virginis
2899 2046 2956 2097 et
3008 2040 3277 2096 omnium
3309 2043 3540 2097 sancto-

1898 2146 2028 2184 rum
2051 2134 2312 2196 tuorum,
2348 2146 2591 2185 manum
2614 2128 3025 2185 misericordiae
3037 2133 3151 2185 tute
3177 2127 3325 2184 mihi
3355 2127 3543 2201 porri-

1896 2234 2022 2290 gas,
2056 2222 2369 2290 quatenus,
2403 2220 2545 2282 dum
2605 2217 2758 2273 hanc
2805 2217 3161 2274 oblationem
3192 2222 3305 2275 tuae
3336 2217 3539 2291 pietati

1897 2308 2095 2374 oli‘cro,
2155 2308 2311 2378 quod
2362 2307 2632 2378 nequiter
2669 2306 2903 2373 admisi,
2956 2305 3414 2364 clementissime
3444 2322 3541 2364 me

1898 2393 2156 2466 digneris
2189 2394 2508 2450 absolvere.
2558 2398 2669 2450 Per
2718 2394 3056 2450 Dominum.
3096 2394 3332 2451 Secreta.
3383 2394 3539 2451 Deus

1898 2481 2336 2551 misericordiae,
2368 2483 2520 2538 Deus
2552 2482 2808 2554 pietatis,
2851 2483 3006 2539 Deus
3036 2481 3415 2556 indulgentia:
3445 2481 3535 2537 in-

1897 2571 2092 2644 dulge,
2147 2588 2363 2644 quaeso,
2392 2575 2448 2627 et
2473 2571 2748 2627 miserere
2800 2571 2911 2626 mei
2930 2570 3079 2627 servi
3110 2571 3196 2627 tui
3225 2575 3284 2628 et
3307 2571 3528 2628 sacriﬁ-

1898 2660 2051 2715 cium
2113 2662 2268 2732 quod
2327 2659 2561 2732 pietatis
2619 2665 2731 2716 tum
2788 2660 2978 2733 gratia
3006 2659 3309 2716 humiliter
3335 2660 3533 2727 offero,

1896 2750 2147 2821 benigne
2176 2748 2433 2822 digneris
2456 2748 2835 2821 suscipere,et
2863 2753 3098 2820 peccata
3127 2765 3257 2820 quae
3288 2747 3540 2804 labenti-

1900 2840 2010 2894 bus
2040 2838 2196 2894 vitiis
2217 2836 2498 2907 contraxi,
2532 2838 2856 2893 interventu
2876 2837 3055 2893 beatae
3094 2835 3289 2892 Mariae
3306 2852 3540 2909 semper

1896 2926 2157 3001 virginis,
2193 2931 2250 2982 et
2281 2926 2546 2982 omnium
2601 2930 2939 2983 sanctorum
2994 2929 3256 2994 tuorum,
3310 2924 3445 2996 pius
3474 2940 3541 2980 ac

1897 3016 2187 3089 propitius
2217 3020 2274 3071 et
2303 3016 2636 3071 misericors
2667 3014 2996 3088 indulgeas,
3028 3017 3093 3070 et.
3124 3012 3320 3070 locum
3350 3012 3537 3087 paeni-

1897 3107 2089 3161 tentim
2113 3123 2177 3161 ac
2204 3105 2595 3177 lacrymarum
2632 3104 2882 3160 ﬂumina
2910 3104 3179 3170 concede,
3212 3105 3278 3159 ut
3302 3102 3534 3159 veniam

1900 3211 2163 3249 meorum
2187 3210 2413 3249 merear
2432 3192 2684 3265 recipere
2707 3192 3187 3249 delictorum.Per
3198 3191 3535 3247 Dominum.

1898 3285 2350 3339 Postcommum'o.
2386 3281 2715 3337 Misericors
2748 3286 2804 3337 et
2830 3281 3138 3337 miserator
3166 3279 3538 3352 Domine,qui

1896 3373 2184 3445 parcendo
2216 3376 2533 3437 sustentes,
2566 3375 2621 3426 et
2652 3370 3005 3443 ignoscendo
3055 3369 3409 3436 sancliﬁeas,
3462 3369 3540 3424 da

1896 3461 2038 3516 mihi
2073 3477 2174 3532 per
2205 3460 2324 3514 haec
2354 3464 2575 3523 sancta,
2609 3474 2735 3529 quae
2774 3456 3023 3529 sumpsi,
3067 3456 3535 3529 purificationem

1897 3550 2111 3605 mentis
2141 3554 2195 3604 et
2224 3547 2502 3619 corporis,
2562 3552 2620 3602 et
2674 3546 3092 3602 intercessione
3122 3546 3305 3601 beatae
3336 3543 3532 3600 Mariae

1898 3655 2128 3710 semper
2156 3636 2417 3709 virginis,
2451 3642 2509 3691 et
2561 3635 2827 3691 omnium
2878 3638 3215 3689 sanctorum
3274 3637 3538 3701 tuorum,

1899 3744 2126 3783 merear
2155 3724 2586 3782 absolutionem
2618 3722 2947 3796 culparum.
2981 3727 3108 3779 Per.

2112 3833 2228 3872 ALIA
2278 3831 2439 3870 MISSA
2481 3831 2591 3868 PRO
2639 3829 2946 3868 SEME’I‘IPSO
3001 3827 3328 3868 SACERDOTE.

1972 3907 2252 3962 Introitus.
2284 3903 2528 3971 Deus,in
2562 3903 2800 3959 nomine
2829 3906 2932 3958 tuo
2963 3900 3191 3958 salvum
3222 3916 3318 3956 me
3343 3899 3453 3968 fac,
3485 3902 3545 3955 et

1902 3995 1962 4050 in
1993 3994 2206 4050 virtute
2237 3998 2339 4048 tua
2361 3991 2562 4064 judica
2592 4008 2706 4047 me.
2769 3993 2939 4061 Deus,
2973 3988 3187 4047 exaudi
3216 3987 3543 4046 orationem

1906 4100 2119 4139 meam.
2163 4083 2312 4139 Psal.
2347 4080 2603 4137 Auribus
2634 4080 2885 4154 percipe.
2921 4080 3127 4136 Oratio.
3159 4077 3547 4151 Omnipotens

1906 4173 2257 4245 sempiterne
2288 4173 2464 4238 Deus,
2482 4173 2615 4238 etc.,
2638 4170 2826 4226 eadem
2846 4183 2972 4242 qua?
2994 4170 3054 4224 in
3074 4167 3236 4224 editis
3258 4168 3461 4239 legitur
3487 4166 3551 4221 in

1901 4263 2422 4333 postcommunionc.
2460 4259 2649 4315 Lectio
2680 4258 2952 4331 Epistolas
2983 4258 3137 4314 beati
3181 4256 3347 4313 Pauli
3379 4271 3551 4329 apos-

1906 4350 2010 4405 toli
2070 4350 2141 4406 ad
2199 4350 2597 4405 Timotheum.
2661 4347 3041 4415 Charissime,
3100 4345 3290 4403 fidelis
3358 4360 3552 4403 sermo

1907 4456 2081 4510 usque
2138 4439 2352 4494 saecula
2409 4437 2781 4493 saeculorum.
2840 4440 3046 4494 Amen.
3112 4434 3400 4493 Graduale.
3433 4434 3553 4507 Ego

1908 4528 2061 4583 dixi:
2096 4526 2358 4593 Domine,
2393 4526 2670 4581 miserere
2702 4525 2839 4590 mei,
2872 4542 3020 4581 sana
3049 4524 3307 4581 animam
3338 4538 3555 4591 meam,

1911 4616 2051 4689 quia
2078 4614 2307 4687 peccavi
2324 4614 2669 4670 tibi.Beatus
2695 4614 2795 4685 qui
2818 4612 3092 4685 intelligit
3112 4630 3289 4685 super
3307 4626 3558 4684 egenum

1913 4711 1971 4761 et
1992 4720 2327 4777 pauperem,
2359 4702 2418 4757 in
2469 4702 2563 4758 die
2600 4702 2754 4758 mala
2780 4701 3053 4758 liberabit
3081 4717 3216 4756 eum
3248 4699 3556 4756 Dominus.

1914 4795 2175 4851 Alleluia.
2200 4790 2466 4858 Domine,
2490 4791 2645 4846 Deus
2664 4791 2875 4847 salutis
2897 4807 3061 4859 mem,
3094 4789 3156 4844 in
3188 4789 3283 4845 die
3313 4787 3561 4845 clamavi

1913 4888 1970 4941 et
1999 4887 2166 4940 nocte
2217 4896 2410 4937 coram
2457 4884 2535 4936 te.
2571 4880 2888 4952 Sequentia
2917 4878 3106 4936 sancti
3136 4876 3439 4952 Evangelii
3471 4891 3564 4934 se-

1917 4973 2177 5030 cundum
2208 4970 2559 5027 Marcum.ln
2591 4967 2690 5025 illo
2717 4971 3017 5041 tempore:
3049 4967 3224 5024 Venit
3254 4968 3326 5025 ad
3357 4968 3561 5024 Jesum

1917 5063 2207 5135 leprosus,
2239 5065 2374 5127 etc.,
2431 5076 2600 5130 usque
2629 5058 2690 5114 in
2723 5058 3128 5114 testimonium
3158 5058 3298 5115 illis.
3339 5057 3564 5131 Oﬂ’erto-

1919 5154 2143 5208 torium.
2174 5148 2438 5217 Domine,
2472 5147 2682 5204 exaudi
2741 5146 3069 5203 orationem
3126 5164 3343 5217 meam,
3401 5150 3461 5203 et
3500 5146 3562 5202 in

1921 5240 2201 5296 auxilium
2229 5256 2421 5295 meum
2450 5235 3147 5310 respice.Confundantur
3176 5241 3233 5292 et
3260 5251 3563 5292 reverean-

1928 5335 2027 5386 tur
2056 5328 2281 5384 inimici
2313 5328 2447 5392 mei,
2509 5326 2608 5398 qui
2664 5331 2933 5399 quaerunt
2986 5325 3247 5381 animam
3278 5341 3470 5381 meam
3501 5328 3571 5380 ut

1929 5420 2197 5475 auferant
2216 5434 2366 5472 eam.
2387 5418 2618 5473 Secreta.
2634 5416 2890 5484 Placare,
2916 5430 3278 5488 quaesumus,
3300 5413 3570 5484 Domine,

1929 5506 2280 5564 humilitatis
2311 5524 2453 5562 mea:
2486 5507 2783 5578 precibus,
2844 5510 2902 5561 et
2928 5503 3029 5561 ubi
3059 5502 3223 5559 nulla
3248 5506 3575 5575 suppetunt

1931 5597 2213 5670 suﬂ'ragia
2252 5596 2623 5665 meritorum,
2655 5595 2773 5651 tuis
2804 5595 2948 5650 mihi
2981 5608 3257 5650 succurre
3288 5590 3578 5665 praesidiis

1928 5692 2064 5744 Per.
2095 5686 2433 5743 Communia.
2483 5685 2570 5739 Ab
2618 5683 2863 5741 occultis
2894 5685 3041 5741 meis
3072 5681 3294 5739 munda
3319 5695 3433 5749 me,
3464 5679 3580 5737 Do-

1938 5777 2124 5848 mine,
2152 5779 2209 5835 et
2237 5774 2311 5832 ab
2342 5772 2548 5832 alienis
2577 5790 2748 5851 parce
2777 5790 2942 5833 servo
2971 5778 3093 5834 tuo.
3124 5770 3583 5839 Postcommunio.
