3978 6424
363 484 483 554 983
515 534 519 538 μ

1555 482 1740 552 SET}.
1787 482 1865 551 XI
1904 481 2222 552 MONUM.
2269 477 2581 550 LITURG.

3651 457 3766 552 944‘

365 622 764 694 Sumpsimus,
807 619 1070 688 Domine,
1127 620 1280 678 Deus
1328 621 1535 678 salutis
1566 627 1778 678 nostrae
1811 639 2004 679 sacra-
2036 625 2085 689 Α
2117 626 2302 688 tuam,
2335 625 2393 676 et
2421 620 2726 676 veritatem
2756 623 2921 676 tuam
2952 633 3056 693 per
3085 608 3338 678 noctem.
3389 619 3765 693 Etungelium.

369 716 566 767 menta
597 710 868 775 cuilestia,
901 715 1132 783 praesta,
1157 724 1522 782 quaesumus,
1557 715 1622 766 ut
1645 727 1846 768 eorum
1880 727 2014 782 par-

371 798 628 872 ticipatio
659 796 803 854 mihi
836 799 1055 855 famulo
1107 803 1207 856 tuo
1239 801 1310 856 ad
1370 804 1712 874 perpetuam
1745 799 2012 872 proﬁciat

372 887 645 944 salutem.
679 885 806 944 Per.

791 995 851 1033 IN
881 992 1086 1034 VIGILIA
1117 994 1290 1033 UNIUS
1319 992 1596 1034 APOSTOLI.

443 1065 562 1138 Ego
593 1069 812 1135 autem,
843 1070 952 1122 etc.
982 1067 1182 1123 Oratio.
1221 1067 1392 1134 Deus,
1421 1067 1518 1138 qui
1551 1083 1657 1122 nos
1684 1066 1838 1122 beati
1852 1081 2018 1137 apos-

373 1153 476 1210 toli
506 1154 592 1209 tui
623 1155 691 1210 N.
715 1154 982 1211 natalitia
1011 1155 1265 1228 gloriosa
1293 1155 1494 1228 praeire
1517 1155 1806 1222 concedis,
1825 1155 2016 1210 tribue

376 1243 565 1309 nobis,
599 1259 958 1316 quaesumus,
992 1245 1120 1316 ejus
1149 1260 1380 1316 semper
1409 1247 1466 1300 et
1521 1242 1821 1298 beneﬁciis
1869 1260 2012 1315 prae-

374 1322 577 1401 veniri,
637 1337 694 1388 et
747 1333 1108 1389 orationibus
1168 1332 1454 1403 adjuvari.
1488 1336 1616 1388 Per.
1660 1331 1853 1387 Lectio
1882 1331 2016 1387 libri

379 1421 705 1493 Sapientiae.
742 1423 952 1478 Beatus
983 1423 1088 1488 vir,
1118 1426 1252 1489 etc.,
1285 1437 1455 1492 usque
1500 1419 1757 1476 Ecclesia
1785 1425 2015 1476 sancto-

379 1527 530 1564 rum.
593 1509 864 1565 Graduale
918 1513 970 1566 et
1019 1525 1202 1566 versus
1252 1517 1313 1564 ut
1368 1511 1428 1564 in
1484 1509 1664 1564 editis.
1702 1508 2018 1580 Sequentia

382 1598 566 1654 sancti
601 1597 895 1671 Evangelii
927 1598 1252 1654 secundum
1277 1598 1584 1653 Joannem.
1620 1598 1680 1651 In
1733 1596 1832 1651 illo
1871 1602 2018 1651 tem-

379 1705 554 1760 pore:
592 1687 746 1743 Dixit
773 1688 949 1742 Jesus
1001 1686 1305 1760 discipulis
1334 1686 1495 1742 suis:
1529 1687 1646 1758 Ego
1705 1702 1837 1740 sum
1883 1685 2018 1740 vitis

374 1793 528 1841 vera,
550 1781 683 1840 etc.,
714 1793 885 1848 usque
905 1775 1237 1848 impleatur.
1273 1776 1622 1848 Olfcrtorium
1653 1777 1715 1829 ut
1746 1775 1807 1829 in
1835 1773 2014 1830 editis.

374 1869 614 1922 Secreta.
671 1863 1014 1920 Muneribus
1065 1863 1300 1930 nostris,
1359 1879 1719 1936 quaesumus,
1755 1861 2015 1929 Domine,

379 1955 530 2010 beati
563 1953 811 2025 apostoli
830 1953 914 2008 tui
941 1957 1004 2008 N.
1033 1953 1182 2008 festa
1202 1952 1608 2024 praavenimus,
1641 1953 1812 2022 cujus
1841 1951 2014 2006 meri-

376 2043 454 2098 tis
476 2059 579 2116 pro
601 2041 770 2098 nobis
795 2041 898 2098 tibi
919 2046 1084 2115 grata
1113 2041 1448 2096 reddantur.
1480 2045 1608 2095 Per.
1641 2039 1720 2095 Ad
1746 2045 2015 2111 postcom-

376 2135 714 2188 mum’onem.
739 2131 1025 2204 Sumptis,
1050 2129 1315 2197 Domine,
1333 2129 1664 2186 caelestibus
1684 2145 2013 2184 sacramen-

377 2220 474 2288 tis,
511 2221 878 2292 majestatem
923 2223 1086 2275 tuam
1120 2219 1463 2291 suppliciter
1491 2219 1894 2290 deprecamur,
1929 2223 2014 2284 ut,

377 2309 766 2365 intercedente
786 2309 952 2364 beato
977 2307 1240 2381 apostolo
1265 2313 1365 2363 tuo
1387 2308 1647 2379 N.,quod
1679 2305 2016 2379 temporali-

373 2403 462 2454 ter
481 2399 837 2471 gerimus,ad
869 2397 1046 2452 vitam
1079 2396 1381 2468 capiamus
1411 2386 1706 2452 aeternam.
1735 2399 1863 2450 Per.

519 2504 676 2543 MISSA
707 2502 767 2542 IN
789 2504 981 2542 NATALI
1023 2503 1408 2540 PLURIMORUM
1447 2473 1872 2540 APOS’l‘OLORUM.

448 2577 646 2632 Intret.
669 2575 873 2632 Oratio.
903 2575 1184 2640 Concede,
1227 2590 1590 2644 quaesumus,
1647 2574 2018 2645 omnipotens

373 2669 548 2736 Deus,
584 2669 646 2720 ut
670 2665 828 2720 sicut
856 2663 1255 2736 apostolorum
1289 2663 1408 2717 NN.
1459 2661 1717 2734 gloriosa
1753 2661 2019 2716 natalitia

373 2747 782 2826 praevenimus,
805 2753 890 2808 sic
913 2752 982 2808 ad
1013 2756 1114 2807 tua
1133 2751 1416 2807 beneﬁcia
1437 2750 1823 2823 promerenda
1840 2750 2018 2818 maje-

374 2846 585 2898 statem
609 2845 769 2897 tuam
793 2858 895 2913 pro
911 2841 1080 2896 nobis
1102 2841 1211 2912 ipsi
1245 2840 1614 2913 praeveni-ant.
1657 2843 1786 2894 Per.
1824 2838 2016 2894 Lectio

373 2927 640 3002 Epistolas
662 2931 813 2986 beati
837 2930 1001 2986 Pauli
1031 2929 1279 3002 apostoli
1319 2930 1390 2984 ad
1415 2929 1718 3001 Ephesios.
1767 2929 2012 2993 Fratres,

375 3019 694 3092 unicuique
721 3024 1001 3086 vestrum,
1029 3023 1162 3088 etc.,
1183 3034 1354 3090 usque
1375 3017 1740 3090 plenitudine
1781 3015 2012 3071 Christi.

379 3108 670 3165 Gradualc.
701 3109 966 3176 Vindica,
997 3109 1262 3175 Domine,
1297 3106 1646 3180 sanguinem
1680 3109 2014 3161 sanctorum

376 3199 738 3272 tuorum,qui
772 3200 992 3254 effusus
1023 3201 1130 3254 est.
1161 3199 1488 3252 Posuerunt
1519 3193 1788 3249 mortalia
1826 3211 2016 3250 servo-

378 3307 508 3344 rum
541 3293 774 3346 tuorum
807 3305 971 3345 escas
1008 3286 1343 3342 volatilibus
1377 3284 1526 3348 coeli,
1555 3300 1760 3339 carnes
1788 3287 2015 3338 saneto-

2123 711 2238 782 Ego
2271 726 2401 766 sum
2452 707 2608 764 vitis.
2674 709 3026 782 O/I'crlorium
3073 712 3289 782 require
3317 713 3480 768 retro.
3531 711 3765 781 Secreta,

2121 801 2374 870 Accepta
2393 796 2498 852 tibi
2529 797 2624 865 sit,
2649 796 2914 867 Domine,
2931 801 3144 854 nostrae
3175 798 3503 856 devotionis
3531 797 3766 870 oblatio,

2125 893 2188 942 ut
2219 887 2289 941 ad
2323 885 2508 941 sancti
2539 885 2608 941 N.
2641 886 2907 958 puriores
2935 903 3042 942 nos
3072 887 3246 944 faciat
3273 888 3471 944 venire
3492 888 3768 944 festivita-

2124 982 2261 1030 tem.
2295 980 2421 1030 Per.
2456 974 2797 1031 Communia.
2828 975 3040 1047 Magna
3081 980 3173 1032 est
3202 975 3387 1050 gloria
3414 976 3478 1032 in
3522 975 3767 1033 salutari

2126 1069 2244 1120 tuo.
2303 1064 2381 1120 Ad
2448 1066 3026 1136 postcommunionem.
3093 1069 3311 1122 Praesta
3367 1065 3564 1135 nobis,
3617 1069 3768 1123 Deus

2123 1159 2335 1210 aeterne
2362 1152 2622 1226 largitor,
2653 1154 2784 1224 ejus
2815 1153 3033 1226 ubique
3063 1154 3158 1227 pia
3187 1155 3410 1228 pretegi
3445 1155 3764 1225 devotione,

2124 1242 2294 1313 cujus
2325 1241 2586 1296 natalitia
2613 1259 2716 1314 per
2759 1241 2881 1297 haec
2933 1247 3154 1312 saneta,
3187 1261 3318 1316 quae
3377 1245 3765 1317 sumpsimus,

2125 1331 2312 1386 votivo
2344 1330 2730 1402 praevenimus
2757 1332 3058 1404 obsequio.
3093 1335 3218 1388 Per.
3767 1324 3772 1328 ’

2411 1436 2577 1475 MISSA
2618 1437 2678 1475 IN
2718 1438 2918 1476 NATALl
2962 1437 3140 1478 UNIUS
3179 1439 3484 1480 MARTYRIS.

2197 1509 2529 1576 Laetabitur,
2563 1514 2695 1575 etc.,
2727 1513 2788 1564 ut
2813 1511 2869 1564 in
2898 1509 3078 1566 editas.
3114 1512 3318 1567 Oratio.
3373 1511 3610 1569 Votivos
3639 1529 3763 1570 nos.

2126 1615 2485 1670 qnaasumus,
2521 1598 2674 1652 beati
2707 1598 2773 1653 N.
2827 1601 3102 1672 martyris
3131 1601 3214 1655 tui
3274 1601 3486 1657 natalis
3539 1619 3772 1676 semper

2125 1688 2392 1759 excipiat,
2429 1686 2525 1757 qui
2557 1688 3064 1758 etjucunditatem
3097 1689 3266 1744 nobis
3309 1706 3428 1746 suae
3477 1690 3770 1764 glorifica-

2125 1775 2300 1830 tiouis
2332 1776 2623 1841 infundat,
2685 1781 2741 1832 et
2771 1777 2876 1832 tibi
2922 1795 3026 1833 nos
3060 1779 3264 1834 reddat
3322 1784 3608 1852 acceptos.
3643 1783 3767 1837 Per.

2129 1865 2316 1920 Lectio
2374 1864 2506 1919 libri
2575 1864 2900 1936 Sapientiae.
2975 1865 3214 1922 Justum
3288 1867 3529 1924 deduxit
3577 1868 3772 1925 Domi-

2127 1970 2238 2008 nus
2269 1958 2402 2016 etc.,
2443 1969 2612 2026 usque
2665 1953 2821 2010 Deus
2878 1960 3094 2012 noster.
3156 1955 3445 2023 Graduale,
3496 1956 3768 2028 Posuisti,

2127 2042 2388 2110 Domine,
2447 2059 2623 2113 super
2679 2049 2855 2116 caput
2909 2045 3038 2116 ejus
3113 2062 3388 2102 coronam
3453 2047 3526 2102 de
3581 2045 3772 2121 lapide

2127 2131 2397 2202 pretioso.
2435 2131 2798 2186 Desiairrium
2827 2187 2833 2193 ,
2859 2133 3066 2187 animae
3125 2134 3254 2205 ejus
3307 2132 3565 2191 tribuisti
3613 2135 3685 2202 ei,
3713 2133 3772 2191 et

2125 2219 2420 2275 voluntate
2440 2220 2661 2274 labici-ti
2674 2235 2727 2274 m
2743 2221 2868 2290 ejus
2900 2238 3013 2276 non
3028 2222 3312 2278 fraudasti
3327 2239 3482 2279 eum.
3498 2221 3770 2280 Alleluia.

2128 2308 2441 2364 laetabitur
2468 2309 2664 2378 justus
2697 2309 2756 2364 in
2805 2310 3069 2371 Domino.
3117 2315 3173 2366 et
3219 2312 3479 2384 sperabit
3509 2313 3564 2368 in
3598 2329 3685 2380 eo,
3719 2309 3778 2370 et

2125 2396 2524 2452 laudabuntur
2553 2413 2756 2453 omnes
2787 2398 2925 2454 recti
2985 2400 3177 2455 corde.
3239 2401 3554 2472 Sequentia
3583 2407 3774 2473 sancti

2126 2486 2765 2558 Evangeliiseeundum
2799 2487 3034 2543 Lucem.
3071 2489 3134 2544 ln
3166 2487 3264 2546 illo
3295 2494 3555 2562 tempore
3581 2509 3593 2546 :
3618 2490 3773 2547 Dixit

2123 2575 2294 2630 Jesus
2329 2573 2635 2647 discipulis
2667 2575 2790 2631 suis
2817 2575 2907 2632 :Si
2937 2577 3090 2648 quis,
3115 2580 3432 2651 etc.,usqu-e
3457 2579 3770 2636 essedi'sci-

2127 2661 2322 2736 pulus.
2358 2664 2724 2734 Oﬂ‘ertorium,
2775 2669 3000 2732 secreta,
3061 2669 3368 2722 communio
3397 2673 3456 2723 et
3505 2677 3770 2741 postcom-

2125 2754 2337 2819 munia,
2371 2759 2430 2806 ut
2459 2753 2520 2806 in
2549 2752 2728 2808 editis.

2333 2856 2502 2895 MISSA
2541 2854 2720 2896 UNIUS
2761 2857 3048 2898 MARTYRIS
3087 2859 3202 2898 NON
3245 2861 3574 2901 PONTIFICIS.

2195 2928 2400 2984 Justus
2433 2945 2546 2984 non
2581 2929 3048 2998 conturbabitur,
3079 2931 3217 3003 quia
3248 2933 3532 2991 Dominus
3577 2918 3774 2992 ﬁrmat

2129 3033 2340 3072 manus
2383 3019 2530 3089 ejus,
2591 3022 2711 3074 tota
2742 3019 2834 3074 die
2891 3019 3204 3076 miseretur
3233 3025 3290 3077 et
3337 3009 3692 3091 commodat,
3718 3028 3783 3080 et

2127 3122 2324 3164 semen
2356 3107 2484 3177 ejus
2516 3107 2572 3162 in
2607 3104 3008 3164 benedictione
3053 3109 3182 3175 erit,
3217 3109 3275 3164 in
3325 3114 3604 3167 aeternum
3635 3097 3788 3169 con--

2127 3195 2468 3250 servabitur.
2514 3195 2666 3251 Psal.
2726 3194 2853 3252 Noli
2907 3195 3188 3254 aemulari.
3224 3198 3428 3255 Oratio.
3463 3199 3638 3266 Deus,
3673 3201 3777 3274 qui

2127 3300 2234 3338 nos
2261 3283 2328 3338 N.
2362 3285 2636 3357 martyris
2665 3289 2722 3339 et
2748 3285 3163 3341 intercessione
3193 3285 3476 3354 laetificas,
3527 3277 3780 3346 concede

378 3395 508 3434 rum
541 3383 774 3434 tuorum
801 3376 1002 3432 bestiis
1035 3381 1220 3430 terrae.
1255 3372 1573 3444 Sequentia
1603 3371 1789 3428 sancti
1829 3372 2012 3426 Evan-
2044 3357 2088 3422 C
2125 3373 2432 3445 propitius,
2467 3379 2529 3428 ut
2559 3372 2657 3445 qui
2689 3374 2818 3445 ejus
2847 3374 3128 3430 beneficia
3158 3376 3476 3448 poscimus,
3501 3378 3652 3434 dono
3667 3383 3784 3434 tuae

377 3463 510 3540 gelii
531 3467 855 3522 secundum
881 3463 1241 3519 Matthazum.
1263 3461 1328 3516 1n
1361 3459 1459 3516 illo
1480 3465 1742 3533 tempore
1767 3459 2018 3516 :Circui-

377 3559 476 3613 bat
511 3555 703 3623 Jesus,
762 3559 895 3619 etc.,
953 3568 1122 3622 usque
1174 3551 1360 3623 gratis
1417 3551 1570 3606 date.
1633 3551 2014 3622 Offertorium.

373 3643 764 3702 Exsultabunt
791 3639 978 3698 sancti
1010 3639 1071 3696 in
1100 3638 1306 3713 gloria,
1334 3639 1691 3694 laetabuntur
1721 3639 1778 3694 in
1815 3637 2018 3694 cubili-

373 3737 487 3792 bus
545 3734 690 3800 suis,
745 3728 1122 3787 exaltationes
1181 3728 1280 3784 Dei
1333 3728 1393 3783 in
1469 3728 1734 3784 faucibus
1787 3743 2011 3784 eorum.

373 3825 606 3880 Secreta.
641 3817 981 3876 Muneribus
1037 3817 1255 3874 nostris
1315 3817 1711 3888 apostolorum
1753 3820 2010 3882 tuorum,

370 3913 636 3978 Domine,
661 3910 809 3964 festa
830 3906 1124 3980 praeimus,
1160 3905 1460 3962 humiliter
1486 3904 1890 3977 implorantes,
1923 3909 2010 3973 ut,

369 4016 498 4074 quae
531 3997 897 4056 conscientiae
945 4000 1156 4052 nostrae
1197 3995 1634 4067 praepediuntur
1664 3992 2008 4061 obstaculis,

365 4091 601 4148 illorum
633 4086 855 4143 meritis
887 4085 992 4141 tibi
1025 4089 1191 4159 grata
1221 4084 1559 4138 reddantur.
1591 4087 1718 4138 Per.
1755 4081 2007 4139 Com-mu-

363 4183 476 4237 nia.
509 4179 811 4236 Justorum
843 4173 1050 4231 animae
1109 4173 1168 4228 in
1229 4190 1404 4228 manu
1465 4171 1582 4228 Dei.
1615 4177 1772 4239 sunt,
1801 4176 1859 4228 et
1888 4189 2004 4228 non

365 4273 566 4342 tanget
595 4266 726 4322 illos
757 4268 1113 4320 tormentum
1145 4262 1398 4318 malitiae.
1435 4261 1560 4316 Visi
1617 4266 1756 4317 sunt
1797 4261 2004 4332 oculis,

366 4363 476 4415 etc.
512 4357 588 4412 Ad
612 4355 1166 4429 poslcommunioncm
1197 4351 1482 4423 Sumptis,
1517 4350 1778 4418 Domine,
1805 4350 2004 4408 coeles-

365 4447 524 4502 tibus
581 4442 984 4510 sacramentis,
1035 4442 1402 4513 majestatem
1463 4445 1626 4496 tuam
1656 4439 2005 4513 suppliciter

365 4536 764 4607 deprecamur,
799 4536 882 4598 ut,
925 4529 1419 4586 intercedentibus
1474 4529 1662 4586 beatis
1721 4529 2004 4602 apostolis

365 4625 484 4681 tuis
505 4623 646 4693 NN.,
683 4623 836 4696 quod
872 4618 1269 4694 temporaliter
1294 4620 1573 4692 gerimus,
1609 4619 1679 4675 ad
1699 4619 1879 4675 vitam
1909 4635 2002 4675 ca-

363 4713 598 4786 piamus
629 4717 925 4768 aeternam.
952 4714 1079 4765 Per.

531 4817 694 4858 MISSA
725 4819 780 4856 IN
811 4816 1012 4856 VIG‘ILIA
1045 4813 1510 4861 UNIUSCUJUSQUB
1536 4813 1832 4852 VOLUL‘RIS.

431 4893 550 4965 Ego
607 4895 805 4946 autem
857 4889 1010 4943 sicut
1037 4885 1188 4943 oliva
1218 4887 1558 4942 f'ructifieavi
1593 4886 1650 4940 in
1683 4887 1856 4940 domo
1888 4885 2000 4941 Do-

359 4981 525 5046 mini,
584 4977 810 5052 speravi
869 4977 927 5032 in
989 4976 1386 5033 misericordia
1444 4974 1540 5031 Dei
1573 4973 1708 5043 mei,
1741 4978 1798 5030 et
1829 4991 1997 5047 expe-

359 5070 526 5124 ctabo
555 5084 764 5124 nomen
793 5073 984 5136 tuum,
1015 5067 1293 5139 quoniam
1325 5067 1544 5122 bonum
1575 5067 1666 5119 est
1685 5068 1820 5120 ante
1837 5081 1999 5120 cons-

356 5163 590 5231 pectum
622 5163 958 5214 sanctorum
989 5163 1244 5214 tuorum.
1282 5155 1430 5210 Psal.
1465 5152 1613 5218 Quid
1673 5152 1940 5224 gloriaris
1969 5154 1998 5210 ‘l

359 5248 564 5304 Oratio.
623 5246 882 5304 Concede
941 5247 1128 5312 nobis,
1193 5260 1552 5316 qumsumus,
1627 5243 1995 5316 omnipotens

355 5336 530 5406 Deus,
563 5343 864 5393 venturam
907 5335 1059 5392 beati
1118 5335 1184 5388 Ν.
1245 5331 1678 5388 solemnitatem
1741 5349 1996 5405 congruo

355 5427 667 5498 praevenire
748 5427 988 5490 honore,
1065 5422 1392 5478 venientem
1464 5421 1644 5494 digna
1701 5422 1995 5502 celebrare

352 5515 740 5573 veneratione.
768 5520 896 5570 Per.
919 5513 1110 5568 Lectio
1131 5511 1262 5566 libri
1295 5511 1618 5583 Sapientiae.
1669 5511 1992 5568 Benedictio

353 5604 610 5672 Domini,
641 5611 776 5670 etc.,
807 5619 978 5673 usque
1033 5618 1246 5657 corona
1304 5600 1518 5674 gloriae.
1553 5601 1841 5657 Graduale.
1889 5601 1991 5656 Ju-

352 5697 480 5748 stus
511 5699 576 5748 ut
605 5692 801 5766 palma
832 5691 1058 5746 ﬂorebit
1113 5689 1267 5747 sicut
1296 5692 1504 5747 cedrus
1554 5689 1760 5745 Libani
1791 5689 1990 5746 multi-

351 5780 684 5859 plicabitur.
717 5781 799 5840 Ad
830 5780 1293 5839 annuntiandam
1325 5795 1496 5837 mane
1527 5778 1990 5838 misericordiam

2127 3461 2324 3534 gratiae
2354 3479 2802 3534 consequamur.
2857 3467 2982 3518 Per.
3030 3463 3220 3520 Lectio
3267 3463 3402 3522 libri
3451 3466 3784 3539 Sapientiae,

2129 3555 2340 3606 Beatus
2397 3551 2503 3618 vir,
2557 3556 2693 3620 etc.,
2745 3568 2913 3623 usque
2970 3551 3122 3608 Deus
3191 3559 3411 3610 noster.
3486 3555 3772 3626 Posuisti,

2124 3638 2388 3696 Domine.
2421 3639 2808 3696 Desiderium.
2840 3641 3100 3698 Alleluia.
3133 3643 3410 3698 Posuisti.
3452 3643 3774 3716 Sequentia

2124 3727 2310 3784 sancti
2341 3717 2635 3806 Evangelii
2669 3729 2992 3784 secundum
3011 3716 3248 3787 Lucam.
3287 3730 3466 3786 lnillo
3487 3719 3778 3806 tempore:

2125 3817 2275 3873 Dixit
2302 3804 2585 3873 Dominus
2615 3818 2787 3873 Jesus
2819 3817 3124 3891 discipulis
3157 3819 3316 3876 suis:
3342 3821 3402 3876 Si
3461 3822 3594 3894 quis
3615 3804 3771 3890 vult,

2120 3923 2288 3978 usque
2345 3923 2587 3979 regnum
2649 3907 2772 3963 Dei.
2835 3909 3213 3980 Oﬂ‘ertorium.
3257 3910 3323 3965 In
3382 3911 3592 3968 virtute
3640 3915 3772 3985 tua,

2119 3995 2386 4060 Domine,
2441 3995 2730 4050 laetabitur
2778 3997 3002 4068 justus,
3062 4001 3198 4064 etc.,
3273 4014 3445 4070 usque
3500 3999 3772 4070 Domine,

2118 4084 2347 4142 Secreta.
2384 4083 2647 4150 Munera,
2679 4084 2944 4152 Domine,
2997 4084 3193 4142 oblata
3225 4087 3545 4156 sanctifica,
3592 4091 3654 4144 et
3683 4087 3776 4144 in-

2115 4174 2444 4230 tcrcedente
2496 4173 2665 4229 beato
2696 4173 2765 4228 N.
2827 4178 3080 4247 martyre
3137 4179 3260 4243 tuo,
3324 4193 3430 4232 nos
3461 4193 3564 4249 per
3587 4175 3710 4233 haec
3745 4195 3782 4234 a

2115 4267 2484 4336 peccatorum
2517 4266 2848 4318 nostrorum
2882 4261 3130 4318 maculis
3152 4265 3430 4320 emunda.
3463 4269 3589 4322 Per.
3618 4265 3779 4322 Com-

2113 4353 2322 4407 munia.
2358 4351 2569 4424 Magna
2597 4355 2688 4408 est
2717 4351 2902 4423 gloria
2929 4353 3058 4423 ejus
3113 4351 3172 4408 in
3200 4352 3466 4408 salutari.
3517 4353 3598 4410 Ad
3624 4359 3776 4428 post-

2112 4443 2568 4496 com-munionem.
2599 4439 2995 4512 Sumpsimus,
3020 4441 3283 4512 Domine,
3315 4441 3374 4497 in
3405 4443 3592 4500 sancti
3617 4431 3780 4518 mar—

2113 4530 2258 4602 tyris
2289 4529 2374 4585 tui
2405 4530 2472 4584 N.
2509 4528 2878 4585 solemnitate
2907 4529 3167 4586 coalestia
3193 4535 3588 4602 sacramenta,
3613 4519 3770 4607 eius,

2113 4635 2454 4690 quaesumus
2486 4617 2900 4676 intercessione
2940 4616 3234 4692 largiaris,
3267 4624 3334 4678 ut
3363 4621 3520 4693 quod
3541 4625 3772 4694 tempo-

2035 4723 2081 4790 D
2113 4707 2311 4763 raliter
2339 4707 2622 4780 gerimus,
2655 4708 2884 4765 aeternis
2905 4708 3138 4781 gaudiis
3155 4723 3608 4782 consequamur.
3635 4715 3775 4768 Per.

2286 4813 2457 4852 MISSA
2497 4815 2552 4852 ΙΝ
2591 4814 2790 4854 NATALI
2832 4813 3219 4856 PLURIMOR‘UM
3258 4815 3602 4857 MABTYRUM.

2120 4911 2126 4916 -
2184 4882 2542 4959 Sapientiam
2575 4891 2934 4954 sanctorum,
2969 4891 3078 4942 etc.
3108 4889 3257 4944 Psal.
3291 4888 3773 4962 Gaudete,justi.

2110 4977 2322 5035 Oratio.
2351 4966 2658 5032 Beatorum
2690 4980 3013 5048 martyrum
3037 4980 3274 5034 tuorum
3305 4977 3371 5034 N.
3406 4977 3475 5033 N.
3499 4979 3778 5036 natalitia

2106 5065 2454 5131 veneranda,
2487 5082 2853 5138 quaesumus,
2883 5065 3419 5134 Domine,Ecelesia
3433 5070 3535 5123 tua
3555 5067 3774 5124 devota

2107 5155 2408 5226 suscipiat.
2443 5159 2502 5210 et
2533 5155 2634 5210 fiat
2664 5171 2888 5227 magnae
2911 5151 3354 5228 gloriﬁcationis
3383 5171 3584 5212 amore
3601 5157 3778 5213 devo-

2107 5245 2238 5300 tior.
2274 5249 2398 5299 Per.
2425 5244 2614 5300 Lectio
2633 5243 2764 5299 libri
2787 5243 3118 5316 Sapientiae.
3141 5243 3366 5317 Lingua
3381 5243 3772 5316 sapientium,

2104 5337 2236 5401 etc.,
2269 5349 2441 5405 usque
2469 5350 2503 5388 a
2535 5333 2798 5389 Domino.
2828 5332 3115 5389 Graduale.
3148 5332 3542 5390 Exsultabun‘t
3571 5334 3770 5390 sancti

2102 5422 2163 5477 in
2193 5422 2398 5494 gloria,
2433 5421 2788 5478 laetabuntur
2815 5421 2875 5477 in
2908 5421 3639 5480 cubilibussuis.-Cantate
3655 5423 3776 5480 Do-

2103 5511 2262 5567 mino
2293 5511 2586 5568 canticum
2617 5527 2830 5568 novum
2871 5511 3140 5584 lausejus
3170 5511 3229 5568 in
3257 5511 3777 5570 Ecclesia-saneto-

2102 5619 2253 5657 rum.
2289 5601 2546 5658 Alleluia.
2579 5600 2772 5657 Sancti
2823 5601 2928 5668 tui,
2973 5602 3239 5670 Domine,
3287 5602 3579 5658 ﬂorebunt
3607 5601 3776 5659 sicut

2100 5691 2314 5757 lilium,
2345 5695 2402 5746 et
2429 5690 2582 5748 sicut
2601 5690 2742 5746 odor
2771 5689 3018 5746 balsami
3037 5695 3211 5747 erunt
3239 5697 3374 5748 ante
3397 5694 3474 5746 te.
3498 5690 3780 5772 Sequen-

2099 5781 2183 5840 tia
2211 5779 2398 5838 sancti
2451 5778 2742 5856 Evangelii
2772 5781 3100 5861 secundum
3153 5779 3514 5843 Mattheum.
3561 5777 3630 5842 tu
3655 5778 3775 5842 illa
