3978 6448
207 463 325 532 9ης

993 461 1380 527 EXCERPT.
1427 461 1533 531 EX
1574 459 1803 533 GODD.
1848 463 2161 536 LITURG-
2209 463 2809 533 FONTAVELLAN.

3492 463 3611 529 946

205 600 467 672 tempore
498 613 511 654 :
544 594 759 655 Videas
786 595 981 665 Iesus,
1014 600 1146 663 etc.,
1176 614 1344 669 usque
1368 597 1428 655 in
1459 597 1641 655 caelis.
1676 596 1846 670 Olfer-
1879 597 1938 665 Α
1965 600 2055 655 tes
2083 599 2312 655 meritis
2341 598 2528 672 ipsius
2559 604 2932 672 protegamur
2958 601 3021 655 et,
3042 598 3610 673 precibus.Per.Epz-

205 688 426 749 torium.
453 684 744 749 ,Mirabilis
775 689 947 753 Deus,
998 690 1107 743 etc.
1159 686 1396 742 Secreta.
1431 687 1674 743 Munera
1720 685 1848 753 tibi,

206 775 467 844 Domine,
487 779 597 831 etc.
629 777 1084 832 Pastcommunia.
1120 764 1379 847 Protege,
1429 775 1696 846 Domine,
1728 775 1846 846 ple-

202 865 334 921 bem
361 867 548 933 tuam,
577 867 635 920 et
663 879 840 937 quam
871 864 930 918 in
963 867 1285 937 martyrum
1328 868 1564 921 tuorum
1613 864 1850 931 assidue

199 952 417 1010 tribuis
459 951 769 1021 festivitate
817 952 1107 1020 devotam,
1155 951 1261 1007 tibi
1312 968 1544 1024 semper
1575 952 1847 1025 placitam

201 1042 323 1111 ﬁeri
359 1040 633 1115 precibus
664 1040 915 1097 concede
935 1042 1257 1112 justorum.
1290 1041 1418 1096 Per.

352 1147 516 1205 MISSA
553 1147 677 1188 ALIA
716 1144 776 1187 ιΝ
814 1147 1009 1185 NATALI
1050 1146 1313 1185 PLURIUM
1355 1144 1702 1187 MABTYRUM.

270 1220 473 1291 Intret,
504 1222 618 1275 etc.
661 1218 866 1276 Oratio.
913 1222 1088 1286 Deus,
1138 1217 1240 1291 qui
1288 1235 1416 1273 nos.
1475 1218 1665 1279 Lectio
1714 1206 1847 1274 libri

197 1307 527 1383 Sapientiae.
561 1306 785 1363 Reddet
814 1307 968 1362 Deus
1000 1307 1327 1363 mercedem
1355 1305 1644 1374 laborum,
1680 1323 1850 1380 usque

197 1397 443 1455 Domine
487 1396 642 1453 Deus
694 1399 912 1452 noster.
965 1395 1087 1450 Alia
1132 1394 1304 1450 lectio
1363 1394 1637 1468 Epistolas
1694 1396 1845 1452 beati

197 1485 360 1543 Pauli
384 1484 628 1559 apostoli
651 1484 724 1541 ad
745 1484 1290 1548 Hebrzeos.Fratres,
1320 1485 1502 1539 sancti
1526 1501 1626 1559 per
1647 1484 1847 1548 ﬁdem.

196 1591 367 1648 usque
396 1573 644 1630 Domino
680 1577 899 1630 nostro.
934 1572 1195 1640 Vindice,
1229 1572 1844 1646 Domine,sanguinem

195 1666 535 1732 sanctorum
562 1661 929 1734 tuorum,qui
957 1662 1181 1718 effusus
1210 1665 1317 1717 est.
1344 1661 1669 1718 Posuerunt
1700 1679 1848 1717 mor-

195 1752 337 1809 talia
364 1768 662 1808 servorum
694 1754 930 1807 tuorum
960 1767 1125 1807 escas
1152 1748 1508 1815 volatilibus,
1542 1750 1692 1817 coeli,
1726 1768 1847 1807 car-

194 1858 300 1898 nes
331 1844 667 1897 sanctorum
698 1843 933 1896 tuorum
965 1839 1168 1894 bestiis
1199 1844 1384 1894 terrae.
1416 1839 1675 1895 Alleluia.
1717 1839 1847 1894 Haec

191 1934 284 1989 est
329 1946 464 1986 vera
518 1928 873 1997 fraternitas,
922 1945 1050 2003 quae
1095 1927 1276 1983 vincit
1322 1928 1527 1984 mundi
1578 1928 1843 1996 crimina,
1880 1930 1885 2003 ᾗ

192 2018 494 2076 Christum
525 2020 725 2074 secuta
755 2016 1094 2091 est,inclyta
1124 2018 1330 2072 tenens
1361 2034 1541 2091 regna
1572 2016 1843 2075 coelestia.

190 2105 514 2179 Sequentia
545 2106 728 2163 sancti
760 2104 1055 2179 Evangelii
1087 2105 1412 2163 secundum
1447 2106 1685 2171 Lucam,
1708 2113 1766 2160 ut
1788 2107 1847 2161 in

188 2196 353 2253 editis
385 2196 445 2251 in
470 2197 655 2267 prima
681 2193 1838 2268 missa.0ﬂ'ertorium.Laetamini.Seereta.

191 2285 455 2341 Munera.
493 2283 831 2340 Communia.
861 2283 1169 2341 Justorum
1219 2283 1447 2339 animae.
1482 2284 1846 2341 Pastcommu-

188 2375 310 2430 nia.
344 2360 561 2431 Praesta
590 2372 780 2439 nobis,
813 2376 920 2428 etc.

550 2479 718 2518 MISSA
756 2479 816 2517 ΙΝ
859 2476 1054 2521 ΝΔΤΔΙιῐ
1093 2478 1487 2517 CONFESSORIS.

262 2552 626 2620 Sacerdotes,
658 2555 768 2607 etc.
823 2551 1029 2607 Oratio.
1082 2550 1185 2617 Da,
1239 2567 1599 2622 quaesumus.
1651 2549 1846 2605 Lectio

188 2642 456 2714 Epistolze
485 2640 671 2697 eadem
700 2655 826 2712 quae
853 2640 914 2695 in
943 2641 1219 2695 communi
1248 2640 1539 2695 doctarum.
1557 2639 1843 2694 Graduale.

188 2730 339 2786 Ecce
371 2728 665 2784 sacerdos.
698 2728 957 2796 Alleluia,
994 2728 1211 2794 Inveni,
1249 2727 1446 2782 David.
1489 2728 1849 2799 Evangelium

185 2818 447 2875 secundae
472 2819 671 2873 missae.
708 2818 1061 2890 Olfertoriam
1085 2818 1288 2888 primm
1316 2818 1504 2872 missae
1550 2816 1842 2872 editurum.

187 2906 429 2964 Secreta.
460 2906 652 2963 Sacris
703 2904 1009 2972 altaribus,
1060 2905 1322 2971 Domino,
1373 2905 1597 2961 hostias
1643 2921 1843 2978 super-

187 2996 433 3069 pdsitas,
484 3011 845 3068 quaesumus,
896 2992 964 3050 ut
1022 3002 1263 3050 sanctus
1320 2999 1456 3049 tuus
1487 2994 1555 3049 N.
1589 2993 1848 3066 pontifex

186 3090 371 3156 atque
401 3085 696 3141 confessor
726 3084 787 3140 in
821 3083 1071 3139 salutem
1104 3084 1273 3139 nobis
1317 3082 1621 3154 provenire
1668 3083 1843 3154 depo-

185 3164 336 3229 scat.
407 3172 725 3228 Communia
789 3172 1040 3228 secundae
1101 3172 1301 3226 missas.
1387 3172 1841 3227 Posteammunia.

183 3261 353 3317 Beati
382 3261 733 3317 confessoris
761 3260 847 3315 tui
877 3259 1552 3332 N.,Domine,suffragii_s
1575 3264 1844 3315 exoratus

180 3353 467 3423 percepta
494 3349 842 3405 sacramenti
872 3348 958 3405 tui
991 3365 1097 3404 nos
1120 3347 1331 3404 virtute
1361 3330 1623 3404 defende.
1659 3349 1783 3403 Per.
1871 3330 1913 3397 C

182 3452 363 3495 DIISBA
391 3454 504 3494 PRO
532 3453 878 3494 JUNIORIBUB
905 3454 1382 3505 CONFESSORIBUS,
1416 3451 1516 3500 QUI
1550 3454 1662 3492 NON
1703 3454 1850 3492 SUNT

851 3540 1196 3581 PONTIFICES.

264 3610 551 3681 Introitus,
598 3621 649 3669 et
695 3617 872 3673 oratio
919 3613 986 3669 de
1031 3616 1311 3669 communi
1338 3615 1621 3670 abbatum.
1656 3614 1849 3670 Lectio

186 3701 333 3759 libri
364 3701 693 3775 Sapientiae.
726 3702 1059 3758 Benedictio
1108 3701 1361 3771 Domini,
1411 3719 1582 3774 usque
1629 3701 1846 3774 gloria.

186 3790 494 3849 Graduale.
545 3790 623 3847 Os
665 3791 836 3862 justi,
890 3807 1055 3863 usque
1099 3807 1337 3864 gressus
1387 3793 1534 3863 ejus.
1592 3792 1847 3847 Alleluia.

187 3880 447 3939 Amavit.
480 3882 862 3950 Evangelium.
894 3879 1160 3952 Vigilate.
1195 3882 1565 3953 Offertarium.
1614 3881 1851 3937 Deside-

189 3970 376 4026 rium.
410 3970 639 4025 Secreta.
674 3968 909 4025 Hostias
938 3969 1337 4036 tibi,Domine,
1359 3960 1461 4041 pro
1493 3986 1850 4026 commemo-

185 4056 422 4114 ratione
451 4056 638 4113 sancti
664 4054 731 4113 N.
768 4056 1121 4114 confessoris
1150 4057 1235 4112 tui
1263 4057 1586 4123 offerimus,
1613 4074 1786 4129 quem
1820 4075 1854 4112 a

174 4146 277 4204 tui
304 4145 564 4217 corporis
577 4145 800 4205 unitate
812 4144 975 4200 nulla
992 4146 1238 4201 tentatio
1259 4146 1857 4218 separavit.Per.Cam-

183 4235 391 4291 mnia
401 4234 1153 4306 etpastaammaniaemeditis
1175 4236 1235 4289 in
1263 4237 1542 4290 communi
1553 4234 1852 4291 doctor-um.

266 4314 275 4319 ’
566 4338 729 4378 MISSA
770 4340 826 4378 IN
864 4338 1062 4378 NATALI
1101 4339 1495 4379 CONFESSORIS.

269 4410 511 4468 Statuit.
544 4410 1130 4467 Psal.Misericordias
1159 4414 1291 4466 tuas
1320 4410 1381 4465 in
1412 4415 1720 4479 aeternum,
1745 4414 1854 4466 etc.

192 4500 416 4558 Oratio.
447 4497 681 4556 Adesto.
714 4500 952 4572 Epistala
986 4508 1048 4555 ut
1077 4500 1137 4554 in
1165 4499 1325 4555 editis
1369 4501 1430 4554 in
1474 4501 1658 4571 prima
1688 4502 1858 4555 missa

187 4589 532 4660 confessoris
567 4588 861 4660 pontiﬁcis.
897 4587 1185 4643 Graduale.
1241 4588 1437 4644 Inveni
1483 4587 1688 4644 David.
1720 4589 1858 4644 Alle-

188 4675 624 4744 luia.Domine,
664 4676 928 4749 quinque
974 4675 1212 4744 talenta,
1263 4677 1641 4748 Evangelium.
1675 4676 1859 4733 Homo

188 4760 470 4840 peregre.
505 4765 871 4837 Oﬂertarium.
917 4764 1166 4821 Veritas.
1219 4765 1448 4821 Secreta.
1506 4764 1685 4821 Donis
1742 4782 1860 4819 c03—

179 4851 453 4911 lostibus
483 4852 581 4921 da,
604 4868 965 4924 quaesumus,
1000 4852 1266 4922 Domine,
1298 4852 1482 4908 libera
1512 4870 1618 4909 nos
1665 4857 1858 4909 mente

176 4940 508 5007 inservire,
539 4945 596 4996 et
624 4956 888 5007 munera,
920 4958 1049 5013 quea
1078 4940 1420 5008 deferimus,
1441 4939 1859 4997 interveniente

176 5016 375 5089 beato
404 5029 474 5084 N.
504 5029 839 5086 confessore
868 5034 992 5097 tuo,
1022 5029 1310 5086 medelam
1345 5029 1513 5086 nobis
1550 5034 1862 5101 operentur

176 5123 259 5178 et
291 5114 560 5192 gloriam.
593 5116 717 5174 Per.
762 5120 1103 5176 Commmiio.
1150 5117 1416 5187 Domine,
1465 5117 1727 5191 quinque
1774 5122 1859 5174 ta-

182 5210 390 5267 lenta.
425 5206 1115 5278 Pastcommunio.Repleti
1147 5205 1427 5263 alimonia
1456 5206 1862 5279 ccelesti,quaa-

181 5311 446 5362 sumus,
478 5295 741 5362 Domine,
776 5300 860 5363 ut,
892 5296 1283 5352 intercedente
1316 5295 1485 5351 beato
1533 5299 1599 5349 N.
1639 5296 1862 5351 conl‘cs-

179 5398 346 5447 acre
374 5387 496 5451 tuo,
527 5384 943 5443 misericordia)
991 5388 1105 5441 tua:
1157 5383 1409 5458 gratiam
1439 5383 1718 5457 consequi
1746 5401 1863 5440 me-

184 5488 475 5534 reamur.
509 5472 635 5533 Per.

645 5578 805 5619 ηειδελ
843 5579 905 5619 IN
943 5578 1136 5619 NATALI
1174 5577 1446 5618 VIRGINIS.

287 5649 611 5723 Loquebar.
646 5651 1098 5718 0ratia.Przesta,
1129 5649 1869 5724 quaasumus,omnipotens

174 5743 397 5807 Deus,
431 5742 497 5797 ut
526 5740 705 5800 beatis
735 5739 1082 5814 N.mart'yris
1104 5743 1219 5796 tua
1251 5738 1535 5796 solemnia
1566 5754 1868 5797 recensen-

1956 689 2113 745 stala.
2165 689 2410 753 Fratres,
2463 688 2565 760 qui
2614 687 2918 759 gloriatur.
2974 688 3266 745 Graduale.
3325 688 3607 746 Dilexisti.

1957 777 2218 835 Alleluia.
2250 776 2488 832 Diﬂ'usa.
2539 778 2915 846 Evangelium.
2974 776 3194 842 Simile,
3240 776 3610 850 Olfertarium.

1956 864 2285 920 Offerentur
2314 865 2844 938 regi.Seereta.Vota
2873 865 3073 938 populi
3102 866 3209 934 tui,
3244 883 3607 938 quaesumus,

1957 954 2222 1021 Domine,
2251 955 2603 1026 propitiatus
2634 954 2894 1020 intende,
2924 960 2982 1010 et
3031 955 3203 1026 cujus
3243 973 3351 1011 nos
3394 955 3607 1021 tribuis

1957 1041 2245 1097 solemnia
2311 1042 2623 1108 celebrare,
2671 1043 2760 1098 fac
2808 1043 3061 1115 gaudere
3120 1043 3437 1115 suffragiis.
3498 1049 3610 1100 Per

1959 1130 2297 1189 Communia.
2332 1131 2599 1203 Quinque
2630 1130 3428 1203 prudentesPastcammunio.
3453 1133 3606 1204 Sup-

1957 1216 2135 1291 plices
2162 1222 2220 1273 te
2249 1234 2547 1291 rogamus,
2607 1218 2977 1291 omnipotens
3029 1220 3204 1285 Deus,
3249 1224 3314 1275 ut
3352 1221 3602 1277 interve-

1958 1306 2151 1363 niente
2194 1308 2362 1363 beata
2390 1307 2458 1361 N.
2492 1311 2743 1379 martyre
2772 1312 2894 1377 tua,
2923 1312 2980 1363 et
3008 1312 3110 1364 tua
3140 1309 3199 1363 in
3231 1308 3400 1365 nobis
3443 1311 3597 1366 dona

1952 1394 2326 1467 multiplices,
2360 1401 2419 1451 et
2448 1399 2709 1467 tempora
2739 1400 2941 1452 nostra
2967 1396 3265 1469 disponas.
3300 1402 3427 1453 Per.

2361 1491 2685 1543 ALIA‘MISSA
2726 1501 2797 1540 DE
2832 1502 3185 1540 VIRGINIBUS.

2026 1574 2303 1639 Intraitus,
2332 1574 2578 1644 psalmus
2608 1579 2665 1628 et
2695 1575 2887 1642 oratio,
2921 1577 2981 1629 ut
3012 1575 3070 1629 in
3107 1574 3267 1630 editis
3314 1575 3376 1629 in
3422 1576 3608 1645 prima
3662 1558 3669 1571 ’

1954 1664 2119 1717 unius
2148 1663 2398 1733 virginis.
2434 1661 2626 1717 Lectio
2652 1661 2785 1717 libri
2814 1661 3144 1733 Sapientiae.
3169 1661 3467 1735 Sapientia
3486 1664 3607 1718 vin-
3634 1680 3635 1689 η

1955 1750 2035 1806 cit
2062 1749 2371 1818 malitiam,
2404 1767 2573 1823 usque
2604 1749 2916 1823 disciplina
2970 1751 3093 1807 Dei.
3145 1750 3434 1807 Graduale.
3471 1752 3608 1823 Spe-

1956 1839 2043 1895 cie
2072 1844 2192 1895 tua.
2225 1838 2482 1895 Alleluia.
2512 1839 2555 1895 Ο
2587 1856 2763 1911 quam
2796 1838 3043 1910 pulchra
3062 1843 3152 1894 est
3181 1842 3344 1896 casta
3370 1856 3608 1912 genera-

1956 1928 2036 1985 tio
2066 1944 2201 1983 cum
2234 1927 2878 1999 claritate.Evangelium
2910 1932 2968 1983 ut
3000 1930 3059 1983 in
3087 1927 3246 1984 editis
3266 1931 3433 1984 unius
3456 1945 3605 1983 mar-

1959 2019 2096 2089 tyris
2126 2033 2234 2073 non
2266 2018 2522 2087 virginis.
2558 2018 2927 2088 Olfertarium.
2959 2016 3115 2072 Filiae
3168 2033 3391 2089 regum.
3425 2017 3606 2073 Secre-

1958 2114 2033 2171 ta,
2055 2107 2364 2162 communia
2392 2114 2442 2161 et
2459 2107 2908 2177 postcommu‘m'a,
2941 2110 3006 2161 ut
3037 2107 3097 2161 in
3126 2107 3293 2162 editis
3326 2107 3388 2161 in
3415 2122 3604 2162 secun-

1956 2195 2026 2251 da
2060 2212 2133 2250 un
2142 2197 2226 2252 ius
2255 2196 2510 2264 virginis.

2363 2299 2531 2340 MISSA
2573 2298 2630 2339 IN
2671 2298 2767 2347 DIE
2805 2297 3213 2341 DEPOSITIONIS.

2029 2371 2326 2444 Rogamus
2354 2374 2429 2435 te,
2465 2371 2708 2427 Domine
2761 2373 2910 2427 Deus
2958 2375 3179 2441 noster,
3212 2375 3277 2427 ut
3317 2372 3606 2444 suscipias

1957 2460 2214 2516 animam
2248 2459 2427 2531 hujus
2457 2459 2735 2528 defuncti,
2771 2476 2874 2533 pro
2905 2477 3020 2532 quo
3050 2460 3399 2533 sanguinem
3437 2465 3605 2516 tuum

1957 2548 2181 2605 fudisti.
2217 2549 2559 2615 Recordare,
2592 2548 2856 2618 Domine,
2888 2549 3029 2621 quia
3055 2548 3247 2621 pulvis
3287 2565 3517 2616 sumus,
3548 2553 3607 2605 et

1956 2637 2132 2692 homo
2165 2637 2317 2693 sicut
2368 2638 2588 2703 fenum,
2623 2642 2681 2693 et
2728 2637 2836 2694 flos
2885 2638 3028 2709 agri.
3063 2639 3207 2693 Psal.
3244 2638 3315 2692 Et
3361 2637 3514 2693 sicut
3542 2637 3602 2693 in

1956 2727 2140 2782 Adam
2173 2743 2376 2782 omnes
2404 2726 2758 2803 moriuntur,
2810 2727 2892 2783 ita
2929 2729 2987 2781 et
3031 2724 3091 2781 in
3140 2724 3370 2781 Christo
3399 2742 3604 2782 omnes

1955 2814 2424 2870 vivificabuntur.
2460 2814 2945 2881 0ratio.Deus,oui
2979 2815 3281 2888 proprium
3313 2819 3402 2871 est
3428 2815 3603 2871 misc-

1957 2904 2093 2971 reri,
2127 2910 2235 2960 eto.
2270 2905 2461 2960 Lectio
2508 2904 2779 2975 Epistolas
2829 2904 2982 2961 beati
3031 2903 3198 2961 Pauli
3242 2903 3492 2976 apostoli
3531 2905 3604 2959 ad

1955 2992 2861 3058 Thessalonicenses.Fratres,de
2881 2992 3246 3065 temporibus
3268 2996 3325 3048 et
3344 3008 3605 3048 momen-

1958 3082 2054 3146 tis,
2087 3087 2197 3137 etc.
2232 3098 2400 3153 usque
2430 3087 2699 3137 mortuus
2729 3086 2820 3139 est
2847 3098 2951 3153 pro
2979 3065 3168 3138 nobis.
3204 3080 3606 3144 Graduale.Qui

1956 3172 2236 3226 Lazarum
2261 3171 2656 3226 ressuscitasti
2692 3189 2725 3225 a
2754 3174 3138 3227 monumento
3168 3169 3503 3238 fetidum,tu
3529 3170 3603 3239 ei,

1955 3261 2217 3325 Domine,
2247 3260 2400 3315 dona
2428 3259 2688 3330 requiem
2737 3263 2792 3313 et
2812 3258 3005 3315 locum
3051 3257 3448 3330 indulgentiae.
3495 3259 3603 3314 Re-

1954 3348 2152 3419 quiem
2182 3352 2456 3403 teternam
2489 3348 2643 3403 dona
2672 3347 2747 3416 ei,
2778 3346 3046 3415 Domine,
3086 3349 3144 3403 et
3180 3346 3281 3401 lux
3328 3350 3607 3419 perpetua

1956 3437 2146 3492 luceat
2175 3436 2247 3491 ei.
2285 3438 2518 3492 Tractus.
2565 3435 2833 3513 Absolve,
2881 3435 3147 3501 Domine,
3192 3439 3300 3490 etc.
3343 3435 3601 3506 Sequen-

1957 3525 2038 3580 tia
2061 3524 2246 3580 sancti
2272 3523 2565 3596 Evangelii
2589 3524 2914 3579 sccundum
2935 3523 3315 3578 Joannem.ln
3336 3522 3437 3578 illo
3457 3527 3602 3578 tem-

1959 3630 2096 3686 pore
2128 3631 2140 3668 :
2178 3612 2328 3667 Dixit
2357 3598 2529 3668 Jesus
2561 3612 2812 3684 dispulis
2866 3610 3010 3668 suis.
3053 3612 3233 3667 Nemo
3277 3614 3466 3682 potest
3512 3627 3606 3666 ve-

1958 3702 2107 3765 nire,
2138 3717 2306 3773 usque
2336 3717 2438 3773 pro
2466 3701 2671 3757 mundi
2708 3700 2827 3761 vita
2869 3699 3234 3772 Offertarium.
3267 3699 3603 3768 Subvenite,

1960 3790 2144 3846 sancti
2174 3788 2293 3845 Dei.
2329 3788 2562 3845 Secreta.
2612 3789 2950 3860 Propitiare,
3003 3787 3266 3845 Domine.
3318 3788 3604 3859 Praefatio.

1959 3880 2188 3934 {Eterne
2216 3883 2385 3942 Deus,
2406 3879 2505 3949 qui
2539 3876 2895 3950 benignitate
2922 3875 3179 3950 gratuita
3210 3876 3611 3948 peccatoribus

1960 3967 2215 4039 largiens
2269 3966 2520 4034 veniam,
2583 3964 2922 4038 praeparasti
2973 3963 3224 4020 mortuis
3280 3963 3482 4031 vitam,
3544 3982 3619 4023 ne

1962 4056 2185 4112 diutius
2213 4055 2489 4111 severitas
2522 4060 2743 4110 teneret
2762 4055 2820 4110 in
2851 4070 3195 4127 pcnna,quos
3216 4050 3619 4129 misericordia

1961 4146 2269 4202 liberasset
2289 4162 2357 4200 ex
2378 4142 2708 4217 culpa.Tibi
2731 4160 2868 4217 ergo
2899 4143 3195 4215 supplices
3219 4158 3420 4215 preces
3440 4141 3621 4198 eﬂ'un-

1964 4233 2290 4298 dimus,tibi
2308 4233 2509 4289 famuli
2540 4233 2623 4287 tui
2648 4249 2859 4305 corpus
2892 4236 2948 4288 et
2964 4231 3225 4289 animam
3247 4230 3619 4288 commenda-

1965 4340 2120 4390 mus,
2154 4328 2220 4378 ut
2259 4327 2527 4394 receptus
2558 4322 2709 4377 inter
2738 4321 2978 4395 agmina
3007 4321 3336 4386 beatorum,
3365 4318 3490 4376 loca
3523 4335 3619 4374 ne-

1965 4412 2114 4467 sciat
2142 4411 2691 4467 infernorum.l\'ibil
2728 4411 2810 4483 illi
2832 4407 3613 4481 noceat,Domine,quidquid

1966 4499 2294 4555 attrahente
2352 4500 2545 4553 carnis
2595 4499 2909 4571 fragilitate
2956 4498 3271 4562 commisit,
3302 4502 3403 4557 aut
3459 4496 3615 4569 quod

1966 4588 2237 4643 humanm
2254 4586 2593 4658 cupiditatis
2612 4587 3038 4643 consuetudine
3054 4590 3448 4659 praegravatus
3461 4589 3615 4649 actu,

1895 4695 1937 4762 ι)
1968 4675 2143 4731 verba
2173 4674 2258 4730 vel
2289 4674 2638 4745 cogitatione
2666 4675 2943 4745 peccavit,
2975 4674 3076 4730 sed
3108 4677 3346 4730 secutus
3378 4670 3620 4742 vestigia

1971 4762 2286 4821 Salvatoris
2318 4761 2576 4834 potiatur
2607 4761 2837 4818 inﬁnita
2865 4761 3190 4828 dulcedine,
3223 4763 3281 4817 et
3311 4759 3620 4832 praesentia

1966 4852 2229 4908 veritatis
2246 4850 2706 4922 redemptionem
2728 4867 2962 4923 quoque
2979 4849 3237 4923 corporis
3258 4849 3351 4904 sui
3369 4864 3622 4906 commo-

1968 4940 2129 4996 nitus
2162 4938 2506 4994 ﬁducialiter
2537 4942 2889 5010 exspectare,
2922 4938 3209 5011 quidquid
3241 4935 3621 5008 habuitprius

1968 5031 2029 5085 in
2062 5030 2194 5094 ﬁde,
2249 5032 2642 5099 consequatur
2688 5026 2748 5083 in
2780 5033 3159 5084 munere.Per
3188 5027 3488 5084 Christum
3521 5029 3624 5081 Do-

1971 5119 2199 5174 minum
2231 5122 2522 5172 nostrum.
2558 5117 2896 5185 Communia,
2930 5122 2991 5172 ut
3024 5118 3087 5172 in
3136 5116 3315 5173 editis.
3349 5119 3623 5173 Postcam-

1970 5209 2087 5273 nio,
2120 5209 2181 5261 ut
2214 5208 2273 5262 in
2302 5206 2391 5261 die
2419 5206 2614 5262 abitus.

2372 5312 2492 5351 ALIA
2534 5312 2702 5350 MISSA
2742 5311 2851 5350 PRO
2889 5310 3220 5351 DEFUNCTIS.

2046 5382 2474 5455 chuiem,etc.
2510 5381 3222 5450 0ratia.Adesto,Domine,
3254 5399 3620 5454 quaesumus,

1977 5471 2649 5529 animabusfamulorum
2664 5471 3133 5542 famularumque
3145 5470 3628 5541 tuarum,quibus

1978 5560 2036 5614 in
2069 5559 2457 5632 depositionis
2488 5578 2606 5617 suae
2635 5560 2729 5616 die
2759 5560 3016 5616 officium
3055 5558 3628 5615 commemorationis

1979 5649 2471 5725 impendimus,ut
2502 5650 2552 5705 si
2575 5667 2691 5722 qua
2712 5650 2796 5706 eis
2813 5647 3108 5706 saecularis
3126 5647 3355 5703 macula
3375 5646 3627 5713 inhaesit,

1983 5736 3011 5809 autvitiummundialeinfecit,dono
3044 5742 3154 5795 tua:
3184 5736 3417 5810 pietatis
3438 5736 3629 5793 indul-
