  <div class='ocr_page' id='page_1' title='image "/cluster/home/n/w/nwhite01/storage/ocr_20150623/151/umn.31951002477444s/562.png"; bbox 0 0 3978 6398; ppageno 0'>
   <div class='ocr_carea' id='block_1_1' title="bbox 236 343 356 411">
    <p class='ocr_par' dir='ltr' id='par_1_1' title="bbox 236 343 356 411">
     <span class='ocr_line' id='line_1_1' title="bbox 236 343 356 411; baseline 0.017 -2"><span class='ocrx_word' id='word_1_1' title='bbox 236 343 356 411; x_wconf 69' lang='grc'>949</span> 
     </span>
    </p>
   </div>
   <div class='ocr_carea' id='block_1_2' title="bbox 1033 348 2854 427">
    <p class='ocr_par' dir='ltr' id='par_1_2' title="bbox 1033 348 2854 427">
     <span class='ocr_line' id='line_1_2' title="bbox 1033 348 2854 427; baseline 0.002 -13"><span class='ocrx_word' id='word_1_2' title='bbox 1033 349 1418 415; x_wconf 80' lang='lat' dir='ltr'>EXCERP’I‘.</span> <span class='ocrx_word' id='word_1_3' title='bbox 1464 348 1568 414; x_wconf 81' lang='lat' dir='ltr'><strong>EX</strong></span> <span class='ocrx_word' id='word_1_4' title='bbox 1609 350 1841 415; x_wconf 85' lang='lat' dir='ltr'>CODD.</span> <span class='ocrx_word' id='word_1_5' title='bbox 1890 351 2203 427; x_wconf 74' lang='lat' dir='ltr'>LITURG.</span> <span class='ocrx_word' id='word_1_6' title='bbox 2249 352 2854 420; x_wconf 82' lang='lat' dir='ltr'>FONTAVELLAN.</span> 
     </span>
    </p>
   </div>
   <div class='ocr_carea' id='block_1_3' title="bbox 3525 318 3645 425">
    <p class='ocr_par' dir='ltr' id='par_1_3' title="bbox 3525 318 3645 425">
     <span class='ocr_line' id='line_1_3' title="bbox 3525 318 3645 425; baseline 0.017 -3"><span class='ocrx_word' id='word_1_7' title='bbox 3525 318 3645 425; x_wconf 71' lang='lat'>939</span> 
     </span>
    </p>
   </div>
   <div class='ocr_carea' id='block_1_4' title="bbox 234 479 3568 560">
    <p class='ocr_par' dir='ltr' id='par_1_4' title="bbox 234 479 3568 560">
     <span class='ocr_line' id='line_1_4' title="bbox 234 479 3568 560; baseline 0.003 -22"><span class='ocrx_word' id='word_1_8' title='bbox 234 480 588 551; x_wconf 89' lang='lat' dir='ltr'>tercedente,</span> <span class='ocrx_word' id='word_1_9' title='bbox 621 479 681 537; x_wconf 93' lang='lat' dir='ltr'>in</span> <span class='ocrx_word' id='word_1_10' title='bbox 711 485 990 555; x_wconf 88' lang='lat' dir='ltr'>perpetua</span> <span class='ocrx_word' id='word_1_11' title='bbox 1039 500 1172 540; x_wconf 90' lang='lat' dir='ltr'>cum</span> <span class='ocrx_word' id='word_1_12' title='bbox 1204 483 1482 541; x_wconf 86' lang='lat' dir='ltr'>omnibus</span> <span class='ocrx_word' id='word_1_13' title='bbox 1513 484 1733 540; x_wconf 79' lang='lat' dir='ltr'>sanctis</span> <span class='ocrx_word' id='word_1_14' title='bbox 1761 483 1879 540; x_wconf 97' lang='lat' dir='ltr'>tuis</span> <span class='ocrx_word' id='word_1_15' title='bbox 1908 485 1964 553; x_wconf 76' lang='grc' dir='ltr'>Α</span> <span class='ocrx_word' id='word_1_16' title='bbox 1992 485 2397 543; x_wconf 79' lang='lat' dir='ltr'>remissionem</span> <span class='ocrx_word' id='word_1_17' title='bbox 2427 491 2771 544; x_wconf 91' lang='lat' dir='ltr'>cunctorum</span> <span class='ocrx_word' id='word_1_18' title='bbox 2803 488 2995 544; x_wconf 83' lang='lat' dir='ltr'>tribue</span> <span class='ocrx_word' id='word_1_19' title='bbox 3025 491 3410 560; x_wconf 83' lang='lat' dir='ltr'>peccatorum.</span> <span class='ocrx_word' id='word_1_20' title='bbox 3445 489 3568 548; x_wconf 79' lang='lat' dir='ltr'>Per.</span> 
     </span>
    </p>
   </div>
   <div class='ocr_carea' id='block_1_5' title="bbox 236 567 843 628">
    <p class='ocr_par' dir='ltr' id='par_1_5' title="bbox 236 567 843 628">
     <span class='ocr_line' id='line_1_5' title="bbox 236 567 843 628; baseline 0.005 -3"><span class='ocrx_word' id='word_1_21' title='bbox 236 567 365 626; x_wconf 93' lang='lat' dir='ltr'>luce</span> <span class='ocrx_word' id='word_1_22' title='bbox 395 569 681 626; x_wconf 67' lang='lat' dir='ltr'>laetentur.</span> <span class='ocrx_word' id='word_1_23' title='bbox 715 570 843 628; x_wconf 91' lang='lat' dir='ltr'>Per.</span> 
     </span>
    </p>
   </div>
   <div class='ocr_carea' id='block_1_6' title="bbox 235 692 1879 740">
    <p class='ocr_par' dir='ltr' id='par_1_6' title="bbox 235 692 1879 740">
     <span class='ocr_line' id='line_1_6' title="bbox 235 692 1879 740; baseline 0.001 -7"><span class='ocrx_word' id='word_1_24' title='bbox 235 692 408 733; x_wconf 71' lang='lat' dir='ltr'>MISSA</span> <span class='ocrx_word' id='word_1_25' title='bbox 447 693 558 732; x_wconf 80' lang='lat' dir='ltr'>PRO</span> <span class='ocrx_word' id='word_1_26' title='bbox 596 693 666 732; x_wconf 84' lang='grc' dir='ltr'><strong>ΕΟ</strong></span> <span class='ocrx_word' id='word_1_27' title='bbox 705 694 803 740; x_wconf 82' lang='lat' dir='ltr'>QUI</span> <span class='ocrx_word' id='word_1_28' title='bbox 845 694 1190 734; x_wconf 64' lang='lat' dir='ltr'>PREVENTUS</span> <span class='ocrx_word' id='word_1_29' title='bbox 1230 696 1423 734; x_wconf 72' lang='lat' dir='ltr'>MOBTE</span> <span class='ocrx_word' id='word_1_30' title='bbox 1472 696 1879 734; x_wconf 60' lang='lat' dir='ltr'>POI‘INITENTMM</span> 
     </span>
    </p>
   </div>
   <div class='ocr_carea' id='block_1_7' title="bbox 527 764 1581 817">
    <p class='ocr_par' dir='ltr' id='par_1_7' title="bbox 527 764 1581 817">
     <span class='ocr_line' id='line_1_7' title="bbox 527 764 1581 817; baseline 0.001 -14"><span class='ocrx_word' id='word_1_31' title='bbox 527 764 799 804; x_wconf 75' lang='lat' dir='ltr'>ACCIPERE</span> <span class='ocrx_word' id='word_1_32' title='bbox 833 766 1059 817; x_wconf 75' lang='grc' dir='ltr'>νοιυιτ,</span> <span class='ocrx_word' id='word_1_33' title='bbox 1102 768 1169 805; x_wconf 79' lang='grc' dir='ltr'>ΕΤ</span> <span class='ocrx_word' id='word_1_34' title='bbox 1208 769 1320 806; x_wconf 78' lang='lat' dir='ltr'>NON</span> <span class='ocrx_word' id='word_1_35' title='bbox 1364 767 1581 806; x_wconf 83' lang='lat' dir='ltr'>POTUIT.</span> 
     </span>
    </p>
   </div>
   <div class='ocr_carea' id='block_1_8' title="bbox 306 836 1881 912">
    <p class='ocr_par' dir='ltr' id='par_1_8' title="bbox 306 836 1881 912">
     <span class='ocr_line' id='line_1_8' title="bbox 306 836 1881 912; baseline -0.001 -19"><span class='ocrx_word' id='word_1_36' title='bbox 306 836 513 893; x_wconf 86' lang='lat' dir='ltr'>Oratio.</span> <span class='ocrx_word' id='word_1_37' title='bbox 564 836 944 909; x_wconf 87' lang='lat' dir='ltr'>Omnipotens</span> <span class='ocrx_word' id='word_1_38' title='bbox 992 838 1347 912; x_wconf 81' lang='lat' dir='ltr'>sempiterna</span> <span class='ocrx_word' id='word_1_39' title='bbox 1399 843 1569 906; x_wconf 86' lang='lat' dir='ltr'>Deus,</span> <span class='ocrx_word' id='word_1_40' title='bbox 1620 838 1680 893; x_wconf 90' lang='lat' dir='ltr'>in</span> <span class='ocrx_word' id='word_1_41' title='bbox 1712 839 1881 910; x_wconf 85' lang='lat' dir='ltr'>cujus</span> 
     </span>
    </p>
   </div>
   <div class='ocr_carea' id='block_1_9' title="bbox 232 924 1883 1005">
    <p class='ocr_par' dir='ltr' id='par_1_9' title="bbox 232 924 1883 1005">
     <span class='ocr_line' id='line_1_9' title="bbox 232 924 1883 1005; baseline 0.001 -24"><span class='ocrx_word' id='word_1_42' title='bbox 232 924 497 981; x_wconf 87' lang='lat' dir='ltr'>humana</span> <span class='ocrx_word' id='word_1_43' title='bbox 525 925 778 982; x_wconf 91' lang='lat' dir='ltr'>conditio</span> <span class='ocrx_word' id='word_1_44' title='bbox 800 930 1085 998; x_wconf 83' lang='lat' dir='ltr'>potestate</span> <span class='ocrx_word' id='word_1_45' title='bbox 1116 928 1402 993; x_wconf 87' lang='lat' dir='ltr'>consistit,</span> <span class='ocrx_word' id='word_1_46' title='bbox 1436 927 1665 1005; x_wconf 74' lang='lat' dir='ltr'>animas</span> <span class='ocrx_word' id='word_1_47' title='bbox 1697 928 1883 982; x_wconf 88' lang='lat' dir='ltr'>famu-</span> 
     </span>
    </p>
   </div>
   <div class='ocr_carea' id='block_1_10' title="bbox 232 1012 1882 1088">
    <p class='ocr_par' dir='ltr' id='par_1_10' title="bbox 232 1012 1882 1088">
     <span class='ocr_line' id='line_1_10' title="bbox 232 1012 1882 1088; baseline 0.001 -19"><span class='ocrx_word' id='word_1_48' title='bbox 232 1012 426 1069; x_wconf 91' lang='lat' dir='ltr'>lorum</span> <span class='ocrx_word' id='word_1_49' title='bbox 454 1013 925 1087; x_wconf 87' lang='lat' dir='ltr'>famularumque</span> <span class='ocrx_word' id='word_1_50' title='bbox 956 1021 1193 1071; x_wconf 89' lang='lat' dir='ltr'>tuarum</span> <span class='ocrx_word' id='word_1_51' title='bbox 1224 1018 1297 1072; x_wconf 88' lang='lat' dir='ltr'>ab</span> <span class='ocrx_word' id='word_1_52' title='bbox 1327 1016 1622 1083; x_wconf 91' lang='lat' dir='ltr'>omnibus,</span> <span class='ocrx_word' id='word_1_53' title='bbox 1658 1032 1882 1088; x_wconf 64' lang='lat' dir='ltr'>quaesu-</span> 
     </span>
    </p>
   </div>
   <div class='ocr_carea' id='block_1_11' title="bbox 233 1101 1880 1176">
    <p class='ocr_par' dir='ltr' id='par_1_11' title="bbox 233 1101 1880 1176">
     <span class='ocr_line' id='line_1_11' title="bbox 233 1101 1880 1176; baseline 0.001 -18"><span class='ocrx_word' id='word_1_54' title='bbox 233 1118 391 1170; x_wconf 88' lang='lat' dir='ltr'>mus,</span> <span class='ocrx_word' id='word_1_55' title='bbox 448 1101 695 1159; x_wconf 76' lang='lat' dir='ltr'>absolve</span> <span class='ocrx_word' id='word_1_56' title='bbox 739 1104 1011 1176; x_wconf 76' lang='lat' dir='ltr'>peccatis,</span> <span class='ocrx_word' id='word_1_57' title='bbox 1069 1108 1127 1160; x_wconf 89' lang='lat' dir='ltr'>et</span> <span class='ocrx_word' id='word_1_58' title='bbox 1189 1104 1544 1176; x_wconf 65' lang='lat' dir='ltr'>paenitentia:</span> <span class='ocrx_word' id='word_1_59' title='bbox 1605 1104 1880 1171; x_wconf 86' lang='lat' dir='ltr'>fructum,</span> 
     </span>
    </p>
   </div>
   <div class='ocr_carea' id='block_1_12' title="bbox 231 1190 1883 1265">
    <p class='ocr_par' dir='ltr' id='par_1_12' title="bbox 231 1190 1883 1265">
     <span class='ocr_line' id='line_1_12' title="bbox 231 1190 1883 1265; baseline -0.001 -17"><span class='ocrx_word' id='word_1_60' title='bbox 231 1207 412 1263; x_wconf 86' lang='lat' dir='ltr'>quem</span> <span class='ocrx_word' id='word_1_61' title='bbox 461 1190 734 1248; x_wconf 77' lang='lat' dir='ltr'>voluntas</span> <span class='ocrx_word' id='word_1_62' title='bbox 763 1209 965 1249; x_wconf 90' lang='lat' dir='ltr'>eorum</span> <span class='ocrx_word' id='word_1_63' title='bbox 1014 1193 1252 1264; x_wconf 89' lang='lat' dir='ltr'>optavit,</span> <span class='ocrx_word' id='word_1_64' title='bbox 1308 1193 1580 1265; x_wconf 81' lang='lat' dir='ltr'>praeventi</span> <span class='ocrx_word' id='word_1_65' title='bbox 1616 1192 1883 1248; x_wconf 88' lang='lat' dir='ltr'>mortali-</span> 
     </span>
    </p>
   </div>
   <div class='ocr_carea' id='block_1_13' title="bbox 228 1280 1879 1353">
    <p class='ocr_par' dir='ltr' id='par_1_13' title="bbox 228 1280 1879 1353">
     <span class='ocr_line' id='line_1_13' title="bbox 228 1280 1879 1353; baseline -0.001 -16"><span class='ocrx_word' id='word_1_66' title='bbox 228 1283 354 1337; x_wconf 86' lang='lat' dir='ltr'>tate</span> <span class='ocrx_word' id='word_1_67' title='bbox 405 1297 521 1337; x_wconf 91' lang='lat' dir='ltr'>non</span> <span class='ocrx_word' id='word_1_68' title='bbox 567 1281 833 1353; x_wconf 82' lang='lat' dir='ltr'>perdant.</span> <span class='ocrx_word' id='word_1_69' title='bbox 884 1282 1011 1337; x_wconf 90' lang='lat' dir='ltr'>Per.</span> <span class='ocrx_word' id='word_1_70' title='bbox 1062 1282 1297 1339; x_wconf 86' lang='lat' dir='ltr'>Secreta.</span> <span class='ocrx_word' id='word_1_71' title='bbox 1347 1281 1703 1337; x_wconf 89' lang='lat' dir='ltr'>Statisfaciat</span> <span class='ocrx_word' id='word_1_72' title='bbox 1751 1280 1879 1348; x_wconf 89' lang='lat' dir='ltr'>tibi,</span> 
     </span>
    </p>
   </div>
   <div class='ocr_carea' id='block_1_14' title="bbox 229 1368 1882 1441">
    <p class='ocr_par' dir='ltr' id='par_1_14' title="bbox 229 1368 1882 1441">
     <span class='ocr_line' id='line_1_14' title="bbox 229 1368 1882 1441; baseline -0.001 -15"><span class='ocrx_word' id='word_1_73' title='bbox 229 1368 496 1437; x_wconf 87' lang='lat' dir='ltr'>Domine,</span> <span class='ocrx_word' id='word_1_74' title='bbox 530 1386 635 1441; x_wconf 92' lang='lat' dir='ltr'>pro</span> <span class='ocrx_word' id='word_1_75' title='bbox 665 1370 981 1426; x_wconf 80' lang='lat' dir='ltr'>animabus</span> <span class='ocrx_word' id='word_1_76' title='bbox 1008 1370 1364 1426; x_wconf 86' lang='lat' dir='ltr'>famulorum</span> <span class='ocrx_word' id='word_1_77' title='bbox 1410 1369 1882 1441; x_wconf 87' lang='lat' dir='ltr'>famularumque</span> 
     </span>
    </p>
   </div>
   <div class='ocr_carea' id='block_1_15' title="bbox 231 1458 1881 1531">
    <p class='ocr_par' dir='ltr' id='par_1_15' title="bbox 231 1458 1881 1531">
     <span class='ocr_line' id='line_1_15' title="bbox 231 1458 1881 1531; baseline -0.001 -18"><span class='ocrx_word' id='word_1_78' title='bbox 231 1462 473 1514; x_wconf 90' lang='lat' dir='ltr'>tuarum</span> <span class='ocrx_word' id='word_1_79' title='bbox 502 1458 770 1514; x_wconf 88' lang='lat' dir='ltr'>sacriﬁcii</span> <span class='ocrx_word' id='word_1_80' title='bbox 801 1460 1105 1531; x_wconf 75' lang='lat' dir='ltr'>praesentis</span> <span class='ocrx_word' id='word_1_81' title='bbox 1147 1459 1383 1527; x_wconf 92' lang='lat' dir='ltr'>oblatio,</span> <span class='ocrx_word' id='word_1_82' title='bbox 1412 1463 1477 1513; x_wconf 90' lang='lat' dir='ltr'>ut</span> <span class='ocrx_word' id='word_1_83' title='bbox 1513 1463 1881 1530; x_wconf 78' lang='lat' dir='ltr'>peccatorum</span> 
     </span>
    </p>
   </div>
   <div class='ocr_carea' id='block_1_16' title="bbox 227 1546 1878 1620">
    <p class='ocr_par' dir='ltr' id='par_1_16' title="bbox 227 1546 1878 1620">
     <span class='ocr_line' id='line_1_16' title="bbox 227 1546 1878 1620; baseline -0.001 -18"><span class='ocrx_word' id='word_1_84' title='bbox 227 1547 488 1613; x_wconf 85' lang='lat' dir='ltr'>veniam,</span> <span class='ocrx_word' id='word_1_85' title='bbox 546 1564 722 1619; x_wconf 89' lang='lat' dir='ltr'>quam</span> <span class='ocrx_word' id='word_1_86' title='bbox 770 1548 1184 1620; x_wconf 67' lang='lat' dir='ltr'>quasiverunt,</span> <span class='ocrx_word' id='word_1_87' title='bbox 1234 1547 1551 1610; x_wconf 89' lang='lat' dir='ltr'>inveniant,</span> <span class='ocrx_word' id='word_1_88' title='bbox 1612 1550 1669 1602; x_wconf 92' lang='lat' dir='ltr'>et</span> <span class='ocrx_word' id='word_1_89' title='bbox 1725 1546 1878 1617; x_wconf 89' lang='lat' dir='ltr'>quod</span> 
     </span>
    </p>
   </div>
   <div class='ocr_carea' id='block_1_17' title="bbox 230 1635 1881 1709">
    <p class='ocr_par' dir='ltr' id='par_1_17' title="bbox 230 1635 1881 1709">
     <span class='ocr_line' id='line_1_17' title="bbox 230 1635 1881 1709; baseline -0.002 -17"><span class='ocrx_word' id='word_1_90' title='bbox 230 1636 428 1693; x_wconf 85' lang='lat' dir='ltr'>ofﬁcio</span> <span class='ocrx_word' id='word_1_91' title='bbox 457 1635 671 1708; x_wconf 76' lang='lat' dir='ltr'>linguae</span> <span class='ocrx_word' id='word_1_92' title='bbox 722 1636 966 1708; x_wconf 89' lang='lat' dir='ltr'>implere</span> <span class='ocrx_word' id='word_1_93' title='bbox 998 1654 1115 1692; x_wconf 90' lang='lat' dir='ltr'>non</span> <span class='ocrx_word' id='word_1_94' title='bbox 1160 1639 1496 1709; x_wconf 91' lang='lat' dir='ltr'>potuerunt,</span> <span class='ocrx_word' id='word_1_95' title='bbox 1545 1635 1881 1691; x_wconf 62' lang='lat' dir='ltr'>desiderata</span> 
     </span>
    </p>
   </div>
   <div class='ocr_carea' id='block_1_18' title="bbox 230 1723 1884 1798">
    <p class='ocr_par' dir='ltr' id='par_1_18' title="bbox 230 1723 1884 1798">
     <span class='ocr_line' id='line_1_18' title="bbox 230 1723 1884 1798; baseline -0.001 -17"><span class='ocrx_word' id='word_1_96' title='bbox 230 1723 588 1798; x_wconf 67' lang='lat' dir='ltr'>paenitentiae</span> <span class='ocrx_word' id='word_1_97' title='bbox 607 1726 1088 1798; x_wconf 83' lang='lat' dir='ltr'>compensatione</span> <span class='ocrx_word' id='word_1_98' title='bbox 1109 1724 1453 1798; x_wconf 82' lang='lat' dir='ltr'>percipiant.</span> <span class='ocrx_word' id='word_1_99' title='bbox 1480 1725 1604 1779; x_wconf 92' lang='lat' dir='ltr'>Per.</span> <span class='ocrx_word' id='word_1_100' title='bbox 1638 1724 1715 1779; x_wconf 88' lang='lat' dir='ltr'>Ad</span> <span class='ocrx_word' id='word_1_101' title='bbox 1745 1739 1884 1779; x_wconf 84' lang='lat' dir='ltr'>com-</span> 
     </span>
    </p>
   </div>
   <div class='ocr_carea' id='block_1_19' title="bbox 228 1812 1880 1887">
    <p class='ocr_par' dir='ltr' id='par_1_19' title="bbox 228 1812 1880 1887">
     <span class='ocr_line' id='line_1_19' title="bbox 228 1812 1880 1887; baseline -0.002 -18"><span class='ocrx_word' id='word_1_102' title='bbox 228 1815 568 1870; x_wconf 81' lang='lat' dir='ltr'>munionem.</span> <span class='ocrx_word' id='word_1_103' title='bbox 606 1818 776 1882; x_wconf 91' lang='lat' dir='ltr'>Deus,</span> <span class='ocrx_word' id='word_1_104' title='bbox 811 1832 845 1870; x_wconf 91' lang='lat' dir='ltr'>a</span> <span class='ocrx_word' id='word_1_105' title='bbox 875 1831 992 1887; x_wconf 92' lang='lat' dir='ltr'>quo</span> <span class='ocrx_word' id='word_1_106' title='bbox 1025 1819 1294 1887; x_wconf 88' lang='lat' dir='ltr'>speratur</span> <span class='ocrx_word' id='word_1_107' title='bbox 1313 1812 1557 1870; x_wconf 86' lang='lat' dir='ltr'>humani</span> <span class='ocrx_word' id='word_1_108' title='bbox 1588 1812 1880 1869; x_wconf 89' lang='lat' dir='ltr'>commodi</span> 
     </span>
    </p>
   </div>
   <div class='ocr_carea' id='block_1_20' title="bbox 230 1901 1885 1975">
    <p class='ocr_par' dir='ltr' id='par_1_20' title="bbox 230 1901 1885 1975">
     <span class='ocr_line' id='line_1_20' title="bbox 230 1901 1885 1975; baseline -0.003 -16"><span class='ocrx_word' id='word_1_109' title='bbox 230 1919 410 1959; x_wconf 90' lang='lat' dir='ltr'>omne</span> <span class='ocrx_word' id='word_1_110' title='bbox 439 1904 593 1975; x_wconf 84' lang='lat' dir='ltr'>quod</span> <span class='ocrx_word' id='word_1_111' title='bbox 621 1903 842 1959; x_wconf 90' lang='lat' dir='ltr'>bonum</span> <span class='ocrx_word' id='word_1_112' title='bbox 872 1907 981 1969; x_wconf 87' lang='lat' dir='ltr'>est,</span> <span class='ocrx_word' id='word_1_113' title='bbox 1012 1902 1223 1969; x_wconf 89' lang='lat' dir='ltr'>tribue,</span> <span class='ocrx_word' id='word_1_114' title='bbox 1254 1919 1357 1974; x_wconf 91' lang='lat' dir='ltr'>per</span> <span class='ocrx_word' id='word_1_115' title='bbox 1384 1901 1506 1957; x_wconf 71' lang='lat' dir='ltr'>haec</span> <span class='ocrx_word' id='word_1_116' title='bbox 1538 1905 1739 1956; x_wconf 89' lang='lat' dir='ltr'>sancta</span> <span class='ocrx_word' id='word_1_117' title='bbox 1758 1917 1885 1972; x_wconf 65' lang='lat' dir='ltr'>quas</span> 
     </span>
    </p>
   </div>
   <div class='ocr_carea' id='block_1_21' title="bbox 212 1988 1887 2065">
    <p class='ocr_par' dir='ltr' id='par_1_21' title="bbox 212 1988 1887 2065">
     <span class='ocr_line' id='line_1_21' title="bbox 212 1988 1887 2065; baseline -0.004 -15"><span class='ocrx_word' id='word_1_118' title='bbox 212 1992 626 2065; x_wconf 73' lang='lat' dir='ltr'>sumpsimus,</span> <span class='ocrx_word' id='word_1_119' title='bbox 651 1996 734 2062; x_wconf 90' lang='lat' dir='ltr'>ut,</span> <span class='ocrx_word' id='word_1_120' title='bbox 763 1992 915 2047; x_wconf 89' lang='lat' dir='ltr'>sicut</span> <span class='ocrx_word' id='word_1_121' title='bbox 929 1990 1238 2047; x_wconf 87' lang='lat' dir='ltr'>animabus</span> <span class='ocrx_word' id='word_1_122' title='bbox 1256 1990 1610 2046; x_wconf 86' lang='lat' dir='ltr'>famulorum</span> <span class='ocrx_word' id='word_1_123' title='bbox 1644 1988 1887 2044; x_wconf 88' lang='lat' dir='ltr'>famula-</span> 
     </span>
    </p>
   </div>
   <div class='ocr_carea' id='block_1_22' title="bbox 231 2077 1883 2153">
    <p class='ocr_par' dir='ltr' id='par_1_22' title="bbox 231 2077 1883 2153">
     <span class='ocr_line' id='line_1_22' title="bbox 231 2077 1883 2153; baseline -0.003 -16"><span class='ocrx_word' id='word_1_124' title='bbox 231 2097 489 2153; x_wconf 86' lang='lat' dir='ltr'>rumque</span> <span class='ocrx_word' id='word_1_125' title='bbox 516 2085 753 2137; x_wconf 89' lang='lat' dir='ltr'>tuarum</span> <span class='ocrx_word' id='word_1_126' title='bbox 786 2080 1138 2153; x_wconf 73' lang='lat' dir='ltr'>pmnitentiae</span> <span class='ocrx_word' id='word_1_127' title='bbox 1172 2082 1423 2136; x_wconf 82' lang='lat' dir='ltr'>fructum</span> <span class='ocrx_word' id='word_1_128' title='bbox 1454 2077 1599 2135; x_wconf 91' lang='lat' dir='ltr'>velle</span> <span class='ocrx_word' id='word_1_129' title='bbox 1630 2077 1883 2146; x_wconf 87' lang='lat' dir='ltr'>donasti,</span> 
     </span>
    </p>
   </div>
   <div class='ocr_carea' id='block_1_23' title="bbox 231 2166 1850 2242">
    <p class='ocr_par' dir='ltr' id='par_1_23' title="bbox 231 2166 1850 2242">
     <span class='ocr_line' id='line_1_23' title="bbox 231 2166 1850 2242; baseline -0.004 -15"><span class='ocrx_word' id='word_1_130' title='bbox 231 2169 319 2227; x_wconf 89' lang='lat' dir='ltr'>sic</span> <span class='ocrx_word' id='word_1_131' title='bbox 353 2168 782 2242; x_wconf 86' lang='lat' dir='ltr'>indulgentiam</span> <span class='ocrx_word' id='word_1_132' title='bbox 813 2170 1041 2226; x_wconf 89' lang='lat' dir='ltr'>tribuas</span> <span class='ocrx_word' id='word_1_133' title='bbox 1070 2170 1385 2225; x_wconf 85' lang='lat' dir='ltr'>miseratus</span> <span class='ocrx_word' id='word_1_134' title='bbox 1415 2171 1692 2240; x_wconf 81' lang='lat' dir='ltr'>optatam.</span> <span class='ocrx_word' id='word_1_135' title='bbox 1725 2166 1850 2221; x_wconf 88' lang='lat' dir='ltr'>Per.</span> 
     </span>
    </p>
   </div>
   <div class='ocr_carea' id='block_1_24' title="bbox 792 2274 1332 2315">
    <p class='ocr_par' dir='ltr' id='par_1_24' title="bbox 792 2274 1332 2315">
     <span class='ocr_line' id='line_1_24' title="bbox 792 2274 1332 2315; baseline 0 -2"><span class='ocrx_word' id='word_1_136' title='bbox 792 2275 964 2315; x_wconf 75' lang='lat' dir='ltr'>MISSA</span> <span class='ocrx_word' id='word_1_137' title='bbox 1003 2274 1332 2314; x_wconf 76' lang='lat' dir='ltr'>GENERALIS.</span> 
     </span>
    </p>
   </div>
   <div class='ocr_carea' id='block_1_25' title="bbox 306 2345 1888 2417">
    <p class='ocr_par' dir='ltr' id='par_1_25' title="bbox 306 2345 1888 2417">
     <span class='ocr_line' id='line_1_25' title="bbox 306 2345 1888 2417; baseline -0.003 -13"><span class='ocrx_word' id='word_1_138' title='bbox 306 2348 512 2404; x_wconf 81' lang='lat' dir='ltr'>Oratio.</span> <span class='ocrx_word' id='word_1_139' title='bbox 537 2348 884 2403; x_wconf 89' lang='lat' dir='ltr'>Sanctorum</span> <span class='ocrx_word' id='word_1_140' title='bbox 904 2351 1139 2403; x_wconf 86' lang='lat' dir='ltr'>tuorum</span> <span class='ocrx_word' id='word_1_141' title='bbox 1168 2345 1703 2410; x_wconf 81' lang='lat' dir='ltr'>intercessionibus,</span> <span class='ocrx_word' id='word_1_142' title='bbox 1735 2361 1888 2417; x_wconf 81' lang='lat' dir='ltr'>quae-</span> 
     </span>
    </p>
   </div>
   <div class='ocr_carea' id='block_1_26' title="bbox 238 2432 1889 2508">
    <p class='ocr_par' dir='ltr' id='par_1_26' title="bbox 238 2432 1889 2508">
     <span class='ocr_line' id='line_1_26' title="bbox 238 2432 1889 2508; baseline -0.003 -15"><span class='ocrx_word' id='word_1_143' title='bbox 238 2452 478 2496; x_wconf 86' lang='lat' dir='ltr'>sumus.</span> <span class='ocrx_word' id='word_1_144' title='bbox 514 2435 779 2501; x_wconf 88' lang='lat' dir='ltr'>Domine,</span> <span class='ocrx_word' id='word_1_145' title='bbox 811 2436 1120 2508; x_wconf 85' lang='lat' dir='ltr'>gratiatua</span> <span class='ocrx_word' id='word_1_146' title='bbox 1142 2451 1246 2490; x_wconf 92' lang='lat' dir='ltr'>nos</span> <span class='ocrx_word' id='word_1_147' title='bbox 1278 2439 1535 2505; x_wconf 87' lang='lat' dir='ltr'>protege,</span> <span class='ocrx_word' id='word_1_148' title='bbox 1568 2439 1624 2488; x_wconf 89' lang='lat' dir='ltr'>et</span> <span class='ocrx_word' id='word_1_149' title='bbox 1656 2432 1889 2488; x_wconf 81' lang='lat' dir='ltr'>famulis</span> 
     </span>
    </p>
   </div>
   <div class='ocr_carea' id='block_1_27' title="bbox 237 2521 1890 2597">
    <p class='ocr_par' dir='ltr' id='par_1_27' title="bbox 237 2521 1890 2597">
     <span class='ocr_line' id='line_1_27' title="bbox 237 2521 1890 2597; baseline -0.003 -17"><span class='ocrx_word' id='word_1_150' title='bbox 237 2530 298 2581; x_wconf 86' lang='lat' dir='ltr'>et</span> <span class='ocrx_word' id='word_1_151' title='bbox 328 2523 665 2581; x_wconf 84' lang='lat' dir='ltr'>famulabus</span> <span class='ocrx_word' id='word_1_152' title='bbox 693 2524 831 2591; x_wconf 83' lang='lat' dir='ltr'>tuis,</span> <span class='ocrx_word' id='word_1_153' title='bbox 865 2540 1114 2597; x_wconf 90' lang='lat' dir='ltr'>quorum</span> <span class='ocrx_word' id='word_1_154' title='bbox 1137 2523 1750 2579; x_wconf 80' lang='lat' dir='ltr'>commemorationem</span> <span class='ocrx_word' id='word_1_155' title='bbox 1774 2521 1890 2594; x_wconf 86' lang='lat' dir='ltr'>agi-</span> 
     </span>
    </p>
   </div>
   <div class='ocr_carea' id='block_1_28' title="bbox 233 2611 1885 2685">
    <p class='ocr_par' dir='ltr' id='par_1_28' title="bbox 233 2611 1885 2685">
     <span class='ocr_line' id='line_1_28' title="bbox 233 2611 1885 2685; baseline -0.002 -16"><span class='ocrx_word' id='word_1_156' title='bbox 233 2617 470 2680; x_wconf 82' lang='lat' dir='ltr'>mus,et</span> <span class='ocrx_word' id='word_1_157' title='bbox 491 2629 740 2685; x_wconf 88' lang='lat' dir='ltr'>quorum</span> <span class='ocrx_word' id='word_1_158' title='bbox 770 2612 1172 2685; x_wconf 77' lang='lat' dir='ltr'>eleemosynas</span> <span class='ocrx_word' id='word_1_159' title='bbox 1195 2613 1541 2685; x_wconf 79' lang='lat' dir='ltr'>recepimus,</span> <span class='ocrx_word' id='word_1_160' title='bbox 1575 2628 1676 2666; x_wconf 83' lang='lat' dir='ltr'>seu</span> <span class='ocrx_word' id='word_1_161' title='bbox 1711 2611 1885 2665; x_wconf 89' lang='lat' dir='ltr'>etiam</span> 
     </span>
    </p>
   </div>
   <div class='ocr_carea' id='block_1_29' title="bbox 232 2700 1889 2774">
    <p class='ocr_par' dir='ltr' id='par_1_29' title="bbox 232 2700 1889 2774">
     <span class='ocr_line' id='line_1_29' title="bbox 232 2700 1889 2774; baseline -0.002 -16"><span class='ocrx_word' id='word_1_162' title='bbox 232 2701 307 2758; x_wconf 85' lang='lat' dir='ltr'>iis</span> <span class='ocrx_word' id='word_1_163' title='bbox 328 2701 430 2774; x_wconf 87' lang='lat' dir='ltr'>qui</span> <span class='ocrx_word' id='word_1_164' title='bbox 461 2700 634 2757; x_wconf 88' lang='lat' dir='ltr'>nobis</span> <span class='ocrx_word' id='word_1_165' title='bbox 658 2700 1056 2757; x_wconf 88' lang='lat' dir='ltr'>familiaritate</span> <span class='ocrx_word' id='word_1_166' title='bbox 1072 2701 1157 2757; x_wconf 87' lang='lat' dir='ltr'>vel</span> <span class='ocrx_word' id='word_1_167' title='bbox 1179 2700 1889 2773; x_wconf 84' lang='lat' dir='ltr'>consanguinitaicjuncti</span> 
     </span>
    </p>
   </div>
   <div class='ocr_carea' id='block_1_30' title="bbox 234 2786 1889 2859">
    <p class='ocr_par' dir='ltr' id='par_1_30' title="bbox 234 2786 1889 2859">
     <span class='ocr_line' id='line_1_30' title="bbox 234 2786 1889 2859; baseline 0.001 -18"><span class='ocrx_word' id='word_1_168' title='bbox 234 2792 405 2853; x_wconf 84' lang='lat' dir='ltr'>sunt,</span> <span class='ocrx_word' id='word_1_169' title='bbox 434 2786 897 2843; x_wconf 86' lang='lat' dir='ltr'>misericordiam</span> <span class='ocrx_word' id='word_1_170' title='bbox 930 2791 1090 2843; x_wconf 89' lang='lat' dir='ltr'>tuam</span> <span class='ocrx_word' id='word_1_171' title='bbox 1130 2788 1347 2859; x_wconf 85' lang='lat' dir='ltr'>ubique</span> <span class='ocrx_word' id='word_1_172' title='bbox 1380 2788 1688 2859; x_wconf 62' lang='lat' dir='ltr'>praetende,</span> <span class='ocrx_word' id='word_1_173' title='bbox 1724 2791 1788 2842; x_wconf 91' lang='lat' dir='ltr'>ut</span> <span class='ocrx_word' id='word_1_174' title='bbox 1817 2787 1889 2842; x_wconf 89' lang='lat' dir='ltr'>ab</span> 
     </span>
    </p>
   </div>
   <div class='ocr_carea' id='block_1_31' title="bbox 233 2874 1887 2948">
    <p class='ocr_par' dir='ltr' id='par_1_31' title="bbox 233 2874 1887 2948">
     <span class='ocr_line' id='line_1_31' title="bbox 233 2874 1887 2948; baseline -0.001 -17"><span class='ocrx_word' id='word_1_175' title='bbox 233 2876 668 2948; x_wconf 85' lang='lat' dir='ltr'>impugnationi</span> <span class='ocrx_word' id='word_1_176' title='bbox 679 2877 786 2931; x_wconf 89' lang='lat' dir='ltr'>bus</span> <span class='ocrx_word' id='word_1_177' title='bbox 809 2874 1032 2931; x_wconf 77' lang='lat' dir='ltr'>defensi</span> <span class='ocrx_word' id='word_1_178' title='bbox 1058 2876 1551 2948; x_wconf 85' lang='lat' dir='ltr'>tuaOpitulatione</span> <span class='ocrx_word' id='word_1_179' title='bbox 1570 2875 1887 2942; x_wconf 89' lang='lat' dir='ltr'>salventur,</span> 
     </span>
    </p>
   </div>
   <div class='ocr_carea' id='block_1_32' title="bbox 235 2964 1890 3037">
    <p class='ocr_par' dir='ltr' id='par_1_32' title="bbox 235 2964 1890 3037">
     <span class='ocr_line' id='line_1_32' title="bbox 235 2964 1890 3037; baseline -0.002 -16"><span class='ocrx_word' id='word_1_180' title='bbox 235 2969 297 3021; x_wconf 90' lang='lat' dir='ltr'>et</span> <span class='ocrx_word' id='word_1_181' title='bbox 329 2965 560 3021; x_wconf 89' lang='lat' dir='ltr'>animas</span> <span class='ocrx_word' id='word_1_182' title='bbox 590 2964 945 3021; x_wconf 89' lang='lat' dir='ltr'>famulorum</span> <span class='ocrx_word' id='word_1_183' title='bbox 979 2964 1450 3037; x_wconf 84' lang='lat' dir='ltr'>famularumque</span> <span class='ocrx_word' id='word_1_184' title='bbox 1480 2970 1737 3031; x_wconf 88' lang='lat' dir='ltr'>tuarum,</span> <span class='ocrx_word' id='word_1_185' title='bbox 1766 2980 1890 3019; x_wconf 90' lang='lat' dir='ltr'>om-</span> 
     </span>
    </p>
   </div>
   <div class='ocr_carea' id='block_1_33' title="bbox 236 3052 1889 3120">
    <p class='ocr_par' dir='ltr' id='par_1_33' title="bbox 236 3052 1889 3120">
     <span class='ocr_line' id='line_1_33' title="bbox 236 3052 1889 3120; baseline -0.001 -11"><span class='ocrx_word' id='word_1_186' title='bbox 236 3054 404 3109; x_wconf 89' lang='lat' dir='ltr'>nium</span> <span class='ocrx_word' id='word_1_187' title='bbox 419 3052 683 3110; x_wconf 89' lang='lat' dir='ltr'>videlicet</span> <span class='ocrx_word' id='word_1_188' title='bbox 704 3053 962 3109; x_wconf 78' lang='lat' dir='ltr'>ﬁdelium</span> <span class='ocrx_word' id='word_1_189' title='bbox 976 3053 1393 3110; x_wconf 87' lang='lat' dir='ltr'>catholicorum</span> <span class='ocrx_word' id='word_1_190' title='bbox 1413 3054 1889 3120; x_wconf 83' lang='lat' dir='ltr'>orthodoxorum,</span> 
     </span>
    </p>
   </div>
   <div class='ocr_carea' id='block_1_34' title="bbox 236 3142 1889 3215">
    <p class='ocr_par' dir='ltr' id='par_1_34' title="bbox 236 3142 1889 3215">
     <span class='ocr_line' id='line_1_34' title="bbox 236 3142 1889 3215; baseline -0.001 -17"><span class='ocrx_word' id='word_1_191' title='bbox 236 3159 494 3215; x_wconf 90' lang='lat' dir='ltr'>quorum</span> <span class='ocrx_word' id='word_1_192' title='bbox 513 3143 1128 3198; x_wconf 88' lang='lat' dir='ltr'>commemorationem</span> <span class='ocrx_word' id='word_1_193' title='bbox 1148 3142 1397 3215; x_wconf 85' lang='lat' dir='ltr'>agimus,</span> <span class='ocrx_word' id='word_1_194' title='bbox 1419 3147 1475 3198; x_wconf 88' lang='lat' dir='ltr'>et</span> <span class='ocrx_word' id='word_1_195' title='bbox 1495 3159 1742 3214; x_wconf 90' lang='lat' dir='ltr'>quorum</span> <span class='ocrx_word' id='word_1_196' title='bbox 1764 3158 1889 3197; x_wconf 89' lang='lat' dir='ltr'>cor-</span> 
     </span>
    </p>
   </div>
   <div class='ocr_carea' id='block_1_35' title="bbox 233 3216 1959 3304">
    <p class='ocr_par' dir='ltr' id='par_1_35' title="bbox 233 3216 1959 3304">
     <span class='ocr_line' id='line_1_35' title="bbox 233 3216 1959 3304; baseline -0.003 -19"><span class='ocrx_word' id='word_1_197' title='bbox 233 3248 383 3304; x_wconf 90' lang='lat' dir='ltr'>pora</span> <span class='ocrx_word' id='word_1_198' title='bbox 411 3231 470 3286; x_wconf 89' lang='lat' dir='ltr'>in</span> <span class='ocrx_word' id='word_1_199' title='bbox 499 3231 611 3287; x_wconf 90' lang='lat' dir='ltr'>hoc</span> <span class='ocrx_word' id='word_1_200' title='bbox 640 3235 697 3287; x_wconf 89' lang='lat' dir='ltr'>et</span> <span class='ocrx_word' id='word_1_201' title='bbox 725 3232 781 3286; x_wconf 89' lang='lat' dir='ltr'>in</span> <span class='ocrx_word' id='word_1_202' title='bbox 834 3231 1061 3287; x_wconf 88' lang='lat' dir='ltr'>cunctis</span> <span class='ocrx_word' id='word_1_203' title='bbox 1111 3231 1455 3287; x_wconf 78' lang='lat' dir='ltr'>cmmeteriis</span> <span class='ocrx_word' id='word_1_204' title='bbox 1503 3230 1765 3286; x_wconf 90' lang='lat' dir='ltr'>ﬁdelium</span> <span class='ocrx_word' id='word_1_205' title='bbox 1798 3247 1884 3286; x_wconf 86' lang='lat' dir='ltr'>re-</span> <span class='ocrx_word' id='word_1_206' title='bbox 1916 3216 1959 3280; x_wconf 87' lang='lat' dir='ltr'>C</span> 
     </span>
    </p>
   </div>
   <div class='ocr_carea' id='block_1_36' title="bbox 229 3318 1888 3392">
    <p class='ocr_par' dir='ltr' id='par_1_36' title="bbox 229 3318 1888 3392">
     <span class='ocr_line' id='line_1_36' title="bbox 229 3318 1888 3392; baseline 0 -17"><span class='ocrx_word' id='word_1_207' title='bbox 229 3320 573 3392; x_wconf 90' lang='lat' dir='ltr'>quiescunt,</span> <span class='ocrx_word' id='word_1_208' title='bbox 592 3323 650 3377; x_wconf 89' lang='lat' dir='ltr'>et</span> <span class='ocrx_word' id='word_1_209' title='bbox 678 3336 929 3392; x_wconf 90' lang='lat' dir='ltr'>quorum</span> <span class='ocrx_word' id='word_1_210' title='bbox 952 3320 1191 3376; x_wconf 90' lang='lat' dir='ltr'>nomina</span> <span class='ocrx_word' id='word_1_211' title='bbox 1213 3336 1386 3391; x_wconf 85' lang='lat' dir='ltr'>super</span> <span class='ocrx_word' id='word_1_212' title='bbox 1416 3325 1687 3375; x_wconf 90' lang='lat' dir='ltr'>sanctum</span> <span class='ocrx_word' id='word_1_213' title='bbox 1706 3318 1888 3375; x_wconf 89' lang='lat' dir='ltr'>altare</span> 
     </span>
    </p>
   </div>
   <div class='ocr_carea' id='block_1_37' title="bbox 226 3409 1885 3482">
    <p class='ocr_par' dir='ltr' id='par_1_37' title="bbox 226 3409 1885 3482">
     <span class='ocr_line' id='line_1_37' title="bbox 226 3409 1885 3482; baseline -0.002 -17"><span class='ocrx_word' id='word_1_214' title='bbox 226 3415 404 3465; x_wconf 89' lang='lat' dir='ltr'>tuum</span> <span class='ocrx_word' id='word_1_215' title='bbox 435 3409 655 3482; x_wconf 88' lang='lat' dir='ltr'>scripta</span> <span class='ocrx_word' id='word_1_216' title='bbox 701 3411 905 3466; x_wconf 89' lang='lat' dir='ltr'>adesse</span> <span class='ocrx_word' id='word_1_217' title='bbox 944 3409 1236 3476; x_wconf 83' lang='lat' dir='ltr'>videntur,</span> <span class='ocrx_word' id='word_1_218' title='bbox 1283 3409 1601 3465; x_wconf 88' lang='lat' dir='ltr'>electorum</span> <span class='ocrx_word' id='word_1_219' title='bbox 1646 3413 1885 3463; x_wconf 87' lang='lat' dir='ltr'>tuorum</span> 
     </span>
    </p>
   </div>
   <div class='ocr_carea' id='block_1_38' title="bbox 217 3496 1883 3571">
    <p class='ocr_par' dir='ltr' id='par_1_38' title="bbox 217 3496 1883 3571">
     <span class='ocr_line' id='line_1_38' title="bbox 217 3496 1883 3571; baseline -0.002 -18"><span class='ocrx_word' id='word_1_220' title='bbox 217 3498 479 3571; x_wconf 85' lang='lat' dir='ltr'>jungere</span> <span class='ocrx_word' id='word_1_221' title='bbox 527 3497 787 3570; x_wconf 88' lang='lat' dir='ltr'>digneris</span> <span class='ocrx_word' id='word_1_222' title='bbox 836 3498 1148 3555; x_wconf 90' lang='lat' dir='ltr'>consortio.</span> <span class='ocrx_word' id='word_1_223' title='bbox 1199 3498 1326 3553; x_wconf 87' lang='lat' dir='ltr'>Per.</span> <span class='ocrx_word' id='word_1_224' title='bbox 1386 3499 1625 3553; x_wconf 77' lang='lat' dir='ltr'>Secreta.</span> <span class='ocrx_word' id='word_1_225' title='bbox 1684 3496 1883 3568; x_wconf 89' lang='lat' dir='ltr'>Pr0pi-</span> 
     </span>
    </p>
   </div>
   <div class='ocr_carea' id='block_1_39' title="bbox 228 3585 1887 3659">
    <p class='ocr_par' dir='ltr' id='par_1_39' title="bbox 228 3585 1887 3659">
     <span class='ocr_line' id='line_1_39' title="bbox 228 3585 1887 3659; baseline -0.002 -16"><span class='ocrx_word' id='word_1_226' title='bbox 228 3588 400 3651; x_wconf 86' lang='lat' dir='ltr'>tiare,</span> <span class='ocrx_word' id='word_1_227' title='bbox 460 3587 722 3651; x_wconf 90' lang='lat' dir='ltr'>Domine,</span> <span class='ocrx_word' id='word_1_228' title='bbox 773 3587 1300 3659; x_wconf 83' lang='lat' dir='ltr'>supplicationibus</span> <span class='ocrx_word' id='word_1_229' title='bbox 1368 3586 1606 3652; x_wconf 87' lang='lat' dir='ltr'>nostris,</span> <span class='ocrx_word' id='word_1_230' title='bbox 1668 3590 1725 3639; x_wconf 88' lang='lat' dir='ltr'>et</span> <span class='ocrx_word' id='word_1_231' title='bbox 1781 3585 1887 3640; x_wconf 91' lang='lat' dir='ltr'>has</span> 
     </span>
    </p>
   </div>
   <div class='ocr_carea' id='block_1_40' title="bbox 230 3673 1888 3747">
    <p class='ocr_par' dir='ltr' id='par_1_40' title="bbox 230 3673 1888 3747">
     <span class='ocr_line' id='line_1_40' title="bbox 230 3673 1888 3747; baseline -0.002 -16"><span class='ocrx_word' id='word_1_232' title='bbox 230 3674 578 3743; x_wconf 83' lang='lat' dir='ltr'>oblationes,</span> <span class='ocrx_word' id='word_1_233' title='bbox 599 3692 745 3747; x_wconf 90' lang='lat' dir='ltr'>quas</span> <span class='ocrx_word' id='word_1_234' title='bbox 769 3692 870 3747; x_wconf 89' lang='lat' dir='ltr'>pro</span> <span class='ocrx_word' id='word_1_235' title='bbox 895 3675 1295 3731; x_wconf 84' lang='lat' dir='ltr'>incolumitate</span> <span class='ocrx_word' id='word_1_236' title='bbox 1318 3673 1672 3730; x_wconf 88' lang='lat' dir='ltr'>famulorum</span> <span class='ocrx_word' id='word_1_237' title='bbox 1705 3675 1888 3729; x_wconf 85' lang='lat' dir='ltr'>famu-</span> 
     </span>
    </p>
   </div>
   <div class='ocr_carea' id='block_1_41' title="bbox 226 3761 1886 3835">
    <p class='ocr_par' dir='ltr' id='par_1_41' title="bbox 226 3761 1886 3835">
     <span class='ocr_line' id='line_1_41' title="bbox 226 3761 1886 3835; baseline -0.001 -18"><span class='ocrx_word' id='word_1_238' title='bbox 226 3761 545 3834; x_wconf 90' lang='lat' dir='ltr'>larumque</span> <span class='ocrx_word' id='word_1_239' title='bbox 570 3767 826 3827; x_wconf 90' lang='lat' dir='ltr'>tuarum,</span> <span class='ocrx_word' id='word_1_240' title='bbox 871 3768 927 3819; x_wconf 90' lang='lat' dir='ltr'>et</span> <span class='ocrx_word' id='word_1_241' title='bbox 967 3780 1070 3835; x_wconf 90' lang='lat' dir='ltr'>pro</span> <span class='ocrx_word' id='word_1_242' title='bbox 1102 3763 1415 3819; x_wconf 89' lang='lat' dir='ltr'>animabus</span> <span class='ocrx_word' id='word_1_243' title='bbox 1446 3763 1708 3818; x_wconf 90' lang='lat' dir='ltr'>omnium</span> <span class='ocrx_word' id='word_1_244' title='bbox 1742 3761 1886 3816; x_wconf 88' lang='lat' dir='ltr'>ﬁde-</span> 
     </span>
    </p>
   </div>
   <div class='ocr_carea' id='block_1_42' title="bbox 230 3849 1888 3923">
    <p class='ocr_par' dir='ltr' id='par_1_42' title="bbox 230 3849 1888 3923">
     <span class='ocr_line' id='line_1_42' title="bbox 230 3849 1888 3923; baseline -0.001 -17"><span class='ocrx_word' id='word_1_245' title='bbox 230 3851 382 3907; x_wconf 92' lang='lat' dir='ltr'>lium</span> <span class='ocrx_word' id='word_1_246' title='bbox 398 3850 803 3906; x_wconf 84' lang='lat' dir='ltr'>defunctorum</span> <span class='ocrx_word' id='word_1_247' title='bbox 823 3851 1624 3923; x_wconf 83' lang='lat' dir='ltr'>orthodoxorum,etquorum</span> <span class='ocrx_word' id='word_1_248' title='bbox 1648 3849 1888 3906; x_wconf 90' lang='lat' dir='ltr'>nomina</span> 
     </span>
    </p>
   </div>
   <div class='ocr_carea' id='block_1_43' title="bbox 229 3938 1884 4013">
    <p class='ocr_par' dir='ltr' id='par_1_43' title="bbox 229 3938 1884 4013">
     <span class='ocr_line' id='line_1_43' title="bbox 229 3938 1884 4013; baseline -0.001 -18"><span class='ocrx_word' id='word_1_249' title='bbox 229 3956 414 4013; x_wconf 89' lang='lat' dir='ltr'>super</span> <span class='ocrx_word' id='word_1_250' title='bbox 442 3943 710 3995; x_wconf 89' lang='lat' dir='ltr'>sanctum</span> <span class='ocrx_word' id='word_1_251' title='bbox 734 3938 915 3994; x_wconf 88' lang='lat' dir='ltr'>altare</span> <span class='ocrx_word' id='word_1_252' title='bbox 937 3943 1105 3994; x_wconf 88' lang='lat' dir='ltr'>tuum</span> <span class='ocrx_word' id='word_1_253' title='bbox 1131 3939 1349 4011; x_wconf 88' lang='lat' dir='ltr'>scripta</span> <span class='ocrx_word' id='word_1_254' title='bbox 1375 3940 1575 3994; x_wconf 92' lang='lat' dir='ltr'>adesse</span> <span class='ocrx_word' id='word_1_255' title='bbox 1596 3938 1884 4006; x_wconf 85' lang='lat' dir='ltr'>videntur,</span> 
     </span>
    </p>
   </div>
   <div class='ocr_carea' id='block_1_44' title="bbox 229 4026 1888 4098">
    <p class='ocr_par' dir='ltr' id='par_1_44' title="bbox 229 4026 1888 4098">
     <span class='ocr_line' id='line_1_44' title="bbox 229 4026 1888 4098; baseline -0.002 -14"><span class='ocrx_word' id='word_1_256' title='bbox 229 4027 459 4084; x_wconf 91' lang='lat' dir='ltr'>nomini</span> <span class='ocrx_word' id='word_1_257' title='bbox 491 4032 591 4084; x_wconf 91' lang='lat' dir='ltr'>tuo</span> <span class='ocrx_word' id='word_1_258' title='bbox 615 4029 1065 4092; x_wconf 79' lang='lat' dir='ltr'>consecrandas,</span> <span class='ocrx_word' id='word_1_259' title='bbox 1098 4027 1435 4093; x_wconf 84' lang='lat' dir='ltr'>deferimus,</span> <span class='ocrx_word' id='word_1_260' title='bbox 1485 4026 1777 4098; x_wconf 87' lang='lat' dir='ltr'>benignus</span> <span class='ocrx_word' id='word_1_261' title='bbox 1800 4043 1888 4081; x_wconf 89' lang='lat' dir='ltr'>as-</span> 
     </span>
    </p>
   </div>
   <div class='ocr_carea' id='block_1_45' title="bbox 229 4114 1885 4188">
    <p class='ocr_par' dir='ltr' id='par_1_45' title="bbox 229 4114 1885 4188">
     <span class='ocr_line' id='line_1_45' title="bbox 229 4114 1885 4188; baseline -0.002 -16"><span class='ocrx_word' id='word_1_262' title='bbox 229 4133 424 4181; x_wconf 88' lang='lat' dir='ltr'>sume,</span> <span class='ocrx_word' id='word_1_263' title='bbox 458 4119 522 4170; x_wconf 90' lang='lat' dir='ltr'>ut</span> <span class='ocrx_word' id='word_1_264' title='bbox 547 4116 815 4170; x_wconf 88' lang='lat' dir='ltr'>sacriﬁcii</span> <span class='ocrx_word' id='word_1_265' title='bbox 841 4115 1145 4187; x_wconf 73' lang='lat' dir='ltr'>praesentis</span> <span class='ocrx_word' id='word_1_266' title='bbox 1169 4114 1385 4171; x_wconf 89' lang='lat' dir='ltr'>oblatio</span> <span class='ocrx_word' id='word_1_267' title='bbox 1415 4115 1487 4169; x_wconf 89' lang='lat' dir='ltr'>ad</span> <span class='ocrx_word' id='word_1_268' title='bbox 1521 4114 1885 4188; x_wconf 85' lang='lat' dir='ltr'>refrigerium</span> 
     </span>
    </p>
   </div>
   <div class='ocr_carea' id='block_1_46' title="bbox 234 4203 1890 4276">
    <p class='ocr_par' dir='ltr' id='par_1_46' title="bbox 234 4203 1890 4276">
     <span class='ocr_line' id='line_1_46' title="bbox 234 4203 1890 4276; baseline -0.002 -15"><span class='ocrx_word' id='word_1_269' title='bbox 234 4204 572 4261; x_wconf 88' lang='lat' dir='ltr'>animarum</span> <span class='ocrx_word' id='word_1_270' title='bbox 607 4221 808 4260; x_wconf 89' lang='lat' dir='ltr'>eorum</span> <span class='ocrx_word' id='word_1_271' title='bbox 852 4207 908 4259; x_wconf 91' lang='lat' dir='ltr'>te</span> <span class='ocrx_word' id='word_1_272' title='bbox 936 4204 1258 4259; x_wconf 87' lang='lat' dir='ltr'>miserante</span> <span class='ocrx_word' id='word_1_273' title='bbox 1289 4203 1607 4276; x_wconf 89' lang='lat' dir='ltr'>proveniat.</span> <span class='ocrx_word' id='word_1_274' title='bbox 1644 4204 1766 4258; x_wconf 88' lang='lat' dir='ltr'>Per.</span> <span class='ocrx_word' id='word_1_275' title='bbox 1811 4204 1890 4258; x_wconf 81' lang='lat' dir='ltr'>Ad</span> 
     </span>
    </p>
   </div>
   <div class='ocr_carea' id='block_1_47' title="bbox 229 4291 1885 4364">
    <p class='ocr_par' dir='ltr' id='par_1_47' title="bbox 229 4291 1885 4364">
     <span class='ocr_line' id='line_1_47' title="bbox 229 4291 1885 4364; baseline -0.001 -16"><span class='ocrx_word' id='word_1_276' title='bbox 229 4294 692 4348; x_wconf 80' lang='lat' dir='ltr'>communionem.</span> <span class='ocrx_word' id='word_1_277' title='bbox 743 4291 1017 4348; x_wconf 86' lang='lat' dir='ltr'>Puriﬁcet</span> <span class='ocrx_word' id='word_1_278' title='bbox 1065 4310 1191 4357; x_wconf 89' lang='lat' dir='ltr'>nos,</span> <span class='ocrx_word' id='word_1_279' title='bbox 1225 4309 1586 4364; x_wconf 70' lang='lat' dir='ltr'>quaesumus,</span> <span class='ocrx_word' id='word_1_280' title='bbox 1619 4292 1885 4358; x_wconf 91' lang='lat' dir='ltr'>Domine,</span> 
     </span>
    </p>
   </div>
   <div class='ocr_carea' id='block_1_48' title="bbox 229 4379 1880 4453">
    <p class='ocr_par' dir='ltr' id='par_1_48' title="bbox 229 4379 1880 4453">
     <span class='ocr_line' id='line_1_48' title="bbox 229 4379 1880 4453; baseline -0.002 -17"><span class='ocrx_word' id='word_1_281' title='bbox 229 4379 416 4436; x_wconf 86' lang='lat' dir='ltr'>divini</span> <span class='ocrx_word' id='word_1_282' title='bbox 440 4380 791 4436; x_wconf 87' lang='lat' dir='ltr'>sacramenti</span> <span class='ocrx_word' id='word_1_283' title='bbox 826 4379 1135 4453; x_wconf 83' lang='lat' dir='ltr'>perceptio,</span> <span class='ocrx_word' id='word_1_284' title='bbox 1171 4384 1229 4435; x_wconf 87' lang='lat' dir='ltr'>et</span> <span class='ocrx_word' id='word_1_285' title='bbox 1258 4379 1515 4452; x_wconf 82' lang='lat' dir='ltr'>gloriosa</span> <span class='ocrx_word' id='word_1_286' title='bbox 1545 4385 1880 4435; x_wconf 89' lang='lat' dir='ltr'>sanctorum</span> 
     </span>
    </p>
   </div>
   <div class='ocr_carea' id='block_1_49' title="bbox 230 4468 1888 4537">
    <p class='ocr_par' dir='ltr' id='par_1_49' title="bbox 230 4468 1888 4537">
     <span class='ocr_line' id='line_1_49' title="bbox 230 4468 1888 4537; baseline -0.001 -12"><span class='ocrx_word' id='word_1_287' title='bbox 230 4472 474 4525; x_wconf 90' lang='lat' dir='ltr'>tuorum</span> <span class='ocrx_word' id='word_1_288' title='bbox 497 4468 701 4537; x_wconf 89' lang='lat' dir='ltr'>oratio,</span> <span class='ocrx_word' id='word_1_289' title='bbox 725 4473 782 4525; x_wconf 91' lang='lat' dir='ltr'>et</span> <span class='ocrx_word' id='word_1_290' title='bbox 802 4468 1114 4525; x_wconf 88' lang='lat' dir='ltr'>animabus</span> <span class='ocrx_word' id='word_1_291' title='bbox 1134 4468 1488 4524; x_wconf 87' lang='lat' dir='ltr'>famulorum</span> <span class='ocrx_word' id='word_1_292' title='bbox 1512 4469 1888 4524; x_wconf 84' lang='lat' dir='ltr'>famularum-</span> 
     </span>
    </p>
   </div>
   <div class='ocr_carea' id='block_1_50' title="bbox 232 4557 1885 4630">
    <p class='ocr_par' dir='ltr' id='par_1_50' title="bbox 232 4557 1885 4630">
     <span class='ocr_line' id='line_1_50' title="bbox 232 4557 1885 4630; baseline -0.001 -18"><span class='ocrx_word' id='word_1_293' title='bbox 232 4574 353 4630; x_wconf 87' lang='lat' dir='ltr'>que</span> <span class='ocrx_word' id='word_1_294' title='bbox 379 4561 636 4624; x_wconf 89' lang='lat' dir='ltr'>tuarum,</span> <span class='ocrx_word' id='word_1_295' title='bbox 679 4574 931 4630; x_wconf 89' lang='lat' dir='ltr'>quorum</span> <span class='ocrx_word' id='word_1_296' title='bbox 976 4558 1588 4613; x_wconf 90' lang='lat' dir='ltr'>commemorationem</span> <span class='ocrx_word' id='word_1_297' title='bbox 1636 4557 1885 4629; x_wconf 90' lang='lat' dir='ltr'>agimus,</span> 
     </span>
    </p>
   </div>
   <div class='ocr_carea' id='block_1_51' title="bbox 1940 4655 2256 4664">
    <p class='ocr_par' dir='ltr' id='par_1_51' title="bbox 1940 4655 2256 4664">
     <span class='ocr_line' id='line_1_51' title="bbox 1940 4655 2256 4664; baseline -0.003 -1"><span class='ocrx_word' id='word_1_298' title='bbox 1940 4655 2256 4664; x_wconf 67' lang='lat'>—_—_————_————-</span> 
     </span>
    </p>
   </div>
   <div class='ocr_carea' id='block_1_52' title="bbox 2146 593 3477 641">
    <p class='ocr_par' dir='ltr' id='par_1_52' title="bbox 2146 593 3477 641">
     <span class='ocr_line' id='line_1_52' title="bbox 2146 593 3477 641; baseline 0.003 -11"><span class='ocrx_word' id='word_1_299' title='bbox 2146 593 2315 631; x_wconf 75' lang='lat' dir='ltr'>MISSA</span> <span class='ocrx_word' id='word_1_300' title='bbox 2352 593 2655 633; x_wconf 82' lang='lat' dir='ltr'>COMMUNIS</span> <span class='ocrx_word' id='word_1_301' title='bbox 2691 594 2951 633; x_wconf 78' lang='lat' dir='ltr'>VIVORUM</span> <span class='ocrx_word' id='word_1_302' title='bbox 2989 595 3056 633; x_wconf 81' lang='lat' dir='ltr'>ET</span> <span class='ocrx_word' id='word_1_303' title='bbox 3092 594 3477 641; x_wconf 73' lang='lat' dir='ltr'>MORTUOBUM.</span> 
     </span>
    </p>
   </div>
   <div class='ocr_carea' id='block_1_53' title="bbox 2063 663 3630 736">
    <p class='ocr_par' dir='ltr' id='par_1_53' title="bbox 2063 663 3630 736">
     <span class='ocr_line' id='line_1_53' title="bbox 2063 663 3630 736; baseline 0.004 -18"><span class='ocrx_word' id='word_1_304' title='bbox 2063 663 2268 719; x_wconf 82' lang='lat' dir='ltr'>Oratio;</span> <span class='ocrx_word' id='word_1_305' title='bbox 2284 664 2615 720; x_wconf 86' lang='lat' dir='ltr'>Pietatetua</span> <span class='ocrx_word' id='word_1_306' title='bbox 2627 682 3001 736; x_wconf 69' lang='lat' dir='ltr'>quaesumus,</span> <span class='ocrx_word' id='word_1_307' title='bbox 3018 666 3280 733; x_wconf 90' lang='lat' dir='ltr'>Domine,</span> <span class='ocrx_word' id='word_1_308' title='bbox 3296 672 3630 727; x_wconf 88' lang='lat' dir='ltr'>nostrorum</span> 
     </span>
    </p>
   </div>
   <div class='ocr_carea' id='block_1_54' title="bbox 1990 750 3635 823">
    <p class='ocr_par' dir='ltr' id='par_1_54' title="bbox 1990 750 3635 823">
     <span class='ocr_line' id='line_1_54' title="bbox 1990 750 3635 823; baseline 0.004 -16"><span class='ocrx_word' id='word_1_309' title='bbox 1990 750 2145 807; x_wconf 87' lang='lat' dir='ltr'>solve</span> <span class='ocrx_word' id='word_1_310' title='bbox 2173 753 2408 808; x_wconf 90' lang='lat' dir='ltr'>vincula</span> <span class='ocrx_word' id='word_1_311' title='bbox 2437 754 2703 808; x_wconf 92' lang='lat' dir='ltr'>omnium</span> <span class='ocrx_word' id='word_1_312' title='bbox 2735 753 3105 823; x_wconf 88' lang='lat' dir='ltr'>delictorum,</span> <span class='ocrx_word' id='word_1_313' title='bbox 3156 760 3213 811; x_wconf 92' lang='lat' dir='ltr'>et</span> <span class='ocrx_word' id='word_1_314' title='bbox 3244 756 3635 814; x_wconf 87' lang='lat' dir='ltr'>intercedente</span> 
     </span>
    </p>
   </div>
   <div class='ocr_carea' id='block_1_55' title="bbox 1989 840 3635 917">
    <p class='ocr_par' dir='ltr' id='par_1_55' title="bbox 1989 840 3635 917">
     <span class='ocr_line' id='line_1_55' title="bbox 1989 840 3635 917; baseline 0.005 -23"><span class='ocrx_word' id='word_1_315' title='bbox 1989 840 2161 895; x_wconf 91' lang='lat' dir='ltr'>beata</span> <span class='ocrx_word' id='word_1_316' title='bbox 2189 845 2246 895; x_wconf 90' lang='lat' dir='ltr'>et</span> <span class='ocrx_word' id='word_1_317' title='bbox 2272 840 2528 913; x_wconf 89' lang='lat' dir='ltr'>gloriosa</span> <span class='ocrx_word' id='word_1_318' title='bbox 2558 858 2790 914; x_wconf 87' lang='lat' dir='ltr'>semper</span> <span class='ocrx_word' id='word_1_319' title='bbox 2808 842 3044 914; x_wconf 83' lang='lat' dir='ltr'>Virgine</span> <span class='ocrx_word' id='word_1_320' title='bbox 3072 844 3172 900; x_wconf 89' lang='lat' dir='ltr'>Dei</span> <span class='ocrx_word' id='word_1_321' title='bbox 3206 845 3488 917; x_wconf 88' lang='lat' dir='ltr'>genitrice</span> <span class='ocrx_word' id='word_1_322' title='bbox 3516 847 3635 903; x_wconf 88' lang='lat' dir='ltr'>Ma-</span> 
     </span>
    </p>
   </div>
   <div class='ocr_carea' id='block_1_56' title="bbox 1991 925 3633 1005">
    <p class='ocr_par' dir='ltr' id='par_1_56' title="bbox 1991 925 3633 1005">
     <span class='ocr_line' id='line_1_56' title="bbox 1991 925 3633 1005; baseline 0.006 -26"><span class='ocrx_word' id='word_1_323' title='bbox 1991 925 2097 990; x_wconf 90' lang='lat' dir='ltr'>ria,</span> <span class='ocrx_word' id='word_1_324' title='bbox 2131 942 2265 981; x_wconf 91' lang='lat' dir='ltr'>cum</span> <span class='ocrx_word' id='word_1_325' title='bbox 2298 927 2572 983; x_wconf 90' lang='lat' dir='ltr'>omnibus</span> <span class='ocrx_word' id='word_1_326' title='bbox 2604 928 2825 985; x_wconf 90' lang='lat' dir='ltr'>sanctis</span> <span class='ocrx_word' id='word_1_327' title='bbox 2872 930 3012 1002; x_wconf 86' lang='lat' dir='ltr'>tuis,</span> <span class='ocrx_word' id='word_1_328' title='bbox 3045 931 3326 987; x_wconf 82' lang='lat' dir='ltr'>domuum</span> <span class='ocrx_word' id='word_1_329' title='bbox 3359 933 3633 1005; x_wconf 87' lang='lat' dir='ltr'>apostoli-</span> 
     </span>
    </p>
   </div>
   <div class='ocr_carea' id='block_1_57' title="bbox 1992 1015 3635 1088">
    <p class='ocr_par' dir='ltr' id='par_1_57' title="bbox 1992 1015 3635 1088">
     <span class='ocr_line' id='line_1_57' title="bbox 1992 1015 3635 1088; baseline 0.007 -20"><span class='ocrx_word' id='word_1_330' title='bbox 1992 1030 2149 1080; x_wconf 90' lang='lat' dir='ltr'>cum,</span> <span class='ocrx_word' id='word_1_331' title='bbox 2166 1015 2489 1087; x_wconf 83' lang='lat' dir='ltr'>pontiﬁces,</span> <span class='ocrx_word' id='word_1_332' title='bbox 2510 1016 2731 1088; x_wconf 85' lang='lat' dir='ltr'>priores</span> <span class='ocrx_word' id='word_1_333' title='bbox 2753 1021 2810 1073; x_wconf 90' lang='lat' dir='ltr'>et</span> <span class='ocrx_word' id='word_1_334' title='bbox 2828 1018 3068 1074; x_wconf 81' lang='lat' dir='ltr'>abbates</span> <span class='ocrx_word' id='word_1_335' title='bbox 3087 1025 3336 1086; x_wconf 90' lang='lat' dir='ltr'>nostros,</span> <span class='ocrx_word' id='word_1_336' title='bbox 3355 1025 3413 1076; x_wconf 92' lang='lat' dir='ltr'>et</span> <span class='ocrx_word' id='word_1_337' title='bbox 3431 1038 3635 1081; x_wconf 82' lang='lat' dir='ltr'>omnes</span> 
     </span>
    </p>
   </div>
   <div class='ocr_carea' id='block_1_58' title="bbox 1992 1104 3636 1182">
    <p class='ocr_par' dir='ltr' id='par_1_58' title="bbox 1992 1104 3636 1182">
     <span class='ocr_line' id='line_1_58' title="bbox 1992 1104 3636 1182; baseline 0.006 -25"><span class='ocrx_word' id='word_1_338' title='bbox 1992 1104 2471 1176; x_wconf 86' lang='lat' dir='ltr'>congregationes</span> <span class='ocrx_word' id='word_1_339' title='bbox 2502 1104 2620 1161; x_wconf 76' lang='lat' dir='ltr'>illis</span> <span class='ocrx_word' id='word_1_340' title='bbox 2650 1106 3019 1173; x_wconf 88' lang='lat' dir='ltr'>commissas,</span> <span class='ocrx_word' id='word_1_341' title='bbox 3072 1124 3235 1181; x_wconf 90' lang='lat' dir='ltr'>reges</span> <span class='ocrx_word' id='word_1_342' title='bbox 3258 1113 3316 1165; x_wconf 89' lang='lat' dir='ltr'>et</span> <span class='ocrx_word' id='word_1_343' title='bbox 3345 1110 3636 1182; x_wconf 90' lang='lat' dir='ltr'>principes</span> 
     </span>
    </p>
   </div>
   <div class='ocr_carea' id='block_1_59' title="bbox 1991 1194 3636 1266">
    <p class='ocr_par' dir='ltr' id='par_1_59' title="bbox 1991 1194 3636 1266">
     <span class='ocr_line' id='line_1_59' title="bbox 1991 1194 3636 1266; baseline 0.006 -21"><span class='ocrx_word' id='word_1_344' title='bbox 1991 1196 2244 1260; x_wconf 88' lang='lat' dir='ltr'>nostros,</span> <span class='ocrx_word' id='word_1_345' title='bbox 2278 1197 2332 1247; x_wconf 90' lang='lat' dir='ltr'>et</span> <span class='ocrx_word' id='word_1_346' title='bbox 2344 1209 2576 1249; x_wconf 91' lang='lat' dir='ltr'>omnem</span> <span class='ocrx_word' id='word_1_347' title='bbox 2608 1194 2890 1266; x_wconf 90' lang='lat' dir='ltr'>populum</span> <span class='ocrx_word' id='word_1_348' title='bbox 2907 1196 3328 1263; x_wconf 89' lang='lat' dir='ltr'>Christianum,</span> <span class='ocrx_word' id='word_1_349' title='bbox 3352 1202 3409 1253; x_wconf 91' lang='lat' dir='ltr'>et</span> <span class='ocrx_word' id='word_1_350' title='bbox 3428 1216 3534 1255; x_wconf 91' lang='lat' dir='ltr'>nos</span> <span class='ocrx_word' id='word_1_351' title='bbox 3554 1200 3636 1255; x_wconf 84' lang='lat' dir='ltr'>fa-</span> 
     </span>
    </p>
   </div>
   <div class='ocr_carea' id='block_1_60' title="bbox 1992 1279 3637 1353">
    <p class='ocr_par' dir='ltr' id='par_1_60' title="bbox 1992 1279 3637 1353">
     <span class='ocr_line' id='line_1_60' title="bbox 1992 1279 3637 1353; baseline 0.005 -19"><span class='ocrx_word' id='word_1_352' title='bbox 1992 1279 2185 1335; x_wconf 90' lang='lat' dir='ltr'>mulos</span> <span class='ocrx_word' id='word_1_353' title='bbox 2214 1285 2348 1337; x_wconf 89' lang='lat' dir='ltr'>tuos</span> <span class='ocrx_word' id='word_1_354' title='bbox 2400 1286 2575 1353; x_wconf 91' lang='lat' dir='ltr'>atque</span> <span class='ocrx_word' id='word_1_355' title='bbox 2608 1282 2736 1337; x_wconf 90' lang='lat' dir='ltr'>loca</span> <span class='ocrx_word' id='word_1_356' title='bbox 2765 1287 2964 1339; x_wconf 89' lang='lat' dir='ltr'>nostra</span> <span class='ocrx_word' id='word_1_357' title='bbox 3012 1285 3069 1339; x_wconf 92' lang='lat' dir='ltr'>in</span> <span class='ocrx_word' id='word_1_358' title='bbox 3118 1286 3278 1340; x_wconf 91' lang='lat' dir='ltr'>omni</span> <span class='ocrx_word' id='word_1_359' title='bbox 3329 1287 3637 1349; x_wconf 84' lang='lat' dir='ltr'>sanctitate</span> 
     </span>
    </p>
   </div>
   <div class='ocr_carea' id='block_1_61' title="bbox 1992 1370 3639 1447">
    <p class='ocr_par' dir='ltr' id='par_1_61' title="bbox 1992 1370 3639 1447">
     <span class='ocr_line' id='line_1_61' title="bbox 1992 1370 3639 1447; baseline 0.005 -24"><span class='ocrx_word' id='word_1_360' title='bbox 1992 1370 2240 1436; x_wconf 92' lang='lat' dir='ltr'>custodi,</span> <span class='ocrx_word' id='word_1_361' title='bbox 2276 1386 2593 1442; x_wconf 90' lang='lat' dir='ltr'>omnesque</span> <span class='ocrx_word' id='word_1_362' title='bbox 2616 1372 3140 1444; x_wconf 84' lang='lat' dir='ltr'>consanguinitate,</span> <span class='ocrx_word' id='word_1_363' title='bbox 3161 1375 3442 1431; x_wconf 85' lang='lat' dir='ltr'>afﬁnitate</span> <span class='ocrx_word' id='word_1_364' title='bbox 3463 1380 3639 1447; x_wconf 89' lang='lat' dir='ltr'>atque</span> 
     </span>
    </p>
   </div>
   <div class='ocr_carea' id='block_1_62' title="bbox 1992 1457 3639 1535">
    <p class='ocr_par' dir='ltr' id='par_1_62' title="bbox 1992 1457 3639 1535">
     <span class='ocr_line' id='line_1_62' title="bbox 1992 1457 3639 1535; baseline 0.004 -23"><span class='ocrx_word' id='word_1_365' title='bbox 1992 1457 2386 1514; x_wconf 86' lang='lat' dir='ltr'>familiaritate</span> <span class='ocrx_word' id='word_1_366' title='bbox 2408 1459 2576 1515; x_wconf 91' lang='lat' dir='ltr'>nobis</span> <span class='ocrx_word' id='word_1_367' title='bbox 2594 1460 2937 1530; x_wconf 86' lang='lat' dir='ltr'>conjunctos</span> <span class='ocrx_word' id='word_1_368' title='bbox 2958 1478 2993 1516; x_wconf 94' lang='lat' dir='ltr'>a</span> <span class='ocrx_word' id='word_1_369' title='bbox 3012 1462 3168 1517; x_wconf 90' lang='lat' dir='ltr'>vitiis</span> <span class='ocrx_word' id='word_1_370' title='bbox 3191 1479 3395 1535; x_wconf 86' lang='lat' dir='ltr'>purga,</span> <span class='ocrx_word' id='word_1_371' title='bbox 3412 1464 3639 1519; x_wconf 89' lang='lat' dir='ltr'>virtuti-</span> 
     </span>
    </p>
   </div>
   <div class='ocr_carea' id='block_1_63' title="bbox 1990 1545 3638 1623">
    <p class='ocr_par' dir='ltr' id='par_1_63' title="bbox 1990 1545 3638 1623">
     <span class='ocr_line' id='line_1_63' title="bbox 1990 1545 3638 1623; baseline 0.005 -22"><span class='ocrx_word' id='word_1_372' title='bbox 1990 1546 2102 1601; x_wconf 92' lang='lat' dir='ltr'>bus</span> <span class='ocrx_word' id='word_1_373' title='bbox 2134 1545 2386 1614; x_wconf 88' lang='lat' dir='ltr'>illustra,</span> <span class='ocrx_word' id='word_1_374' title='bbox 2418 1564 2616 1619; x_wconf 89' lang='lat' dir='ltr'>pacem</span> <span class='ocrx_word' id='word_1_375' title='bbox 2640 1553 2697 1603; x_wconf 90' lang='lat' dir='ltr'>et</span> <span class='ocrx_word' id='word_1_376' title='bbox 2726 1547 2972 1604; x_wconf 89' lang='lat' dir='ltr'>salutem</span> <span class='ocrx_word' id='word_1_377' title='bbox 3005 1550 3174 1623; x_wconf 84' lang='lat' dir='ltr'>nobis</span> <span class='ocrx_word' id='word_1_378' title='bbox 3203 1551 3413 1617; x_wconf 88' lang='lat' dir='ltr'>tribue,</span> <span class='ocrx_word' id='word_1_379' title='bbox 3438 1552 3638 1609; x_wconf 88' lang='lat' dir='ltr'>hostes</span> 
     </span>
    </p>
   </div>
   <div class='ocr_carea' id='block_1_64' title="bbox 1989 1633 3641 1704">
    <p class='ocr_par' dir='ltr' id='par_1_64' title="bbox 1989 1633 3641 1704">
     <span class='ocr_line' id='line_1_64' title="bbox 1989 1633 3641 1704; baseline 0.005 -16"><span class='ocrx_word' id='word_1_380' title='bbox 1989 1633 2250 1690; x_wconf 88' lang='lat' dir='ltr'>visibiles</span> <span class='ocrx_word' id='word_1_381' title='bbox 2281 1638 2337 1690; x_wconf 88' lang='lat' dir='ltr'>et</span> <span class='ocrx_word' id='word_1_382' title='bbox 2375 1635 2700 1691; x_wconf 88' lang='lat' dir='ltr'>invisibiles</span> <span class='ocrx_word' id='word_1_383' title='bbox 2750 1654 3001 1704; x_wconf 90' lang='lat' dir='ltr'>remove,</span> <span class='ocrx_word' id='word_1_384' title='bbox 3051 1639 3307 1694; x_wconf 88' lang='lat' dir='ltr'>carnalia</span> <span class='ocrx_word' id='word_1_385' title='bbox 3345 1641 3641 1697; x_wconf 86' lang='lat' dir='ltr'>desideria</span> 
     </span>
    </p>
   </div>
   <div class='ocr_carea' id='block_1_65' title="bbox 1991 1722 3641 1801">
    <p class='ocr_par' dir='ltr' id='par_1_65' title="bbox 1991 1722 3641 1801">
     <span class='ocr_line' id='line_1_65' title="bbox 1991 1722 3641 1801; baseline 0.006 -24"><span class='ocrx_word' id='word_1_386' title='bbox 1991 1722 2225 1795; x_wconf 90' lang='lat' dir='ltr'>repelle,</span> <span class='ocrx_word' id='word_1_387' title='bbox 2259 1740 2448 1780; x_wconf 88' lang='lat' dir='ltr'>aerem</span> <span class='ocrx_word' id='word_1_388' title='bbox 2482 1724 2777 1782; x_wconf 88' lang='lat' dir='ltr'>salubrem</span> <span class='ocrx_word' id='word_1_389' title='bbox 2808 1726 3071 1801; x_wconf 87' lang='lat' dir='ltr'>indulge,</span> <span class='ocrx_word' id='word_1_390' title='bbox 3098 1744 3133 1783; x_wconf 89' lang='lat' dir='ltr'>a</span> <span class='ocrx_word' id='word_1_391' title='bbox 3161 1728 3317 1783; x_wconf 89' lang='lat' dir='ltr'>mala</span> <span class='ocrx_word' id='word_1_392' title='bbox 3343 1733 3400 1785; x_wconf 93' lang='lat' dir='ltr'>et</span> <span class='ocrx_word' id='word_1_393' title='bbox 3427 1729 3641 1801; x_wconf 88' lang='lat' dir='ltr'>impro-</span> 
     </span>
    </p>
   </div>
   <div class='ocr_carea' id='block_1_66' title="bbox 1992 1811 3639 1886">
    <p class='ocr_par' dir='ltr' id='par_1_66' title="bbox 1992 1811 3639 1886">
     <span class='ocr_line' id='line_1_66' title="bbox 1992 1811 3639 1886; baseline 0.005 -20"><span class='ocrx_word' id='word_1_394' title='bbox 1992 1811 2116 1867; x_wconf 90' lang='lat' dir='ltr'>visa</span> <span class='ocrx_word' id='word_1_395' title='bbox 2146 1816 2332 1868; x_wconf 89' lang='lat' dir='ltr'>morte</span> <span class='ocrx_word' id='word_1_396' title='bbox 2365 1830 2470 1868; x_wconf 91' lang='lat' dir='ltr'>nos</span> <span class='ocrx_word' id='word_1_397' title='bbox 2513 1814 2693 1886; x_wconf 89' lang='lat' dir='ltr'>eripe,</span> <span class='ocrx_word' id='word_1_398' title='bbox 2736 1814 2992 1870; x_wconf 85' lang='lat' dir='ltr'>inimicis</span> <span class='ocrx_word' id='word_1_399' title='bbox 3040 1816 3256 1873; x_wconf 89' lang='lat' dir='ltr'>nostris</span> <span class='ocrx_word' id='word_1_400' title='bbox 3293 1817 3639 1874; x_wconf 89' lang='lat' dir='ltr'>cbaritatem</span> 
     </span>
    </p>
   </div>
   <div class='ocr_carea' id='block_1_67' title="bbox 1994 1899 3642 1972">
    <p class='ocr_par' dir='ltr' id='par_1_67' title="bbox 1994 1899 3642 1972">
     <span class='ocr_line' id='line_1_67' title="bbox 1994 1899 3642 1972; baseline 0.005 -18"><span class='ocrx_word' id='word_1_401' title='bbox 1994 1899 2227 1972; x_wconf 85' lang='lat' dir='ltr'>largire,</span> <span class='ocrx_word' id='word_1_402' title='bbox 2260 1905 2314 1956; x_wconf 88' lang='lat' dir='ltr'>et</span> <span class='ocrx_word' id='word_1_403' title='bbox 2364 1902 2638 1958; x_wconf 92' lang='lat' dir='ltr'>omnibus</span> <span class='ocrx_word' id='word_1_404' title='bbox 2686 1903 2957 1959; x_wconf 88' lang='lat' dir='ltr'>ﬁdelibus</span> <span class='ocrx_word' id='word_1_405' title='bbox 3005 1903 3147 1960; x_wconf 84' lang='lat' dir='ltr'>vivis</span> <span class='ocrx_word' id='word_1_406' title='bbox 3178 1908 3235 1960; x_wconf 87' lang='lat' dir='ltr'>et</span> <span class='ocrx_word' id='word_1_407' title='bbox 3263 1906 3554 1971; x_wconf 84' lang='lat' dir='ltr'>defunctis</span> <span class='ocrx_word' id='word_1_408' title='bbox 3582 1907 3642 1962; x_wconf 92' lang='lat' dir='ltr'>in</span> 
     </span>
    </p>
   </div>
   <div class='ocr_carea' id='block_1_68' title="bbox 1994 1990 3641 2052">
    <p class='ocr_par' dir='ltr' id='par_1_68' title="bbox 1994 1990 3641 2052">
     <span class='ocr_line' id='line_1_68' title="bbox 1994 1990 3641 2052; baseline 0.004 -7"><span class='ocrx_word' id='word_1_409' title='bbox 1994 1994 2151 2045; x_wconf 89' lang='lat' dir='ltr'>terra</span> <span class='ocrx_word' id='word_1_410' title='bbox 2206 1990 2525 2046; x_wconf 87' lang='lat' dir='ltr'>viventium</span> <span class='ocrx_word' id='word_1_411' title='bbox 2583 1991 2760 2047; x_wconf 87' lang='lat' dir='ltr'>vitam</span> <span class='ocrx_word' id='word_1_412' title='bbox 2819 1996 3097 2048; x_wconf 77' lang='lat' dir='ltr'>aeternam</span> <span class='ocrx_word' id='word_1_413' title='bbox 3175 1995 3446 2051; x_wconf 89' lang='lat' dir='ltr'>concede.</span> <span class='ocrx_word' id='word_1_414' title='bbox 3514 1995 3641 2052; x_wconf 89' lang='lat' dir='ltr'>Per.</span> 
     </span>
    </p>
   </div>
   <div class='ocr_carea' id='block_1_69' title="bbox 1996 2078 3645 2154">
    <p class='ocr_par' dir='ltr' id='par_1_69' title="bbox 1996 2078 3645 2154">
     <span class='ocr_line' id='line_1_69' title="bbox 1996 2078 3645 2154; baseline 0.004 -21"><span class='ocrx_word' id='word_1_415' title='bbox 1996 2078 2229 2134; x_wconf 82' lang='lat' dir='ltr'>Secreta.</span> <span class='ocrx_word' id='word_1_416' title='bbox 2265 2080 2438 2147; x_wconf 89' lang='lat' dir='ltr'>Deus,</span> <span class='ocrx_word' id='word_1_417' title='bbox 2472 2081 2571 2151; x_wconf 87' lang='lat' dir='ltr'>qui</span> <span class='ocrx_word' id='word_1_418' title='bbox 2616 2079 2933 2153; x_wconf 89' lang='lat' dir='ltr'>singularis</span> <span class='ocrx_word' id='word_1_419' title='bbox 2959 2082 3217 2154; x_wconf 89' lang='lat' dir='ltr'>corporis</span> <span class='ocrx_word' id='word_1_420' title='bbox 3246 2082 3437 2139; x_wconf 85' lang='lat' dir='ltr'>hostia</span> <span class='ocrx_word' id='word_1_421' title='bbox 3469 2084 3645 2141; x_wconf 89' lang='lat' dir='ltr'>totius</span> 
     </span>
    </p>
   </div>
   <div class='ocr_carea' id='block_1_70' title="bbox 1997 2166 3646 2243">
    <p class='ocr_par' dir='ltr' id='par_1_70' title="bbox 1997 2166 3646 2243">
     <span class='ocr_line' id='line_1_70' title="bbox 1997 2166 3646 2243; baseline 0.005 -22"><span class='ocrx_word' id='word_1_422' title='bbox 1997 2168 2201 2222; x_wconf 91' lang='lat' dir='ltr'>mundi</span> <span class='ocrx_word' id='word_1_423' title='bbox 2217 2166 2438 2223; x_wconf 84' lang='lat' dir='ltr'>solvisti</span> <span class='ocrx_word' id='word_1_424' title='bbox 2459 2168 2689 2235; x_wconf 86' lang='lat' dir='ltr'>delicta,</span> <span class='ocrx_word' id='word_1_425' title='bbox 2715 2169 2823 2224; x_wconf 89' lang='lat' dir='ltr'>hac</span> <span class='ocrx_word' id='word_1_426' title='bbox 2848 2169 3139 2237; x_wconf 84' lang='lat' dir='ltr'>oblatione</span> <span class='ocrx_word' id='word_1_427' title='bbox 3158 2170 3423 2243; x_wconf 90' lang='lat' dir='ltr'>placatus</span> <span class='ocrx_word' id='word_1_428' title='bbox 3443 2190 3646 2230; x_wconf 89' lang='lat' dir='ltr'>macu-</span> 
     </span>
    </p>
   </div>
   <div class='ocr_carea' id='block_1_71' title="bbox 1996 2255 3646 2331">
    <p class='ocr_par' dir='ltr' id='par_1_71' title="bbox 1996 2255 3646 2331">
     <span class='ocr_line' id='line_1_71' title="bbox 1996 2255 3646 2331; baseline 0.004 -22"><span class='ocrx_word' id='word_1_429' title='bbox 1996 2255 2083 2311; x_wconf 90' lang='lat' dir='ltr'>las</span> <span class='ocrx_word' id='word_1_430' title='bbox 2105 2256 2389 2311; x_wconf 83' lang='lat' dir='ltr'>scelerum</span> <span class='ocrx_word' id='word_1_431' title='bbox 2420 2262 2755 2312; x_wconf 87' lang='lat' dir='ltr'>nostrorum</span> <span class='ocrx_word' id='word_1_432' title='bbox 2785 2259 3074 2331; x_wconf 88' lang='lat' dir='ltr'>absterge,</span> <span class='ocrx_word' id='word_1_433' title='bbox 3101 2263 3156 2314; x_wconf 86' lang='lat' dir='ltr'>et</span> <span class='ocrx_word' id='word_1_434' title='bbox 3177 2260 3443 2327; x_wconf 82' lang='lat' dir='ltr'>omnium</span> <span class='ocrx_word' id='word_1_435' title='bbox 3477 2260 3646 2316; x_wconf 89' lang='lat' dir='ltr'>Chri-</span> 
     </span>
    </p>
   </div>
   <div class='ocr_carea' id='block_1_72' title="bbox 1997 2344 3647 2421">
    <p class='ocr_par' dir='ltr' id='par_1_72' title="bbox 1997 2344 3647 2421">
     <span class='ocr_line' id='line_1_72' title="bbox 1997 2344 3647 2421; baseline 0.004 -22"><span class='ocrx_word' id='word_1_436' title='bbox 1997 2344 2321 2400; x_wconf 86' lang='lat' dir='ltr'>stianorum</span> <span class='ocrx_word' id='word_1_437' title='bbox 2353 2344 2610 2399; x_wconf 89' lang='lat' dir='ltr'>ﬁdelium</span> <span class='ocrx_word' id='word_1_438' title='bbox 2636 2346 2896 2401; x_wconf 88' lang='lat' dir='ltr'>vivorum</span> <span class='ocrx_word' id='word_1_439' title='bbox 2934 2351 2990 2402; x_wconf 91' lang='lat' dir='ltr'>et</span> <span class='ocrx_word' id='word_1_440' title='bbox 3012 2351 3375 2416; x_wconf 84' lang='lat' dir='ltr'>mortuorum</span> <span class='ocrx_word' id='word_1_441' title='bbox 3407 2353 3647 2421; x_wconf 89' lang='lat' dir='ltr'>peccata</span> 
     </span>
    </p>
   </div>
   <div class='ocr_carea' id='block_1_73' title="bbox 1998 2432 3650 2505">
    <p class='ocr_par' dir='ltr' id='par_1_73' title="bbox 1998 2432 3650 2505">
     <span class='ocr_line' id='line_1_73' title="bbox 1998 2432 3650 2505; baseline 0.003 -18"><span class='ocrx_word' id='word_1_442' title='bbox 1998 2432 2245 2503; x_wconf 89' lang='lat' dir='ltr'>dimitte,</span> <span class='ocrx_word' id='word_1_443' title='bbox 2278 2434 2478 2504; x_wconf 83' lang='lat' dir='ltr'>eisque</span> <span class='ocrx_word' id='word_1_444' title='bbox 2526 2434 2767 2505; x_wconf 67' lang='lat' dir='ltr'>praemia</span> <span class='ocrx_word' id='word_1_445' title='bbox 2814 2438 3031 2491; x_wconf 66' lang='lat' dir='ltr'>aeterna</span> <span class='ocrx_word' id='word_1_446' title='bbox 3079 2437 3348 2503; x_wconf 89' lang='lat' dir='ltr'>concede,</span> <span class='ocrx_word' id='word_1_447' title='bbox 3387 2436 3650 2493; x_wconf 88' lang='lat' dir='ltr'>Salvator</span> 
     </span>
    </p>
   </div>
   <div class='ocr_carea' id='block_1_74' title="bbox 1998 2521 3643 2594">
    <p class='ocr_par' dir='ltr' id='par_1_74' title="bbox 1998 2521 3643 2594">
     <span class='ocr_line' id='line_1_74' title="bbox 1998 2521 3643 2594; baseline 0.004 -19"><span class='ocrx_word' id='word_1_448' title='bbox 1998 2521 2221 2576; x_wconf 89' lang='lat' dir='ltr'>mundi.</span> <span class='ocrx_word' id='word_1_449' title='bbox 2257 2522 2335 2576; x_wconf 82' lang='lat' dir='ltr'>Ad</span> <span class='ocrx_word' id='word_1_450' title='bbox 2362 2524 2817 2577; x_wconf 82' lang='lat' dir='ltr'>communionem.</span> <span class='ocrx_word' id='word_1_451' title='bbox 2851 2527 3117 2594; x_wconf 81' lang='lat' dir='ltr'>Sumpta,</span> <span class='ocrx_word' id='word_1_452' title='bbox 3140 2540 3502 2594; x_wconf 69' lang='lat' dir='ltr'>quaasumus,</span> <span class='ocrx_word' id='word_1_453' title='bbox 3531 2525 3643 2581; x_wconf 90' lang='lat' dir='ltr'>Do-</span> 
     </span>
    </p>
   </div>
   <div class='ocr_carea' id='block_1_75' title="bbox 2000 2608 3646 2681">
    <p class='ocr_par' dir='ltr' id='par_1_75' title="bbox 2000 2608 3646 2681">
     <span class='ocr_line' id='line_1_75' title="bbox 2000 2608 3646 2681; baseline 0.003 -17"><span class='ocrx_word' id='word_1_454' title='bbox 2000 2609 2175 2681; x_wconf 91' lang='lat' dir='ltr'>mine,</span> <span class='ocrx_word' id='word_1_455' title='bbox 2208 2608 2463 2665; x_wconf 74' lang='lat' dir='ltr'>cmlestia</span> <span class='ocrx_word' id='word_1_456' title='bbox 2476 2614 2839 2666; x_wconf 87' lang='lat' dir='ltr'>sacramenta</span> <span class='ocrx_word' id='word_1_457' title='bbox 2855 2611 3051 2667; x_wconf 91' lang='lat' dir='ltr'>omnia</span> <span class='ocrx_word' id='word_1_458' title='bbox 3070 2612 3320 2667; x_wconf 89' lang='lat' dir='ltr'>crimina</span> <span class='ocrx_word' id='word_1_459' title='bbox 3340 2615 3646 2679; x_wconf 86' lang='lat' dir='ltr'>nostrade-</span> 
     </span>
    </p>
   </div>
   <div class='ocr_carea' id='block_1_76' title="bbox 1997 2699 3643 2770">
    <p class='ocr_par' dir='ltr' id='par_1_76' title="bbox 1997 2699 3643 2770">
     <span class='ocr_line' id='line_1_76' title="bbox 1997 2699 3643 2770; baseline 0.003 -17"><span class='ocrx_word' id='word_1_460' title='bbox 1997 2703 2247 2770; x_wconf 80' lang='lat' dir='ltr'>tergent,</span> <span class='ocrx_word' id='word_1_461' title='bbox 2281 2715 2632 2769; x_wconf 85' lang='lat' dir='ltr'>omnemque</span> <span class='ocrx_word' id='word_1_462' title='bbox 2651 2699 2989 2769; x_wconf 88' lang='lat' dir='ltr'>parvitatem</span> <span class='ocrx_word' id='word_1_463' title='bbox 3012 2704 3069 2756; x_wconf 89' lang='lat' dir='ltr'>et</span> <span class='ocrx_word' id='word_1_464' title='bbox 3099 2700 3519 2769; x_wconf 83' lang='lat' dir='ltr'>inﬁrmitatem,</span> <span class='ocrx_word' id='word_1_465' title='bbox 3537 2718 3643 2758; x_wconf 89' lang='lat' dir='ltr'>seu</span> 
     </span>
    </p>
   </div>
   <div class='ocr_carea' id='block_1_77' title="bbox 1998 2786 3643 2859">
    <p class='ocr_par' dir='ltr' id='par_1_77' title="bbox 1998 2786 3643 2859">
     <span class='ocr_line' id='line_1_77' title="bbox 1998 2786 3643 2859; baseline 0.001 -17"><span class='ocrx_word' id='word_1_466' title='bbox 1998 2786 2172 2843; x_wconf 89' lang='lat' dir='ltr'>etiam</span> <span class='ocrx_word' id='word_1_467' title='bbox 2205 2786 2490 2842; x_wconf 77' lang='lat' dir='ltr'>hosticum</span> <span class='ocrx_word' id='word_1_468' title='bbox 2527 2787 2954 2859; x_wconf 89' lang='lat' dir='ltr'>rabiem,atque</span> <span class='ocrx_word' id='word_1_469' title='bbox 2972 2788 3340 2845; x_wconf 90' lang='lat' dir='ltr'>subitaneam</span> <span class='ocrx_word' id='word_1_470' title='bbox 3371 2794 3643 2857; x_wconf 84' lang='lat' dir='ltr'>mortem,</span> 
     </span>
    </p>
   </div>
   <div class='ocr_carea' id='block_1_78' title="bbox 2002 2874 3641 2949">
    <p class='ocr_par' dir='ltr' id='par_1_78' title="bbox 2002 2874 3641 2949">
     <span class='ocr_line' id='line_1_78' title="bbox 2002 2874 3641 2949; baseline 0.002 -19"><span class='ocrx_word' id='word_1_471' title='bbox 2002 2874 2226 2931; x_wconf 90' lang='lat' dir='ltr'>meritis</span> <span class='ocrx_word' id='word_1_472' title='bbox 2258 2875 2435 2931; x_wconf 56' lang='lat' dir='ltr'>beata</span> <span class='ocrx_word' id='word_1_473' title='bbox 2467 2875 2657 2931; x_wconf 76' lang='lat' dir='ltr'>Mariae</span> <span class='ocrx_word' id='word_1_474' title='bbox 2702 2892 2934 2948; x_wconf 89' lang='lat' dir='ltr'>semper</span> <span class='ocrx_word' id='word_1_475' title='bbox 2961 2877 3243 2949; x_wconf 86' lang='lat' dir='ltr'>Virginis,</span> <span class='ocrx_word' id='word_1_476' title='bbox 3276 2881 3334 2932; x_wconf 90' lang='lat' dir='ltr'>et</span> <span class='ocrx_word' id='word_1_477' title='bbox 3374 2878 3641 2934; x_wconf 90' lang='lat' dir='ltr'>omnium</span> 
     </span>
    </p>
   </div>
   <div class='ocr_carea' id='block_1_79' title="bbox 1999 2965 3657 3037">
    <p class='ocr_par' dir='ltr' id='par_1_79' title="bbox 1999 2965 3657 3037">
     <span class='ocr_line' id='line_1_79' title="bbox 1999 2965 3657 3037; baseline 0.002 -18"><span class='ocrx_word' id='word_1_478' title='bbox 1999 2968 2335 3020; x_wconf 89' lang='lat' dir='ltr'>sanctorum</span> <span class='ocrx_word' id='word_1_479' title='bbox 2364 2968 2624 3030; x_wconf 90' lang='lat' dir='ltr'>tuorum,</span> <span class='ocrx_word' id='word_1_480' title='bbox 2658 2982 2693 3021; x_wconf 94' lang='lat' dir='ltr'>a</span> <span class='ocrx_word' id='word_1_481' title='bbox 2715 2965 2885 3020; x_wconf 91' lang='lat' dir='ltr'>nobis</span> <span class='ocrx_word' id='word_1_482' title='bbox 2906 2965 3108 3036; x_wconf 91' lang='lat' dir='ltr'>procul</span> <span class='ocrx_word' id='word_1_483' title='bbox 3128 2965 3436 3037; x_wconf 77' lang='lat' dir='ltr'>repellant,</span> <span class='ocrx_word' id='word_1_484' title='bbox 3465 2970 3657 3023; x_wconf 88' lang='lat' dir='ltr'>etom-</span> 
     </span>
    </p>
   </div>
   <div class='ocr_carea' id='block_1_80' title="bbox 2002 3052 3651 3128">
    <p class='ocr_par' dir='ltr' id='par_1_80' title="bbox 2002 3052 3651 3128">
     <span class='ocr_line' id='line_1_80' title="bbox 2002 3052 3651 3128; baseline 0.002 -20"><span class='ocrx_word' id='word_1_485' title='bbox 2002 3054 2177 3109; x_wconf 90' lang='lat' dir='ltr'>nibus</span> <span class='ocrx_word' id='word_1_486' title='bbox 2208 3052 2480 3109; x_wconf 89' lang='lat' dir='ltr'>ﬁdelibus</span> <span class='ocrx_word' id='word_1_487' title='bbox 2504 3052 2647 3107; x_wconf 90' lang='lat' dir='ltr'>vivis</span> <span class='ocrx_word' id='word_1_488' title='bbox 2668 3053 3030 3109; x_wconf 90' lang='lat' dir='ltr'>etdefunctis</span> <span class='ocrx_word' id='word_1_489' title='bbox 3061 3054 3290 3126; x_wconf 91' lang='lat' dir='ltr'>prosint</span> <span class='ocrx_word' id='word_1_490' title='bbox 3305 3056 3376 3111; x_wconf 89' lang='lat' dir='ltr'>ad</span> <span class='ocrx_word' id='word_1_491' title='bbox 3398 3056 3651 3128; x_wconf 89' lang='lat' dir='ltr'>veniam,</span> 
     </span>
    </p>
   </div>
   <div class='ocr_carea' id='block_1_81' title="bbox 2004 3142 3645 3215">
    <p class='ocr_par' dir='ltr' id='par_1_81' title="bbox 2004 3142 3645 3215">
     <span class='ocr_line' id='line_1_81' title="bbox 2004 3142 3645 3215; baseline 0.001 -18"><span class='ocrx_word' id='word_1_492' title='bbox 2004 3160 2106 3215; x_wconf 91' lang='lat' dir='ltr'>pro</span> <span class='ocrx_word' id='word_1_493' title='bbox 2137 3160 2411 3214; x_wconf 91' lang='lat' dir='ltr'>quorum,</span> <span class='ocrx_word' id='word_1_494' title='bbox 2462 3159 2835 3215; x_wconf 87' lang='lat' dir='ltr'>quarumque</span> <span class='ocrx_word' id='word_1_495' title='bbox 2882 3142 2987 3199; x_wconf 88' lang='lat' dir='ltr'>tibi</span> <span class='ocrx_word' id='word_1_496' title='bbox 3030 3148 3169 3199; x_wconf 90' lang='lat' dir='ltr'>sunt</span> <span class='ocrx_word' id='word_1_497' title='bbox 3212 3143 3408 3200; x_wconf 88' lang='lat' dir='ltr'>oblata</span> <span class='ocrx_word' id='word_1_498' title='bbox 3436 3144 3645 3201; x_wconf 89' lang='lat' dir='ltr'>salute.</span> 
     </span>
    </p>
   </div>
   <div class='ocr_carea' id='block_1_82' title="bbox 1999 3232 2124 3287">
    <p class='ocr_par' dir='ltr' id='par_1_82' title="bbox 1999 3232 2124 3287">
     <span class='ocr_line' id='line_1_82' title="bbox 1999 3232 2124 3287; baseline 0 -1"><span class='ocrx_word' id='word_1_499' title='bbox 1999 3232 2124 3287; x_wconf 90' lang='lat' dir='ltr'>Per.</span> 
     </span>
    </p>
   </div>
   <div class='ocr_carea' id='block_1_83' title="bbox 2391 3334 3255 3376">
    <p class='ocr_par' dir='ltr' id='par_1_83' title="bbox 2391 3334 3255 3376">
     <span class='ocr_line' id='line_1_83' title="bbox 2391 3334 3255 3376; baseline 0.001 -2"><span class='ocrx_word' id='word_1_500' title='bbox 2391 3334 2554 3374; x_wconf 76' lang='lat' dir='ltr'>MISSA</span> <span class='ocrx_word' id='word_1_501' title='bbox 2597 3336 2703 3375; x_wconf 79' lang='lat' dir='ltr'>PRO</span> <span class='ocrx_word' id='word_1_502' title='bbox 2745 3335 3125 3375; x_wconf 72' lang='lat' dir='ltr'>BBNEFACTORI</span> <span class='ocrx_word' id='word_1_503' title='bbox 3135 3337 3255 3376; x_wconf 85' lang='lat' dir='ltr'>BUS.</span> 
     </span>
    </p>
   </div>
   <div class='ocr_carea' id='block_1_84' title="bbox 2071 3407 3648 3480">
    <p class='ocr_par' dir='ltr' id='par_1_84' title="bbox 2071 3407 3648 3480">
     <span class='ocr_line' id='line_1_84' title="bbox 2071 3407 3648 3480; baseline 0.001 -16"><span class='ocrx_word' id='word_1_504' title='bbox 2071 3409 2276 3464; x_wconf 75' lang='lat' dir='ltr'>Oratio.</span> <span class='ocrx_word' id='word_1_505' title='bbox 2330 3412 2504 3472; x_wconf 83' lang='lat' dir='ltr'>Deus,</span> <span class='ocrx_word' id='word_1_506' title='bbox 2555 3409 2651 3479; x_wconf 88' lang='lat' dir='ltr'>qui</span> <span class='ocrx_word' id='word_1_507' title='bbox 2709 3407 3013 3463; x_wconf 89' lang='lat' dir='ltr'>charitatis</span> <span class='ocrx_word' id='word_1_508' title='bbox 3057 3409 3210 3464; x_wconf 90' lang='lat' dir='ltr'>dona</span> <span class='ocrx_word' id='word_1_509' title='bbox 3258 3425 3361 3480; x_wconf 91' lang='lat' dir='ltr'>per</span> <span class='ocrx_word' id='word_1_510' title='bbox 3397 3409 3648 3479; x_wconf 82' lang='lat' dir='ltr'>gratiam</span> 
     </span>
    </p>
   </div>
   <div class='ocr_carea' id='block_1_85' title="bbox 1998 3495 3645 3567">
    <p class='ocr_par' dir='ltr' id='par_1_85' title="bbox 1998 3495 3645 3567">
     <span class='ocr_line' id='line_1_85' title="bbox 1998 3495 3645 3567; baseline 0 -17"><span class='ocrx_word' id='word_1_511' title='bbox 1998 3496 2184 3550; x_wconf 90' lang='lat' dir='ltr'>sancti</span> <span class='ocrx_word' id='word_1_512' title='bbox 2214 3495 2467 3567; x_wconf 88' lang='lat' dir='ltr'>Spiritus</span> <span class='ocrx_word' id='word_1_513' title='bbox 2490 3501 2725 3551; x_wconf 88' lang='lat' dir='ltr'>tuorum</span> <span class='ocrx_word' id='word_1_514' title='bbox 2757 3496 3035 3551; x_wconf 90' lang='lat' dir='ltr'>cordibus</span> <span class='ocrx_word' id='word_1_515' title='bbox 3065 3496 3325 3552; x_wconf 89' lang='lat' dir='ltr'>ﬁdelium</span> <span class='ocrx_word' id='word_1_516' title='bbox 3357 3496 3645 3563; x_wconf 88' lang='lat' dir='ltr'>infudisti,</span> 
     </span>
    </p>
   </div>
   <div class='ocr_carea' id='block_1_86' title="bbox 1999 3583 3650 3656">
    <p class='ocr_par' dir='ltr' id='par_1_86' title="bbox 1999 3583 3650 3656">
     <span class='ocr_line' id='line_1_86' title="bbox 1999 3583 3650 3656; baseline 0 -17"><span class='ocrx_word' id='word_1_517' title='bbox 1999 3586 2072 3640; x_wconf 86' lang='lat' dir='ltr'>da</span> <span class='ocrx_word' id='word_1_518' title='bbox 2093 3583 2329 3639; x_wconf 86' lang='lat' dir='ltr'>famulis</span> <span class='ocrx_word' id='word_1_519' title='bbox 2347 3589 2400 3639; x_wconf 91' lang='lat' dir='ltr'>et</span> <span class='ocrx_word' id='word_1_520' title='bbox 2429 3585 2761 3641; x_wconf 85' lang='lat' dir='ltr'>famulabus</span> <span class='ocrx_word' id='word_1_521' title='bbox 2781 3584 2921 3655; x_wconf 87' lang='lat' dir='ltr'>tuis,</span> <span class='ocrx_word' id='word_1_522' title='bbox 2943 3585 3015 3639; x_wconf 90' lang='lat' dir='ltr'>de</span> <span class='ocrx_word' id='word_1_523' title='bbox 3028 3585 3245 3656; x_wconf 89' lang='lat' dir='ltr'>quibus</span> <span class='ocrx_word' id='word_1_524' title='bbox 3267 3586 3650 3656; x_wconf 89' lang='lat' dir='ltr'>deprecamur</span> 
     </span>
    </p>
   </div>
   <div class='ocr_carea' id='block_1_87' title="bbox 1997 3672 3648 3745">
    <p class='ocr_par' dir='ltr' id='par_1_87' title="bbox 1997 3672 3648 3745">
     <span class='ocr_line' id='line_1_87' title="bbox 1997 3672 3648 3745; baseline 0.001 -17"><span class='ocrx_word' id='word_1_525' title='bbox 1997 3677 2157 3729; x_wconf 91' lang='lat' dir='ltr'>tuam</span> <span class='ocrx_word' id='word_1_526' title='bbox 2191 3672 2586 3739; x_wconf 87' lang='lat' dir='ltr'>clementiam,</span> <span class='ocrx_word' id='word_1_527' title='bbox 2610 3672 2857 3727; x_wconf 89' lang='lat' dir='ltr'>salutem</span> <span class='ocrx_word' id='word_1_528' title='bbox 2881 3673 3096 3727; x_wconf 89' lang='lat' dir='ltr'>mentis</span> <span class='ocrx_word' id='word_1_529' title='bbox 3116 3677 3175 3728; x_wconf 90' lang='lat' dir='ltr'>et</span> <span class='ocrx_word' id='word_1_530' title='bbox 3203 3673 3484 3745; x_wconf 80' lang='lat' dir='ltr'>corporis,</span> <span class='ocrx_word' id='word_1_531' title='bbox 3514 3678 3648 3729; x_wconf 86' lang='lat' dir='ltr'>ulte</span> 
     </span>
    </p>
   </div>
   <div class='ocr_carea' id='block_1_88' title="bbox 1996 3761 3650 3833">
    <p class='ocr_par' dir='ltr' id='par_1_88' title="bbox 1996 3761 3650 3833">
     <span class='ocr_line' id='line_1_88' title="bbox 1996 3761 3650 3833; baseline 0 -16"><span class='ocrx_word' id='word_1_532' title='bbox 1996 3766 2116 3817; x_wconf 88' lang='lat' dir='ltr'>tota</span> <span class='ocrx_word' id='word_1_533' title='bbox 2144 3761 2354 3816; x_wconf 80' lang='lat' dir='ltr'>virtute</span> <span class='ocrx_word' id='word_1_534' title='bbox 2392 3761 2658 3833; x_wconf 85' lang='lat' dir='ltr'>diligant,</span> <span class='ocrx_word' id='word_1_535' title='bbox 2710 3765 2767 3816; x_wconf 90' lang='lat' dir='ltr'>et</span> <span class='ocrx_word' id='word_1_536' title='bbox 2799 3777 2926 3832; x_wconf 72' lang='lat' dir='ltr'>quae</span> <span class='ocrx_word' id='word_1_537' title='bbox 2960 3761 3237 3833; x_wconf 51' lang='lat' dir='ltr'>tibisunt</span> <span class='ocrx_word' id='word_1_538' title='bbox 3259 3761 3494 3833; x_wconf 88' lang='lat' dir='ltr'>placita,</span> <span class='ocrx_word' id='word_1_539' title='bbox 3526 3765 3650 3818; x_wconf 90' lang='lat' dir='ltr'>tota</span> 
     </span>
    </p>
   </div>
   <div class='ocr_carea' id='block_1_89' title="bbox 1998 3849 3649 3923">
    <p class='ocr_par' dir='ltr' id='par_1_89' title="bbox 1998 3849 3649 3923">
     <span class='ocr_line' id='line_1_89' title="bbox 1998 3849 3649 3923; baseline 0 -18"><span class='ocrx_word' id='word_1_540' title='bbox 1998 3850 2304 3905; x_wconf 85' lang='lat' dir='ltr'>dilectione</span> <span class='ocrx_word' id='word_1_541' title='bbox 2335 3849 2657 3922; x_wconf 86' lang='lat' dir='ltr'>perﬁciant.</span> <span class='ocrx_word' id='word_1_542' title='bbox 2692 3854 2819 3905; x_wconf 92' lang='lat' dir='ltr'>Per.</span> <span class='ocrx_word' id='word_1_543' title='bbox 2842 3854 3079 3906; x_wconf 84' lang='lat' dir='ltr'>Secreta.</span> <span class='ocrx_word' id='word_1_544' title='bbox 3106 3850 3399 3920; x_wconf 90' lang='lat' dir='ltr'>Miserere,</span> <span class='ocrx_word' id='word_1_545' title='bbox 3424 3868 3649 3923; x_wconf 63' lang='lat' dir='ltr'>quassu-</span> 
     </span>
    </p>
   </div>
   <div class='ocr_carea' id='block_1_90' title="bbox 1999 3937 3649 4010">
    <p class='ocr_par' dir='ltr' id='par_1_90' title="bbox 1999 3937 3649 4010">
     <span class='ocr_line' id='line_1_90' title="bbox 1999 3937 3649 4010; baseline 0.001 -17"><span class='ocrx_word' id='word_1_546' title='bbox 1999 3956 2153 4005; x_wconf 90' lang='lat' dir='ltr'>mus,</span> <span class='ocrx_word' id='word_1_547' title='bbox 2169 3939 2433 4007; x_wconf 90' lang='lat' dir='ltr'>Domine,</span> <span class='ocrx_word' id='word_1_548' title='bbox 2457 3939 2694 3994; x_wconf 89' lang='lat' dir='ltr'>famulis</span> <span class='ocrx_word' id='word_1_549' title='bbox 2712 3937 3118 3994; x_wconf 85' lang='lat' dir='ltr'>etfamulabus</span> <span class='ocrx_word' id='word_1_550' title='bbox 3144 3937 3282 4006; x_wconf 92' lang='lat' dir='ltr'>tuis,</span> <span class='ocrx_word' id='word_1_551' title='bbox 3310 3955 3415 4010; x_wconf 91' lang='lat' dir='ltr'>pro</span> <span class='ocrx_word' id='word_1_552' title='bbox 3432 3939 3649 4010; x_wconf 82' lang='lat' dir='ltr'>quibus</span> 
     </span>
    </p>
   </div>
   <div class='ocr_carea' id='block_1_91' title="bbox 1999 4026 3652 4098">
    <p class='ocr_par' dir='ltr' id='par_1_91' title="bbox 1999 4026 3652 4098">
     <span class='ocr_line' id='line_1_91' title="bbox 1999 4026 3652 4098; baseline -0.001 -16"><span class='ocrx_word' id='word_1_553' title='bbox 1999 4027 2107 4082; x_wconf 84' lang='lat' dir='ltr'>hoc</span> <span class='ocrx_word' id='word_1_554' title='bbox 2138 4027 2490 4083; x_wconf 90' lang='lat' dir='ltr'>sacriﬁcium</span> <span class='ocrx_word' id='word_1_555' title='bbox 2527 4026 2719 4081; x_wconf 88' lang='lat' dir='ltr'>laudis</span> <span class='ocrx_word' id='word_1_556' title='bbox 2761 4032 2874 4081; x_wconf 58' lang='lat' dir='ltr'>tua;</span> <span class='ocrx_word' id='word_1_557' title='bbox 2908 4026 3211 4081; x_wconf 78' lang='lat' dir='ltr'>offerimus</span> <span class='ocrx_word' id='word_1_558' title='bbox 3236 4026 3553 4098; x_wconf 86' lang='lat' dir='ltr'>majestati,</span> <span class='ocrx_word' id='word_1_559' title='bbox 3587 4030 3652 4082; x_wconf 91' lang='lat' dir='ltr'>ut</span> 
     </span>
    </p>
   </div>
   <div class='ocr_carea' id='block_1_92' title="bbox 1999 4116 3647 4189">
    <p class='ocr_par' dir='ltr' id='par_1_92' title="bbox 1999 4116 3647 4189">
     <span class='ocr_line' id='line_1_92' title="bbox 1999 4116 3647 4189; baseline 0.001 -18"><span class='ocrx_word' id='word_1_560' title='bbox 1999 4133 2102 4188; x_wconf 81' lang='lat' dir='ltr'>per</span> <span class='ocrx_word' id='word_1_561' title='bbox 2156 4117 2275 4172; x_wconf 70' lang='lat' dir='ltr'>haec</span> <span class='ocrx_word' id='word_1_562' title='bbox 2330 4120 2533 4171; x_wconf 88' lang='lat' dir='ltr'>sancta</span> <span class='ocrx_word' id='word_1_563' title='bbox 2593 4132 2859 4188; x_wconf 66' lang='lat' dir='ltr'>supernae</span> <span class='ocrx_word' id='word_1_564' title='bbox 2918 4116 3343 4172; x_wconf 85' lang='lat' dir='ltr'>benedictionis</span> <span class='ocrx_word' id='word_1_565' title='bbox 3398 4116 3647 4189; x_wconf 87' lang='lat' dir='ltr'>gratiam</span> 
     </span>
    </p>
   </div>
   <div class='ocr_carea' id='block_1_93' title="bbox 1998 4204 3646 4277">
    <p class='ocr_par' dir='ltr' id='par_1_93' title="bbox 1998 4204 3646 4277">
     <span class='ocr_line' id='line_1_93' title="bbox 1998 4204 3646 4277; baseline -0.001 -16"><span class='ocrx_word' id='word_1_566' title='bbox 1998 4205 2322 4272; x_wconf 86' lang='lat' dir='ltr'>obtineant,</span> <span class='ocrx_word' id='word_1_567' title='bbox 2337 4210 2395 4260; x_wconf 89' lang='lat' dir='ltr'>et</span> <span class='ocrx_word' id='word_1_568' title='bbox 2414 4204 2659 4277; x_wconf 80' lang='lat' dir='ltr'>gloriam</span> <span class='ocrx_word' id='word_1_569' title='bbox 2677 4209 2900 4260; x_wconf 59' lang='lat' dir='ltr'>aeternae</span> <span class='ocrx_word' id='word_1_570' title='bbox 2920 4204 3304 4260; x_wconf 88' lang='lat' dir='ltr'>beatitudinis</span> <span class='ocrx_word' id='word_1_571' title='bbox 3318 4205 3646 4275; x_wconf 89' lang='lat' dir='ltr'>acquirant.</span> 
     </span>
    </p>
   </div>
   <div class='ocr_carea' id='block_1_94' title="bbox 2004 4293 3646 4366">
    <p class='ocr_par' dir='ltr' id='par_1_94' title="bbox 2004 4293 3646 4366">
     <span class='ocr_line' id='line_1_94' title="bbox 2004 4293 3646 4366; baseline 0.001 -18"><span class='ocrx_word' id='word_1_572' title='bbox 2004 4294 2123 4349; x_wconf 88' lang='lat' dir='ltr'>Per.</span> <span class='ocrx_word' id='word_1_573' title='bbox 2171 4294 2251 4349; x_wconf 81' lang='lat' dir='ltr'>Ad</span> <span class='ocrx_word' id='word_1_574' title='bbox 2297 4296 2751 4348; x_wconf 72' lang='lat' dir='ltr'>communionem.</span> <span class='ocrx_word' id='word_1_575' title='bbox 2803 4293 3009 4348; x_wconf 90' lang='lat' dir='ltr'>Divina</span> <span class='ocrx_word' id='word_1_576' title='bbox 3061 4293 3311 4349; x_wconf 84' lang='lat' dir='ltr'>libantes</span> <span class='ocrx_word' id='word_1_577' title='bbox 3350 4294 3646 4366; x_wconf 69' lang='lat' dir='ltr'>mysteria,</span> 
     </span>
    </p>
   </div>
   <div class='ocr_carea' id='block_1_95' title="bbox 1999 4381 3653 4451">
    <p class='ocr_par' dir='ltr' id='par_1_95' title="bbox 1999 4381 3653 4451">
     <span class='ocr_line' id='line_1_95' title="bbox 1999 4381 3653 4451; baseline 0.002 -16"><span class='ocrx_word' id='word_1_578' title='bbox 1999 4399 2365 4451; x_wconf 68' lang='lat' dir='ltr'>quaesumus,</span> <span class='ocrx_word' id='word_1_579' title='bbox 2416 4382 2678 4447; x_wconf 89' lang='lat' dir='ltr'>Domine,</span> <span class='ocrx_word' id='word_1_580' title='bbox 2715 4386 2780 4436; x_wconf 89' lang='lat' dir='ltr'>ut</span> <span class='ocrx_word' id='word_1_581' title='bbox 2827 4382 2948 4436; x_wconf 70' lang='lat' dir='ltr'>hanc</span> <span class='ocrx_word' id='word_1_582' title='bbox 2975 4381 3256 4437; x_wconf 89' lang='lat' dir='ltr'>salutaria</span> <span class='ocrx_word' id='word_1_583' title='bbox 3287 4387 3653 4439; x_wconf 88' lang='lat' dir='ltr'>sacramenta</span> 
     </span>
    </p>
   </div>
   <div class='ocr_carea' id='block_1_96' title="bbox 1999 4468 3649 4543">
    <p class='ocr_par' dir='ltr' id='par_1_96' title="bbox 1999 4468 3649 4543">
     <span class='ocr_line' id='line_1_96' title="bbox 1999 4468 3649 4543; baseline 0.002 -20"><span class='ocrx_word' id='word_1_584' title='bbox 1999 4468 2118 4523; x_wconf 91' lang='lat' dir='ltr'>illis</span> <span class='ocrx_word' id='word_1_585' title='bbox 2151 4470 2458 4540; x_wconf 86' lang='lat' dir='ltr'>proﬁciant</span> <span class='ocrx_word' id='word_1_586' title='bbox 2479 4472 2547 4524; x_wconf 91' lang='lat' dir='ltr'>ad</span> <span class='ocrx_word' id='word_1_587' title='bbox 2574 4471 3015 4542; x_wconf 87' lang='lat' dir='ltr'>prosperitatem</span> <span class='ocrx_word' id='word_1_588' title='bbox 3049 4475 3105 4525; x_wconf 89' lang='lat' dir='ltr'>et</span> <span class='ocrx_word' id='word_1_589' title='bbox 3125 4487 3347 4542; x_wconf 88' lang='lat' dir='ltr'>pacem,</span> <span class='ocrx_word' id='word_1_590' title='bbox 3372 4488 3475 4543; x_wconf 79' lang='lat' dir='ltr'>pro</span> <span class='ocrx_word' id='word_1_591' title='bbox 3507 4488 3649 4542; x_wconf 91' lang='lat' dir='ltr'>quo-</span> 
     </span>
    </p>
   </div>
   <div class='ocr_carea' id='block_1_97' title="bbox 2002 4556 3557 4627">
    <p class='ocr_par' dir='ltr' id='par_1_97' title="bbox 2002 4556 3557 4627">
     <span class='ocr_line' id='line_1_97' title="bbox 2002 4556 3557 4627; baseline 0.001 -17"><span class='ocrx_word' id='word_1_592' title='bbox 2002 4574 2131 4610; x_wconf 90' lang='lat' dir='ltr'>rum</span> <span class='ocrx_word' id='word_1_593' title='bbox 2156 4556 2465 4611; x_wconf 83' lang='lat' dir='ltr'>dilectione</span> <span class='ocrx_word' id='word_1_594' title='bbox 2496 4574 2563 4611; x_wconf 88' lang='lat' dir='ltr'>ea</span> <span class='ocrx_word' id='word_1_595' title='bbox 2594 4562 2707 4613; x_wconf 71' lang='lat' dir='ltr'>tum</span> <span class='ocrx_word' id='word_1_596' title='bbox 2737 4557 3060 4612; x_wconf 90' lang='lat' dir='ltr'>obtulimus</span> <span class='ocrx_word' id='word_1_597' title='bbox 3087 4559 3399 4627; x_wconf 74' lang='lat' dir='ltr'>maiestati.</span> <span class='ocrx_word' id='word_1_598' title='bbox 3434 4559 3557 4613; x_wconf 90' lang='lat' dir='ltr'>Per.</span> 
     </span>
    </p>
   </div>
   <div class='ocr_carea' id='block_1_98' title="bbox 2267 4656 2537 4663">
    <p class='ocr_par' dir='ltr' id='par_1_98' title="bbox 2267 4656 2537 4663">
     <span class='ocr_line' id='line_1_98' title="bbox 2267 4656 2537 4663; baseline -0.004 -1"><span class='ocrx_word' id='word_1_599' title='bbox 2267 4656 2537 4663; x_wconf 75' lang='lat'>——-———————</span> 
     </span>
    </p>
   </div>
   <div class='ocr_carea' id='block_1_99' title="bbox 1710 4735 2173 4829">
    <p class='ocr_par' dir='ltr' id='par_1_99' title="bbox 1710 4735 2173 4829">
     <span class='ocr_line' id='line_1_99' title="bbox 1710 4735 2173 4829; baseline -0.004 -3"><span class='ocrx_word' id='word_1_600' title='bbox 1710 4735 2173 4829; x_wconf 87' lang='lat' dir='ltr'>INCIPIT</span> 
     </span>
    </p>
   </div>
   <div class='ocr_carea' id='block_1_100' title="bbox 233 4884 3648 4951">
    <p class='ocr_par' dir='ltr' id='par_1_100' title="bbox 233 4884 3648 4951">
     <span class='ocr_line' id='line_1_100' title="bbox 233 4884 3648 4951; baseline 0 -2"><span class='ocrx_word' id='word_1_601' title='bbox 233 4887 616 4951; x_wconf 84' lang='lat' dir='ltr'>OFFICIUM</span> <span class='ocrx_word' id='word_1_602' title='bbox 645 4888 1043 4949; x_wconf 77' lang='lat' dir='ltr'>BHEVlARll</span> <span class='ocrx_word' id='word_1_603' title='bbox 1079 4888 1500 4949; x_wconf 82' lang='lat' dir='ltr'>SECUNDUM</span> <span class='ocrx_word' id='word_1_604' title='bbox 1527 4886 1883 4949; x_wconf 82' lang='lat' dir='ltr'>ORDINEM</span> <span class='ocrx_word' id='word_1_605' title='bbox 1916 4886 2158 4946; x_wconf 78' lang='lat' dir='ltr'>EREMl</span> <span class='ocrx_word' id='word_1_606' title='bbox 2193 4885 2522 4946; x_wconf 71' lang='lat' dir='ltr'>SANCT/E</span> <span class='ocrx_word' id='word_1_607' title='bbox 2553 4884 2833 4947; x_wconf 78' lang='lat' dir='ltr'>CRUCIS</span> <span class='ocrx_word' id='word_1_608' title='bbox 2866 4885 3149 4948; x_wconf 89' lang='lat' dir='ltr'>FONTIS</span> <span class='ocrx_word' id='word_1_609' title='bbox 3179 4886 3648 4949; x_wconf 67' lang='lat' dir='ltr'>AVELLANZE.</span> 
     </span>
    </p>
   </div>
   <div class='ocr_carea' id='block_1_101' title="bbox 1768 5001 2139 5011">
    <p class='ocr_par' dir='ltr' id='par_1_101' title="bbox 1768 5001 2139 5011">
     <span class='ocr_line' id='line_1_101' title="bbox 1768 5001 2139 5011; baseline -0.003 -1"><span class='ocrx_word' id='word_1_610' title='bbox 1768 5001 2139 5011; x_wconf 80' lang='lat'>_——-——</span> 
     </span>
    </p>
   </div>
   <div class='ocr_carea' id='block_1_102' title="bbox 309 5070 3651 5147">
    <p class='ocr_par' dir='ltr' id='par_1_102' title="bbox 309 5070 3651 5147">
     <span class='ocr_line' id='line_1_102' title="bbox 309 5070 3651 5147; baseline -0 -17"><span class='ocrx_word' id='word_1_611' title='bbox 309 5073 612 5130; x_wconf 88' lang='lat' dir='ltr'>Dominica</span> <span class='ocrx_word' id='word_1_612' title='bbox 651 5073 843 5147; x_wconf 89' lang='lat' dir='ltr'>prima</span> <span class='ocrx_word' id='word_1_613' title='bbox 888 5075 1208 5128; x_wconf 82' lang='lat' dir='ltr'>Adventus.</span> <span class='ocrx_word' id='word_1_614' title='bbox 1260 5074 1339 5128; x_wconf 85' lang='lat' dir='ltr'>Ad</span> <span class='ocrx_word' id='word_1_615' title='bbox 1371 5090 1621 5146; x_wconf 60' lang='lat' dir='ltr'>vespera:</span> <span class='ocrx_word' id='word_1_616' title='bbox 1652 5074 1884 5129; x_wconf 85' lang='lat' dir='ltr'>Sabbato</span> <span class='ocrx_word' id='word_1_617' title='bbox 1916 5076 1962 5139; x_wconf 78' lang='grc' dir='ltr'>Β</span> <span class='ocrx_word' id='word_1_618' title='bbox 1997 5072 2218 5127; x_wconf 85' lang='lat' dir='ltr'>Ditl&#39;usa</span> <span class='ocrx_word' id='word_1_619' title='bbox 2248 5075 2335 5126; x_wconf 88' lang='lat' dir='ltr'>est</span> <span class='ocrx_word' id='word_1_620' title='bbox 2366 5070 2569 5143; x_wconf 87' lang='lat' dir='ltr'>gratia.</span> <span class='ocrx_word' id='word_1_621' title='bbox 2590 5111 2602 5122; x_wconf 94' lang='lat'>.</span> <span class='ocrx_word' id='word_1_622' title='bbox 2629 5071 2961 5142; x_wconf 86' lang='lat' dir='ltr'>Propterea.</span> <span class='ocrx_word' id='word_1_623' title='bbox 2988 5071 3180 5127; x_wconf 84' lang='lat' dir='ltr'>Oratio</span> <span class='ocrx_word' id='word_1_624' title='bbox 3202 5114 3214 5127; x_wconf 94' lang='lat'>.</span> <span class='ocrx_word' id='word_1_625' title='bbox 3262 5077 3417 5130; x_wconf 89' lang='lat' dir='ltr'>Deus</span> <span class='ocrx_word' id='word_1_626' title='bbox 3452 5073 3555 5145; x_wconf 90' lang='lat' dir='ltr'>qui</span> <span class='ocrx_word' id='word_1_627' title='bbox 3578 5074 3651 5129; x_wconf 90' lang='lat' dir='ltr'>de</span> 
     </span>
    </p>
   </div>
   <div class='ocr_carea' id='block_1_103' title="bbox 239 5161 1886 5232">
    <p class='ocr_par' dir='ltr' id='par_1_103' title="bbox 239 5161 1886 5232">
     <span class='ocr_line' id='line_1_103' title="bbox 239 5161 1886 5232; baseline -0.001 -14"><span class='ocrx_word' id='word_1_628' title='bbox 239 5164 401 5219; x_wconf 81' lang='lat' dir='ltr'>lectio</span> <span class='ocrx_word' id='word_1_629' title='bbox 424 5180 442 5217; x_wconf 89' lang='lat'><em>:</em></span> <span class='ocrx_word' id='word_1_630' title='bbox 473 5161 753 5218; x_wconf 89' lang='lat' dir='ltr'>Eccedies</span> <span class='ocrx_word' id='word_1_631' title='bbox 773 5162 1037 5231; x_wconf 89' lang='lat' dir='ltr'>veniunt,</span> <span class='ocrx_word' id='word_1_632' title='bbox 1053 5166 1372 5232; x_wconf 69' lang='lat' dir='ltr'>etc.,usque</span> <span class='ocrx_word' id='word_1_633' title='bbox 1388 5162 1444 5217; x_wconf 90' lang='lat' dir='ltr'>in</span> <span class='ocrx_word' id='word_1_634' title='bbox 1466 5168 1638 5217; x_wconf 86' lang='lat' dir='ltr'>terra.</span> <span class='ocrx_word' id='word_1_635' title='bbox 1661 5163 1718 5228; x_wconf 70' lang='grc' dir='ltr'>ιῗ.</span> <span class='ocrx_word' id='word_1_636' title='bbox 1746 5162 1886 5216; x_wconf 80' lang='lat' dir='ltr'>Mis-</span> 
     </span>
    </p>
   </div>
   <div class='ocr_carea' id='block_1_104' title="bbox 238 5249 1893 5323">
    <p class='ocr_par' dir='ltr' id='par_1_104' title="bbox 238 5249 1893 5323">
     <span class='ocr_line' id='line_1_104' title="bbox 238 5249 1893 5323; baseline -0.001 -16"><span class='ocrx_word' id='word_1_637' title='bbox 238 5267 345 5307; x_wconf 87' lang='lat' dir='ltr'>sus</span> <span class='ocrx_word' id='word_1_638' title='bbox 376 5255 466 5307; x_wconf 86' lang='lat' dir='ltr'>est</span> <span class='ocrx_word' id='word_1_639' title='bbox 498 5249 746 5307; x_wconf 87' lang='lat' dir='ltr'>Gabriel.</span> <span class='ocrx_word' id='word_1_640' title='bbox 772 5252 823 5311; x_wconf 64' lang='grc' dir='ltr'>Ῡ.</span> <span class='ocrx_word' id='word_1_641' title='bbox 851 5251 1018 5307; x_wconf 90' lang='lat' dir='ltr'>Dabit</span> <span class='ocrx_word' id='word_1_642' title='bbox 1044 5250 1114 5307; x_wconf 89' lang='lat' dir='ltr'>ei.</span> <span class='ocrx_word' id='word_1_643' title='bbox 1143 5252 1406 5323; x_wconf 79' lang='lat' dir='ltr'>Hymnus,</span> <span class='ocrx_word' id='word_1_644' title='bbox 1448 5255 1580 5316; x_wconf 90' lang='lat' dir='ltr'>etc.,</span> <span class='ocrx_word' id='word_1_645' title='bbox 1614 5267 1785 5322; x_wconf 74' lang='lat' dir='ltr'>usque</span> <span class='ocrx_word' id='word_1_646' title='bbox 1823 5250 1893 5305; x_wconf 88' lang='lat' dir='ltr'>ad</span> 
     </span>
    </p>
   </div>
   <div class='ocr_carea' id='block_1_105' title="bbox 239 5336 1893 5407">
    <p class='ocr_par' dir='ltr' id='par_1_105' title="bbox 239 5336 1893 5407">
     <span class='ocr_line' id='line_1_105' title="bbox 239 5336 1893 5407; baseline -0.001 -14"><span class='ocrx_word' id='word_1_647' title='bbox 239 5342 415 5394; x_wconf 81' lang='lat' dir='ltr'>totam</span> <span class='ocrx_word' id='word_1_648' title='bbox 442 5340 765 5405; x_wconf 79' lang='lat' dir='ltr'>orationem,</span> <span class='ocrx_word' id='word_1_649' title='bbox 794 5341 855 5393; x_wconf 84' lang='lat' dir='ltr'>ut</span> <span class='ocrx_word' id='word_1_650' title='bbox 885 5341 947 5394; x_wconf 83' lang='lat' dir='ltr'>in</span> <span class='ocrx_word' id='word_1_651' title='bbox 964 5339 1140 5395; x_wconf 74' lang='lat' dir='ltr'>editis.</span> <span class='ocrx_word' id='word_1_652' title='bbox 1174 5340 1273 5393; x_wconf 85' lang='lat' dir='ltr'>Hic</span> <span class='ocrx_word' id='word_1_653' title='bbox 1300 5338 1607 5393; x_wconf 82' lang='lat' dir='ltr'>dimittitur</span> <span class='ocrx_word' id='word_1_654' title='bbox 1634 5353 1805 5407; x_wconf 78' lang='lat' dir='ltr'>usque</span> <span class='ocrx_word' id='word_1_655' title='bbox 1824 5336 1893 5391; x_wconf 84' lang='lat' dir='ltr'>ad</span> 
     </span>
    </p>
   </div>
   <div class='ocr_carea' id='block_1_106' title="bbox 233 5424 1894 5499">
    <p class='ocr_par' dir='ltr' id='par_1_106' title="bbox 233 5424 1894 5499">
     <span class='ocr_line' id='line_1_106' title="bbox 233 5424 1894 5499; baseline -0.003 -16"><span class='ocrx_word' id='word_1_656' title='bbox 233 5430 485 5483; x_wconf 81' lang='lat' dir='ltr'>octavam</span> <span class='ocrx_word' id='word_1_657' title='bbox 525 5428 856 5499; x_wconf 67' lang='lat' dir='ltr'>Epiphaniae</span> <span class='ocrx_word' id='word_1_658' title='bbox 900 5428 1200 5499; x_wconf 84' lang='lat' dir='ltr'>antiphona</span> <span class='ocrx_word' id='word_1_659' title='bbox 1246 5426 1312 5481; x_wconf 84' lang='lat' dir='ltr'>de</span> <span class='ocrx_word' id='word_1_660' title='bbox 1359 5427 1547 5493; x_wconf 84' lang='lat' dir='ltr'>Cruce,</span> <span class='ocrx_word' id='word_1_661' title='bbox 1600 5433 1651 5479; x_wconf 87' lang='lat' dir='ltr'>et</span> <span class='ocrx_word' id='word_1_662' title='bbox 1686 5424 1894 5479; x_wconf 82' lang='lat' dir='ltr'>dicitur</span> 
     </span>
    </p>
   </div>
   <div class='ocr_carea' id='block_1_107' title="bbox 238 5513 1893 5588">
    <p class='ocr_par' dir='ltr' id='par_1_107' title="bbox 238 5513 1893 5588">
     <span class='ocr_line' id='line_1_107' title="bbox 238 5513 1893 5588; baseline -0.004 -15"><span class='ocrx_word' id='word_1_663' title='bbox 238 5516 353 5573; x_wconf 56' lang='lat' dir='ltr'>hac</span> <span class='ocrx_word' id='word_1_664' title='bbox 381 5517 690 5588; x_wconf 81' lang='lat' dir='ltr'>antiphona</span> <span class='ocrx_word' id='word_1_665' title='bbox 720 5518 895 5574; x_wconf 70' lang='lat' dir='ltr'>beatae</span> <span class='ocrx_word' id='word_1_666' title='bbox 924 5518 1118 5574; x_wconf 66' lang='lat' dir='ltr'>Maria:</span> <span class='ocrx_word' id='word_1_667' title='bbox 1139 5534 1157 5571; x_wconf 91' lang='lat'><em>:</em></span> <span class='ocrx_word' id='word_1_668' title='bbox 1187 5514 1404 5571; x_wconf 90' lang='lat' dir='ltr'>Missus</span> <span class='ocrx_word' id='word_1_669' title='bbox 1434 5519 1524 5570; x_wconf 89' lang='lat' dir='ltr'>est</span> <span class='ocrx_word' id='word_1_670' title='bbox 1544 5513 1773 5569; x_wconf 90' lang='lat' dir='ltr'>Gabriel</span> <span class='ocrx_word' id='word_1_671' title='bbox 1796 5530 1893 5569; x_wconf 90' lang='lat' dir='ltr'>an-</span> 
     </span>
    </p>
   </div>
   <div class='ocr_carea' id='block_1_108' title="bbox 232 5601 1889 5679">
    <p class='ocr_par' dir='ltr' id='par_1_108' title="bbox 232 5601 1889 5679">
     <span class='ocr_line' id='line_1_108' title="bbox 232 5601 1889 5679; baseline -0.004 -17"><span class='ocrx_word' id='word_1_672' title='bbox 232 5605 401 5679; x_wconf 79' lang='lat' dir='ltr'>gelus</span> <span class='ocrx_word' id='word_1_673' title='bbox 435 5606 509 5662; x_wconf 91' lang='lat' dir='ltr'>ad</span> <span class='ocrx_word' id='word_1_674' title='bbox 536 5605 781 5663; x_wconf 87' lang='lat' dir='ltr'>Mariam</span> <span class='ocrx_word' id='word_1_675' title='bbox 811 5604 1098 5678; x_wconf 86' lang='lat' dir='ltr'>virginem</span> <span class='ocrx_word' id='word_1_676' title='bbox 1130 5606 1550 5677; x_wconf 89' lang='lat' dir='ltr'>desponsatam</span> <span class='ocrx_word' id='word_1_677' title='bbox 1583 5601 1822 5673; x_wconf 88' lang='lat' dir='ltr'>Joseph.</span> <span class='ocrx_word' id='word_1_678' title='bbox 1858 5603 1889 5671; x_wconf 58' lang='grc' dir='ltr'><em>ᾗ</em></span> 
     </span>
    </p>
   </div>
   <div class='ocr_carea' id='block_1_109' title="bbox 2000 5159 3647 5229">
    <p class='ocr_par' dir='ltr' id='par_1_109' title="bbox 2000 5159 3647 5229">
     <span class='ocr_line' id='line_1_109' title="bbox 2000 5159 3647 5229; baseline 0.001 -14"><span class='ocrx_word' id='word_1_679' title='bbox 2000 5161 2199 5228; x_wconf 67' lang='lat' dir='ltr'>beatae,</span> <span class='ocrx_word' id='word_1_680' title='bbox 2234 5164 2341 5214; x_wconf 89' lang='lat' dir='ltr'>etc.</span> <span class='ocrx_word' id='word_1_681' title='bbox 2394 5161 2794 5215; x_wconf 80' lang='lat' dir='ltr'>Invitatorium.</span> <span class='ocrx_word' id='word_1_682' title='bbox 2828 5159 2971 5214; x_wconf 85' lang='lat' dir='ltr'>Ecce</span> <span class='ocrx_word' id='word_1_683' title='bbox 3001 5160 3189 5216; x_wconf 89' lang='lat' dir='ltr'>veniet</span> <span class='ocrx_word' id='word_1_684' title='bbox 3225 5178 3345 5229; x_wconf 81' lang='lat' dir='ltr'>rex,</span> <span class='ocrx_word' id='word_1_685' title='bbox 3380 5179 3647 5218; x_wconf 91' lang='lat' dir='ltr'>occurra-</span> 
     </span>
    </p>
   </div>
   <div class='ocr_carea' id='block_1_110' title="bbox 2003 5246 3649 5317">
    <p class='ocr_par' dir='ltr' id='par_1_110' title="bbox 2003 5246 3649 5317">
     <span class='ocr_line' id='line_1_110' title="bbox 2003 5246 3649 5317; baseline 0.001 -14"><span class='ocrx_word' id='word_1_686' title='bbox 2003 5266 2136 5304; x_wconf 90' lang='lat' dir='ltr'>mus</span> <span class='ocrx_word' id='word_1_687' title='bbox 2167 5248 2398 5303; x_wconf 90' lang='lat' dir='ltr'>obviam</span> <span class='ocrx_word' id='word_1_688' title='bbox 2429 5246 2708 5303; x_wconf 88' lang='lat' dir='ltr'>Salvatori</span> <span class='ocrx_word' id='word_1_689' title='bbox 2741 5251 2962 5302; x_wconf 87' lang='lat' dir='ltr'>nostro.</span> <span class='ocrx_word' id='word_1_690' title='bbox 2988 5249 3263 5304; x_wconf 82' lang='lat' dir='ltr'>Lectiones</span> <span class='ocrx_word' id='word_1_691' title='bbox 3283 5266 3465 5305; x_wconf 78' lang='lat' dir='ltr'>omnes</span> <span class='ocrx_word' id='word_1_692' title='bbox 3486 5250 3649 5317; x_wconf 76' lang='lat' dir='ltr'>huius</span> 
     </span>
    </p>
   </div>
   <div class='ocr_carea' id='block_1_111' title="bbox 2002 5335 3647 5409">
    <p class='ocr_par' dir='ltr' id='par_1_111' title="bbox 2002 5335 3647 5409">
     <span class='ocr_line' id='line_1_111' title="bbox 2002 5335 3647 5409; baseline -0.001 -17"><span class='ocrx_word' id='word_1_693' title='bbox 2002 5337 2263 5392; x_wconf 84' lang='lat' dir='ltr'>breviarii</span> <span class='ocrx_word' id='word_1_694' title='bbox 2303 5338 2470 5393; x_wconf 64' lang='lat' dir='ltr'>mirae</span> <span class='ocrx_word' id='word_1_695' title='bbox 2515 5344 2643 5392; x_wconf 83' lang='lat' dir='ltr'>sunt</span> <span class='ocrx_word' id='word_1_696' title='bbox 2698 5335 2993 5390; x_wconf 63' lang='lat' dir='ltr'>brevitatis.</span> <span class='ocrx_word' id='word_1_697' title='bbox 3043 5337 3287 5404; x_wconf 82' lang='lat' dir='ltr'>Quatuor</span> <span class='ocrx_word' id='word_1_698' title='bbox 3331 5340 3506 5409; x_wconf 86' lang='lat' dir='ltr'>primi</span> <span class='ocrx_word' id='word_1_699' title='bbox 3543 5354 3647 5392; x_wconf 80' lang='lat' dir='ltr'>uo-</span> 
     </span>
    </p>
   </div>
   <div class='ocr_carea' id='block_1_112' title="bbox 1999 5424 3651 5497">
    <p class='ocr_par' dir='ltr' id='par_1_112' title="bbox 1999 5424 3651 5497">
     <span class='ocr_line' id='line_1_112' title="bbox 1999 5424 3651 5497; baseline -0.001 -16"><span class='ocrx_word' id='word_1_700' title='bbox 1999 5427 2183 5481; x_wconf 84' lang='lat' dir='ltr'>cturni</span> <span class='ocrx_word' id='word_1_701' title='bbox 2237 5427 2399 5497; x_wconf 76' lang='lat' dir='ltr'>hujus</span> <span class='ocrx_word' id='word_1_702' title='bbox 2449 5427 2751 5481; x_wconf 75' lang='lat' dir='ltr'>Dominij</span> <span class='ocrx_word' id='word_1_703' title='bbox 2796 5424 3259 5495; x_wconf 78' lang='lat' dir='ltr'>comprehendunt</span> <span class='ocrx_word' id='word_1_704' title='bbox 3302 5426 3545 5496; x_wconf 83' lang='lat' dir='ltr'>primum</span> <span class='ocrx_word' id='word_1_705' title='bbox 3599 5430 3651 5480; x_wconf 87' lang='lat' dir='ltr'>ct</span> 
     </span>
    </p>
   </div>
   <div class='ocr_carea' id='block_1_113' title="bbox 1998 5512 3649 5585">
    <p class='ocr_par' dir='ltr' id='par_1_113' title="bbox 1998 5512 3649 5585">
     <span class='ocr_line' id='line_1_113' title="bbox 1998 5512 3649 5585; baseline -0.001 -16"><span class='ocrx_word' id='word_1_706' title='bbox 1998 5514 2289 5569; x_wconf 72' lang='lat' dir='ltr'>secundum</span> <span class='ocrx_word' id='word_1_707' title='bbox 2318 5523 2533 5569; x_wconf 72' lang='lat' dir='ltr'>nostras</span> <span class='ocrx_word' id='word_1_708' title='bbox 2579 5530 2748 5585; x_wconf 71' lang='lat' dir='ltr'>mque</span> <span class='ocrx_word' id='word_1_709' title='bbox 2795 5514 2863 5567; x_wconf 87' lang='lat' dir='ltr'>ad</span> <span class='ocrx_word' id='word_1_710' title='bbox 2912 5528 3251 5584; x_wconf 77' lang='lat' dir='ltr'>responsum.</span> <span class='ocrx_word' id='word_1_711' title='bbox 3305 5512 3454 5580; x_wconf 84' lang='lat' dir='ltr'>Quod</span> <span class='ocrx_word' id='word_1_712' title='bbox 3482 5530 3649 5581; x_wconf 85' lang='lat' dir='ltr'>argu-</span> 
     </span>
    </p>
   </div>
   <div class='ocr_carea' id='block_1_114' title="bbox 2000 5602 3650 5675">
    <p class='ocr_par' dir='ltr' id='par_1_114' title="bbox 2000 5602 3650 5675">
     <span class='ocr_line' id='line_1_114' title="bbox 2000 5602 3650 5675; baseline -0.002 -16"><span class='ocrx_word' id='word_1_713' title='bbox 2000 5607 2179 5659; x_wconf 79' lang='lat' dir='ltr'>mento</span> <span class='ocrx_word' id='word_1_714' title='bbox 2214 5606 2292 5659; x_wconf 76' lang='lat' dir='ltr'>est</span> <span class='ocrx_word' id='word_1_715' title='bbox 2320 5602 2465 5658; x_wconf 87' lang='lat' dir='ltr'>hunc</span> <span class='ocrx_word' id='word_1_716' title='bbox 2487 5603 2724 5659; x_wconf 80' lang='lat' dir='ltr'>codicem</span> <span class='ocrx_word' id='word_1_717' title='bbox 2754 5605 3021 5675; x_wconf 79' lang='lat' dir='ltr'>scriptum</span> <span class='ocrx_word' id='word_1_718' title='bbox 3062 5605 3298 5674; x_wconf 79' lang='lat' dir='ltr'>tempore</span> <span class='ocrx_word' id='word_1_719' title='bbox 3325 5616 3430 5673; x_wconf 90' lang='lat' dir='ltr'>quo</span> <span class='ocrx_word' id='word_1_720' title='bbox 3457 5615 3650 5655; x_wconf 87' lang='lat' dir='ltr'>mona-</span> 
     </span>
    </p>
   </div>
  </div>
