3978 6364
331 375 451 442 927

1530 371 1723 454 aee.
1767 359 1850 458 x1
1893 367 2208 458 Menum.
2251 371 2570 438 LITURG.

3633 372 3760 438 928

307 508 650 590 prophetas
677 510 734 568 et
763 505 1058 585 apostolos
1105 507 1272 599 sequi
1297 507 1594 568 Christum
1642 507 1898 599 studeat,
1927 506 2068 599 et.A
2095 505 2247 564 inter
2296 508 2554 599 agmina
2589 510 2926 599 sanctorum
2983 513 3222 568 tuorum
3270 507 3560 599 digneris;
3593 513 3759 595 veste

332 601 488 658 inter
529 599 772 674 angelos
813 603 870 656 et
915 598 1298 674 archangelos
1353 599 1680 656 claritatem
1738 597 1836 654 Dei
1892 597 2005 652 vi-'
2082 612 2315 671 quoque
2344 597 2560 655 caelesti
2593 602 2650 655 et
2669 598 2820 656 stola
2862 598 3326 682 immortalitatis
3353 599 3539 683 indui,
3567 603 3626 658 et
3657 619 3760 680 pa.

333 691 486 758 deat,
511 693 567 746 et
596 689 752 746 inter
781 689 1036 761 paradisi
1060 689 1267 746 rutilos
1297 689 1520 762 lapides
1539 687 1821 762 gaudium
1853 703 1982 760 pos-

334 778 544 844 sideat,
593 781 652 834 et
694 777 1155 835 ministeriorum
1203 777 1305 834 Dei
1363 777 1630 834 notitiam
1682 779 1980 849 agnoscat,

331 872 389 924 et
418 866 569 924 inter
595 866 901 923 cherubim
947 871 1004 924 et
1040 867 1338 942 seraphim
1371 866 1694 923 claritatem
1745 866 1843 922 Dei
1892 865 1981 920 in-

327 957 542 1024 veniat,
575 959 634 1012 et
679 955 832 1012 inter
879 955 1084 1030 viginti
1132 961 1385 1028 quatuor
1441 955 1702 1012 seniores
1758 954 1985 1010 cantica

329 1043 694 1108 canticorum
723 1047 1026 1101 cantantes
1055 1045 1276 1114 audiat,
1303 1049 1363 1102 et
1391 1045 1543 1100 inter
1571 1044 1833 1100 lavantes
1865 1047 1981 1098 sto-

327 1132 418 1190 las
446 1151 586 1190 suas
615 1133 675 1189 in
706 1133 864 1190 fonte
895 1133 1138 1190 luminis
1169 1139 1386 1190 vestem
1419 1149 1586 1190 suam
1622 1132 1788 1200 lavet,
1812 1131 1982 1187 etin-

327 1226 418 1278 ter
444 1221 746 1295 pulsantes
793 1221 1006 1299 pulset,
1038 1225 1096 1278 et
1123 1225 1321 1294 portas
1369 1220 1696 1278 Jerusalem
1751 1223 1982 1293 apertas

327 1309 608 1376 inveniat,
641 1314 700 1367 et
745 1309 898 1366 inter
923 1310 1190 1367 videntes
1231 1309 1544 1366 Dominum
1581 1309 1728 1366 facie
1775 1309 1846 1364 ad
1897 1309 1982 1363 ta-

326 1399 474 1456 ciem
512 1399 724 1468 videat,
755 1402 816 1455 et
867 1399 1019 1455 inter
1065 1403 1368 1456 cantantes
1419 1399 1714 1454 canticum
1766 1415 1982 1454 novum

325 1491 538 1556 cantet,
565 1491 624 1544 et
652 1486 806 1543 inter
827 1487 1133 1544 audientes
1161 1487 1452 1544 ccelestem
1475 1487 1735 1544 sonitum
1759 1487 1980 1544 audiat.

325 1577 432 1634 Per
461 1576 680 1633 omnia.

402 1667 528 1724 Alia
555 1669 752 1722 oratio.
783 1665 1044 1739 Suscipe,
1069 1666 1334 1735 Domine,
1371 1665 1628 1722 animam
1660 1664 1866 1722 famuli
1894 1668 1980 1724 tui

323 1757 397 1812 ad
426 1759 484 1812 te
513 1759 921 1822 revertentem,
941 1755 1014 1810 de
1043 1754 1272 1828 Egypti
1310 1755 1578 1828 partibus
1607 1754 1980 1827 proficiscen-

2089 686 2268 743 radisi
2301 687 2638 744 amoenitate
2667 677 2959 746 confoveri
2992 689 3236 762 jubeas.
3267 690 3394 746 Per.

2159 778 2285 832 Alia
2321 779 2516 834 oratio.
2567 778 2744 847 Deus,
2796 779 2896 851 qui
2958 777 3356 836 humanarum
3408 779 3752 840 animarum

2091 867 2342 922 aeternus
2371 870 2598 922 amator
2627 881 2710 935 es,
2731 867 2992 924 animam
3023 855 3562 942 famuli'tui,quam
3591 887 3752 942 vera,

2091 953 2232 1009 dum
2257 954 2318 1009 in
2350 971 2590 1028 corpore
2617 955 2986 1025 vixit,tenuit
3013 957 3182 1024 fides,
3197 957 3270 1014 ab
3293 959 3451 1037 omni
3483 960 3752 1037 cruciatu

2091 1041 2453 1104 infernarum
2486 1044 2662 1100 redde
2692 1047 3000 1113 extorrem,
3031 1049 3098 1102 ut
3127 1033 3432 1122 segregata
3459 1033 3532 1106 ab
3561 1033 3750 1107 infer-

2092 1130 2327 1188 nalibus
2358 1131 2632 1188 claustris
2661 1137 2998 1190 sanctorum
3024 1139 3317 1192 mereatur
3340 1137 3590 1194 adunari
3613 1155 3750 1197 con-

2093 1219 2310 1276 sortiis.
2339 1221 2446 1276 Per
2473 1219 2794 1278 Dominum
2823 1226 3092 1280 nostrum
3121 1225 3325 1281 Jesum
3347 1210 3670 1286 Christum.

2169 1311 2300 1364 Alia
2317 1311 2512 1366 oratio.
2537 1313 2710 1382 Deus,
2735 1311 2888 1384 apud
2910 1328 3083 1384 quem
3109 1317 3475 1371 mortuorum
3497 1317 3744 1390 spiritus

2088 1397 2311 1466 vivunt,
2335 1402 2392 1454 et
2421 1399 2482 1454 in
2504 1415 2620 1472 quo
2641 1399 2956 1457 electorum
2979 1401 3206 1472 animae,
3234 1403 3501 1477 deposito
3523 1407 3740 1479 carnis,

2091 1501 2284 1554 onere,
2306 1485 2479 1557 plena
2519 1485 2794 1544 felicitate
2834 1486 3128 1559 latenter,
3150 1496 3379 1564 praesta,
3405 1493 3742 1567 supplican-

2089 1573 2250 1630 tibus
2281 1575 2469 1644 nobis,
2495 1578 2560 1631 ut
2591 1577 2850 1632 animam
2892 1577 3094 1634 famuli
3133 1581 3239 1649 tui,
3272 1596 3400 1654 quae
3432 1585 3744 1656 temporali

2091 1663 2272 1734 hujus
2304 1663 2500 1720 saeculi
2529 1664 2718 1721 caruit
2743 1665 2894 1734 visu,
2919 1671 3133 1724 aeterno
3163 1658 3322 1726 illius
3353 1671 3503 1728 lucis
3532 1673 3743 1731 solatio

2092 1751 2366 1824 potiatur,
2390 1753 2666 1826 nonzeam
2695 1759 3057 1812 tormentum
3088 1759 3294 1816 mortis
3323 1747 3742 1835 attingat,'non

322 1849 465 1912 tem,
495 1848 554 1900 et
595 1845 762 1900 mitte
811 1843 1046 1932 angelos
1080 1849 1214 1900 tuos
1257 1847 1492 1900 sanctos
1543 1843 1772 1932 obviam
1821 1844 1894 1912 ei,
1927 1849 1984 1901 et
2011 1867 2059 1932 Β
2092 1839 2256 1896 dolor
2285 1839 2584 1932 herrendae
2615 1843 2858 1900 visionis
2889 1845 3126 1916 afﬁciet,
3153 1864 3268 1903 non
3292 1850 3540 1926 pmnalis
3563 1851 3745 1932 timor

321 1933 476 1990 viam
494 1931 762 2004 justitiae,
789 1935 846 1988 et
867 1931 1078 2005 repelle
1101 1932 1172 1988 ab
1197 1948 1265 1988 ea
1285 1948 1490 1988 omnes
1511 1931 1804 2004 principes
1823 1937 1980 1990 tene-

323 2022 596 2089 brarum;
629 2035 898 2094 agnosce,
931 2019 1543 2088 Domine,creaturam
1570 2025 1733 2076 tuam
1769 2039 1882 2078 non
1911 2038 1982 2078 ex

273 2169 278 2173 ,
323 2111 437 2166 diis
470 2108 675 2166 alienis
703 2113 982 2181 creatam,
1007 2110 1106 2166 sed
1137 2127 1173 2166 a
1201 2113 1257 2166 te
1286 2109 1409 2166 solo
1443 2114 1556 2166 Deo
1577 2110 1706 2166 vivo
1736 2114 1795 2166 et
1821 2127 1976 2180 vero,

320 2199 464 2273 quia
491 2215 606 2254 non
637 2201 728 2255 est
757 2197 908 2255 alius
938 2199 1091 2256 Deus
1135 2203 1342 2271 praeter
1370 2203 1448 2268 te,
1482 2199 1744 2269 Domine,
1777 2203 1833 2255 et
1861 2217 1978 2256 non

321 2293 413 2347 est
437 2289 764 2348 secundum
787 2306 964 2362 opera
983 2293 1104 2346 tua.
1131 2289 1406 2356 Laetiﬁca,
1431 2288 1693 2357 Domine,
1719 2287 1978 2346 animam

325 2379 527 2436 famuli
559 2378 668 2447 tui,
699 2382 759 2434 et
789 2394 862 2435 ne
890 2377 1231 2435 memineris
1263 2377 1640 2450 iniquitatum
1671 2379 1800 2450 ejus
1831 2395 1977 2452 quas

325 2467 631 2524 suscitavit
658 2468 823 2524 furor
851 2467 990 2523 mali
1011 2467 1321 2536 desiderii;
1352 2466 1488 2524 licet
1507 2465 1662 2523 enim
1697 2468 1973 2542 peccavit,

319 2561 518 2614 tamen
549 2555 800 2622 Patrem,
823 2559 882 2610 et
913 2555 1223 2623 Filium,et
1251 2555 1533 2628 Spiritum
1556 2559 1828 2612 sanctum
1859 2573 1976 2612 non

320 2643 572 2720 negavit,
595 2645 696 2702 sed
719 2644 986 2713 credidit,
1011 2649 1070 2700 et
1099 2643 1288 2700 zelum
1317 2642 1418 2700 Dei
1437 2643 1665 2714 habuit,
1689 2648 1749 2700 et
1767 2645 1974 2720 Deum,

325 2733 425 2808 qui
457 2733 593 2790 fecit
620 2733 840 2800 omnia,
862 2733 1140 2788 adoravit.
1166 2732 1273 2798 Qui
1301 2731 1441 2788 vivit
1471 2735 1528 2788 et
1555 2736 1778 2806 regnat.

391 2823 601 2880 Oratio.
634 2823 812 2889 Deus,
861 2824 996 2878 ante
1051 2821 1224 2892 cujus
1281 2824 1661 2892 conspectum
1719 2821 1977 2880 defertur

323 2927 496 2968 omne
523 2911 680 2983 quod
711 2909 961 2983 geritur;
994 2909 1096 2980 qui
1135 2925 1272 2964 cum
1317 2908 1400 2965 sis
1447 2909 1767 2978 institutor,
1799 2914 1858 2966 et
1905 2911 1975 2968 de

321 2997 630 3072 suppliciis
653 3015 716 3055 es
744 2998 1097 3068 moderator,
1111 3013 1451 3070 quaesumus
1473 3014 1578 3070 pro
1601 2997 1821 3055 famulo
1846 3003 1974 3070 tuo,

321 3092 388 3145 ut
415 3089 519 3144 des
548 3087 599 3144 ei
633 3089 857 3160 partem
889 3103 1024 3142 cum
1055 3085 1275 3142 sanctis
1316 3085 1455 3154 tuis,
1488 3090 1547 3142 et
1573 3085 1972 3145 haereditatem

321 3193 458 3237 cum
489 3175 689 3233 electis
712 3176 850 3232 tuis.
876 3175 983 3232 Per
1012 3175 1210 3232 omnia
1240 3173 1472 3231 saecula.

367 3267 597 3323 .Oratio.
625 3265 888 3337 Suscipe,
921 3265 1184 3334 Domine,
1207 3264 1464 3321 animam
1497 3265 1645 3322 servi
1677 3265 1764 3322 tui
1795 3265 1856 3322 in
1876 3267 1975 3324 bo-
2003 3238 2048 3306 θ

319 3372 464 3414 num
508 3353 932 3422 habitaculum,
957 3355 1128 3426 cujus
1149 3355 1563 3428 corpusculum
1588 3353 1818 3411 lavandi
1850 3372 1976 3428 per-

320 3444 583 3519 ragimus
609 3443 893 3514 officium,
912 3447 969 3500 et
993 3444 1068 3500 da
1087 3443 1140 3500 ei
1161 3444 1423 3516 requiem
1448 3443 1510 3500 in
1533 3461 1713 3518 regno
1735 3449 1971 3516 aeterno,

319 3534 380 3590 id
407 3538 500 3591 est
525 3535 586 3590 in
615 3533 941 3590 Jerusalem
964 3533 1282 3606 cmlestem,
1305 3537 1362 3589 et
1391 3533 1448 3589 in
1473 3533 1702 3590 sinibus
1733 3534 1978 3608 patriar-

319 3623 564 3680 charum
621 3627 880 3691 tuorum,
913 3622 970 3678 id
1010 3626 1100 3679 est
1137 3622 1402 3692 Abrahae,
1437 3623 1598 3679 Isaac
1655 3627 1713 3679 et
1768 3623 1976 3692 Jacob,

317 3709 601 3768 collocare
645 3711 926 3784 digneris,
959 3716 1027 3766 ut
1075 3711 1288 3767 habeat
1335 3715 1560 3784 partem
1611 3711 1672 3766 in
1723 3711 1890 3768 beata
1921 3717 1978 3768 et

321 3799 515 3873 prima
541 3799 998 3868 resurrectione;
1031 3817 1244 3872 corpus
1291 3801 1420 3870 ejus
1470 3799 1724 3872 suscipe,
1752 3803 1811 3855 et
1839 3817 1974 3856 cum

320 3888 643 3946 benedictis
671 3889 742 3944 ad
776 3889 1071 3944 dexteram
1115 3888 1214 3944 Dei
1258 3887 1448 3952 Patris
1477 3886 1844 3944 venientibus
1874 3905 1974 3945 ve-

321 3977 464 4047 niat,
489 3981 546 4034 et
573 3977 725 4034 inter
753 3975 1120 4050 possidentes
1140 3977 1318 4034 vitam
1346 3980 1622 4033 aeternam
1653 3976 1971 4048 possideat.

323 4067 448 4124 Per.

446 4173 725 4246 Incipiunt
751 4172 1166 4300 capitula,lsivet
1188 4174 1478 4240 orationes,
1505 4179 1626 4244 post
1655 4187 1849 4245 corpus

1039 4261 1145 4299 ava
1170 4261 1283 4300 um.

1039 4261 1262 4300 avarum
1271 4287 1283 4300 .

393 4334 564 4389 Pater
594 4336 808 4388 noster.
842 4333 912 4388 Et
942 4349 1013 4388 ne
1042 4349 1173 4388 nos.

397 4421 730 4494 Capitulum.
779 4421 842 4476 In
892 4421 1176 4478 memoria
1220 4425 1434 4478 aeterna
1481 4420 1592 4478 erit
1630 4422 1854 4494 justus.
1887 4423 1972 4479 Ab

326 4509 554 4567 auditu.

2089 1929 2397 1998 excruciet,
2425 1947 2541 1987 non
2573 1949 2804 1988 reorum
2833 1933 3094 2006 pessima
3122 1939 3326 1994 catena
3355 1929 3740 2017 constringat,

2088 2020 2210 2088 sed,
2233 2035 2511 2077 concessa
2530 2021 2640 2077 sibi
2663 2021 3008 2079 delictorum
3032 2025 3295 2082 omnium
3315 2027 3502 2106 venia,
3527 2033 3743 2106 optata:

2088 2107 2301 2180 quietis
2333 2113 2725 2182 consequatur
2749 2111 2968 2184 gaudia
2997 2113 3371 2186 repromissa.

2158 2198 2357 2254 Finitis
2386 2199 2638 2254 omnibus
2679 2202 3039 2270 orationibus,
3056 2206 3298 2276 ponatur
3340 2211 3538 2279 corpus
3569 2209 3630 2264 in
3655 2211 3738 2282 fe-

2085 2293 2252 2352 retro,
2275 2290 2327 2343 et
2354 2291 2675 2360 aspergatur
2702 2305 2847 2362 aqua
2874 2295 3085 2360 saneta,
3108 2300 3159 2349 et
3187 2295 3498 2352 incensetur
3525 2304 3577 2354 et
3603 2313 3738 2354 can-

2086 2382 2218 2431 tent.
2261 2375 2594 2444 Subvenite,
2633 2379 2818 2434 sancti
2861 2379 2983 2435 Dei.
3017 2381 3311 2455 Suscipiat
3355 2387 3430 2440 te.
3463 2384 3643 2456 Deus,
3673 2387 3734 2444 in

2085 2463 2324 2521 nomine
2353 2467 2474 2521 tuo.
2513 2465 2672 2522 Beati
2700 2465 3085 2525 immaculati.
3109 2471 3175 2527 Et
3197 2473 3280 2527 sic
3321 2473 3527 2531 cadant
3552 2475 3622 2532 ad
3647 2493 3735 2533 ec-

2083 2553 2330 2609 clesiam.
2350 2554 2485 2610 Cum
2512 2557 2762 2611 venerint
2791 2556 2862 2612 ad
2891 2559 3180 2616 introitum
3207 2561 3466 2631 ecclesia,
3491 2563 3698 2622 dicitur
3715 2584 3736 2622 :

2086 2641 2419 2711 Subvenite,
2453 2644 2641 2700 sancti
2671 2644 2790 2702 Dei.
2823 2647 2889 2702 Et
2912 2648 2994 2703 sic
3019 2648 3176 2704 detur
3203 2651 3484 2726 incensum
3514 2657 3570 2710 et
3591 2671 3741 2726 aqua

2083 2739 2294 2799 saneta,
2314 2735 2365 2786 et
2391 2737 2659 2789 sanentur
2697 2736 2886 2790 omnia
2912 2737 3092 2808 signa,
3113 2744 3165 2794 et
3185 2723 3430 2810 ponatur
3471 2723 3740 2814 feretrum

2084 2823 2146 2876 in
2169 2821 2502 2892 pavimento,
2533 2826 2586 2879 et
2613 2827 2831 2880 cantent
2875 2826 3257 2883 invitatoriam
3285 2847 3304 2884 :
3335 2829 3572 2904 Regem,
3603 2836 3740 2905 etc.,

2085 2917 2144 2965 ut
2173 2911 2233 2966 in
2259 2910 2440 2979 editis,
2473 2912 2763 2982 exclusive,
2777 2929 2950 2986 usque
2969 2916 3040 2971 ad
3059 2918 3462 2989 responsorium
3487 2921 3745 2981 secunda:

2033 3020 2042 3037 ι
2085 2999 2334 3056 lectionis
2357 3001 2532 3072 primi
2568 3005 2842 3071 nocturni,
2865 3003 3024 3075 cujus
3052 3007 3215 3062 verba
3262 3007 3374 3064 haec
3418 3013 3598 3084 sunt:
3629 3011 3744 3077 Qui

2083 3085 2446 3146 resiiscitasti
2477 3090 2730 3162 puellam
2761 3092 2914 3149 infra
2941 3095 3209 3167 domum,
3237 3100 3296 3154 et
3333 3099 3603 3170 juvenem
3625 3117 3744 3158 ‘ex-

2083 3181 2176 3234 tra
2201 3181 2449 3250 portam,
2487 3182 2548 3234 tu
2583 3181 2655 3249 ei,
2679 3181 2945 3239 Domine.
2969 3165 3385 3262 LectioManus
3435 3165 3568 3257 tuas,
3599 3193 3741 3259 etc.,

2083 3267 2376 3335 exclusive,
2406 3284 2579 3340 usque
2606 3269 2677 3324 ad
2707 3275 3109 3342 responsorium
3149 3278 3427 3348 sequentis
3466 3276 3738 3336 lectionis.

2085 3355 2410 3428 Responde.
2461 3357 2624 3440 Quod
2679 3360 2760 3414 sic
2810 3361 3038 3432 eﬂ‘ertur
3082 3380 3102 3418 :
3149 3363 3485 3441 Subvenite,
3545 3369 3740 3440 sancti

2083 3442 2207 3515 Dei,
2241 3447 2376 3514 etc.,
2405 3435 2467 3500 ut
2509 3447 2572 3500 in
2610 3446 2790 3518 editis,
2821 3450 3038 3522 quando
3065 3435 3352 3510 deducitur
3395 3435 3624 3531 cadaver
3668 3457 3744 3515 de

2081 3531 2258 3590 domo.
2293 3534 2476 3591 Homo
2506 3539 2678 3592 natus
2707 3537 2779 3593 de
2811 3537 3074 3610 muliere,
3099 3544 3230 3618 etc.,
3261 3551 3324 3600 ut
3350 3545 3410 3600 in
3437 3543 3616 3616 editis,
3641 3563 3740 3604 us-

2083 3637 2186 3693 que
2216 3623 2286 3678 ad
2327 3627 2731 3696 responsorium
2753 3629 3031 3698 sequentis
3079 3631 3342 3708 legationis.
3377 3633 3518 3698 Quis
3564 3633 3707 3691 mihi
3719 3679 3736 3707 ,

2083 3711 2180 3767 ubi
2199 3713 2403 3784 legitur
2421 3731 2440 3768 :
2463 3712 2546 3772 Ne
2567 3714 2750 3772 intres
2766 3712 2823 3771 in
2839 3717 3131 3789 judicium
3154 3737 3288 3776 cum
3307 3737 3470 3780 servo
3493 3725 3612 3793 tuo,
3633 3728 3744 3781 Do-

2083 3798 2260 3854 mine.
2281 3802 2345 3855 In
2371 3802 2530 3856 tertio
2558 3807 2825 3859 nocturno
2852 3821 2872 3860 :
2899 3793 3284 3884 Complaceat,
3309 3813 3444 3876 etc.,
3468 3826 3634 3883 usque
3667 3811 3742 3868 ad

2083 3895 2252 3944 totam
2281 3889 2582 3947 lectionem.
2617 3891 2759 3948 Polli
2789 3908 2951 3965 meae,
2981 3898 3138 3968 cujus
3167 3901 3582 3972 remensorium
3609 3907 3689 3958 est
3717 3919 3740 3957 :

2081 3977 2286 4034 Libera
2317 3983 2442 4046 me;
2455 3979 2719 4050 Domine,
2739 3982 2812 4038 de
2847 3983 2902 4038 vi
2932 3983 3165 4052 inferni,
3189 3983 3290 4058 qui
3330 3991 3527 4060 portas
3557 4005 3739 4047 aereas

2081 4066 2511 4140 eonfregisti,et
2539 4068 2787 4127 visitasti
2838 4071 3156 4141 infernum,
3183 4079 3240 4132 et
3286 4072 3499 4134 dedisti
3528 4077 3614 4134 eis
3641 4077 3736 4135 lu-

2082 4171 2237 4222 men,
2260 4159 2325 4210 ut
2342 4155 2602 4214 viderent
2630 4161 2686 4214 te
2707 4159 2806 4232 qui
2829 4166 2995 4218 erant
3023 4162 3085 4219 in
3112 4149 3304 4238 poenis
3329 4149 3731 4241 tenebrarum,

2082 4243 2404 4300 clamantes
2419 4248 2478 4300 et
2496 4245 2755 4304 dicentes
2775 4266 2788 4304 :
2806 4251 3126 4326 Advenisti,
3141 4253 3496 4328 Redemptor
3514 4259 3732 4326 noster,

2081 4332 2187 4400 Qui
2219 4337 2402 4390 erant.
2429 4336 2642 4392 Lectio:
2663 4336 2764 4392 Vir
2793 4338 3152 4398 fortissimus
3181 4343 3385 4416 Judas.
3414 4345 3736 4415 Ii,‘.Redem-

2080 4426 2212 4495 ptor
2241 4440 2410 4480 meus
2438 4423 2598 4495 vivit,
2621 4427 2680 4481 et
2720 4425 2781 4482 in
2813 4428 3142 4502 novissimo
3175 4433 3268 4489 die
3317 4449 3642 4508 resurgam,
3677 4438 3736 4492 et

2079 4513 2516 4568 renovabuntur
2558 4513 2751 4570 denuo
2782 4533 2918 4574 ossa
2954 4535 3104 4588 mea,
3129 4525 3185 4576 et
3215 4521 3274 4576 in
3307 4539 3480 4594 carne
3525 4523 3736 4582 videbo

393 4598 476 4656 Ne
503 4598 688 4657 intres
733 4599 794 4656 in
831 4599 1123 4672 judicium
1155 4615 1289 4656 cum
1337 4615 1500 4656 servo
1550 4603 1676 4671 tuo,
1709 4601 1970 4671 Domine,
2001 4609 2049 4674 Β
2080 4601 2396 4657 Dominum
2445 4617 2662 4658 meum.
2689 4605 2908 4676 Lauda,
2941 4607 3140 4666 anima
3188 4626 3338 4681 mea,
3377 4611 3734 4684 Dominum;

323 4689 470 4756 Quia
497 4707 614 4746 non
637 4689 1078 4764 justificabitur.

393 4779 477 4835 Ne
507 4779 706 4836 tradas
735 4779 944 4836 bestiis
974 4778 1205 4835 animas
1231 4779 1572 4836 confitentes
1600 4779 1728 4849 tibi,
1756 4781 1827 4836 Et
1855 4779 1976 4837 ani-

325 4883 456 4924 mas
484 4883 833 4940 pauperum.

374 4956 678 5029 _Requiem
709 4961 984 5013 aeternam
1015 4957 1170 5013 dona
1206 4956 1257 5014 ei
1289 4956 1551 5024 Domine,
1581 4959 1652 5014 Et
1699 4957 1797 5013 lux
1843 4974 1972 5030 per-

327 5047 522 5119 petua.

397 5133 642 5191 Domine
671 5135 899 5191 exaudi.
937 5135 1006 5191 Et
1035 5135 1272 5192 clamor.

399 5223 686 5280 Dominus
710 5223 1036 5280 vobiscum.
1065 5225 1137 5280 Et
1166 5241 1320 5280 cum.

399 5313 605 5370 Oratio.
630 5313 942 5381 Deus,vita:
963 5314 1150 5383 dator,
1175 5318 1232 5370 et
1252 5313 1644 5370 humanorum
1668 5329 1973 5386 corporum

327 5407 648 5476 reparator,
673 5403 774 5476 qui
818 5407 873 5460 te
913 5420 947 5460 a
991 5403 1398 5476 peccatoribus
1445 5401 1669 5460 exorari
1714 5403 1976 5472 voluisti,

327 5491 537 5548 exaudi
586 5508 806 5565 preces,
839 5509 987 5566 quas
1018 5491 1253 5566 speciali
1283 5492 1584 5549 devotione
1629 5508 1732 5564 pro
1781 5491 1982 5548 anima

328 5579 533 5636 famuli
563 5579 649 5636 tui
699 5581 804 5638 tibi
851 5580 1305 5654 lacrymabiliter
1356 5581 1683 5648 fundimus,
1731 5584 1790 5636 et
1828 5579 1978 5637 libe-

328 5687 458 5733 rare
501 5685 638 5727 eum
685 5672 758 5727 ab
803 5671 1126 5730 inferorum
1183 5670 1562 5741 cruciatibus,
1594 5675 1652 5727 et
1697 5669 1980 5728 collocare

2080 4687 2332 4746 laudabo
2362 4689 2676 4747 Dominum
2707 4692 2768 4748 in
2818 4693 2940 4750 vita
2987 4713 3136 4753 mea.
3167 4699 3233 4754 Et
3279 4699 3338 4756 in
3392 4717 3586 4758 carne.
3619 4702 3739 4760 Re-

2084 4778 2281 4851 quiem
2313 4781 2610 4836 aeternam.
2643 4781 2713 4836 Et
2742 4782 2799 4837 in
2831 4799 3024 4840 carne.

2151 4869 2215 4923 In
2243 4866 2520 4924 Laudibus
2543 4869 2987 4947 :Exsultahunt,
3017 4877 3150 4943 etc.,
3178 4881 3242 4933 ut
3267 4879 3332 4933 in
3357 4877 3538 4949 editis,
3570 4896 3740 4953 usque

2082 4956 2154 5013 ad
2177 4959 2432 5028 quartam
2459 4959 2816 5030 antiphonam
2842 4962 3136 5021 exclusive.
3161 4965 3474 5038 Antiphone
3501 4986 3532 5036 ε,
3553 4969 3736 5026 Reco-

2083 5043 2282 5118 gitabo
2313 5061 2518 5102 omnes
2546 5064 2732 5106 annos
2781 5065 2943 5108 meos
2971 5051 3033 5108 in
3067 5054 3458 5130 amaritudine
3501 5059 3731 5125 animis.

2082 5134 2234 5222 Psal.
2265 5138 2328 5190 ut
2378 5137 2440 5190 in
2484 5135 2642 5192 editis
2685 5141 2737 5193 et
2791 5155 2963 5212 usque
3015 5143 3086 5198 ad
3141 5144 3502 5222 antiphonam
3552 5147 3734 5205 Bene-

2085 5221 2300 5290 dictus,
2317 5227 2436 5295 post
2466 5240 2629 5295 quam
2660 5227 2904 5298 legitur:
2931 5231 3116 5287 Omne
3147 5233 3298 5308 quod
3330 5235 3454 5308 dat,
3484 5239 3596 5294 etc.
3629 5237 3735 5294 Be-

2086 5311 2372 5368 nedictus.
2402 5313 2483 5368 Ad
2523 5314 2775 5386 Vesperas
2809 5319 3114 5391 antiphona
3140 5321 3434 5392 {Placebo
3466 5315 3734 5394 Domino,

2085 5406 2220 5470 etc.,
2251 5417 2420 5474 usque
2455 5402 2528 5456 ad
2562 5404 2842 5474 psalmum
2869 5423 2889 5462 :
2917 5407 3267 5482 Conﬂtebor,
3297 5413 3564 5478 inclusive
3591 5417 3652 5471 ut
3674 5417 3738 5471 in

2085 5489 2264 5547 editis.
3134 5539 3141 5544 .

2156 5579 2362 5636 Deinde
2386 5582 2634 5654 sequitur
2661 5599 2690 5637 :»
2712 5583 2991 5655 Requiem
3038 5592 3335 5648 aeternam.
3365 5593 3434 5648 Et
3473 5591 3594 5650 lux.
3627 5594 3736 5650 An-

2089 5669 2361 5742 tiphone:
2401 5669 2608 5726 Audivi
2656 5687 2856 5730 vocem
2905 5676 2976 5733 de
3014 5677 3157 5736 coelo
3206 5680 3494 5738 dicentem
3542 5681 3736 5740 mihi:
