3978 6402
215 454 329 515 933

1006 459 1394 521 EXCERPT.
1441 460 1546 520 EX
1592 460 1820 521 CODD.
1868 461 2184 524 LITURG.
2234 463 2840 525 FONTAVELLAN.

3512 470 3630 531 934

216 585 555 658 iniquitates
587 590 840 655 nostras,
874 593 939 644 ut
967 589 1037 644 ad
1070 594 1270 645 sancta
1321 593 1656 645 sanctorum
1698 591 1862 662 puris
1893 600 1941 662 Α
1973 592 2352 665 Evangelium
2392 594 2571 666 pacis.
2634 595 2862 650 Demum
2917 597 3192 652 osculetur
3248 599 3627 669 Evangelium,

218 690 546 731 mereamur
575 677 873 733 mentibus
904 677 1162 749 introire.
1197 679 1321 735 Per.

286 764 512 832 Quando
540 765 789 820 sacerdos
816 774 895 821 est
924 766 994 821 ad
1022 766 1219 836 altare,
1265 765 1409 822 dicat
1438 784 1456 821 :
1487 767 1738 823 Oramus
1788 772 1865 830 te.

218 852 476 921 Domine,
508 857 574 907 ut
607 870 708 925 per
739 856 949 910 merita
978 860 1313 911 sanctorum
1348 860 1865 928 tuorum,quorum

218 941 473 1014 reliquiae
505 942 598 997 hic
621 946 777 1011 sunt,
807 960 1009 998 eorum
1036 943 1575 1013 intercessionibus,
1601 945 1865 1017 omnipo-

219 1034 344 1085 tens
375 1030 548 1098 Deus,
582 1030 885 1104 indulgere
916 1032 1176 1104 digneris
1208 1032 1353 1087 mihi
1385 1033 1583 1089 omnia
1631 1038 1867 1107 peccata

220 1135 364 1175 mea.
400 1119 525 1173 Per.
562 1138 569 1145 ε

284 1209 425 1263 Dum
453 1212 710 1263 cantatur
738 1210 965 1280 cpistola
993 1214 1045 1265 ct
1091 1209 1353 1278 graduale
1385 1213 1434 1264 ct
1493 1211 1745 1278 alleluia,
1775 1228 1866 1266 sa-

218 1295 401 1352 cerdos
431 1296 576 1351 dicat
616 1298 758 1351 hanc
785 1299 1119 1353 orationem:
1152 1297 1393 1367 Suscipe
1440 1298 1866 1354 confessionem

221 1400 428 1450 meam,
466 1402 584 1439 una
613 1402 748 1457 spes
779 1385 987 1441 salutis
1021 1402 1181 1448 mese,
1215 1386 1460 1441 Domine
1495 1389 1641 1443 Deus
1676 1403 1863 1443 meus.

220 1472 363 1529 Gula
419 1473 717 1533 ebrietate.
790 1474 1190 1541 fornicatione,
1269 1472 1531 1543 libidine,
1610 1474 1864 1541 tristitia,

219 1561 476 1631 avaritia,
497 1562 603 1627 ira,
631 1561 852 1632 acedia,
873 1561 1282 1628 somnolentis,
1310 1562 1685 1635 negligentia,
1710 1563 1868 1635 cupi-

220 1649 415 1718 ditate,
447 1650 684 1718 invidia,
713 1649 959 1719 malitia,
995 1650 1148 1719 odio,
1174 1651 1553 1716 detractione,
1588 1652 1864 1724 perjurio,

220 1737 492 1805 falsitate,
524 1739 852 1805 mendacio,
882 1755 1032 1794 vana
1061 1738 1266 1812 gloria,
1298 1739 1634 1806 levitate,ac
1658 1757 1868 1812 super-

220 1822 603 1899 bia'perditus
624 1844 779 1896 sum,
804 1832 861 1882 et
886 1828 1125 1883 omnino
1153 1827 1523 1899 cogitatione,
1554 1827 1865 1896 locutione,

218 2004 536 2071 ODomine,
562 2004 977 2075 quijustiﬁeus
998 2004 1211 2076 impios
1232 2009 1289 2060 et
1308 2005 1561 2061 viviﬁcas
1583 2010 1867 2072 mortuos,

214 2091 474 2163 justiﬁca
506 2108 597 2147 me
629 2096 684 2147 et
716 2091 1032 2148 ressuscita
1064 2109 1175 2160 me,
1210 2092 1454 2149 Domine
1485 2094 1638 2149 Deus
1672 2112 1858 2151 meus.

217 2182 324 2238 Per
351 2185 556 2237 Jesum
587 2180 883 2237 Christum
924 2181 1137 2237 Filium
1169 2188 1336 2237 tuum
1390 2183 1703 2239 Dominum
1735 2202 1867 2242 nos-

217 2274 395 2338 trum,
433 2269 533 2342 qui
566 2274 757 2325 tecum
786 2270 929 2325 vivit
957 2274 1014 2324 et
1042 2274 1264 2341 regnat,
1298 2279 1403 2326 elc.

286 2358 470 2414 Maria
499 2358 860 2425 beatissima,
892 2359 1075 2414 Mater
1096 2358 1193 2414 Dei
1219 2364 1275 2415 et
1299 2359 1556 2415 hominis
1585 2360 1859 2433 gloriosa,

222 2447 372 2504 inter
402 2463 607 2503 omnes
640 2446 916 2503 mulieres
944 2447 1267 2512 benedicta,
1302 2447 1425 2503 cceli
1459 2455 1515 2504 et
1553 2453 1717 2504 terrae
1753 2450 1867 2507 Do-

219 2535 401 2600 mina,
423 2552 600 2608 super
620 2552 824 2591 omnes
846 2534 1085 2608 angelos
1106 2539 1164 2591 et
1184 2535 1567 2607 archangelos
1591 2538 1862 2607 exaltata,

219 2629 282 2681 tu
315 2626 556 2698 dignare
575 2641 679 2695 pro
702 2641 794 2680 me
816 2630 1114 2696 peccatore
1144 2641 1343 2697 preces
1372 2625 1865 2699 eﬁ‘undere,cujus

220 2714 404 2771 oratio
436 2730 551 2769 non
577 2717 768 2786 potest
787 2714 859 2770 ab
890 2729 956 2768 eo
988 2714 1085 2784 qui
1110 2730 1177 2768 ex
1209 2717 1262 2769 te
1294 2719 1465 2770 natus
1488 2719 1595 2784 est,
1622 2716 1861 2789 despici,

216 2818 324 2859 nec
354 2803 493 2875 quid
526 2801 900 2874 aliquatenus
932 2819 965 2856 a
998 2801 1137 2857 Filio
1185 2807 1285 2858 tuo
1316 2807 1374 2858 et
1415 2805 1683 2860 Creatore
1727 2822 1862 2861 con-

219 2891 425 2947 temni.
460 2891 503 2946 0
535 2889 854 2964 singularis
884 2895 940 2947 et
972 2908 1119 2947 nova
1143 2908 1446 2965 puerpera,
1479 2893 1655 2948 adoro
1686 2894 1864 2967 virgi-

212 2979 366 3037 nalis
387 2980 535 3035 uteri
568 2980 653 3035 tui
684 2985 1049 3052 conceptum.
1075 2981 1257 3038 Adoro
1285 2986 1515 3054 partum
1537 2998 1605 3037 ex
1627 2983 1864 3039 inteme-

210 3073 352 3125 rata
379 3068 636 3142 Virginis
680 3068 819 3125 ﬂore
872 3069 1264 3142 progenitum.
1300 3069 1489 3126 Adoro
1546 3087 1615 3126 ex
1645 3076 1699 3126 te
1742 3072 1864 3126 vir~

208 3158 477 3232 ginitatis
534 3162 646 3214 tuae
698 3156 1072 3231 signaculum
1121 3157 1496 3215 ineﬁ‘abiliter
1567 3161 1859 3232 prodeun-

208 3247 543 3304 tem.Adoro
576 3246 633 3301 in
662 3245 952 3303 cunabilis
985 3246 1287 3319 pueriliter
1306 3247 1859 3320 vagientem.Adoro

1975 687 2029 735 et
2058 681 2205 735 dicat
2235 700 2251 735 :
2284 681 2398 735 Pax
2428 681 2663 750 Christi,
2698 698 2876 755 quam
2910 684 3078 740 nobis
3121 701 3223 756 per
3258 687 3629 759 Evangelium

1977 785 2151 823 suum
2181 768 2446 834 tradidit,
2478 767 2784 826 conﬁrmet
2813 775 2870 827 et
2891 777 3194 828 conservet
3223 773 3398 829 corda
3428 779 3484 830 et
3513 792 3633 831 cor-

1977 873 2119 928 pora
2149 862 2351 912 nostra
2380 857 2439 912 in
2470 857 2649 913 vitam
2682 864 2978 916 aeternam.
3005 862 3207 917 Amen.
3245 862 3470 930 Quando
3502 866 3630 920 mit-

1978 947 2117 1000 titur
2146 947 2428 1001 incensum
2459 949 2517 1002 in
2556 948 2900 1003 thuribulum
2927 948 3058 1004 dicit
3085 968 3104 1004 :
3129 950 3215 1005 Ab
3256 950 3383 1022 ipso
3416 952 3632 1020 benef-

1979 1034 2193 1089 dicaris
2224 1051 2328 1107 pro
2357 1035 2528 1105 cujus
2559 1052 2754 1091 amore
2776 1037 3074 1093 eremaris.
3100 1038 3303 1093 Deinde
3324 1041 3633 1097 incensetur

1976 1122 2340 1191 evangelium,
2374 1138 2476 1193 quo
2505 1123 2636 1179 lecto
2667 1127 3014 1195 evangelium
3041 1127 3313 1182 osculetur
3354 1129 3580 1185 dicendo
3610 1147 3621 1184 :

1977 1210 2084 1265 Per
2140 1211 2282 1265 istos
2341 1217 2576 1267 sanctos
2635 1229 2934 1269 sermones
2986 1214 3279 1287 Evangelii
3345 1215 3631 1289 Dominus

1978 1303 2175 1355 noster
2194 1299 2225 1354 J
2233 1316 2370 1356 esus
2389 1299 2660 1357 Christus
2683 1300 2985 1374 indulgeat
3006 1302 3151 1357 mihi
3176 1305 3374 1360 omnia
3399 1311 3635 1376 peccata

1977 1403 2126 1442 mea.
2159 1390 2362 1443 Amen.

2047 1475 2125 1530 Ad
2147 1477 2426 1547 corporale
2456 1477 2767 1535 benedictio.
2787 1477 2849 1531 ln
2883 1480 2979 1534 tuo
3002 1483 3338 1550 conspectu,
3361 1479 3623 1549 Domine,

1976 1565 2101 1620 haec
2132 1568 2332 1621 nostra
2358 1582 2603 1621 munera
2632 1565 2736 1621 tibi
2772 1565 2985 1638 placita
3041 1566 3179 1636 sint,
3240 1572 3304 1623 ut
3362 1585 3465 1624 nos
3520 1570 3627 1625 tibi

1978 1653 2203 1725 placere
2234 1655 2551 1725 possimus.

2051 1743 2275 1810 Quando
2297 1744 2479 1798 oblata
2508 1760 2673 1815 super
2703 1744 2878 1799 altare
2902 1746 3098 1816 ponit:
3150 1744 3298 1809 Tibi,
3361 1745 3625 1814 Domine,

1978 1831 2230 1887 Creatori
2254 1848 2383 1887 meo
2406 1832 2659 1888 hostiam
2683 1832 2858 1888 offero
2876 1849 2978 1905 pro
2999 1832 3343 1889 remissione
3365 1834 3629 1889 omnium

60 1915 462 2017 Vectione,
497 1920 672 1987 atque
703 1916 978 1971 omnibus
1029 1915 1299 1972 sensibus
1330 1916 1651 1972 exstinctus
1706 1934 1862 1973 sum.
1899 1955 1947 2019 B
1976 1925 2350 1992 peccatorum
2382 1938 2668 1989 meorum,
2701 1926 2759 1977 et
2787 1926 3130 1976 cunctorum
3175 1920 3445 1977 .ﬁdelium
3502 1927 3631 1978 tuo-

1981 2025 2113 2063 rum
2144 2008 2463 2065 viventium
2494 2014 2551 2065 et
2581 2014 2970 2065 mortuorum.

2051 2096 2276 2166 Quando
2304 2114 2450 2168 aqua
2477 2100 2720 2153 mittitur
2758 2100 2817 2153 in
2846 2100 3094 2168 calicem,
3154 2098 3303 2153 dicat
3337 2099 3583 2155 sacerdos
3613 2118 3632 2154 .-

1978 2186 2060 2241 Ex
2078 2185 2256 2242 latere
2277 2185 2489 2241 Christi
2512 2186 2756 2257 sanguis
2788 2191 2845 2241 et
2865 2203 3017 2257 aqua
3038 2186 3247 2242 exiisse
3269 2186 3630 2259 perhibetur,

1978 2279 2037 2329 et
2064 2275 2192 2330 ideo
2224 2275 2440 2347 pariter
2470 2274 2943 2341 commiscentur,
2980 2278 3043 2328 ut
3091 2275 3425 2331 misericors
3475 2276 3631 2332 Deus

1978 2364 2048 2417 ad
2080 2363 2367 2419 medelam
2400 2363 2733 2418 animarum
2763 2368 3098 2419 nostrarum
3157 2363 3521 2419 sanctiﬁcare
3552 2364 3634 2419 di—

1975 2456 2150 2523 gnetu
2161 2470 2202 2507 r.

2048 2540 2272 2608 Quando
2296 2540 2446 2594 calix
2463 2540 2689 2611 ponitur
2702 2554 2866 2611 super
2881 2540 3078 2605 altare,
3103 2539 3248 2593 dicat
3275 2556 3287 2594 :
3312 2538 3625 2595 Offerimus

1975 2628 2103 2699 tibi,
2138 2627 2402 2693 Domine,
2441 2626 2677 2683 calicem
2728 2624 3030 2694 salutaris,
3063 2626 3367 2683 humiliter
3416 2627 3632 2699 implo-

1977 2722 2171 2773 rantes
2224 2716 2597 2772 clementiam
2653 2721 2838 2782 tuam,
2900 2721 2963 2769 ut
3034 2721 3169 2771 ante
3246 2720 3625 2788 conspectum

1975 2806 2181 2862 divina:
2208 2805 2536 2876 majestatis
2569 2809 2679 2860 tuae
2712 2822 2846 2860 cum
2878 2805 3055 2861 odore
3086 2804 3392 2862 suavitatis
3424 2820 3628 2860 ascen-

1975 2896 2093 2952 dat.

2046 2983 2302 3054 Sequitur
2331 2999 2454 3037 cum
2481 2998 2639 3038 cruce
2667 2998 2831 3053 super
2855 2990 3109 3053 utrosque
3137 3000 3155 3035 :
3186 2980 3459 3037 Oblatum
3491 2981 3617 3050 tibi,

1973 3072 2240 3139 Domine,
2272 3088 2488 3126 munus
2518 3071 2839 3138 sanetiﬁca,
2888 3076 2952 3125 ut
3010 3070 3179 3125 nobis
3210 3069 3496 3143 unigeniti
3544 3071 3627 3125 tui

1975 3160 2103 3216 Filii
2116 3159 2347 3216 Domini
2362 3159 2545 3216 nostri
2558 3160 2699 3215 Jesu
2714 3158 2929 3214 Christi
2947 3174 3159 3229 corpus
3172 3162 3227 3214 et
3246 3158 3488 3231 sanguis
3505 3158 3627 3213 ﬁat.

2048 3250 2304 3322 Sequitur
2333 3267 2354 3303 :
2383 3248 2546 3316 Veni,
2571 3247 2994 3314 Sanctiﬁcator,
3028 3247 3400 3319 omnipotens
3423 3251 3632 3302 aeterne

208 3336 395 3393 ubera
451 3340 716 3392 materna
770 3339 1095 3409 augentem.
1157 3335 1270 3392 Ora
1307 3319 1410 3408 pro
1469 3352 1563 3392 me
1621 3337 1855 3403 misero,
1892 3319 1935 3388 α
1974 3319 2150 3406 Deus“,
2184 3337 2425 3394 benedic
2458 3336 2566 3393 hoc
2591 3335 2946 3392 sacrificium
2981 3335 3085 3390 tibi
3112 3340 3519 3408 praeparatum.

206 3425 382 3482 beata
397 3424 499 3481 Dei
520 3424 798 3494 Genitrix,
824 3427 890 3480 ut
919 3424 1019 3497 qui
1051 3440 1119 3479 ex
1148 3427 1204 3479 te
1220 3440 1422 3479 verum
1444 3424 1743 3481 hominem
1773 3429 1862 3481 est

209 3513 491 3587 dignatus
521 3512 783 3583 induere,
817 3513 877 3569 in
908 3517 1103 3590 mente
1126 3530 1255 3569 mea
1272 3530 1384 3569 non
1409 3513 1860 3592 dedigneturin-

205 3601 521 3659 visibiliter
558 3602 841 3659 habitare.
878 3602 1006 3658 Tibi
1034 3602 1234 3671 etiam,
1287 3602 1555 3675 piissime
1603 3603 1860 3671 domina,

205 3690 639 3764 turpitudinem
663 3691 923 3764 corporis
951 3696 1009 3747 et
1037 3691 1245 3747 animas
1279 3707 1418 3747 meae
1449 3692 1713 3748 conﬁteri
1748 3709 1862 3748 non

207 3781 513 3848 erubesco,
546 3781 685 3853 quia
714 3780 773 3836 in
806 3780 1057 3854 peccatis
1087 3785 1404 3853 conceptus
1434 3783 1491 3836 et
1521 3780 1581 3836 in
1608 3781 1864 3854 peccatis

204 3869 492 3937 nutritus,
524 3875 582 3926 et
621 3870 682 3926 in
741 3870 993 3942 peccatis
1041 3874 1173 3942 post
1215 3869 1511 3942 baptisma
1563 3886 1751 3942 usque
1790 3870 1862 3927 ad

182 3955 362 4017 'hanc
379 3957 586 4016 horam
612 3975 743 4014 cum
764 3959 1038 4015 omnibus
1059 3958 1462 4032 peccatoribus
1490 3964 1864 4015 conversatus

204 4047 470 4106 animam
498 4063 689 4104 meam
730 4046 789 4102 in
821 4063 993 4103 carne
1024 4045 1278 4119 positam
1321 4044 1526 4119 pollui,
1577 4046 1864 4119 templum

204 4135 471 4209 corporis
498 4136 615 4192 mei
646 4136 716 4192 de
732 4136 893 4192 omni
927 4151 1136 4208 genere
1162 4134 1564 4192 fornicationis
1595 4140 1652 4192 et
1684 4135 1868 4209 pollu-

202 4225 388 4282 tionis
411 4228 468 4281 et
487 4224 876 4281 immunditiis
899 4223 1291 4297 coinquinavi.
1307 4224 1538 4281 Peccavi
1558 4240 1662 4298 ego
1685 4225 1867 4281 miser

205 4318 266 4370 et
296 4312 496 4370 infelix
525 4313 586 4368 in
618 4312 972 4387 negligentia
999 4314 1133 4369 etin
1164 4314 1629 4385 transgressione
1651 4318 1864 4370 sanctae

205 4399 361 4476 legis
394 4407 453 4458 et
483 4402 746 4458 omnium
779 4403 1192 4458 mandatorum
1243 4401 1372 4457 Filii
1420 4400 1544 4471 Dei,
1587 4407 1646 4458 et
1689 4402 1865 4458 ofﬁcii

128 4552 135 4565 ,
203 4490 593 4548 sacerdotalis
626 4496 684 4546 et
706 4489 1047 4546 obedientiae
1093 4489 1237 4545 mihi
1275 4490 1624 4562 commissae,
1653 4495 1712 4547 et
1740 4508 1864 4546 om-

200 4579 376 4636 nium
398 4583 635 4635 actuum
664 4596 885 4635 eorum.
913 4579 1037 4635 Non
1060 4583 1149 4634 est
1168 4578 1449 4651 iniquitas
1471 4596 1648 4651 super
1671 4595 1862 4635 meam

2044 3427 2298 3499 Sequitur
2328 3443 2346 3480 :
2378 3426 2441 3480 In
2474 3423 2711 3481 nomine
2741 3422 2973 3480 Domini
3007 3424 3188 3479 nostri
3219 3424 3357 3479 Jesu
3414 3423 3629 3480 Christi

1972 3516 2048 3573 sit
2076 3515 2185 3571 hoc
2230 3513 2584 3570 sacriﬁcium
2641 3511 3110 3579 immaculatum,
3144 3515 3202 3566 et
3259 3528 3292 3567 a
3321 3517 3375 3567 te
3407 3512 3522 3566 Deo
3553 3513 3631 3582 vi:

1970 3622 2039 3660 vo
2070 3608 2128 3660 et
2154 3619 2288 3659 vero
2309 3603 2631 3658 adunatum
2650 3605 2707 3656 et
2727 3599 3096 3656 benedictum
3118 3599 3178 3653 in
3202 3598 3416 3654 saecula
3446 3615 3630 3656 saecu-

1970 3693 2182 3750 lorum.
2214 3693 2419 3747 Amen.
2552 3690 2567 3715 ‘

2047 3781 2272 3850 Quando
2308 3781 2591 3835 incensum
2644 3779 2870 3850 ponitur
2914 3778 2975 3832 in
3033 3777 3379 3831 thuritmlum
3436 3776 3623 3832 dicat:

1974 3870 2080 3927 Per
2109 3867 2606 3935 intercessionem,
2640 3871 2774 3935 etc.,
2806 3874 2867 3922 ut
2895 3867 2954 3921 in
2984 3865 3161 3921 editis.

2047 3958 2182 4014 Cum
2207 3960 2455 4014 inccnsat
2483 3956 2666 4012 oblata
2706 3963 2758 4011 et
2784 3956 3032 4025 calicem,
3064 3954 3211 4010 dicat
3241 3955 3348 4009 ista
3377 3970 3502 4009 cum
3526 3955 3623 4009 tri-

1976 4049 2073 4103 bus
2101 4047 2352 4102 crucibus
2381 4061 2545 4118 super
2572 4048 2849 4116 utrosque,
2883 4050 2934 4099 et
2960 4043 3267 4115 reg-grando
3297 4042 3469 4098 tribus
3494 4043 3626 4098 vici-

1977 4138 2073 4193 bus
2100 4136 2249 4193 dicat
2275 4154 2292 4191 :
2325 4134 2569 4191 Domine
2600 4132 2754 4189 Deus
2784 4135 3002 4200 noster,
3037 4132 3135 4204 qui
3169 4130 3477 4203 suscepisti
3504 4147 3630 4186 mu-

1975 4243 2118 4282 nera
2145 4224 2307 4293 Abel,
2339 4224 2479 4290 Nec,
2511 4226 2724 4290 Aaron,
2752 4221 2989 4277 Samuel
3024 4226 3080 4276 et
3108 4220 3372 4276 omnium
3404 4224 3629 4276 saneto-

1976 4332 2107 4372 rum
2134 4319 2392 4381 tuorum,
2419 4310 2503 4368 sic
2525 4314 2582 4367 et
2606 4312 2676 4366 de
2697 4327 2875 4366 manu
2900 4314 3272 4382 peccatorum
3293 4312 3629 4365 nostrorum

1977 4402 2275 4474 suscipere
2305 4400 2565 4474 digneris
2616 4398 2924 4457 incensum
2985 4397 3143 4455 istud
3196 4398 3256 4452 in
3316 4402 3631 4470 conspectu

1973 4496 2098 4558 tuo,
2126 4490 2186 4545 in
2218 4490 2453 4545 odorem
2487 4487 2814 4556 suavitatis,
2849 4486 2908 4541 in
2933 4485 3339 4542 remissionem
3371 4488 3632 4557 peccato-

1975 4596 2107 4636 rum
2139 4582 2499 4634 nostrorum.
2533 4577 2642 4633 Per
2671 4576 2993 4632 Christum.

198 4667 788 4742 iniquitatem,super
814 4684 1019 4725 omnes
1045 4672 1378 4740 peccatores
1408 4668 1623 4741 saepius
1655 4673 1711 4724 et
1732 4684 1861 4741 gra-
1894 4687 1940 4751 D
2045 4670 2181 4724 Cum
2210 4667 2453 4721 incensat
2507 4665 2687 4720 oblata
2727 4673 2778 4720 et
2833 4665 3057 4719 calicem
3095 4661 3239 4716 dicat
3269 4679 3287 4715 :
3321 4660 3629 4715 Iucensum

196 4757 338 4813 vius
370 4756 715 4830 cecidi,plus
738 4757 1016 4813 omnibus
1055 4756 1396 4812 hominibus
1418 4756 1752 4812 carnalibus
1783 4756 1865 4811 vi-

110 4914 117 4919 .
192 4845 305 4902 tiis
336 4845 455 4902 sive
481 4844 889 4918 spiritualibus
916 4846 987 4902 ab
1018 4844 1265 4901 infantia
1304 4861 1434 4901 mea
1464 4844 1864 4901 indesinenter

205 4934 468 5007 peccavi.
498 4935 806 5007 Propterea
835 4936 1029 4990 mente
1059 4937 1116 4989 et
1145 4948 1385 5005 corpore
1434 4931 1713 5005 pollutus,
1748 4949 1862 4988 non

197 5039 345 5079 sum
378 5022 594 5097 dignus
622 5026 871 5079 tractare
899 5022 989 5078 vel
1020 5021 1320 5094 suscipere
1350 5036 1563 5094 corpus
1590 5020 1721 5076 Filii
1752 5021 1860 5076 tui.

197 5109 377 5167 Nune
406 5126 564 5184 ergo,
598 5112 785 5168 Mater
808 5109 1240 5178 misericordias,
1276 5126 1377 5166 ora
1405 5127 1508 5182 pro
1540 5126 1631 5165 me
1660 5125 1861 5183 pecca-

194 5203 335 5256 tore
366 5201 436 5256 ad
471 5200 743 5257 eumdem
773 5198 984 5256 Filium
1006 5203 1175 5255 tuum
1208 5198 1523 5254 Dominum
1571 5203 1861 5264 nostrum,

196 5289 308 5360 qui
341 5304 556 5362 passus
585 5293 674 5345 est
704 5306 808 5362 pro
839 5287 1029 5358 nobis,
1063 5302 1239 5359 quem
1278 5290 1342 5341 tu
1375 5286 1631 5360 gloriosa
1678 5291 1735 5343 et
1763 5287 1862 5343 be-

197 5376 445 5434 nedicta
473 5378 732 5451 genuisti
770 5377 957 5434 Deum
1004 5382 1061 5433 et
1098 5375 1397 5432 hominem
1446 5392 1548 5448 pro
1597 5376 1862 5447 redemp-

198 5465 372 5523 tione
410 5466 676 5523 omnium
708 5470 1102 5539 peccatorum.

274 5555 371 5611 .ld
400 5555 831 5612 benedictionem
882 5554 1187 5627 Evangelii,
1220 5553 1482 5609 diaconus
1511 5556 1659 5624 petat
1707 5554 1864 5609 bene-

187 5640 502 5701 dictionem
530 5645 751 5701 dicens:
785 5643 1240 5715 Benedie,jube.
1274 5643 1313 5710 in;
1344 5641 1632 5698 Dominus
1689 5641 1767 5697 sit
1796 5641 1858 5696 in

187 5732 377 5789 corde
433 5737 555 5802 tuo,
592 5738 658 5789 ut
715 5732 891 5806 digne
949 5736 1008 5788 et
1063 5734 1460 5803 competenter
1515 5728 1861 5802 pronunties

1978 4756 2159 4822 istud,
2185 4759 2317 4821 etc.,
2352 4757 2412 4807 ut
2438 4754 2501 4808 in
2528 4753 2708 4808 editis.
2742 4752 2998 4809 Sacerdos
3020 4750 3304 4804 humiliter
3324 4748 3553 4803 inclinet
3574 4764 3630 4805 se

1972 4849 2098 4902 ante
2128 4845 2303 4900 altare
2330 4849 2381 4898 et
2410 4841 2557 4896 dicat
2588 4859 2606 4895 :
2632 4841 2892 4914 Suscipe,
2925 4843 3127 4897 sancta
3163 4836 3440 4904 Trinitas,
3474 4836 3626 4892 hanc

1972 4932 2533 5002 oblationem,quam
2566 4928 2671 4984 tibi
2689 4930 2856 4986 oﬂ‘ert
2876 4927 3133 4985 famulus
3152 4931 3312 4994 tuus,
3339 4928 3396 4982 et
3419 4929 3632 4997 praesta

1974 5028 2041 5079 ut
2070 5023 2131 5078 in
2161 5023 2538 5093 conspectum
2569 5020 2739 5072 tuum
2770 5017 2877 5072 tibi
2910 5018 3148 5088 placens
3177 5015 3470 5071 ascendat.

2046 5112 2337 5182 Sequitur:
2369 5107 2631 5179 Suscipe,
2667 5109 2872 5162 saneta
2894 5106 3173 5174 Trinitas,
3207 5106 3357 5160 hanc
3389 5103 3633 5160 oblatio-

1975 5217 2130 5270 nem,
2166 5215 2345 5272 quam
2376 5196 2485 5253 tibi
2517 5196 2693 5252 oll‘ero
2723 5211 2827 5267 pro
2859 5209 2953 5248 me
2979 5200 3298 5265 peccatore,
3331 5198 3389 5250 et
3417 5211 3521 5266 pro
3545 5194 3627 5249 fa-

1974 5289 2153 5347 mulis
2183 5292 2241 5345 et
2269 5285 2603 5343 famulabus
2635 5285 2775 5350 tuis,
2808 5282 2906 5355 qui
2966 5297 3028 5337 se
3073 5283 3633 5338 commendaverunt

1972 5378 2034 5435 in
2066 5376 2285 5434 nostris
2305 5373 2690 5442 orationibus,
2723 5375 2781 5428 et
2812 5386 2916 5443 pro
2933 5367 3092 5426 omni
3120 5369 3334 5441 populo
3347 5368 3630 5426 Christia-

1979 5484 2072 5536 no,
2111 5465 2257 5521 vivis
2288 5468 2469 5537 atque
2496 5461 2809 5527 defunctis,
2838 5466 2902 5515 ut
2944 5456 3090 5514 mihi
3120 5461 3179 5512 ct
3218 5454 3335 5512 illis
3365 5458 3632 5528 proﬁciat

1975 5558 2047 5613 ad
2084 5552 2393 5619 medelam,
2426 5555 2485 5608 et
2512 5553 2585 5608 ad
2615 5551 2795 5608 vitam
2825 5556 3124 5607 aeternam.

2045 5634 2249 5692 Deinde
2293 5634 2467 5703 erigat
2493 5647 2550 5687 se
2603 5630 2869 5697 sacerdos,
2901 5633 2951 5686 et
3008 5631 3179 5684 vertat
3208 5641 3263 5683 se
3321 5625 3392 5680 ad
3420 5627 3624 5697 fratres

1973 5726 2156 5783 dicens
2181 5743 2199 5780 :
2229 5725 2423 5790 Orate,
2440 5720 2647 5776 fratres
2677 5718 3031 5787 charissimi,
3067 5733 3168 5789 pro
3202 5730 3314 5784 me,
3345 5716 3408 5770 ut
3428 5731 3621 5771 meum
