3978 6416
373 423 501 483 935

1575 419 1764 480 SIEG.
1810 421 1890 480 XI
1935 419 2248 482 M-ONUM.
2293 419 2615 480 LITURG.

3688 418 3821 480 936

377 569 444 610 ac
470 557 742 609 vestrum
765 550 1122 608 sacriﬁcium
1182 556 1486 638 acceptum
1525 551 1603 607 sit
1629 551 1689 606 in
1719 554 2034 624 conspectu
2063 556 2120 622 Α
2147 550 2264 606 Pax
2293 548 2527 606 Domini
2556 548 2634 604 sit
2663 564 2895 621 semper
2921 547 3247 606 vobiscum.
3279 548 3353 605 Et
3410 565 3547 608 cum
3601 553 3816 622 Agnus

378 639 634 702 Domini.

447 732 514 786 Et
545 729 635 784 illi
649 727 1041 800 respondeant:
1067 725 1364 798 Suscipiat
1383 725 1668 784 Dominus
1680 726 2033 784 sacriﬁcium

379 819 450 874 de
481 817 756 876 manibus
784 815 902 871 tuis
962 816 1036 870 ad
1068 813 1302 872 laudem
1361 821 1418 871 et
1475 815 1722 887 gloriam
1777 817 2035 872 nominis

379 907 494 974 sui,
522 906 595 962 ad
629 904 944 961 utilitatem
994 921 1230 976 quoque
1285 908 1617 960 nostrarum
1676 905 2030 972 animarum,

378 995 677 1067 totiusque
705 992 976 1050 Ecclesiae
1007 1010 1126 1048 suae
1157 996 1390 1048 sanctae.

449 1086 514 1139 In.
541 1083 842 1139 Nativitate
862 1083 1085 1138 Domini
1109 1082 1360 1152 prwfatio
1383 1099 1401 1136 :
1433 1080 1688 1152 Dignum
1719 1086 1778 1137 et
1799 1081 2033 1152 justum

381 1179 491 1236 est,
523 1189 758 1244 aequum
792 1175 850 1226 et
879 1170 1155 1234 salutare,
1189 1185 1360 1241 usque
1388 1174 1602 1225 aeterne
1631 1173 1806 1225 Deus.

451 1261 541 1316 Sic
564 1263 626 1316 in
650 1259 1076 1332 praefationibus
1102 1257 1575 1328 Quadragesinue,
1605 1259 2036 1314 Resurrcctionis

379 1355 429 1405 et
459 1351 813 1406 Pentecostes.

446 1440 718 1510 Praefatio
741 1441 1100 1492 mortuorum.
1139 1436 1244 1490 Per
1273 1451 1448 1506 quem
1481 1435 1647 1490 salus
1679 1436 1908 1507 mundi,
1933 1453 2038 1508 per

375 1543 548 1599 quem
569 1527 688 1582 vita
717 1525 1032 1592 luminum,
1069 1540 1174 1596 per
1199 1539 1376 1595 quem
1400 1523 1749 1580 resurrectio
1774 1529 2032 1580 mortuo-

375 1633 536 1671 rum:
560 1631 663 1687 per
681 1614 879 1687 ipsum
893 1619 968 1681 te,
981 1611 1597 1684 Domine,suppliciter
1623 1613 2034 1684 deprecamur,

343 1689 348 1696 ’
376 1710 444 1760 ut
471 1705 680 1760 animae
714 1701 917 1758 famuli
937 1702 1022 1757 tui
1049 1707 1104 1756 et
1123 1701 1436 1756 animabus
1459 1699 1818 1756 famulorum
1845 1701 2035 1757 famu-

378 1792 688 1864 larumque
717 1797 956 1847 tuarum
1019 1789 1447 1862 indulgentiam
1504 1787 1718 1862 largire
1776 1789 2034 1862 digneris

380 1885 746 1952 perpetuam,
789 1883 968 1960 atque
1007 1895 1037 1932 a
1071 1878 1358 1950 contagiis
1408 1877 1782 1933 mortalitatis
1831 1883 2036 1935 exutas

380 1969 440 2022 in
475 1973 702 2024 aeternis
735 1965 1074 2022 salvationis
1113 1971 1337 2038 partem
1371 1966 1668 2022 restituas.
1704 1967 1810 2022 Per
1838 1983 2034 2040 quem.

453 2057 579 2112 Alia
605 2056 884 2128 praefatio.
940 2054 1187 2128 Dignum
1219 2058 1278 2109 et
1294 2056 1524 2125 justum
1557 2060 1664 2122 est,
1715 2071 1950 2127 aequum
1981 2061 2040 2111 et

380 2144 658 2202 salutare.
691 2143 800 2208 Qui
822 2143 992 2199 nobis
1025 2145 1087 2198 in
1119 2142 1369 2210 Christo,
1404 2143 1702 2217 unigenito
1733 2143 1875 2200 Filio
1907 2149 2034 2212 tuo,

381 2233 631 2290 Domino
663 2237 886 2301 nostro,
912 2248 1074 2306 spem
1109 2233 1290 2287 beata:
1321 2233 1764 2288 resurrectionis
1799 2250 2033 2290 conces-

379 2323 530 2389 sisti,
565 2327 796 2395 praesta,
825 2325 1268 2392 quaesumus,ut
1296 2321 1526 2388 animae,
1551 2339 1656 2394 pro
1689 2322 1906 2394 quibus
1927 2321 2035 2378 hoc

377 2412 727 2468 sacriﬁcium
764 2409 1181 2481 redemptionis
1214 2415 1424 2465 nostra:
1454 2415 1569 2466 tua:
1591 2411 1891 2468 offerimus
1909 2428 2031 2466 ma-

369 2500 591 2572 jestati,
614 2501 686 2556 ad
711 2501 890 2555 beatae
913 2499 1358 2554 resurrectionis
1380 2499 1636 2570 quietem
1668 2504 1718 2554 te
1748 2499 2032 2556 miseran-

376 2596 430 2644 te
459 2606 594 2644 cum
633 2587 852 2643 sanctis
878 2585 997 2642 tuis
1031 2585 1328 2658 pervenire
1359 2591 1709 2643 mereantur.
1746 2587 1852 2643 Per
1871 2605 2036 2644 eum-

375 2678 508 2732 dem
539 2676 839 2732 Christum
873 2677 1182 2730 Dominum
1218 2680 1506 2730 nostrum.
1541 2676 1646 2731 Per
1673 2693 1872 2747 quem.

446 2767 572 2820 .llia
598 2766 876 2836 prwfatio.
914 2763 1166 2835 Dignum
1199 2768 1256 2818 et
1277 2764 1519 2835 justum
1571 2769 1678 2832 est,
1715 2782 1944 2838 aequum
1977 2771 2034 2822 et

377 2853 650 2909 salutare.
687 2851 792 2918 Qui
825 2870 885 2908 es
917 2853 1047 2908 fons
1073 2853 1223 2920 vite,
1259 2853 1420 2926 origo
1451 2851 1717 2922 luminis,
1747 2859 1805 2908 et
1835 2860 2034 2912 auctor

378 2943 558 2998 totius
579 2941 879 3006 bonitatis,
896 2942 1064 3013 cujus
1087 2940 1513 3015 omnipotentia
1537 2941 1902 3013 deprecanda
1919 2947 2028 3010 est,

379 3029 779 3086 misericordia
799 3031 1118 3093 adoranda,
1135 3031 1321 3102 pietas
1336 3029 1744 3102 implectenda,
1761 3031 2029 3102 majesta-

375 3124 494 3174 tcm
529 3123 688 3174 tuam
722 3117 932 3174 humili
969 3122 1067 3173 tuo
1099 3135 1284 3187 servo,
1317 3123 1374 3174 et
1401 3118 1712 3174 animabus
1761 3120 2024 3175 omnium

375 3206 634 3262 fidelium
666 3207 1153 3275 Christianorum,
1189 3207 1582 3262 intercedente
1611 3208 1784 3263 beata
1811 3213 1870 3264 et
1897 3207 2024 3280 glo-

2146 638 2268 694 Dei.
2303 637 2452 710 (ter.)

2220 728 2361 782 Cum
2390 742 2583 796 corpus
2611 727 2674 781 in
2719 727 3042 798 sanguinem
3097 727 3290 792 mittit,
3348 725 3491 781 dieat
3545 729 3800 784 sacerdos

2144 817 2450 870 orationem
2489 833 2502 870 :
2539 814 2666 870 Fiat
2693 813 2817 870 hinc
2847 813 3205 872 consecratio
3237 819 3293 870 et
3316 814 3645 870 commistio
3672 831 3799 872 cor-

2147 903 2304 976 poris
2334 909 2392 959 et
2421 903 2729 975 sanguinis
2752 903 2985 960 Domini
3016 902 3199 958 nostri
3218 901 3356 958 Jesu
3379 901 3594 960 Christi
3615 904 3806 961 omni-

2144 991 2256 1046 bus
2283 991 2708 1063 accipientibus
2757 992 2926 1048 nobis
2957 992 3119 1047 salus
3149 991 3209 1046 in
3263 992 3443 1048 vitam
3491 997 3798 1050 internum.

2143 1080 2350 1134 Amen.

2215 1167 2418 1222 Deinde
2431 1168 2708 1223 osculetur
2721 1169 2916 1236 altare,
2947 1177 2999 1224 et
3021 1167 3168 1224 dicat
3196 1169 3537 1224 orationem:
3565 1169 3817 1226 Domine

2143 1255 2284 1310 Jesu
2303 1255 2554 1323 Christe,
2571 1257 2670 1328 qui
2691 1255 2890 1312 dixisti
2905 1256 3187 1328 apostolis
3209 1256 3350 1322 tuis,
3376 1257 3582 1313 Pacem
3611 1274 3808 1328 meam

2145 1343 2217 1399 do
2245 1344 2431 1410 vobis,
2463 1361 2532 1399 ne
2560 1344 2840 1417 reSpieias
2863 1350 3099 1417 peccata
3128 1361 3278 1414 mea,
3305 1345 3406 1402 sed
3431 1345 3806 1402 devotionem

2135 1421 2439 1504 iidemque
2452 1433 2720 1488 Ecclesiae
2742 1437 2874 1501 tuae,
2901 1449 3146 1506 eamque
3175 1433 3504 1490 secundum
3529 1433 3801 1492 volunta-

2148 1524 2266 1576 tem
2300 1525 2461 1576 tuam
2495 1522 2808 1593 puriﬁcare
2847 1527 2905 1578 et
2952 1522 3213 1578 adunare
3261 1521 3542 1595 digneris.
3575 1523 3683 1588 Qui
3715 1523 3810 1578 vi-

2147 1609 2252 1664 sis.

2216 1698 2420 1752 Deinde
2444 1699 2621 1770 faciat
2644 1715 2856 1770 pacem,
2915 1698 3183 1754 dicendo:
3227 1697 3447 1754 Habete
3499 1698 3809 1759 vinculum

2147 1785 2452 1842 charitatis
2479 1791 2537 1842 et
2559 1787 2742 1859 pacis,
2767 1792 2830 1842 ut
2859 1787 2979 1860 apti
3010 1787 3140 1844 sitis
3170 1789 3562 1845 sacrosanctis
3591 1795 3814 1862 myste-

2148 1875 2274 1944 riis,
2305 1881 2362 1931 et
2407 1893 2520 1948 pax
2560 1875 2776 1932 Christi
2809 1875 3077 1932 Ecclesiae
3139 1891 3372 1949 semper
3429 1877 3689 1933 abundet
3741 1878 3810 1934 in

2155 1962 2429 2018 cordibus
2456 1967 2686 2020 vestris.

2215 2053 2517 2123 Antequam
2543 2054 2778 2124 accipiat
2819 2069 3012 2124 corpus
3055 2061 3108 2109 et
3165 2055 3516 2123 sanguinem,
3575 2055 3815 2113 inclinet

2142 2155 2202 2195 se
2228 2141 2472 2196 sacerdos
2499 2151 2628 2196 ante
2657 2140 2858 2211 altare,
2907 2145 2957 2196 et
2988 2142 3428 2215 lacrymabiliter
3475 2143 3620 2199 dicat
3665 2143 3816 2202 hanc

2143 2230 2447 2284 orationem
2471 2245 2484 2285 :
2517 2229 2760 2285 Domine
2785 2235 2987 2286 sancte
3012 2231 3200 2302 Pater,
3233 2232 3606 2304 omnipotens
3627 2233 3814 2304 Deus,

2145 2315 2220 2372 da
2241 2317 2384 2372 mihi
2403 2317 2510 2373 hoc
2527 2334 2740 2390 corpus
2761 2322 2818 2373 et
2833 2319 3181 2390 sanguinem
3202 2319 3435 2375 Domini
3458 2321 3644 2376 nostri
3663 2321 3810 2378 Jesu

2143 2403 2361 2460 Christi
2386 2405 2469 2461 ita
2498 2423 2750 2475 sumere,
2785 2411 2850 2462 ut
2881 2424 3106 2464 merear
3128 2424 3232 2479 per
3252 2408 3360 2464 hoc
3393 2401 3811 2466 remissionem

2143 2497 2516 2565 peccatorum
2547 2493 2828 2566 accipere,
2861 2500 2918 2550 et
2948 2499 3046 2552 tuo
3079 2501 3280 2552 sancto
3311 2494 3531 2568 Spiritu
3563 2497 3804 2570 repleri,

2143 2583 2282 2653 quia
2313 2587 2378 2638 tu
2410 2599 2473 2638 es
2503 2587 2676 2654 Deus,
2718 2588 2774 2638 et
2804 2581 3012 2656 praeter
3044 2589 3100 2640 te
3131 2601 3246 2640 non
3279 2591 3368 2640 est
3424 2583 3595 2654 alius,
3629 2585 3807 2658 cujus

2143 2669 2468 2744 gloriosum
2503 2688 2714 2728 nomen
2745 2678 3048 2744 permanet
3078 2673 3137 2728 in
3169 2672 3384 2730 secula
3424 2671 3806 2733 saeculorum.

2141 2763 2346 2816 Amen.

2211 2849 2332 2904 Alia
2363 2852 2554 2906 oratio.
2593 2849 2832 2906 Domine
2876 2850 3014 2906 Jesu
3047 2849 3295 2920 Christe,
3359 2851 3461 2906 Fili
3515 2853 3610 2908 Dei
3665 2853 3807 2922 vivi,

2139 2943 2342 3008 pastor
2371 2939 2539 3006 bone,
2573 2938 2994 3012 gloriosissime
3022 2941 3288 2997 conditor
3320 2942 3548 3009 mundi,
3597 2943 3696 3016 qui
3728 2959 3806 2999 ex

2137 3025 2433 3083 voluntate
2463 3027 2670 3097 Patris,
2720 3035 3066 3101 coeperante
3126 3029 3349 3102 Spiritu
3407 3035 3630 3098 sancto,
3693 3049 3806 3105 per

2137 3119 2385 3171 mortem
2417 3120 2580 3172 tuam
2609 3117 2908 3174 viviﬁcasti
2964 3120 3275 3189 mundum,
3307 3119 3490 3176 libera
3542 3137 3636 3178 me
3686 3138 3799 3194 per

2135 3203 2246 3259 hoc
2276 3210 2725 3262 sacrosanctum
2784 3223 2998 3279 corpus
3043 3213 3100 3263 et
3155 3209 3504 3282 sanguinem
3558 3214 3731 3266 tuum
3762 3229 3807 3268 a.

376 3297 530 3355 riosa
562 3297 654 3352 Dei
681 3296 959 3370 genitrice
983 3295 1166 3351 Maria
1187 3311 1322 3350 cum
1342 3297 1619 3351 omnibus
1645 3296 1863 3352 sanctis
1885 3297 2025 3364 tuis,
2057 3281 2102 3350 C
2141 3293 2368 3349 cunctis
2399 3293 2832 3366 iniquitatibus,
2863 3301 2921 3351 et
2953 3295 3238 3353 uniVBPSiS
3297 3297 3468 3354 malis
3527 3289 3697 3368 meis,
3740 3304 3808 3356 et

373 3386 778 3443 remissionem
813 3384 1080 3440 omnium
1107 3383 1336 3440 tribuas
1357 3387 1746 3456 peccatorum,
1771 3389 1827 3441 et
1855 3387 1928 3442 ad
1952 3387 2030 3441 vi-

371 3478 490 3530 tam
526 3476 812 3547 perducas
845 3471 1089 3527 feliciter
1117 3472 1555 3544 sempiternam.
1589 3478 1698 3531 Per
1731 3475 2027 3532 Christum

371 3565 684 3619 Dominum
715 3565 1006 3617 nostrum.
1042 3561 1149 3616 Per
1178 3577 1373 3634 quem.

446 3655 748 3724 Antequam
777 3650 922 3705 dicat
951 3651 1027 3706 Te
1059 3649 1258 3724 igitur,
1307 3651 1453 3708 dicat
1481 3670 1500 3707 :
1529 3653 1722 3726 Aperi,
1766 3653 2026 3721 Domine,

371 3757 436 3796 os
467 3757 664 3797 meum
689 3739 759 3793 ad
794 3738 1266 3804 benedicendum.
1293 3757 1506 3797 nomen
1533 3745 1704 3797 tuum
1727 3747 2025 3810 sanctum,

370 3829 708 3899 mundaque
731 3844 829 3882 cor
847 3845 1042 3883 meum
1065 3829 1138 3884 ab
1160 3829 1436 3886 omnibus
1456 3830 1632 3886 variis
1663 3835 1722 3886 et
1739 3830 2030 3904 nequissi-

369 3918 485 3972 mis
515 3915 990 3988 cogitationibus,
1023 3922 1086 3972 ut
1127 3917 1388 3972 exaudiri
1437 3935 1665 3974 merear
1708 3919 2026 3992 deprecans

368 4021 472 4076 pro
505 4003 720 4076 populo
750 4008 876 4072 tuo,
911 4021 1087 4076 quem
1113 4005 1340 4079 elegisti
1383 4007 1511 4076 tibi,
1565 4011 1880 4080 praestante
1910 4008 2026 4066 Do-

371 4092 528 4148 mino
565 4095 762 4149 nostro
791 4091 934 4149 Jesu
963 4091 1212 4149 Christo.
1248 4093 1355 4158 Qui
1383 4111 1516 4150 eum
1549 4095 1738 4152 Patre.

439 4182 518 4236 'l‘e
546 4181 744 4253 igitur,
779 4189 830 4238 et
859 4185 1058 4237 caetera
1106 4182 1272 4254 hujus
1301 4185 1590 4252 orationis,
1637 4193 1700 4240 ut
1737 4187 1800 4241 in
1845 4187 2020 4244 editis.

367 4271 463 4324 llic
490 4271 639 4326 debet
681 4271 930 4327 sacerdos
987 4271 1266 4326 recordari
1318 4274 1550 4327 nomina
1601 4275 1870 4331 vivorum.
1903 4277 2024 4332 Me-

369 4362 585 4424 mento,
613 4357 872 4425 Domine,
897 4364 1003 4414 etc.
1025 4375 1196 4430 usque
1217 4359 1288 4414 ad
1310 4359 1514 4416 Libera
1527 4377 2020 4434 nos,qua:sumus,

367 4445 631 4502 Domine.
684 4449 750 4502 In
807 4449 1268 4504 communicantes
1319 4447 1542 4504 additur
1591 4455 1712 4522 post
1755 4452 2022 4510 Damiani

362 4550 556 4590 nomen
589 4535 787 4601 Blasii,
820 4545 872 4591 et
902 4539 959 4590 in
992 4535 1172 4592 Nobis
1202 4552 1434 4608 quoque
1464 4541 1886 4610 peccatoribus,
1906 4548 2021 4614 post

363 4623 672 4680 Anastasia
703 4624 928 4681 additur
959 4623 1338 4680 Scholastica.

438 4713 643 4769 Libera
663 4729 1162 4784 nos,qua:sumus,
1181 4713 1524 4782 Domine,ab
1542 4718 1818 4772 omnibus
1842 4717 2012 4774 malis

362 4800 1084 4873 praeteritis,presentibus
1107 4807 1162 4856 et
1184 4801 1415 4870 futuris,
1440 4809 1494 4860 et
1515 4804 2012 4862 intercedentibus

363 4906 467 4958 pro
483 4888 651 4944 nobis
665 4890 834 4945 beata
847 4893 903 4943 et
913 4887 1167 4960 gloriosa
1187 4907 1454 4964 semperq
1467 4909 1534 4948 ue
1545 4893 1784 4966 Virgine
1805 4893 2008 4962 Maria,

363 4981 420 5030 et
458 4975 658 5044 electis
703 4975 1070 5049 archangelis
1100 4979 1216 5034 tuis
1247 4979 1545 5050 Michaele,
1577 4980 1862 5048 Gabriele,
1897 4981 2008 5037 Ra-

364 5062 588 5134 phaele,
605 5063 889 5138 beateque
911 5065 1133 5122 Joanne
1147 5067 1424 5140 Baptista.
1450 5074 1508 5138 et
1529 5068 1713 5124 beatis
1729 5070 2010 5140 apostolis

364 5152 482 5206 tuis
515 5153 680 5208 Petro
705 5157 762 5210 et
791 5153 991 5217 Paulo,
1025 5159 1198 5228 atque
1222 5157 1470 5219 Andrea,
1499 5161 1558 5210 et
1596 5159 1842 5222 Joanne,
1875 5175 2008 5213 san-

364 5245 572 5312 ctoque
601 5240 946 5313 Apollinare,
979 5251 1036 5299 et
1068 5244 1400 5310 Laurentio,
1450 5249 1508 5299 et
1535 5243 1845 5302 Benedicto
1876 5263 2010 5303 cum

363 5329 641 5384 omnibus
672 5331 890 5387 sanctis
919 5333 1038 5388 tuis
1063 5350 1076 5388 :
1110 5335 1206 5387 Hic
1224 5333 1406 5403 signat
1430 5347 1489 5386 se
1517 5347 1642 5386 cum
1665 5341 1904 5404 patena:
1937 5336 2014 5392 da

361 5417 654 5490 propitius
675 5435 878 5491 pacem
893 5420 955 5476 in
977 5421 1183 5476 diebus
1197 5418 1442 5486 nostris;
1471 5423 1534 5474 ut
1553 5436 1660 5492 ope
1683 5422 2009 5481 misericor-

361 5506 470 5562 diae
497 5511 612 5562 tuae
642 5508 824 5580 adjuti
857 5515 916 5564 et
946 5527 981 5564 a
1010 5513 1242 5580 peccato
1267 5507 1455 5562 simus
1486 5524 1718 5582 semper
1743 5509 1933 5580 liberi,
1956 5517 2014 5569 et

360 5595 434 5649 ab
446 5595 607 5650 omni
621 5597 1057 5668 perturbatione
1078 5612 1210 5650 seeu
1221 5594 1400 5650 ri.Per
1413 5595 1728 5653 Dominum
1744 5603 2011 5656 nostrum

359 5682 814 5752 Jesum,etc.Per
834 5685 1034 5738 omnia
1065 5682 1277 5738 saicula
1299 5683 1667 5740 saeculorum.
1703 5688 1782 5755 ἢ..
1807 5695 2008 5746 Amen.

2141 3381 2230 3437 fac
2264 3398 2358 3438 me
2388 3383 2507 3438 tuis
2539 3384 2758 3440 sanctis
2789 3384 3024 3441 obedire
3065 3386 3381 3456 mandatis,
3407 3391 3466 3444 et
3489 3405 3523 3443 a
3555 3395 3608 3444 te
3645 3405 3804 3444 nun-

2142 3487 2320 3544 quam
2342 3471 2401 3526 iu
2419 3477 2768 3544 perpetuum
2789 3473 3096 3546 permittas
3123 3476 3406 3548 separari,
3435 3481 3492 3533 et
3501 3467 3808 3551 perceptio

2138 3559 2222 3614 tui
2250 3561 2510 3632 corporis
2537 3566 2597 3617 et
2641 3561 2970 3636 sanguinis,
3031 3580 3163 3636 quae
3219 3564 3504 3639 indignus
3557 3583 3809 3624 sumere

2141 3665 2574 3721 praesumo,non
2598 3650 2744 3706 mihi
2765 3650 2961 3708 veniat
2980 3651 3040 3708 in
3050 3653 3345 3725 judicium
3371 3659 3428 3711 et
3447 3657 3808 3714 condemna-

2139 3737 2490 3806 tionem,sed
2512 3757 2616 3812 pro
2642 3745 2746 3797 tua
2765 3741 2982 3814 pietate
3000 3743 3186 3815 prosit
3215 3743 3358 3800 mihi
3392 3746 3463 3800 ad
3497 3749 3806 3804 tutamen-

2137 3831 2264 3882 tum
2324 3829 2540 3885 mentis
2570 3834 2626 3885 et
2655 3831 2914 3903 corporis
2945 3847 3050 3904 per
3085 3836 3162 3899 te,
3194 3833 3336 3890 Jesu
3393 3831 3642 3906 Christe,
3693 3837 3806 3910 qui

2138 3933 2271 3972 cum
2303 3916 2470 3974 Patre
2495 3923 2554 3974 et
2582 3918 2800 3991 Spiritu
2832 3923 3036 3978 sancto
3068 3922 3214 3978 vivis
3245 3929 3302 3979 et
3330 3941 3538 3998 regnas
3589 3924 3651 3980 in
3684 3942 3806 3984 sm-

2136 4004 2271 4064 cula
2300 4006 2670 4064 saeculorum.
2705 4010 2910 4066 Amen.

2211 4097 2358 4150 Tunc
2384 4095 2636 4152 sacerdos
2663 4097 2809 4153 dicat
2838 4100 3018 4155 tribus
3052 4101 3262 4157 vicibus
3291 4120 3309 4156 :
3353 4101 3621 4171 Domine,
3672 4121 3800 4162 non

2135 4200 2270 4239 sum
2301 4183 2540 4257 digmus
2570 4189 2636 4240 ut
2664 4185 2846 4244 intres
2878 4189 2988 4244 sub
3014 4193 3234 4246 tectum
3267 4207 3487 4247 meum.

2203 4274 2396 4328 Postea
2424 4274 2571 4330 dicat
2599 4275 2774 4330 tribus
2801 4279 3010 4334 vicibus
3039 4299 3056 4334 :
3085 4279 3308 4353 Corpus
3341 4281 3568 4337 Domini
3601 4284 3796 4340 nostri

2133 4361 2274 4417 Jesu
2285 4360 2502 4418 Christi
2525 4371 2824 4420 conservet
2845 4367 3104 4423 animam
3127 4386 3318 4426 meam
3342 4371 3401 4425 in
3421 4370 3598 4426 vitam
3627 4377 3800 4429 mter-

2134 4466 2289 4504 nam.
2326 4455 2534 4506 Amen.

2201 4539 2330 4593 Post
2357 4543 2632 4610 acceptum
2667 4557 2862 4613 corpus
2891 4547 2947 4598 cl
2972 4547 3320 4616 sanguinem,
3355 4546 3425 4602 ad
3449 4548 3799 4620 perfunden-

2047 4651 2094 4714 D
2130 4625 2263 4682 dum
2291 4626 2435 4682 dicat
2463 4629 2606 4684 hanc
2631 4634 2972 4688 orationem:
3025 4634 3493 4692 Communicatio
3537 4641 3595 4692 et
3636 4654 3794 4694 con-

2127 4715 2378 4770 ﬁrmatio
2427 4719 2684 4790 corporis
2739 4725 2794 4774 et
2827 4723 3132 4794 sanguinis
3175 4724 3282 4788 tui,
3339 4724 3584 4781 Domine
3639 4725 3792 4784 Jesu

2123 4803 2368 4871 Christe,
2403 4807 2588 4878 porsit
2619 4807 2760 4862 mihi
2796 4808 2855 4863 in
2888 4811 3293 4868 remissionem
3348 4815 3616 4870 omnium
3648 4831 3796 4887 pec-

2121 4898 2384 4948 catorum
2417 4911 2704 4964 meorum,
2737 4901 2794 4952 et
2823 4905 3124 4955 conservet
3152 4918 3244 4957 me
3286 4908 3343 4958 et
3388 4903 3672 4976 perducat
3705 4907 3792 4961 ad

2117 4980 2296 5038 vitam
2329 4989 2627 5039 aeternam.
2660 4986 2842 5047 Amen
2856 5029 2868 5042 .

2157 5070 2272 5145 [Ad
2299 5072 2674 5142 replicandum
2703 5077 2980 5146 corporale
3008 5083 3059 5134 et
3106 5080 3497 5152 reponendum.
3547 5079 3792 5152 Corpus

2119 5162 2310 5227 tuum,
2342 5161 2604 5232 Domine,
2637 5163 2792 5234 quod
2815 5166 3064 5237 sumpsi,
3089 5175 3144 5223 et
3163 5168 3332 5236 calix,
3361 5186 3538 5241 quem
3560 5170 3793 5242 potavi,

2121 5247 2453 5304 adhaereant
2481 5267 2712 5323 semper
2739 5251 3061 5312 visceribus
3089 5257 3258 5326 meis,
3289 5263 3356 5313 ut
3383 5258 3440 5312 in
3503 5274 3596 5313 me
3655 5274 3792 5316 non

2120 5341 2420 5393 remaneat
2449 5338 2570 5394 ulla
2600 5341 2849 5412 macula,
2882 5341 2942 5397 in
2975 5360 3150 5415 quem
3178 5363 3325 5418 pura
3357 5351 3414 5402 et
3443 5350 3648 5403 sancta
3680 5347 3794 5404 in-

2119 5426 2407 5480 troierunt
2437 5434 2824 5485 sacramenta.

2191 5516 2376 5570 Finita
2401 5518 2570 5572 missa
2595 5516 2730 5572 dicit
2757 5520 3006 5576 sacerdos
3049 5524 3216 5579 istam
3271 5525 3574 5580 orationem
3591 5541 3610 5579 :
3640 5523 3795 5582 Pla-

2120 5607 2248 5660 ceat
2267 5603 2394 5673 tibi,
2409 5609 2611 5660 saneta
2627 5605 3264 5682 Trinitas,obsequium
3285 5613 3582 5668 servitutis
3607 5629 3796 5685 mete,

2120 5692 2276 5764 quod
2306 5692 2490 5749 oculis
2519 5698 2632 5748 tua).
2663 5695 2992 5765 majestatis
3022 5697 3300 5774 indignus
3321 5700 3543 5759 obtuli:
3569 5700 3647 5758 sit
3665 5703 3799 5760 tibi
