3978 6356
136 416 254 481 937

949 411 1339 477 EXCERPT.
1385 415 1488 478 EX
1534 412 1763 479 CODD.
1810 413 2126 482 LITURG.
2157 417 2758 484 FONTAVELLAN.

3440 414 3566 486 938

135 551 398 623 placens,
417 547 682 620 mihique
699 552 755 603 et
777 547 1051 603 omnibus
1070 566 1172 620 pro
1187 549 1402 620 quibus
1420 549 1564 604 illud
1587 549 1796 619 obtuli,
1825 561 1880 626 Α
1911 550 2031 606 min
2042 569 2138 607 um
2156 557 2211 607 et
2224 554 2674 622 conﬁrmamini,
2691 549 3290 625 qureritefaciemejus
3305 564 3556 624 semper

133 640 214 696 sit
241 644 295 695 te
326 639 638 694 miserante
670 635 1059 710 propitiabile.

203 731 389 784 Finita
442 729 610 783 missa
665 727 800 782 dicit
865 725 1152 782 sacerdos:
1208 726 1428 782 Meritis
1504 731 1560 782 et
1613 727 1787 783 inter-

127 816 492 874 cessionibus
522 815 770 870 istorum
820 813 1168 870 misereatur
1199 815 1381 870 nostri
1416 816 1788 888 omnipotens

123 907 302 964 Deus.

197 996 335 1051 Cum
373 995 526 1051 exuit
576 1009 633 1050 se
677 991 948 1056 sacerdos,
980 993 1127 1047 dicat
1171 991 1264 1047 hos
1289 993 1564 1064 psalmos:
1599 994 1781 1049 Bene-

120 1085 319 1154 dicite,
353 1083 686 1140 sacerdotes
726 1081 980 1147 Domini,
1015 1081 1352 1137 Dominum.
1389 1082 1639 1137 Laudatc
1670 1083 1783 1138 Do—

121 1174 355 1230 minum
379 1172 436 1227 in
459 1171 678 1228 sanctis
695 1171 840 1242 ejus.
868 1170 1034 1241 Hyrie
1056 1169 1295 1233 eleison,
1319 1169 1563 1238 Christe,
1589 1171 1776 1243 Kyrie.

118 1265 293 1321 Pater
323 1265 538 1319 noster.
592 1263 657 1316 Et
706 1276 777 1314 ne
834 1277 959 1314 nos.
1013 1260 1346 1330 Capitulum.
1383 1259 1780 1315 Conﬁteantur

117 1354 250 1420 tibi,
285 1351 549 1418 Domine,
577 1349 773 1405 omnia
795 1366 968 1421 opera
994 1353 1106 1405 tua.
1133 1350 1202 1404 Et
1222 1349 1408 1403 sancti
1431 1349 1515 1404 tui
1548 1349 1780 1404 benedi-

117 1441 397 1498 canttibi.
421 1439 808 1496 Exsultabunt
824 1438 1008 1493 sancti
1028 1438 1086 1492 in
1109 1437 1310 1510 gloria.
1339 1439 1406 1492 Et
1428 1437 1779 1493 laetabuntur

118 1534 175 1586 in
209 1528 505 1586 cubilibus
539 1528 682 1584 suis.
717 1526 1021 1582 Exsultent
1043 1527 1192 1597 justi
1227 1527 1286 1581 in
1308 1531 1622 1598 conspectu
1651 1527 1772 1582 Dei.

114 1622 183 1677 Et
211 1619 482 1675 laetentur
512 1619 569 1672 in
601 1616 820 1672 laetitia.
855 1617 1192 1672 Sacerdotes
1242 1616 1349 1683 tui,
1388 1616 1648 1681 Domine,
1682 1616 1772 1670 in-

112 1707 712 1778 duanturjustitiam.
749 1706 813 1760 Et
844 1705 1028 1760 sancti
1061 1707 1144 1758 tui
1167 1704 1476 1760 exsultent.
1501 1705 1767 1773 Domine,

109 1797 343 1855 exaudi.
379 1798 443 1852 Et
475 1796 712 1852 clamor.
739 1795 1022 1851 Dominus
1049 1795 1368 1850 vobiscum.
1393 1799 1458 1848 Et
1489 1812 1620 1849 cum
1657 1795 1773 1867 spi-

108 1888 247 1944 ritu.

183 1977 392 2033 Oratio.
429 1976 600 2039 Deus,
633 1974 731 2044 qui
782 1972 970 2027 tribus
1022 1973 1219 2044 pueris
1267 1972 1550 2044 mitigasti
1598 1972 1768 2028 llam-

110 2082 240 2122 mas
271 2064 522 2136 ignium,
555 2063 801 2118 concede
835 2061 1124 2133 propitius
1157 2078 1259 2133 per
1290 2061 1681 2116 interventum
1713 2065 1770 2117 et

111 2153 324 2210 merita
353 2153 617 2209 omnium
646 2153 982 2206 sanctorum
1007 2153 1263 2218 tuorum,
1291 2155 1357 2204 ut
1387 2167 1491 2205 nos
1509 2149 1767 2228 “famulos

111 2247 243 2298 tuos
276 2257 393 2296 non
423 2243 625 2295 exurat
657 2239 892 2294 ﬂamma
921 2238 1213 2293 vitiorum.
1249 2239 1370 2293 Per.

111 2377 283 2416 MISSA
323 2374 382 2413 IN
423 2373 696 2412 HONOREM
737 2371 965 2409 SANC'NE
992 2371 1308 2409 TRINITATIS
1339 2371 1430 2408 DIE
1469 2370 1763 2407 DUMIXICO.

180 2454 496 2512 Benedicta
528 2452 622 2520 sit,
653 2456 786 2519 etc.,
807 2455 866 2506 ut
889 2453 947 2506 in
969 2450 1146 2506 editis.
1170 2452 1319 2506 Psal.
1347 2450 1767 2505 Benedicamus

111 2548 342 2602 Patrem
373 2546 430 2598 et
467 2541 680 2596 Filium
709 2557 842 2595 cum
877 2543 1075 2595 sancto
1107 2539 1349 2607 Spiritu.
1385 2540 1597 2595 Oratio.
1632 2539 1766 2593 Om-

114 2635 384 2705 nipotens
405 2616 755 2702 sempiterna
779 2628 951 2695 Deus,
977 2633 1086 2684 etc.
1115 2627 1401 2684 Craduale.
1426 2627 1768 2683 Benedictus

116 2741 196 2790 es,
229 2721 499 2786 Domine,
550 2719 647 2790 qui
696 2717 942 2772 intueris
987 2717 1247 2788 abyssos,
1293 2721 1348 2771 et
1401 2717 1568 2771 sedes
1594 2732 1770 2786 super

116 2809 448 2866 Cberubim.
470 2805 798 2863 Benedicite
816 2806 999 2861 Deum
1023 2805 1149 2861 cmli
1169 2805 1467 2871 cmlorum,
1484 2805 1622 2876 quia
1639 2805 1770 2860 fecit

119 2899 427 2974 nobiscum
447 2894 910 2951 misericordiam
933 2911 1120 2948 suam.
1146 2895 1400 2948 Alleluia.
1429 2892 1770 2949 Benedictus

119 3005 198 3052 es,
223 2984 470 3042 Domine
494 2989 642 3039 Deus
665 2988 897 3055 patrum
923 2987 1275 3051 nostrorum,
1301 2986 1358 3037 et
1375 2981 1689 3038 laudabilis
1711 2981 1770 3036 in

123 3074 354 3133 saecula.

191 3163 506 3236 Sequentia
526 3162 710 3218 sancti
729 3160 1022 3233 Evangelii
1045 3161 1369 3216 secundum
1386 3161 1694 3216 Joannem.
1711 3160 1773 3214 In

126 3253 222 3310 illo
253 3258 514 3324 tempore
558 3250 703 3306 dixit
748 3250 940 3305 Jesus.
973 3251 1116 3305 Cum
1147 3250 1370 3305 venerit
1423 3248 1774 3313 Paracletus,

123 3359 288 3416 usque
345 3357 450 3414 ego
506 3339 625 3395 dixi
676 3339 859 3394 vobis.
917 3339 1294 3411 Offertorium,
1356 3339 1660 3393 communio
1719 3341 1775 3392 et

119 3430 547 3504 paslcommunia
579 3431 636 3483 ut
656 3431 717 3483 in
747 3428 928 3484 editis.

191 3521 322 3574 Alia
349 3520 542 3573 oratio.
577 3517 821 3572 Domine
852 3517 1028 3583 Deus,
1062 3516 1229 3570 Pater
1257 3515 1648 3586 omnipotens,
1671 3529 1776 3568 nos

127 3606 381 3663 famulos
413 3611 545 3661 tuos
586 3609 696 3660 tuae
744 3605 1039 3676 maiestati
1074 3604 1372 3674 subjectos
1406 3621 1507 3675 per
1538 3598 1776 3657 uilicum

130 3696 338 3752 Filium
370 3698 540 3750 tuum
563 3693 620 3748 in
643 3693 855 3748 virtute
878 3693 1063 3748 sancti
1087 3692 1339 3763 Spiritus
1368 3692 1610 3746 benedic
1635 3706 1782 3745 sem-

133 3803 230 3856 per
250 3789 309 3841 et
338 3788 594 3857 protege,
633 3787 696 3837 ut
747 3782 818 3837 ab
849 3780 1008 3836 omni
1058 3781 1224 3837 hoste
1255 3780 1440 3836 securi
1472 3781 1530 3834 in
1563 3780 1780 3849 tuaju-

133 3874 280 3946 giter
309 3871 482 3928 laude
512 3871 793 3927 laetemur.
827 3875 936 3926 Per
963 3870 1256 3926 eumdem.

202 3996 374 4035 MISSA
395 3995 576 4034 FBRIE
602 3993 876 4032 SECUNDE
905 3993 963 4030 ΙΝ
997 3993 1335 4031 SANCTORUM
1367 3991 1712 4031 ANGELORUM

834 4064 1079 4102 HONORE.

204 4155 532 4212 Benedicite
564 4154 901 4222 Dominum,
927 4159 1034 4208 etc.
1070 4154 1272 4209 Oratio.
1308 4154 1653 4224 Perpetuum
1690 4169 1789 4206 no-

139 4245 247 4310 bis,
280 4245 544 4313 Domine,
592 4248 704 4298 tua:
745 4242 1136 4298 miserationis
1180 4247 1392 4314 praesta
1435 4242 1786 4312 subsidium,

139 4335 352 4405 quibus
390 4337 447 4388 et
475 4332 736 4406 angelica
761 4331 1080 4404 praestitisti
1114 4331 1392 4404 suffragia
1421 4348 1534 4386 non
1568 4332 1788 4387 deesse.

139 4422 257 4478 Per.
295 4422 487 4477 Lectio
518 4420 650 4476 libri
701 4419 1078 4492 Apocalypsis
1126 4419 1368 4474 Joannis
1416 4419 1680 4492 apostoli.
1729 4419 1790 4474 In

142 4511 344 4567 diebus
377 4509 494 4566 illis
525 4509 671 4564 dixit
701 4507 844 4563 mihi
886 4507 1167 4582 angelus:
1203 4508 1400 4563 Scribe
1450 4509 1624 4575 beati,
1658 4512 1790 4570 etc.,

140 4615 304 4671 usque
334 4604 516 4654 Deum
538 4599 736 4653 adora.
771 4595 1062 4652 Craduale.
1097 4597 1428 4652 Benedicite
1457 4596 1791 4664 Dominum,

143 4705 340 4744 omnes
371 4686 560 4760 angeli
590 4687 738 4758 ejus,
773 4689 1037 4758 potentes
1067 4686 1295 4752 virtute,
1329 4686 1429 4756 qui
1463 4685 1648 4741 facitis
1668 4702 1791 4740 ver-

143 4778 278 4833 bum
313 4777 460 4847 ejus.
494 4775 764 4840 Benedic,
797 4774 1012 4846 anima,
1041 4791 1188 4843 mea,
1212 4775 1478 4842 Domino,
1512 4778 1568 4829 et
1599 4773 1795 4828 omnia

146 4866 421 4922 interiora
438 4881 567 4920 mea
584 4868 853 4919 sanctum
871 4880 1083 4919 nomen
1105 4864 1252 4935 ejus.
1269 4864 1526 4918 Alleluia.
1543 4863 1795 4918 Laudato

123 4953 480 5019 Dominum,
513 4969 717 5008 omnes
743 4953 932 5025 angeli
963 4955 1110 5024 ejus,
1146 4952 1377 5008 laudate
1409 4969 1562 5020 eum,
1593 4967 1796 5009 omnes

145 5043 384 5098 virtutes
415 5043 562 5112 ejus.
599 5041 916 5114 Sequentia
937 5041 1122 5097 sancti
1155 5041 1447 5113 Evangelii
1475 5041 1797 5096 secundum

146 5131 451 5188 Joannem.
486 5131 547 5185 ln
583 5130 679 5185 illo
710 5135 971 5202 tempore
1004 5129 1268 5184 ascendit
1299 5130 1582 5184 Dominus
1602 5129 1800 5184 Hiero-

149 5220 632 5292 solymam,usque
654 5219 1024 5275 detinebatur
1047 5218 1403 5274 infirmitate.
1431 5221 1798 5290 Oﬁ‘ertorium,

148 5313 195 5362 et
221 5313 427 5366 secreta
457 5314 521 5364 ut
551 5309 612 5363 in
644 5308 837 5363 editis.
868 5308 1204 5364 Communia.
1233 5307 1573 5374 Benedicite,
1599 5323 1804 5362 omnes

152 5398 335 5471 angeli
370 5396 627 5464 Domini,
653 5397 989 5464 Dominum,
1019 5397 1306 5470 hymnum
1329 5396 1501 5451 dicite
1527 5401 1582 5451 et
1601 5412 1804 5468 super-

153 5486 390 5542 exaltate
421 5502 557 5542 eum
589 5483 649 5540 in
683 5485 914 5544 saecula.
945 5488 1404 5552 Postcammunio,
1433 5490 1500 5540 ut
1531 5485 1589 5539 in
1612 5483 1804 5538 editis.

664 5609 833 5649 MISSA

220 5699 469 5759 Laetetur
499 5715 599 5756 cor
627 5697 1015 5771 quaerentium
1055 5699 1393 5772 Dominum,
1425 5699 1666 5776 quaerite
1700 5681 1808 5756 Do-

466 5825 732 5892 ΡΑτιιοι.
779 5825 927 5892 GLI.

875 5609 946 5648 DE
986 5609 1300 5648 SAPIENTIA.

1902 641 2050 696 Psal.
2085 642 2452 697 Conﬁtemini
2487 642 2731 698 Domino
2763 645 2819 697 et
2848 642 3133 696 invocato.
3167 639 3374 696 Oratio.
3405 643 3558 698 Deus

1901 730 2001 800 qui
2034 746 2138 802 per
2168 734 2515 786 cozeternam
2546 731 2651 786 tibi
2684 730 3054 803 sapientiam,
3076 728 3398 800 hominem,
3421 743 3556 784 cum

1899 834 2015 873 non
2055 824 2230 885 esset,
2283 819 2593 874 condidisti
2651 819 3060 892 perditumque
3099 817 3558 875 misericorditer

1898 908 2248 974 reformasti,
2297 912 2524 980 praesta,
2581 925 2937 981 quaesumus,
2992 911 3057 962 ut
3085 908 3287 964 eadem
3319 910 3555 981 pectora

1895 1001 2096 1052 nostra
2129 995 2450 1070 inspirante
2479 1001 2536 1053 te
2568 1002 2688 1053 tota
2743 1001 2938 1053 mente
2988 1013 3278 1065 amemus,
3308 999 3366 1052 et
3393 995 3463 1052 ad
3495 999 3552 1056 te

1895 1089 2014 1140 toto
2066 1087 2238 1142 corde
2295 1103 2626 1142 curramus.
2679 1087 2802 1142 Per.
2855 1085 3044 1142 Lectio
3093 1085 3350 1158 epistola:
3397 1083 3551 1140 beati

1892 1173 2093 1229 Jacobi
2125 1175 2394 1246 apostoli.
2441 1175 2806 1242 Charissimi,
2861 1174 2910 1232 si
2944 1174 3077 1246 quis
3106 1176 3367 1228 vestrum
3395 1171 3547 1228 indi-

1890 1269 2004 1333 get,
2035 1266 2166 1329 etc.,
2196 1280 2365 1335 usque
2393 1263 2451 1318 in
2475 1263 2806 1319 humilitate
2834 1281 2963 1319 sua.
2988 1261 3280 1318 Graduale.
3306 1260 3550 1317 Domine

1890 1352 2175 1407 Dominus
2209 1357 2425 1417 noster,
2449 1370 2628 1424 quam
2656 1351 2998 1408 admirabile
3019 1356 3110 1407 est
3130 1367 3342 1406 nomen
3373 1353 3545 1406 tuum

1887 1439 1946 1494 in
1992 1441 2262 1496 universa
2302 1445 2476 1497 terra.
2534 1441 2820 1505 Quoniam
2869 1441 3087 1497 elevata
3138 1443 3225 1496 est
3274 1439 3544 1510 magnifi-

1886 1530 2075 1585 centia
2103 1534 2204 1585 tua
2233 1547 2410 1602 super
2441 1529 2636 1602 caelos,
2667 1531 2926 1586 Alleluia.
2960 1528 3157 1585 Lauda
3187 1527 3384 1583 anima
3413 1543 3545 1584 mea

1886 1619 2224 1688 Dominum,
2247 1620 2520 1675 Laudabo
2544 1619 2858 1675 Dominum
2882 1619 2940 1673 in
2961 1618 3080 1674 vita
3109 1633 3258 1685 mea,
3291 1615 3540 1689 psallam

1884 1708 1999 1762 Deo
2041 1725 2190 1774 meo,
2223 1709 2484 1781 quandiu
2514 1726 2631 1765 ero.
2666 1707 2981 1780 Sequentia
3013 1706 3201 1764 sancti
3242 1704 3542 1779 Evangelii

1883 1798 2209 1852 secundum
2247 1798 2552 1852 Joannem.
2611 1798 2674 1853 In
2733 1796 2832 1852 illo
2886 1800 3164 1868 tempore.
3212 1793 3541 1851 Sublevatis

1883 1885 2169 1942 Dominus
2199 1887 2393 1954 Jesus,
2457 1890 2592 1954 etc.,
2653 1903 2819 1957 usque
2865 1885 2935 1940 ad
2988 1885 3192 1940 Jesum
3220 1882 3538 1939 Christum.

1881 1975 2250 2046 O/fertorium.
2289 1975 2614 2031 Meditabor
2667 1975 2725 2029 in
2776 1974 3070 2030 mandatis
3124 1972 3263 2040 tuis,
3293 1988 3419 2044 quae
3450 1971 3540 2026 di-

1876 2063 1987 2118 lexi
2020 2063 2220 2133 nimis,
2255 2069 2313 2118 et
2344 2063 2544 2119 levabo
2577 2081 2789 2120 manus
2820 2079 2981 2119 meas
3014 2062 3085 2118 ad
3107 2061 3387 2116 mandata
3414 2063 3537 2129 tua,

1881 2169 2007 2222 quae
2039 2152 2238 2207 dilexi.
2273 2152 2504 2208 Secreta.
2557 2151 2984 2219 Sanctiﬁcetur,
3034 2165 3395 2222 quaesumus,
3425 2147 3539 2205 Do-

1879 2241 2038 2295 mine
2071 2241 2246 2308 Deus,
2282 2240 2461 2311 hujus
2481 2240 2795 2296 oblationis
2819 2257 3038 2295 munus
3062 2244 3165 2294 tua
3192 2241 3539 2312 cooperante

1878 2328 2186 2400 sapientia,
2217 2333 2283 2384 ut
2313 2328 2418 2382 tibi
2450 2328 2674 2400 placere
2704 2328 2890 2400 possit
2910 2329 2981 2383 ad
3002 2327 3259 2398 laudem,
3281 2329 3337 2382 et
3365 2325 3536 2382 nobis

1879 2418 2156 2488 proficere
2188 2418 2259 2471 ad
2288 2417 2558 2472 salutem.
2592 2418 2716 2472 Per.
2750 2417 3089 2472 Communia.
3123 2414 3387 2482 Domine,
3417 2429 3536 2469 me-

1878 2506 2150 2560 morabor
2171 2505 2415 2575 justitize
2448 2509 2559 2561 tuae
2591 2505 2793 2572 solius,
2819 2505 2971 2560 Deus
2992 2502 3240 2559 docuisti
3266 2518 3360 2558 me
3377 2518 3412 2558 a
3428 2502 3528 2572 ju-

1875 2598 2111 2650 ventute
2144 2610 2291 2660 mea,
2325 2598 2380 2648 et
2401 2610 2586 2665 usque
2605 2594 2665 2648 in
2687 2596 2979 2649 senectam
3002 2595 3060 2648 et
3079 2590 3330 2658 senium,
3353 2595 3526 2660 Deus,

1880 2699 1948 2736 ne
1997 2681 2368 2752 derelinquas
2415 2697 2526 2736 me.
2569 2682 3025 2738 Postcommunio.
3076 2679 3322 2736 Infunde
3367 2694 3525 2752 quaa-

1878 2787 2107 2835 sumus,
2155 2770 2397 2824 Domine
2442 2772 2617 2837 Deus,
2671 2786 2774 2841 per
2813 2769 2935 2825 haac
2982 2770 3368 2834 sacramenta,
3397 2780 3526 2838 qua

1881 2858 2265 2930 sumpsimus,
2300 2863 2412 2913 tua:
2444 2857 2641 2915 lumen
2665 2857 2938 2914 cordibus
2969 2856 3184 2914 nostris
3205 2854 3526 2928 sapientia,

1881 2953 1944 3002 ut
1969 2952 2025 3003 et
2055 2952 2110 3003 te
2161 2948 2438 3004 veraciter
2495 2963 2906 3020 agnoscamus,
2963 2949 3020 3003 et
3079 2943 3326 3001 ﬁdeliter
3373 2957 3532 3000 ame-

1881 3053 2034 3092 mus.
2069 3037 2191 3091 Per.

2239 3141 2409 3180 MISSA
2449 3141 2518 3180 DE
2556 3141 2866 3180 CHARITATE
2905 3139 3070 3179 FERIA
3109 3139 3181 3177 ιν.

1956 3213 2221 3269 Charitas
2253 3213 2351 3268 Dei
2387 3214 2602 3268 dill'usa
2632 3217 2721 3268 est
2749 3213 2808 3267 in
2829 3212 3108 3267 cordibus
3138 3207 3379 3274 nostris,
3412 3205 3549 3263 alle-

1807 3291 1849 3358 C
1890 3301 2140 3374 luia,per
2159 3302 2581 3357 inhabitantem
2599 3301 2883 3372 Spiritum
2901 3299 3102 3369 ejusin
3117 3294 3550 3364 nobis,alleluie

1887 3390 2139 3444 alleluia.
2177 3391 2422 3445 Domine
2466 3391 2619 3444 Deus
2675 3387 2883 3444 salutis
2930 3404 3093 3442 meae.
3128 3385 3333 3440 Oratio.
3367 3383 3546 3450 Deus,

1886 3479 1986 3550 qui
2018 3479 2398 3550 diligentibus
2435 3484 2487 3534 te
2520 3479 2671 3533 bona
2701 3475 3019 3532 invisibilia
3049 3472 3412 3547 praeparasti,
3454 3471 3546 3527 in-

1887 3569 2067 3622 funde
2096 3567 2373 3622 cordibus
2406 3565 2622 3620 nostris
2673 3564 2759 3619 tui
2808 3563 3026 3618 amoris
3071 3562 3365 3628 affectum,
3397 3561 3464 3612 ut
3493 3561 3549 3612 te

1890 3656 1948 3710 in
1981 3656 2256 3710 omnibus
2288 3659 2345 3709 et
2374 3670 2550 3725 super
2590 3652 2788 3709 omnia
2835 3651 3162 3724 diligentes,
3195 3645 3548 3721 promissio-

1890 3761 1993 3799 nes
2032 3749 2183 3812 tuas,
2219 3761 2344 3814 quae
2401 3759 2573 3799 omne
2603 3740 2959 3798 desiderium
3009 3740 3310 3812 superant,
3341 3750 3545 3792 conse-

1893 3849 2164 3904 quamur.
2200 3833 2392 3887 Lectio
2449 3829 2704 3903 epistolae
2762 3827 2918 3885 beati
2969 3827 3133 3883 Pauli
3193 3823 3440 3898 apostoli
3471 3823 3546 3880 ad

1892 3921 2240 3978 Corinthios.
2275 3921 2524 3988 Fratres,
2558 3919 2813 3975 charitas
2845 3917 3071 3990 patiens
3090 3917 3352 3983 est,etc.,
3381 3925 3549 3985 usque

1895 4028 2197 4082 nunquam
2255 4009 2484 4066 excidit.
2549 4007 2844 4063 Graduale.
2905 4007 3155 4062 Laetatus
3202 4019 3336 4060 sum
3365 4001 3425 4057 in
3455 4000 3549 4056 his

1898 4117 2024 4173 quae
2065 4101 2220 4155 dicta
2277 4102 2414 4154 sunt
2463 4097 2632 4166 mihi,
2681 4096 2741 4150 in
2771 4097 3012 4151 domum
3043 4091 3276 4150 Domini
3305 4091 3548 4146 ibimus.

1901 4189 2026 4246 Fiat
2053 4207 2164 4261 pax
2207 4187 2266 4242 in
2321 4188 2536 4242 virtute
2566 4191 2688 4253 tua,
2720 4189 2778 4241 et
2810 4181 3169 4239 abundantia
3198 4181 3257 4235 in
3288 4178 3552 4253 turribus

1898 4278 2036 4332 tuis.
2070 4277 2329 4331 Alleluia.
2349 4275 2663 4342 Attendite,
2684 4273 2900 4346 popule
2919 4287 3106 4340 meus,
3129 4270 3318 4344 legem
3336 4282 3552 4336 meam,

1902 4365 2176 4420 inclinate
2202 4381 2405 4420 aurem
2437 4368 2691 4418 vestram
2717 4363 2775 4416 in
2797 4361 2975 4417 verba
2992 4361 3109 4416 oris
3134 4358 3270 4414 mei.
3295 4358 3556 4428 Sequen-

1906 4455 1983 4509 tia
2014 4453 2199 4508 sancti
2259 4452 2553 4524 Evangelii
2612 4451 2937 4506 secundum
2993 4449 3302 4505 Joannem.
3345 4445 3428 4502 .In
3457 4443 3556 4500 illo

1904 4547 2181 4612 tempore,
2215 4541 2362 4594 dixit
2391 4540 2563 4594 Jesus
2595 4538 2900 4610 discipulis
2922 4537 3084 4592 suis:
3120 4534 3332 4600 Filioli,
3365 4533 3557 4589 adhuc

1905 4629 2223 4695 modicum,
2257 4632 2390 4690 etc.,
2423 4643 2593 4697 usque
2623 4627 2694 4682 ad
2748 4626 3017 4681 invicem.
3051 4622 3417 4693 Oﬂerlorium.
3451 4620 3558 4676 Be-

1903 4719 2169 4774 nedictus
2200 4734 2282 4783 es,
2317 4715 2579 4781 Domine,
2614 4716 2754 4770 doce
2802 4729 2894 4767 me
2918 4708 3369 4783 justiticationes
3397 4711 3554 4773 tuas,

1903 4810 1963 4864 in
1985 4807 2156 4862 labiis
2181 4805 2328 4860 meis
2358 4802 2748 4876 pronuntiavi.
2773 4802 3004 4857 Secreta.
3031 4797 3188 4854 Deus
3228 4795 3328 4868 qui
3350 4810 3456 4850 nos
3480 4793 3554 4849 ad

1906 4897 2221 4969 imaginem
2253 4900 2414 4948 tuam
2447 4889 2828 4947 sacramentis
2880 4903 3114 4945 revocas
3143 4889 3201 4942 et
3229 4881 3554 4958 praeceptis,

1907 4986 2117 5057 perﬁce
2147 4999 2383 5056 gressus
2413 4983 2642 5035 nostros
2675 4979 2732 5033 in
2760 4977 2988 5033 semitis
3011 4976 3150 5042 tuis,
3173 4979 3239 5030 ut
3258 4969 3560 5029 charitatis

1909 5077 2152 5140 donum,
2188 5089 2365 5144 quam
2397 5068 2581 5125 fecisti
2614 5085 2648 5124 a
2672 5066 2840 5122 nobis
2871 5065 3120 5138 operari,
3150 5081 3252 5137 per
3279 5063 3400 5118 haec
3431 5075 3560 5132 qua

1911 5163 2211 5217 otl'erimus
2244 5159 2550 5225 sacriﬁcia,
2605 5154 2886 5211 veraciter
2943 5152 3123 5207 facias
3181 5149 3563 5225 apprehendi.

1911 5253 2036 5306 Per.
2073 5251 2409 5306 Communia.
2445 5245 2708 5311 Domine,
2760 5241 3128 5297 memorabor
3162 5239 3412 5312 justitim
3453 5242 3567 5308 tua!

1915 5339 2097 5396 solius
2122 5356 2135 5405 ;
2171 5338 2344 5404 Deus,
2378 5334 2630 5392 docuisti
2654 5349 2743 5388 me
2767 5331 3115 5402 ajuventute
3132 5343 3282 5395 mea,
3307 5330 3364 5383 et
3384 5341 3574 5398 usque

1915 5430 1974 5484 in
1997 5431 2290 5484 senectam
2313 5431 2370 5481 et
2395 5425 2646 5491 senium,
2671 5423 2846 5490 Deus,
2875 5435 2945 5474 ne
2968 5417 3342 5488 derelinquas
3363 5431 3476 5469 me.
3496 5411 3578 5469 Ad

1912 5517 2490 5590 postcom-munionem.
2525 5511 2807 5583 Spiritum
2839 5509 2897 5564 in
2941 5506 3132 5574 nobis,
3167 5503 3430 5570 Domine,
3464 5505 3578 5578 tua

1919 5588 2220 5662 charitatis
2252 5602 2517 5671 infunde,
2549 5604 2615 5656 ut
2643 5615 2790 5672 quos
2824 5614 2941 5653 uno
2974 5613 3122 5669 pane
3153 5591 3367 5651 ccelesti
3398 5588 3580 5672 satias

1921 5695 2017 5766 sti,
2048 5699 2152 5754 tua
2179 5692 2356 5752 facias
2385 5690 2597 5768 pietate
2626 5688 2963 5747 concordes.
2995 5685 3122 5741 Per.

2966 5811 3048 5887 30
