3978 6420
421 457 540 518 939

487 607 658 645 MISSA
681 605 754 645 AD
784 603 1196 644 POSTULANDAM
1217 603 1467 644 GRATIAM
1491 603 1750 644 SPIRITUS
1779 603 1995 642 SANCTI.

488 680 689 734 Oratio.
726 683 876 734 Deus
923 679 1149 750 patrem
1197 681 1531 732 nostrorum
1571 677 1645 730 da
1683 675 1852 731 nobis
1883 675 2064 748 Spiri-

414 772 564 834 tum,
623 767 725 839 qui
783 767 1022 822 flamma
1068 766 1340 821 infundat
1395 766 1453 820 in
1502 765 1778 821 cordibus
1827 763 2064 820 nostris.

414 857 567 912 Psat.
599 855 929 912 Benedicite
957 855 1156 910 omnia
1177 871 1371 926 opera.
1403 856 1600 910 Lectio.
1626 855 1689 909 1n
1711 853 1919 910 diebus
1951 853 2070 909 illis

419 945 563 1000 dixit
593 944 894 1001 Salomon:
919 944 1073 999 Deus
1095 947 1324 1016 patrum
1351 947 1713 1010 nostrorum,
1735 947 1869 1010 etc.,
1900 959 2071 1014 usque

421 1033 803 1090 ancillaituze.
857 1031 1144 1088 Graduale.
1197 1031 1457 1104 Respice,
1503 1031 1766 1100 Domine,
1800 1031 1859 1086 in
1891 1037 2066 1087 testa-

423 1126 686 1178 mentum
707 1126 896 1190 tuum,
921 1125 977 1178 et
997 1121 1224 1176 animas
1243 1137 1565 1193 pauperum
1584 1126 1820 1176 tuorum
1840 1137 1910 1174 ne
1927 1119 2070 1175 obli-

419 1211 662 1266 viscaris
720 1211 779 1266 in
835 1212 1032 1266 finem.
1107 1210 1380 1282 Exsurge,
1441 1209 1708 1275 Domine,
1767 1217 1822 1264 et
1868 1208 2070 1280 judica

421 1316 658 1356 causam
679 1304 864 1366 tuam,
889 1313 1114 1353 memor
1141 1302 1266 1354 esto
1297 1297 1592 1369 opprobrii
1617 1313 1914 1352 servorum
1939 1300 2067 1352 tuo-

420 1385 1211 1452 rum..«tlteluia.Veni,sancte
1231 1384 1666 1457 Spiritus,reple
1689 1389 1919 1440 tuorum
1945 1401 2067 1440 cor-

418 1477 492 1532 da
522 1475 802 1539 ﬁdelium,
829 1479 884 1530 et
913 1474 999 1530 tui
1021 1473 1238 1529 amoris
1261 1473 1452 1546 ignem
1477 1473 1743 1529 accende.
1761 1473 2071 1545 Sequentia

416 1564 604 1620 sancti
635 1562 925 1636 Evangelii
956 1563 1279 1618 secundum
1313 1562 1674 1618 Matthmum.
1709 1562 1770 1617 In
1793 1561 1892 1616 illo
1922 1567 2068 1617 tem-

415 1653 938 1728 pore,respondens
955 1651 1422 1706 DominusJesus
1435 1649 1596 1704 dixit:
1618 1651 2068 1718 Confiteor,cte.,

413 1760 580 1813 usque
611 1741 786 1796 Filius
819 1739 1089 1795 revelare.
1136 1740 1505 1810 O/fertorium.
1551 1739 1802 1794 Justitim
1841 1739 2067 1794 Domini

415 1837 602 1899 rectm,
638 1829 996 1884 testiﬁcantes
1027 1827 1222 1894 corda,
1257 1833 1310 1882 et
1343 1826 1631 1882 dulciores
1663 1843 1840 1900 super
1869 1827 1980 1883 mel
2013 1831 2069 1882 et

417 1920 612 1974 favum
642 1936 655 1985 ;
690 1934 824 1972 nam
860 1921 916 1971 et
963 1932 1162 1970 servus
1210 1919 1348 1970 tuus
1393 1915 1651 1970 custodit
1681 1933 1800 1970 eas.
1834 1917 2065 1972 Secreta.

415 1989 546 2062 Ηίὲο
577 2005 814 2071 oblatio,
851 2004 1092 2060 Domine
1143 2002 1320 2070 Deus,
1365 2003 1557 2058 cordis
1589 2004 1772 2060 nostri
1807 2005 2071 2060 maculas

415 2095 716 2162 emundet,
733 2093 994 2148 utsancti
1013 2091 2066 2164 Spiritusdignaefficiaturhabitatio.

415 2185 542 2240 Per.
578 2184 914 2239 Communia.
957 2181 1198 2236 Gustata
1246 2184 1302 2234 et
1339 2179 1526 2235 videte
1565 2180 1841 2252 quoniam
1873 2182 2069 2238 suavis

415 2278 503 2330 est
533 2271 835 2340 Dominus,
867 2271 1074 2325 beatus
1103 2269 1208 2334 vir,
1241 2269 1340 2340 qui
1381 2272 1577 2340 sperat
1606 2267 1664 2322 in
1697 2285 1782 2324 eo.
1817 2270 1898 2324 Ad
1923 2285 2068 2324 com-

413 2365 754 2418 munionem.
811 2359 1074 2414 Concede
1122 2374 1248 2422 nos,
1282 2373 1639 2429 quzesumus,
1701 2357 2068 2429 omnipotens

411 2453 585 2518 Deus,
617 2449 902 2522 Spiritum
956 2451 1224 2502 sanctum
1268 2447 1416 2500 votis
1461 2448 1775 2518 promereri
1822 2447 2064 2515 sedulis,

410 2547 699 2614 quatenus
731 2539 858 2612 ejus
905 2536 1093 2607 gratia
1125 2536 1195 2590 ab
1227 2535 1504 2590 omnibus
1533 2533 1852 2590 liberemur
1882 2540 2066 2592 tenta-

407 2629 688 2696 tionibus,
704 2631 760 2682 et
775 2629 1141 2698 peccatorum
1163 2631 1495 2679 nostrorum
1513 2623 1934 2697 indulgentiam
1953 2643 2066 2680 me-

408 2723 644 2774 reamur
668 2714 946 2785 accipere.
982 2713 1106 2766 Per.

471 2803 481 2814 “
729 2819 889 2857 ῐδειιιιλ
927 2817 981 2854 νι
1019 2817 1076 2854 IN
1119 2817 1383 2855 novorum
1425 2818 1473 2855 s.
1518 2817 1742 2856 caveis.

480 2893 598 2949 Nos
611 2890 1104 2961 autem,etc.,utin
1115 2889 1546 2960 editis,usqueal
1567 2877 2066 2946 alteluia.Alleluia

408 2982 525 3037 Nbs
543 2985 736 3036 autem
759 2976 992 3052 glori-ari
1011 2981 1236 3049 oportet
1253 2977 1309 3031 in
1329 2994 1500 3033 cruce
1522 2976 1750 3032 Domini
1776 2978 1960 3032 nostri
1976 2979 2064 3033 Je-

411 3087 479 3126 su
499 3065 1054 3138 Christi.Sequentia
1069 3066 1251 3122 sancti
1272 3064 1560 3138 Evangelii
1579 3065 1902 3120 secundum
1923 3066 2064 3122 Mat-

409 3157 650 3214 thzeum.
683 3157 744 3211 ln
778 3155 876 3210 illo
905 3159 1184 3226 tempore,
1209 3152 1532 3225 assumpsit
1549 3152 1741 3220 Jesus,
1764 3157 1872 3208 etc.
1909 3155 2060 3209 Com-

408 3248 618 3316 mitnio.
657 3245 1005 3315 Redemptor
1032 3240 1236 3297 mundi
1269 3241 1435 3311 signo
1466 3240 1656 3296 crucis
1678 3241 1750 3294 ab
1773 3242 1932 3296 omni
1955 3259 2061 3298 nos

1609 450 1800 517 SEC.
1847 447 1930 516 XI
1977 443 2292 516 MONUM.
2337 445 2652 516 LI'l‘URG.

2099 596 2154 656 Α
2185 585 2696 657 compunctionem
2747 585 2958 653 cordis,
2991 583 3215 640 luctum
3263 587 3321 642 et
3372 581 3616 642 ﬂumina
3644 584 3833 659 lacry-

3711 450 3835 517 940

2178 691 2404 730 marum
2438 673 2726 747 lar-giaris,
2761 679 3052 746 quatenus
3081 673 3374 730 caelestem
3397 672 3457 729 in
3483 673 3678 730 futuro
3702 691 3838 732 con-

2176 762 2520 818 solationem
2555 778 2908 842 mereamur.
2935 765 3060 818 Per.

2603 868 2767 908 MISSA
2815 868 2926 907 PRO
2972 867 3406 908 TRlBULATIONE.

2249 939 2633 1011 Omnipotens
2676 939 3033 1012 sempiterne
3081 939 3258 1011 Deus,
3313 944 3658 998 maestorum
3697 957 3840 999 con-

2176 1027 2404 1093 solatio,
2442 1027 2834 1084 laborantium
2857 1027 3156 1098 fortitudo,
3181 1029 3522 1102 perveniant
3541 1029 3614 1086 ad
3637 1033 3694 1086 te
3713 1047 3845 1104 pre-

2176 1133 2272 1172 ces
2305 1117 2374 1172 de
2405 1133 2753 1189 quacunque
2776 1117 3157 1174 tribulatione
3185 1117 3588 1187 clamantium,
3623 1124 3690 1176 ut
3717 1137 3843 1177 om-

2179 1221 2281 1260 nes
2305 1205 2417 1260 sibi
2450 1205 2508 1260 in
2542 1206 2991 1262 necessitatibus
3022 1206 3148 1263 suis
3179 1205 3646 1264 misericordiam
3669 1213 3838 1266 tuam

2177 1295 2472 1364 gaudeant
2498 1295 2754 1351 atl‘uisse.
2788 1296 2912 1352 Per.
2967 1295 3204 1352 Secreta.
3255 1299 3376 1352 Has
3405 1296 3537 1364 tibi,
3569 1298 3836 1367 Domine,

2178 1381 2400 1438 hostias
2431 1383 2731 1439 offerimus
2760 1401 2862 1457 pro
2893 1384 3081 1440 salute
3113 1391 3336 1452 nostra,
3357 1390 3414 1440 et
3433 1403 3537 1458 pro
3559 1387 3839 1443 omnibus

2179 1471 2468 1544 angustiis
2505 1473 2668 1528 nobis
2693 1471 3163 1541 imminentibus,
3196 1478 3488 1546 quatenus
3509 1491 3756 1548 corpora
3783 1480 3843 1532 et

2178 1559 2404 1614 animas
2432 1566 2660 1616 nostras
2691 1561 2948 1632 Spiritus
2971 1561 3156 1617 sancti
3183 1562 3370 1634 gratia
3393 1561 3641 1620 liberare
3662 1569 3843 1637 atque

2177 1647 2507 1704 illuminare
2537 1649 2819 1720 digneris.
2881 1650 2958 1704 Att
3013 1652 3466 1706 communionem.
3531 1656 3614 1708 Da
3643 1653 3842 1720 nobis,

2177 1754 2536 1807 quaesumus,
2572 1739 2641 1792 tle
2673 1737 3048 1794 tribulatione
3080 1738 3362 1808 laetitiam,
3397 1745 3462 1796 ut
3486 1741 3585 1813 qui
3608 1741 3709 1798 diu
3735 1759 3840 1815 pro

2178 1826 2431 1896 peccatis
2451 1827 2664 1880 nostris
2687 1827 3026 1898 afﬂigimur,
3048 1829 3542 1886 intercedentibus
3561 1831 3843 1888 omnibus

2178 1915 2396 1969 sanctis
2427 1915 2564 1980 tuis,
2601 1917 2654 1969 in
2691 1920 2793 1970 tua
2843 1916 3242 1972 misericordia
3291 1918 3668 1990 respiramus.
3705 1920 3835 1976 Per.

2581 2021 2744 2058 XIISSA
2785 2021 2894 2059 PRO
2934 2023 3061 2060 [TER
3098 2023 3431 2063 AGENTIBUS.

2252 2092 2457 2157 Oratio,
2509 2094 2724 2148 Secreta
2779 2097 2828 2148 et
2871 2096 3307 2150 Postea-inmutato
3362 2095 3568 2152 eaedem
3621 2113 3748 2168 qua?
3777 2101 3840 2154 in

2179 2180 2354 2236 editis.
2391 2181 2638 2237 Additur.
2691 2179 3038 2254 Prosperum
3090 2184 3202 2238 iter
3249 2183 3424 2239 faciat
3458 2185 3628 2241 nobis
3656 2186 3836 2255 Deus,

2179 2267 2422 2341 angelus
2451 2269 2675 2324 Domini
2708 2270 2896 2325 bonus
2919 2270 3230 2326 comitetur
3259 2271 3588 2342 nobiscum,
3613 2279 3672 2330 et
3690 2275 3841 2332 bene

2177 2357 2452 2429 disponat
2481 2357 2687 2412 itinera
2721 2363 2919 2412 nostra
2950 2363 3101 2413 Deus
3130 2363 3346 2416 noster.
3372 2360 3675 2434 Exsurgat.
3703 2362 3838 2418 Glo-

2179 2445 2284 2500 ria.
2320 2445 2688 2516 Prosperum.
2723 2448 2926 2501 Oratio.
2952 2445 3106 2501 Deus
3127 2446 3228 2518 qui
3248 2445 3628 2520 diligentibus
3650 2453 3708 2506 te
3728 2453 3840 2507 mi-

2177 2534 2555 2588 sericordiam
2586 2539 2747 2589 tuam
2781 2550 3012 2606 semper
3042 2535 3355 2608 impendis,
3387 2540 3444 2592 et
3474 2553 3507 2592 a
3537 2539 3840 2615 servienti.

2174 2622 2287 2676 bus
2311 2623 2416 2678 tibi
2449 2623 2503 2676 in
2531 2621 2692 2677 nulla
2712 2639 2774 2678 es
2796 2623 3029 2694 regione
3051 2622 3433 2696 longinquus,
3461 2626 3646 2700 diri'ge
3674 2628 3836 2684 viam

2175 2709 2528 2765 famulorum
2553 2715 2787 2765 tuorum
2809 2711 2865 2765 in
2881 2711 3178 2768 voluntate
3198 2718 3320 2780 tua,
3337 2718 3402 2768 ut
3418 2718 3472 2770 te
3486 2719 3832 2786 protectore,

2173 2803 2232 2854 te
2252 2803 2419 2866 duce,
2444 2816 2545 2870 per
2555 2799 2802 2870 justitize
2823 2799 3063 2856 semitas
3081 2800 3205 2856 sine
3225 2801 3544 2859 offensione
3559 2803 3835 2876 gradian-

2173 2893 2289 2943 tur.
2325 2888 2448 2942 Per.

2245 2976 2435 3032 Lectio
2465 2974 2724 3032 Genesis.
2747 2977 2811 3031 In
2845 2975 3048 3033 diebus
3071 2975 3188 3032 illis
3210 2978 3504 3050 profectus
3524 2984 3616 3036 est
3641 2965 3830 3038 Isrlel

2171 3081 2340 3136 usque
2367 3068 2774 3120 revertentem.

2239 3153 2496 3226 Angelus
2532 3153 2758 3208 Domini
2819 3155 3008 3211 bonus
3064 3155 3374 3212 comitetur
3409 3157 3734 3228 vobiscum,
3771 3164 3832 3216 et

2171 3242 2317 3298 bene
2348 3241 2621 3314 disponat
2645 3241 2856 3298 itinera
2885 3245 3096 3298 vestra.
3131 3243 3476 3317 Prosperum
3509 3246 3618 3302 iter
3648 3246 3831 3304 faciat

409 3334 752 3390 adversitate
799 3331 1049 3396 custodi,
1101 3329 1202 3400 qui
1252 3327 1488 3383 salvasti
1527 3328 1762 3384 Petrum
1794 3329 1854 3383 in
1885 3329 2054 3398 mari,
2087 3317 2130 3383 C
2165 3329 2328 3386 vobis
2370 3330 2524 3386 Deus
2569 3329 2852 3386 Salutaris
2899 3333 3116 3386 noster.
3171 3329 3433 3388 Alleluia.
3467 3334 3825 3407 Prosperum

407 3421 682 3478 miserere
712 3421 901 3476 nobis.
953 3417 1411 3473 Postcommunio.
1458 3415 1672 3472 Refecti
1721 3416 1849 3473 cibo
1880 3422 2052 3490 potu-

405 3517 518 3584 que
573 3508 812 3574 cmlesti,
868 3521 1228 3578 quaesumus,
1271 3503 1639 3577 omnipotens
1667 3506 1844 3572 Deus,
1885 3511 1948 3560 ut
1979 3507 2052 3563 ab

403 3599 662 3656 hostium
691 3595 970 3654 defendas
1002 3591 1333 3660 formidine,
1363 3609 1512 3665 quos
1533 3595 1786 3666 pretioso
1807 3594 1934 3650 Filii
1965 3597 2052 3652 tui

401 3689 688 3762 sanguine
717 3681 1034 3742 redemisti.
1069 3682 1176 3737 Per
1205 3683 1498 3737 eumdem.

449 3780 456 3788 ’
520 3791 770 3832 SABBATO
809 3787 979 3828 MISSA
1015 3787 1076 3826 IN
1115 3786 1388 3825 HONOREM
1429 3787 1666 3826 ΞΑΝΟΤΑΒ
1700 3789 1918 3827 MARLE.

455 3840 651 3935 'Salve,
673 3865 878 3918 sancta
899 3876 1130 3932 parens,
1153 3865 1262 3915 etc.
1287 3859 1461 3932 Virgo
1478 3859 1575 3914 Dei
1596 3859 2050 3932 genitrix,quem

393 3944 550 4010 totus
580 3968 695 4006 non
721 3948 874 4021 capit
903 3947 1080 4014 orbis,
1114 3947 1172 4002 in
1211 3950 1312 4002 tua
1341 3963 1404 4002 se
1443 3945 1655 4003 clausit
1683 3947 1903 4003 viscera
1934 3949 2052 4004 fac-

391 4047 488 4098 tus
537 4040 732 4095 homo.
767 4037 970 4094 Oratio.
1003 4034 1263 4090 Concede
1312 4051 1438 4103 nos,
1473 4039 1581 4089 etc.
1614 4034 1876 4090 Alleluia.
1915 4036 2052 4092 Post

392 4133 628 4204 partum
659 4127 820 4200 virgo
878 4123 1154 4180 inviolata
1207 4122 1607 4196 permansisti,
1665 4121 1920 4180 alleluia.
1951 4131 2048 4182 Se-

395 4211 636 4292 quentia
665 4213 852 4274 sancti
881 4211 1176 4285 Evangelii
1207 4213 1535 4268 secundum
1567 4212 1804 4268 Lucam.
1839 4217 1903 4270 In
1951 4215 2048 4272 illo

394 4312 655 4380 tempore
675 4323 688 4360 :
722 4302 1043 4372 Extollens,
1074 4305 1184 4356 etc.

445 4399 454 4406 ’
678 4396 739 4450 In
771 4394 885 4448 alia
914 4393 1085 4447 missa
1111 4393 1309 4446 sanctae
1347 4390 1538 4447 Mat-iw
1565 4393 1760 4447 oratio.

467 4484 642 4550 Deus,
677 4483 773 4556 qui
807 4481 1028 4538 violatae
1062 4483 1285 4535 naturae
1316 4495 1419 4552 per
1439 4479 1718 4552 virginale
1739 4481 1918 4538 decus
1943 4484 2046 4539 ad-

393 4573 562 4630 hibes
593 4571 964 4636 medicinam,
991 4571 1078 4625 fac
1102 4585 1207 4624 nos
1229 4569 1404 4624 beata:
1427 4569 1616 4624 Mariae
1638 4569 1894 4644 Virginis
1917 4589 2043 4644 pre—

2161 3417 2272 3473 iter
2302 3418 2476 3473 faciat
2507 3421 2772 3474 nostrum
2805 3419 2960 3474 Deus
2989 3418 3272 3476 Salutaris
3305 3424 3518 3476 noster.
3551 3421 3823 3480 Alleluia.

2231 3507 2294 3562 In
2325 3506 2426 3562 illo
2453 3509 2715 3578 tempore
2745 3506 2892 3562 dixit
2935 3511 3108 3564 Jesus
3151 3507 3458 3580 discipulis
3489 3509 3616 3566 suis
3646 3527 3829 3584 usque

2160 3594 2245 3649 illi
2276 3594 2512 3650 civitati.
2547 3593 2918 3666 Oﬂ‘ertorium.
2947 3594 3204 3668 Angelus
3238 3596 3466 3652 Domini
3496 3596 3689 3654 bonus
3724 3616 3825 3656 co-

2162 3685 2402 3739 mitetur
2429 3683 2753 3746 vobiscum,
2803 3686 2860 3738 et
2915 3683 3062 3738 bene
3093 3683 3368 3756 disponat
3395 3684 3504 3741 iter
3532 3690 3820 3760 vestrum,

2161 3771 2414 3828 alleluia.
2435 3773 2776 3828 Commuuio.
2791 3771 2954 3827 Sicut
2976 3771 3275 3844 praecessit
3294 3772 3538 3830 Tobiam
3562 3775 3825 3848 Raphael

2161 3861 2545 3934 archangelus
2577 3862 2648 3916 ad
2695 3861 3134 3934 praeparandam
3186 3861 3366 3931 viam,
3397 3863 3479 3918 ita
3508 3863 3826 3920 comitetur

2157 3950 2484 4016 vobiscum,
2517 3953 2573 4004 et
2605 3950 2749 4005 bene
2775 3949 3048 4021 disponat
3069 3949 3280 4006 itinera
3309 3955 3521 4007 vestra.
3543 3955 3826 4010 Postcom-

2159 4039 2366 4094 munia.
2388 4037 2602 4108 Dirige,
2619 4054 2982 4110 quaesumus,
3003 4037 3268 4108 Domine,
3286 4039 3438 4094 viam
3462 4038 3824 4100 famulorum

2157 4131 2394 4182 tuorum
2427 4126 2486 4180 in
2516 4125 2812 4181 voluntate
2844 4131 2968 4194 tua,
3017 4143 3239 4200 nosque
3287 4127 3578 4200 propitius
3607 4131 3824 4187 exaudi

2157 4215 2578 4288 supplicantes,
2599 4219 2664 4270 ut
2687 4215 2938 4271 habeant
2960 4215 3069 4271 iter
3089 4232 3455 4289 prosperum,
3481 4221 3536 4272 et
3559 4217 3616 4273 in
3641 4221 3699 4275 te
3721 4235 3824 4276 cor

2157 4304 2466 4360 directum.
2501 4303 2628 4359 Per.

2513 4407 2678 4447 MISSA
2707 4407 2820 4446 PRO
2847 4408 3200 4449 ΤΕΝΤΑΤΙΟΝΕ
3229 4409 3455 4450 CARNIS.

2226 4480 2355 4546 Ure,
2387 4484 2521 4546 etc.,
2555 4487 2616 4534 ut
2648 4481 2706 4534 in
2737 4479 2902 4536 editis
2932 4497 3104 4552 usque
3133 4481 3202 4537 ad
3231 4485 3401 4538 totam
3427 4493 3708 4542 secretam.
3740 4485 3824 4541 Ad

2156 4568 2627 4624 Communionem.
2659 4568 2900 4626 Domine
2931 4569 3164 4642 adjutor
3192 4574 3250 4626 et
3269 4575 3578 4642 protector,
3606 4574 3822 4646 adiuva

393 4664 562 4720 cibus
591 4667 648 4718 et
679 4662 1027 4717 fermentum
1061 4661 1404 4730 conceptum
1444 4657 1744 4730 pravitatis
1775 4660 2048 4746 abjicere,
2083 4681 2128 4746 D
2160 4675 2288 4727 nos,
2321 4661 2380 4712 et
2427 4656 2694 4712 reﬂoreat
2741 4675 2874 4713 caro
2921 4663 3123 4716 nostra
3168 4657 3366 4732 vigore
3413 4661 3732 4732 pudicitiae,
3761 4670 3823 4719 et

392 4756 450 4808 et
478 4753 538 4808 in
571 4749 842 4806 novitatis
873 4763 1134 4819 azymam
1165 4746 1236 4802 de
1263 4750 1546 4802 vetustate
1577 4749 1848 4804 transire.

796 4853 964 4892 MISSA
1003 4852 1112 4891 pao
1152 4853 1632 4892 CONGREGATIONE.
1937 4824 1942 4830 ’

444 4930 668 4986 ·οναιίο.
701 4925 1082 4997 Omnipotens
1127 4923 1478 4995 sempiterna
1531 4925 1700 4989 Deus,
1755 4924 1854 4995 qui
1899 4925 2041 4980 facis

390 5015 684 5075 mirabilia
703 5015 884 5084 solus,
903 5015 1194 5087 prmtende
1213 5029 1392 5085 super
1419 5010 1668 5068 famulos
1688 5015 1842 5077 tuos,
1865 5018 1922 5067 et
1942 5031 2042 5068 su-

391 5093 494 5178 per
513 5109 753 5160 cunctas
769 5103 1243 5176 congregationes
1264 5100 1382 5155 illis
1399 5098 1750 5154 commissas
1771 5099 2036 5170 spiritum

389 5193 588 5266 gratiae
620 5193 911 5262 salutaris,
945 5197 1000 5248 et
1031 5196 1095 5247 ut
1123 5191 1180 5245 in
1212 5188 1448 5243 veritate
1483 5186 1588 5240 tibi
1621 5186 2037 5258 complaccant,

389 5287 737 5355 perpetuum
758 5283 842 5338 eis
860 5298 1046 5337 rorem
1065 5285 1175 5334 tuae
1197 5273 1618 5331 benedictionis
1635 5273 1896 5332 infunde.
1913 5277 2037 5336 Per.

389 5371 602 5446 Secreta
628 5375 678 5427 et
711 5371 1028 5428 Communia
1049 5373 1212 5441 prout
1247 5365 1308 5420 in
1337 5363 1518 5418 editis.

420 5473 428 5478 '
661 5477 831 5516 MISSA
871 5477 980 5514 PRO
1019 5469 1310 5512 PETITIONB
1350 5464 1761 5506 LACRYMARUM.

424 5563 430 5568 '
461 5550 664 5612 Oratio.
698 5549 1100 5618 Omnipotens,
1132 5546 1266 5606 etc.,
1294 5543 1354 5594 ut
1382 5541 1440 5593 in
1469 5538 1644 5594 editis.

416 5637 426 5646 “
457 5637 910 5694 Postcommunio.
945 5633 1190 5702 Corpore
1222 5634 1278 5684 et
1307 5626 1591 5700 sanguine
1613 5632 1736 5696 tuo,
1770 5628 2036 5704 Domine,

385 5725 601 5796 satiati,
633 5737 972 5800 quaesumus
1001 5723 1066 5778 ut
1097 5735 1196 5794 pro
1250 5716 1470 5777 nostris
1515 5717 1775 5796 peccatis
1805 5735 2038 5802 semper

2159 4745 2559 4802 sanctimoniae
2593 4747 2867 4815 novitate,
2903 4752 3283 4822 ereptamque
3315 4750 3385 4806 de
3408 4767 3590 4807 manu
3610 4751 3822 4809 tartari

2152 4836 2212 4890 in
2245 4835 2692 4892 resurrectionis
2743 4835 2958 4908 gaudio
2983 4837 3196 4908 jubeas
3223 4839 3651 4912 repraesentari.
3685 4841 3816 4897 Pcr.

2410 4941 2580 4980 MISSA
2611 4941 2720 4980 PRO
2751 4942 3032 4982 IMMUNDIS
3063 4943 3550 4984 COGITATIONIBUS.

2221 5013 2622 5086 Omnipotens,
2678 5018 2812 5082 etc.,
2866 5019 2927 5070 ut
2976 5017 3037 5072 in
3064 5015 3244 5072 editis.
3279 5017 3512 5073 Secreta.
3545 5015 3654 5072 Per
3680 5016 3815 5088 hoc,

2151 5119 2514 5176 quaesumus,
2545 5101 2809 5170 Domine,
2843 5103 3223 5172 sacriﬁcium,
3260 5105 3417 5176 quod
3450 5109 3562 5160 tuae
3595 5105 3817 5162 obtuli-

2151 5211 2284 5248 mus
2314 5190 2627 5263 majestati,
2670 5190 2744 5246 ab
2799 5191 3073 5248 omnibus
3118 5193 3295 5248 corda
3324 5198 3526 5251 nostra
3553 5197 3817 5254 emunda

2147 5279 2588 5338 tentationibus.
2622 5279 2748 5336 Per.

2663 5385 2827 5424 MISSA
2865 5385 2976 5434 PR9
3017 5386 3296 5428 PECCATIS.

2220 5459 2279 5516 Si
2299 5457 2638 5530 iniquitates
2661 5456 3078 5526 observaveris,
3093 5461 3356 5528 Domine,
3381 5460 3649 5530 Domine,
3673 5463 3812 5536 quis

2149 5548 2506 5605 sustinebit?
2551 5544 2696 5611 Quia
2735 5546 2891 5618 apud
2922 5551 2980 5602 te
3007 5547 3340 5620 propitiatio
3370 5553 3478 5620 est,
3511 5548 3671 5607 Deus
3703 5569 3810 5609 no-

2147 5642 2284 5694 ster.
2315 5636 2466 5692 Psat.
2490 5639 2568 5690 De
2593 5633 2897 5706 profundis
2918 5634 3162 5694 clamavi
3187 5638 3258 5694 ad
3281 5641 3357 5708 te,
3382 5638 3645 5695 Domine.
3669 5641 3807 5697 Ora-

2149 5727 2244 5790 tio.
2269 5726 2465 5801 Parce,
2492 5722 2758 5797 Domine,
2781 5739 2954 5802 parce
2972 5726 3224 5805 peccatis
3244 5727 3482 5803 nostris,
3511 5731 3572 5790 et
3598 5744 3808 5807 quam-
