3978 6398
135 466 252 529 941

944 467 1330 534 EXCERP’I‘.
1376 470 1481 533 EX
1525 466 1750 535 CODD.
1796 468 2108 537 LITURG.
2157 470 2750 537 FONTAVELLAN.

3424 477 3547 538 942

135 601 224 656 vis
251 600 683 657 incessabiliter
702 602 1183 674 delinquentibus
1202 606 1479 661 continua
1498 623 1669 678 pana
1690 606 1786 661 de-
1814 609 1869 673 Α
1898 608 2024 679 cipe
2036 606 3070 681 munera,quasumus,Domine,qua
3083 607 3305 680 tibipro
3317 608 3537 665 famulo

135 692 369 758 beatur,
403 694 635 763 prasta,
669 708 1029 764 quasumus,
1062 697 1127 747 ut
1159 694 1313 764 quod
1341 694 1412 749 ad
1441 698 1788 766 perpetuum

134 783 400 836 meretur
424 779 957 847 exitium,transeat
980 782 1051 836 ad
1078 782 1456 838 correctionis
1480 782 1784 838 auxilium.

136 868 265 924 Per.
300 867 493 924 Lectio
518 868 790 941 Epistola
835 870 990 924 beati
1025 870 1187 925 Pauli
1212 869 1459 942 apostoli
1483 872 1555 927 ad
1588 871 1787 927 Corin-

135 957 315 1014 thios.
339 958 588 1024 Fratres,
613 957 1001 1026 condelector,
1037 962 1171 1025 etc.,
1204 975 1374 1031 usque
1400 960 1469 1015 ad
1485 960 1786 1015 Christum

134 1046 457 1102 Dominum
514 1051 804 1102 nostrum.
866 1047 1154 1103 Graduale.
1208 1049 1292 1103 Ab
1349 1047 1599 1104 occultis
1639 1048 1787 1104 meis

135 1135 364 1191 munda
393 1150 508 1201 me,
541 1135 803 1202 Domine,
838 1139 896 1191 et
924 1136 996 1191 ab
1029 1135 1237 1193 alienis
1266 1154 1436 1208 parce
1468 1154 1632 1193 servo
1663 1141 1783 1193 tuo.

136 1225 197 1281 Si
222 1225 341 1282 mei
369 1242 485 1279 non
510 1224 727 1280 fuerint
743 1224 1194 1289 dominati,tunc
1224 1225 1636 1281 immaculatus
1666 1243 1785 1297 ero,

138 1320 193 1372 et
226 1314 599 1370 emundabor
620 1331 653 1369 a
673 1313 882 1370 delicto
907 1314 1532 1383 maximo,Alleluia.De
1555 1314 1788 1386 profun—

136 1404 229 1459 dis
241 1402 487 1459 clamavi
509 1404 579 1457 ad
598 1407 675 1469 te,
694 1402 958 1470 Domine,
979 1403 1224 1459 Domine
1239 1403 1783 1460 exaudiorationem

138 1508 354 1548 meam.
390 1491 559 1547 Fiant
589 1508 760 1548 aures
792 1498 901 1547 tua
960 1492 1329 1548 intendentes
1368 1491 1427 1548 in
1460 1493 1783 1547 orationem

136 1579 411 1637 servitui.
428 1579 744 1652 Sequentia
764 1581 949 1636 sancti
966 1581 1264 1653 Evangelii
1288 1582 1611 1637 secundum
1627 1581 1784 1636 Mar-

134 1668 369 1727 cum.ln
391 1668 492 1724 illo
518 1674 779 1741 tempore
803 1669 946 1724 dixit
968 1670 1142 1725 Jesus
1155 1669 1468 1742 discipulis
1488 1671 1647 1725 suis:
1670 1670 1781 1725 Ha-

134 1759 456 1817 beteﬁdem
481 1758 778 1828 Dei,usque
807 1758 877 1813 all
911 1762 1143 1829 peccata
1169 1762 1381 1814 vestra.
1408 1759 1778 1830 Oﬂertorium.

135 1849 416 1905 Miserere
430 1846 659 1911 mihi,et
680 1847 1003 1902 secundum
1020 1864 1294 1917 magnam
1315 1847 1780 1902 misericordiam

132 1945 298 1993 tuam
329 1934 851 2007 deleiniquitatem
887 1952 1100 1991 meam.
1135 1938 1372 1991 Secreta.
1408 1937 1535 1990 Hac
1565 1936 1781 2002 hostia,

131 2023 1092 2097 Domine,quasumus,Ecclcsiam
1119 2029 1280 2080 tuam
1306 2024 1377 2080 ab
1400 2023 1643 2080 occultis
1666 2042 1786 2080 rea-

132 2116 296 2171 tibus
327 2128 561 2184 semper
590 2112 856 2184 expediat
886 2117 941 2169 et
963 2131 997 2168 a
1027 2113 1355 2169 manifestis
1382 2113 1787 2168 convenienter

133 2208 440 2277 expurget.
476 2201 601 2257 Per.
636 2202 1079 2257 Communia.Ab
1111 2202 1356 2257 occultis
1386 2202 1534 2257 meis
1565 2201 1788 2257 munda

134 2310 250 2359 me,
284 2291 549 2354 Domine,
583 2296 639 2345 et
668 2290 739 2345 ab
772 2290 976 2345 alienis
998 2307 1167 2362 parce
1199 2308 1361 2346 servo
1393 2290 1601 2345 tuo.Ad
1626 2290 1783 2345 Com-

132 2384 478 2437 munionem.
510 2380 726 2435 Prasta
758 2380 947 2445 nobis,
981 2384 1190 2435 aterne
1213 2378 1493 2447 Salvator,
1524 2384 1586 2433 ut
1608 2379 1786 2450 perci-

133 2472 368 2544 pientes
398 2468 508 2524 hoc
541 2485 784 2524 munere
813 2468 1042 2524 veniam
1076 2472 1471 2541 peccatorum,
1512 2468 1785 2539 deinceps

134 2562 380 2633 peccata
409 2556 681 2613 vitemus.
715 2557 840 2612 Per.

428 2663 589 2702 MISSA
622 2662 730 2701 PRO
759 2662 1173 2701 TRIBULATIONE
1202 2663 1498 2702 ECCLESlrE.

205 2739 367 2794 Deus
399 2740 564 2808 pater
598 2734 1313 2807 orphanorumjudexque
1332 2735 1666 2801 viduarum,
1702 2732 1783 2789 la-

134 2842 372 2898 crymas
402 2824 670 2880 Ecclesia
715 2829 827 2878 tua
855 2823 1170 2879 miseratus
1215 2824 1468 2891 intende,
1505 2823 1785 2895 illamque

136 2925 241 2973 tua
262 2913 724 2972 misericorditer
744 2914 957 2985 eripiat
976 2914 1465 2986 majestas,quam
1493 2912 1657 2967 nulla
1677 2915 1786 2967 ter—

135 3021 282 3062 rena
332 3002 597 3060 defendit
646 3006 926 3074 potestas.
960 3002 1087 3058 Per.
1120 3002 1351 3059 Secreta.
1411 3002 1541 3057 Hac
1570 2999 1782 3067 hostia,

141 3094 409 3159 Domine,
441 3108 619 3164 quam
651 3108 753 3163 pro
783 3091 1111 3146 infidelium
1144 3091 1296 3157 telis,
1327 3090 1648 3155 offerimus,
1680 3089 1784 3144 tibi

139 3184 216 3241 sit
248 3184 508 3253 accepta,
544 3184 607 3236 ut
640 3197 740 3253 per
766 3180 909 3247 hac,
944 3181 1098 3252 quod
1124 3182 1324 3236 devote
1367 3179 1685 3252 poscimus,
1732 3181 1785 3232 te

135 3275 457 3344 adjuvante
501 3286 950 3341 consequamur.
1014 3275 1140 3325 Per.
1174 3270 1629 3325 Postcommzmio.
1676 3272 1785 3321 De-

138 3343 1262 3435 prime,quasumus,omnipotens,jura
1280 3355 1781 3430 tyrannorumtibi
1814 3343 1856 3409 C

135 3449 675 3515 adversantium,ut
704 3447 932 3502 discant
960 3451 1014 3502 te
1044 3448 1164 3502 fore
1186 3450 1569 3518 protectorem
1597 3443 1787 3500 Eccle-

139 3541 240 3595 sia
268 3543 380 3593 tua
416 3542 516 3591 tuo
542 3535 794 3609 pretioso
825 3535 1115 3607 sanguine
1147 3536 1478 3607 redempta.
1516 3535 1641 3589 Per.

606 3641 773 3680 MISSA
819 3641 929 3678 PRO
969 3641 1141 3679 SEREN
1150 3641 1323 3679 ITATE.

205 3717 423 3773 Oratio.
442 3715 528 3770 Ad
546 3717 601 3770 te
633 3730 761 3782 nos,
782 3711 1046 3781 Domine,
1071 3717 1202 3779 etc.,
1228 3713 1306 3769 Ad
1330 3714 1785 3779 communionem,

145 3805 315 3861 Plebs
333 3808 454 3873 tua,
479 3803 744 3870 Domine,
769 3803 960 3874 capiat
990 3819 1165 3858 sacra
1200 3802 1621 3857 benedictionis
1643 3817 1787 3873 aug—

142 3898 438 3960 mentum,
469 3896 527 3949 et
547 3892 797 3964 copiosis
819 3891 1237 3947 beneﬁciorum
1257 3896 1492 3947 tuorum
1525 3889 1789 3946 subleve-

141 3990 242 4039 tur
272 3981 529 4049 auxiliis,
562 3998 688 4054 qua
720 3980 900 4037 tantis
931 3980 990 4036 in
1024 3980 1474 4037 intercessorum
1520 3981 1791 4052 depreca-

143 4072 409 4129 tionibus
438 4071 769 4144 adjuvatur.
804 4070 930 4126 Per.

566 4177 735 4216 MISSA
777 4176 885 4214 PRO
924 4175 1382 4215 POENITENTIBUS.

219 4251 431 4307 Justus
454 4266 536 4316 es,
554 4248 816 4315 Domine,
833 4254 909 4315 et,
926 4248 1449 4319 rectumjudicium
1466 4253 1636 4303 tuum
1661 4265 1674 4314 ;
1710 4246 1797 4301 fac

152 4357 290 4397 cum
315 4355 483 4395 servo
503 4343 604 4394 tuo
624 4338 947 4394 secundum
972 4337 1432 4393 misericordiam
1455 4336 1795 4391 tuam.Psal.

81 4428 315 4539 Venti
362 4426 729 4539 immaculati
777 4427 974 4527 invia.
1009 4427 1215 4483 Oratio.
1250 4427 1427 4495 Deus,
1459 4425 1798 4526 quijustiﬁ-

152 4535 255 4574 cas
286 4517 537 4590 impium
569 4520 628 4572 et
658 4533 771 4572 non
803 4516 890 4571 vis
922 4520 1167 4572 mortem
1200 4521 1590 4588 peccatorum,
1620 4515 1799 4586 maje-

151 4612 368 4663 statem
399 4610 564 4662 tuam
599 4604 943 4678 suppliciter
972 4606 1375 4677 deprecamur,
1419 4609 1484 4660 ut
1516 4604 1799 4660 famulum

154 4703 325 4752 tuum
355 4695 427 4751 de
446 4698 550 4750 tua
568 4694 969 4751 misericordia
992 4695 1400 4758 confidentem,
1419 4693 1634 4750 calesti
1669 4709 1800 4765 pro-
1835 4714 1878 4780 ι)

152 4792 323 4860 tegas
354 4784 649 4857 benignus
680 4782 984 4849 auxilio,et
1014 4783 1251 4839 assidua
1282 4783 1637 4855 protectione
1665 4798 1801 4838 con-

156 4878 449 4940 serves,ut
468 4872 576 4929 tibi
593 4873 812 4946 jugiter
832 4872 1170 4940 famuletur,
1190 4878 1247 4928 et
1267 4871 1445 4928 nullis
1475 4870 1806 4928 tentationi-

156 4966 271 5020 bus
301 4968 410 5019 ate
442 4967 766 5035 separetur.
798 4962 904 5018 Per
943 4962 1280 5018 Dominum.
1316 4962 1505 5017 Lectio
1536 4960 1806 5033 Epistola

157 5053 315 5108 beati
341 5049 503 5106 Pauli
519 5050 765 5124 apostoli
797 5052 866 5106 ad
888 5051 1203 5106 Romanos.
1240 5052 1492 5118 Fratres,
1527 5050 1679 5105 sicut
1708 5065 1810 5122 per

159 5141 341 5197 unius
362 5140 757 5206 hominis,etc.
772 5156 971 5212 ,usque
991 5139 1239 5195 Domino
1263 5144 1481 5195 nostro.
1516 5139 1805 5193 Gradualc.

159 5229 402 5294 Salvum
432 5229 519 5285 fac
542 5245 778 5285 servum
800 5234 993 5297 tuum,
1027 5228 1272 5284 Domine
1302 5229 1457 5284 Deus
1481 5227 1812 5283 misericors

160 5324 497 5392 sperantem
523 5319 583 5373 in
600 5318 941 5374 te.Auribus
962 5316 1814 5390 percipe,Domine,orationem

161 5424 381 5475 meam,
409 5415 463 5463 et
493 5407 716 5463 clamor
744 5424 912 5463 meus
965 5406 1039 5462 ad
1068 5411 1125 5462 te
1153 5406 1467 5479 perveniat.
1501 5405 1818 5477 Sequentia

162 5497 353 5551 sancti
374 5494 674 5569 Evangelii
698 5496 1023 5553 secundum
1053 5495 1363 5551 Lucam.In
1396 5494 1494 5550 illo
1518 5498 1815 5566 tempore:

158 5586 342 5642 Erant
373 5585 941 5658 appropinquantes,
1004 5589 1139 5654 etc.,
1200 5601 1371 5657 usque
1421 5583 1818 5656 pani-tentiam

161 5679 397 5747 agente.
422 5674 887 5747 0ffertorium.De
909 5674 1219 5747 profundis
1250 5672 1495 5730 clamavi
1514 5673 1585 5728 ad
1605 5676 1682 5742 te,
1715 5672 1823 5729 Do-

165 5761 838 5836 mine,Domine,exaudi
865 5764 1191 5823 orationem
1211 5779 1423 5821 meam.
1439 5764 1675 5822 Secreta.
1690 5761 1827 5823 Sus~

1899 699 1999 751 tuo
2032 697 2103 752 de
2126 702 2230 753 tua
2256 697 2525 770 largitate
2555 697 2896 762 deferimus,
2931 704 2995 752 ut
3022 695 3144 751 hac
3174 701 3549 753 sacrosancta

1901 786 2202 857 mysteria,
2236 788 2436 859 gratia
2461 792 2572 842 tua
2598 790 2873 858 operante
2891 785 3128 854 virtute,
3160 790 3217 842 et
3244 784 3547 859 prasentis

1896 873 2024 928 vita
2075 892 2208 930 cum
2241 876 2673 931 conversatione
2699 874 3084 942 sanctificant,
3116 879 3174 931 et
3203 875 3277 930 ad
3324 873 3543 948 gaudia

1898 966 2113 1019 aterna
2134 964 2477 1035 perducant.
2501 968 2629 1020 Per.
2663 963 3155 1020 Communio.Dico
3176 963 3361 1033 vobis,
3396 979 3541 1037 gau-

1898 1051 2061 1106 dium
2084 1057 2174 1107 est
2194 1069 2388 1108 coram
2411 1052 2636 1125 angelis
2654 1052 2753 1108 Dei
2775 1069 2951 1124 super
2970 1068 3089 1108 uno
3112 1055 3412 1124 peccatore
3423 1068 3540 1124 pa-

1899 1139 2205 1196 nitentiam
2238 1142 2558 1213 agente.Ad
2585 1140 3381 1197 communionem.Purificent
3408 1156 3538 1209 nos,

1896 1227 2160 1295 Domine,
2186 1233 2288 1284 tua
2319 1234 2540 1297 sancta,
2578 1246 2706 1302 qua
2739 1229 3132 1301 sumpsimus,
3163 1232 3220 1285 et
3244 1227 3535 1285 famulum

1894 1321 2063 1371 tuum
2099 1319 2170 1373 ab
2209 1319 2367 1373 omni
2392 1317 2567 1390 culpa
2595 1318 2847 1374 liberum
2891 1334 3020 1374 esse
3040 1317 3314 1386 concede,
3343 1320 3411 1373 ut
3437 1315 3539 1388 qui

1895 1405 2259 1461 conscientia
2293 1424 2410 1462 sua
2440 1411 2603 1463 reatu
2634 1406 3153 1479 constringitur,de
3183 1403 3435 1462 calcatis
3454 1420 3542 1461 re-

1892 1494 2071 1549 medii
2102 1494 2465 1567 plenitudine
2493 1495 2795 1569 glorietur.
2829 1500 2956 1550 Per.

2175 1600 2346 1640 MISSA
2393 1602 2505 1640 PRO
2545 1601 2856 1641 SEMETIPSO
2904 1601 3246 1640 SACERDOTE.

1963 1672 2315 1745 Suppliciter
2345 1673 2721 1746 te,.piissime
2751 1674 2927 1741 Deus,
2951 1676 3122 1729 Pater
3140 1671 3532 1746 omnipotens,

1892 1762 1989 1833 qui
2024 1779 2085 1817 es
2107 1766 2330 1818 creator
2360 1763 2627 1819 omnium
2660 1763 3253 1835 rerum,deprecor,ut
3272 1763 3414 1819 dum
3438 1778 3534 1818 me

1892 1850 2181 1906 famulum
2212 1857 2382 1906 tuum
2414 1867 2609 1907 coram
2640 1849 3063 1923 omnipotentia
3083 1849 3534 1921 majestatistua

1891 1940 2144 2012 graviter
2190 1940 2509 2012 deliquisse
2565 1940 2865 2007 confiteor,
2916 1956 3020 2012 per
3055 1937 3535 1994 intercessionem

1869 2028 2076 2093 .beata
2109 2028 2303 2084 Maria
2335 2045 2567 2100 semper
2598 2027 2844 2100 virginis
2896 2032 2954 2084 et
3005 2026 3274 2083 omnium
3305 2029 3537 2083 sancto-

1895 2133 2025 2171 rum
2050 2121 2309 2182 tuorum,
2346 2133 2589 2172 manum
2612 2115 3149 2171 misericordiatua
3175 2114 3322 2170 mihi
3352 2112 3538 2187 porri-

1894 2222 2020 2277 gas,
2054 2210 2366 2277 quatenus,
2400 2206 2542 2269 dum
2603 2203 2755 2260 hanc
2802 2204 3159 2261 oblationem
3189 2208 3302 2260 tua
3332 2202 3536 2277 pietati

1894 2296 2093 2361 offero,
2153 2295 2308 2365 quod
2360 2294 2630 2365 nequiter
2667 2293 2901 2360 admisi,
2953 2292 3411 2350 clementissime
3441 2308 3538 2349 me

1896 2381 2153 2453 digneris
2186 2380 2505 2437 absolvere.
2556 2384 2667 2436 Per
2717 2381 3053 2436 Dominum.
3093 2380 3329 2437 Secreta.
3380 2379 3536 2437 Deus

1896 2469 2334 2537 misericordia,
2366 2470 2518 2525 Deus
2551 2468 2805 2541 pietatis,
2848 2469 3005 2525 Deus
3034 2467 3413 2542 indulgentia
3443 2467 3533 2523 in-

1895 2558 2090 2631 dulge,
2145 2576 2361 2631 quaso,
2389 2563 2446 2613 et
2471 2557 2746 2614 miserere
2796 2557 2909 2613 mei
2928 2556 3077 2613 servi
3107 2557 3194 2613 tui
3222 2561 3281 2614 et
3304 2556 3525 2614 sacriﬁ-

1896 2648 2049 2703 cium
2111 2648 2267 2719 quod
2326 2646 2559 2720 pietatis
2617 2652 2729 2702 tua
2787 2646 2977 2719 gratia
3003 2644 3306 2702 humiliter
3333 2646 3531 2713 offero,

1895 2738 2145 2809 benigne
2174 2735 2431 2809 digneris
2454 2735 2834 2808 suscipere,et
2861 2738 3097 2807 peccata
3126 2750 3254 2806 qua
3284 2732 3538 2790 labenti-

1899 2828 2009 2881 bus
2039 2825 2194 2881 vitiis
2215 2823 2496 2893 contraxi,
2530 2824 2855 2880 interventu
2874 2824 3054 2879 beata
3092 2821 3286 2878 Maria
3304 2838 3538 2895 semper

1894 2914 2156 2988 virginis,
2191 2918 2248 2969 et
2279 2913 2545 2969 omnium
2600 2918 2937 2969 sanctorum
2992 2915 3254 2979 tuorum,
3307 2909 3443 2983 pius
3473 2926 3540 2966 ac

1897 3003 2186 3077 propitius
2215 3006 2272 3058 et
2302 3003 2635 3058 misericors
2667 3001 2995 3074 indulgeas,
3026 3003 3091 3056 et.
3123 2999 3318 3056 locum
3348 2998 3535 3072 pani-

1896 3094 2087 3148 tentia
2112 3110 2177 3148 ac
2203 3091 2595 3164 lacrymarum
2632 3091 2880 3146 ﬂumina
2909 3090 3177 3156 concede,
3210 3091 3277 3144 ut
3300 3088 3532 3145 veniam

1897 3198 2162 3237 meorum
2185 3197 2412 3236 merear
2432 3179 2682 3252 recipere
2706 3178 3186 3235 delictorum.Per
3197 3177 3534 3233 Dominum.

1897 3272 2348 3326 Postcommzmio.
2386 3268 2713 3324 Misericors
2747 3272 2802 3323 et
2830 3267 3137 3323 miserator
3164 3265 3537 3338 Domine,qui

1896 3360 2183 3433 parcendo
2216 3362 2532 3422 sustentas,
2565 3361 2620 3412 et
2650 3356 3004 3429 ignoscendo
3054 3355 3408 3421 sanctiﬁcas,
3460 3354 3538 3410 da

1894 3448 2038 3503 mihi
2072 3464 2172 3519 per
2203 3446 2323 3501 hac
2353 3451 2574 3509 sancta,
2607 3461 2733 3516 qua
2773 3442 3022 3515 sumpsi,
3066 3441 3534 3514 puriﬁcationem

1897 3537 2110 3592 mentis
2140 3541 2195 3591 et
2223 3533 2501 3605 corporis,
2561 3538 2619 3589 ct
2674 3532 3091 3588 intercessione
3120 3532 3304 3587 beata
3335 3529 3531 3586 Maria

1898 3642 2128 3697 semper
2155 3623 2416 3696 virginis,
2449 3629 2507 3677 et
2560 3622 2826 3677 omnium
2878 3624 3214 3676 sanctorum
3273 3624 3536 3686 tuorum,

1900 3731 2125 3770 merear
2154 3710 2585 3769 absolutionem
2617 3709 2947 3783 culparum.
2980 3713 3107 3765 Per.

2111 3820 2227 3859 ALu
2278 3818 2438 3857 MISSA
2480 3817 2590 3854 PRO
2638 3794 2946 3855 SEMETIPSO
3000 3813 3326 3855 sacsnno'rs.

1971 3894 2252 3949 Introitus.
2285 3889 2526 3957 Deus,in
2562 3890 2800 3945 nomine
2829 3893 2931 3944 tuo
2963 3886 3191 3944 salvum
3221 3901 3317 3942 me
3342 3884 3452 3955 fac,
3484 3887 3544 3940 et

1902 3983 1962 4037 in
1994 3982 2205 4037 virtute
2236 3984 2338 4035 tua
2361 3977 2561 4049 judica
2592 3994 2705 4033 me.
2768 3979 2938 4047 Deus,
2973 3974 3186 4033 exaudi
3215 3973 3542 4031 orationem

1906 4087 2119 4126 meam.
2162 4070 2312 4125 Psal.
2346 4067 2602 4124 Auribus
2632 4066 2885 4139 percipe.
2920 4066 3126 4122 Oratio.
3159 4063 3546 4136 Omnipotens

1905 4159 2257 4232 sempiterne
2288 4159 2463 4225 Deus,
2482 4160 2615 4224 etc.,
2638 4155 2825 4212 eadem
2845 4170 2971 4227 qua
2994 4156 3054 4210 in
3073 4153 3236 4210 editis
3257 4153 3460 4224 legitur
3486 4152 3550 4206 in

1901 4250 2422 4320 poslcommunione.
2459 4245 2648 4301 Lectio
2679 4243 2952 4318 Epistola
2983 4243 3137 4300 beati
3180 4240 3346 4298 Pauli
3379 4256 3550 4315 apos-

1906 4337 2009 4393 toli
2069 4337 2142 4393 ad
2199 4336 2597 4392 Timotheum.
2660 4333 3040 4401 Charissime,
3099 4331 3290 4388 ﬁdelis
3357 4346 3551 4388 sermo

1907 4443 2080 4498 usque
2138 4425 2352 4481 sacula
2409 4424 2781 4480 saculorum.
2839 4427 3046 4479 Amen.
3112 4420 3399 4478 Graduale.
3432 4420 3553 4492 Ego

1909 4515 2060 4570 dixi:
2097 4513 2358 4580 Domine,
2393 4514 2670 4569 miserere
2702 4512 2839 4578 mei,
2872 4528 3019 4567 sana
3048 4509 3307 4567 animam
3337 4524 3553 4577 meam,

1911 4603 2050 4677 quia
2078 4601 2308 4674 peccavi
2324 4601 2669 4657 tibi.Beatus
2696 4602 2796 4674 qui
2818 4598 3092 4671 intelligit
3111 4615 3288 4671 super
3307 4611 3558 4670 egenum

1914 4699 1971 4749 et
1992 4707 2327 4765 pauperem,
2360 4689 2419 4744 in
2471 4690 2563 4745 die
2601 4691 2755 4747 mala
2782 4688 3053 4746 liberabit
3080 4704 3216 4744 eum
3247 4685 3556 4742 Dominus.

1914 4782 2176 4839 Alleluia.
2200 4778 2466 4845 Domine,
2491 4779 2646 4834 Deus
2665 4779 2876 4835 salutis
2898 4796 3061 4847 mea,
3095 4777 3156 4833 in
3188 4776 3283 4832 die
3313 4772 3561 4832 clamavi

1914 4876 1971 4928 et
1999 4874 2167 4927 nocte
2217 4884 2411 4923 coram
2459 4871 2535 4922 te.
2572 4868 2890 4940 Sequentia
2918 4867 3107 4925 sancti
3137 4863 3439 4938 Evangelii
3470 4877 3564 4919 se-

1917 4960 2176 5017 cundum
2209 4957 2560 5013 Marcum.ln
2592 4954 2691 5012 illo
2720 4958 3018 5030 tempore:
3050 4954 3224 5013 Venit
3255 4954 3327 5012 ad
3356 4954 3560 5011 Jesum

1918 5050 2208 5122 leprosus,
2240 5052 2375 5114 etc.,
2432 5062 2601 5116 usque
2631 5045 2691 5100 in
2723 5045 3128 5102 testimonium
3159 5046 3298 5102 illis.
3339 5044 3563 5118 Oﬂerto-

1920 5141 2143 5195 torium.
2174 5135 2439 5203 Domine,
2473 5133 2683 5190 exaudi
2742 5132 3069 5189 orationem
3128 5151 3343 5204 meam,
3402 5137 3461 5188 et
3499 5132 3562 5188 in

1922 5228 2201 5284 auxilium
2230 5242 2422 5281 meum
2450 5221 3147 5296 rcspice.Confundantur
3176 5227 3234 5278 et
3261 5237 3563 5279 reverean-

1929 5322 2028 5373 tur
2057 5315 2280 5371 inimici
2315 5313 2448 5379 mei,
2509 5312 2607 5384 qui
2665 5317 2934 5385 quarunt
2987 5310 3248 5367 animam
3278 5328 3471 5368 meam
3502 5314 3570 5366 ut

1930 5407 2198 5462 auferant
2218 5421 2367 5459 eam.
2388 5403 2619 5459 Secreta.
2635 5402 2891 5469 Placarc,
2917 5416 3278 5473 quasumus,
3301 5399 3570 5471 Domine,

1930 5493 2282 5551 humilitatis
2314 5510 2455 5548 mea
2487 5493 2784 5565 precibus,
2845 5496 2902 5547 et
2928 5488 3030 5545 ubi
3059 5487 3223 5544 nulla
3248 5492 3576 5561 suppetunt

1933 5584 2215 5658 suffragia
2254 5582 2624 5651 meritorum,
2656 5581 2774 5637 tuis
2805 5580 2947 5636 mihi
2982 5593 3258 5635 succurre
3289 5577 3579 5650 prasidiis

1930 5680 2067 5732 Per.
2097 5673 2434 5730 Communia.
2484 5672 2571 5726 Ab
2620 5669 2865 5728 occultis
2894 5670 3042 5726 meis
3073 5667 3296 5724 munda
3320 5680 3434 5734 me,
3465 5663 3581 5723 Do-

1940 5765 2125 5836 mine,
2155 5766 2211 5822 et
2239 5762 2313 5820 ab
2345 5759 2549 5819 alienis
2579 5776 2749 5836 parce
2778 5776 2944 5819 servo
2971 5764 3094 5820 tuo.
3125 5755 3584 5823 Poswommunio.
