  <div class='ocr_page' id='page_1' title='image "/cluster/home/n/w/nwhite01/storage/ocr_20150623/151/umn.31951002477444s/571.png"; bbox 0 0 3978 6352; ppageno 0'>
   <div class='ocr_carea' id='block_1_1' title="bbox 388 449 546 520">
    <p class='ocr_par' dir='ltr' id='par_1_1' title="bbox 388 449 546 520">
     <span class='ocr_line' id='line_1_1' title="bbox 388 449 546 520; baseline -0.025 -1"><span class='ocrx_word' id='word_1_1' title='bbox 388 449 509 520; x_wconf 56' lang='grc'><strong>983</strong></span> <span class='ocrx_word' id='word_1_2' title='bbox 543 499 546 504; x_wconf 90' lang='grc'><strong><em>-</em></strong></span> 
     </span>
    </p>
   </div>
   <div class='ocr_carea' id='block_1_2' title="bbox 1579 442 2607 518">
    <p class='ocr_par' dir='ltr' id='par_1_2' title="bbox 1579 442 2607 518">
     <span class='ocr_line' id='line_1_2' title="bbox 1579 442 2607 518; baseline -0.004 -2"><span class='ocrx_word' id='word_1_3' title='bbox 1579 449 1768 517; x_wconf 66' lang='grc' dir='ltr'><strong>ΒΕΌ.</strong></span> <span class='ocrx_word' id='word_1_4' title='bbox 1813 449 1892 516; x_wconf 82' lang='lat' dir='ltr'><strong>X1</strong></span> <span class='ocrx_word' id='word_1_5' title='bbox 1930 447 2247 518; x_wconf 78' lang='lat' dir='ltr'><strong>MONUM.</strong></span> <span class='ocrx_word' id='word_1_6' title='bbox 2293 442 2607 516; x_wconf 74' lang='lat' dir='ltr'><strong>LITURG.</strong></span> 
     </span>
    </p>
   </div>
   <div class='ocr_carea' id='block_1_3' title="bbox 3677 423 3824 518">
    <p class='ocr_par' dir='ltr' id='par_1_3' title="bbox 3677 423 3824 518">
     <span class='ocr_line' id='line_1_3' title="bbox 3677 423 3824 518; baseline 0.014 -2"><span class='ocrx_word' id='word_1_7' title='bbox 3677 423 3800 518; x_wconf 59' lang='lat' dir='ltr'><strong>sit</strong></span> <span class='ocrx_word' id='word_1_8' title='bbox 3817 425 3824 432; x_wconf 83' lang='grc'><em>’</em></span> 
     </span>
    </p>
   </div>
   <div class='ocr_carea' id='block_1_4' title="bbox 391 574 3799 660">
    <p class='ocr_par' dir='ltr' id='par_1_4' title="bbox 391 574 3799 660">
     <span class='ocr_line' id='line_1_4' title="bbox 391 574 3799 660; baseline -0 -16"><span class='ocrx_word' id='word_1_9' title='bbox 391 587 790 660; x_wconf 86' lang='lat' dir='ltr'><strong>Sumpsimus,</strong></span> <span class='ocrx_word' id='word_1_10' title='bbox 833 585 1096 654; x_wconf 85' lang='lat' dir='ltr'><strong>Domine,</strong></span> <span class='ocrx_word' id='word_1_11' title='bbox 1153 585 1307 644; x_wconf 83' lang='lat' dir='ltr'><strong>Deus</strong></span> <span class='ocrx_word' id='word_1_12' title='bbox 1355 587 1560 644; x_wconf 72' lang='lat' dir='ltr'><strong>salutis</strong></span> <span class='ocrx_word' id='word_1_13' title='bbox 1592 593 1804 644; x_wconf 61' lang='lat' dir='ltr'><strong>nostra:</strong></span> <span class='ocrx_word' id='word_1_14' title='bbox 1837 604 2030 644; x_wconf 88' lang='lat' dir='ltr'><strong>saera-</strong></span> <span class='ocrx_word' id='word_1_15' title='bbox 2063 590 2110 655; x_wconf 77' lang='grc' dir='ltr'><strong>Α</strong></span> <span class='ocrx_word' id='word_1_16' title='bbox 2143 592 2328 654; x_wconf 86' lang='lat' dir='ltr'><strong>tuam,</strong></span> <span class='ocrx_word' id='word_1_17' title='bbox 2360 592 2418 642; x_wconf 91' lang='lat' dir='ltr'><strong>ct</strong></span> <span class='ocrx_word' id='word_1_18' title='bbox 2447 587 2751 642; x_wconf 83' lang='lat' dir='ltr'><strong>veritatem</strong></span> <span class='ocrx_word' id='word_1_19' title='bbox 2781 589 2946 642; x_wconf 86' lang='lat' dir='ltr'><strong>tuam</strong></span> <span class='ocrx_word' id='word_1_20' title='bbox 2978 599 3082 659; x_wconf 87' lang='lat' dir='ltr'><strong>per</strong></span> <span class='ocrx_word' id='word_1_21' title='bbox 3111 574 3364 644; x_wconf 84' lang='lat' dir='ltr'><strong>uectem.</strong></span> <span class='ocrx_word' id='word_1_22' title='bbox 3415 585 3799 660; x_wconf 75' lang='lat' dir='ltr'><strong>Evangelimn.</strong></span> 
     </span>
    </p>
   </div>
   <div class='ocr_carea' id='block_1_5' title="bbox 394 675 2040 748">
    <p class='ocr_par' dir='ltr' id='par_1_5' title="bbox 394 675 2040 748">
     <span class='ocr_line' id='line_1_5' title="bbox 394 675 2040 748; baseline -0.001 -17"><span class='ocrx_word' id='word_1_23' title='bbox 394 682 593 732; x_wconf 89' lang='lat' dir='ltr'><strong>menta</strong></span> <span class='ocrx_word' id='word_1_24' title='bbox 622 675 893 740; x_wconf 72' lang='lat' dir='ltr'><strong>molestia,</strong></span> <span class='ocrx_word' id='word_1_25' title='bbox 927 680 1157 748; x_wconf 65' lang='lat' dir='ltr'><strong>priests,</strong></span> <span class='ocrx_word' id='word_1_26' title='bbox 1183 691 1548 748; x_wconf 69' lang='lat' dir='ltr'><strong>quiesumus,</strong></span> <span class='ocrx_word' id='word_1_27' title='bbox 1583 681 1648 732; x_wconf 90' lang='lat' dir='ltr'><strong>ut</strong></span> <span class='ocrx_word' id='word_1_28' title='bbox 1670 693 1872 732; x_wconf 88' lang='lat' dir='ltr'><strong>eorum</strong></span> <span class='ocrx_word' id='word_1_29' title='bbox 1906 693 2040 748; x_wconf 87' lang='lat' dir='ltr'><strong>par-</strong></span> 
     </span>
    </p>
   </div>
   <div class='ocr_carea' id='block_1_6' title="bbox 396 761 2039 838">
    <p class='ocr_par' dir='ltr' id='par_1_6' title="bbox 396 761 2039 838">
     <span class='ocr_line' id='line_1_6' title="bbox 396 761 2039 838; baseline 0.001 -19"><span class='ocrx_word' id='word_1_30' title='bbox 396 763 654 837; x_wconf 87' lang='lat' dir='ltr'><strong>ticipatio</strong></span> <span class='ocrx_word' id='word_1_31' title='bbox 685 761 828 820; x_wconf 87' lang='lat' dir='ltr'><strong>mihi</strong></span> <span class='ocrx_word' id='word_1_32' title='bbox 861 764 1080 820; x_wconf 81' lang='lat' dir='ltr'><strong>famulo</strong></span> <span class='ocrx_word' id='word_1_33' title='bbox 1132 769 1232 821; x_wconf 90' lang='lat' dir='ltr'><strong>tuo</strong></span> <span class='ocrx_word' id='word_1_34' title='bbox 1263 765 1334 821; x_wconf 90' lang='lat' dir='ltr'><strong>ad</strong></span> <span class='ocrx_word' id='word_1_35' title='bbox 1396 769 1737 838; x_wconf 87' lang='lat' dir='ltr'><strong>perpetuam</strong></span> <span class='ocrx_word' id='word_1_36' title='bbox 1771 765 2039 838; x_wconf 80' lang='lat' dir='ltr'><strong>proﬁciat</strong></span> 
     </span>
    </p>
   </div>
   <div class='ocr_carea' id='block_1_7' title="bbox 398 852 830 910">
    <p class='ocr_par' dir='ltr' id='par_1_7' title="bbox 398 852 830 910">
     <span class='ocr_line' id='line_1_7' title="bbox 398 852 830 910; baseline -0.005 0"><span class='ocrx_word' id='word_1_37' title='bbox 398 853 670 910; x_wconf 82' lang='lat' dir='ltr'><strong>salutem.</strong></span> <span class='ocrx_word' id='word_1_38' title='bbox 704 852 830 909; x_wconf 86' lang='lat' dir='ltr'><strong>Per.</strong></span> 
     </span>
    </p>
   </div>
   <div class='ocr_carea' id='block_1_8' title="bbox 817 957 1620 999">
    <p class='ocr_par' dir='ltr' id='par_1_8' title="bbox 817 957 1620 999">
     <span class='ocr_line' id='line_1_8' title="bbox 817 957 1620 999; baseline 0.002 -3"><span class='ocrx_word' id='word_1_39' title='bbox 817 959 876 998; x_wconf 77' lang='lat' dir='ltr'><strong>IN</strong></span> <span class='ocrx_word' id='word_1_40' title='bbox 905 957 1112 998; x_wconf 70' lang='lat' dir='ltr'><strong>VIGILIA</strong></span> <span class='ocrx_word' id='word_1_41' title='bbox 1142 959 1314 998; x_wconf 80' lang='lat' dir='ltr'><strong>UNIUS</strong></span> <span class='ocrx_word' id='word_1_42' title='bbox 1344 959 1620 999; x_wconf 80' lang='lat' dir='ltr'><strong>APOSTOLI.</strong></span> 
     </span>
    </p>
   </div>
   <div class='ocr_carea' id='block_1_9' title="bbox 468 1031 2044 1103">
    <p class='ocr_par' dir='ltr' id='par_1_9' title="bbox 468 1031 2044 1103">
     <span class='ocr_line' id='line_1_9' title="bbox 468 1031 2044 1103; baseline 0 -18"><span class='ocrx_word' id='word_1_43' title='bbox 468 1031 587 1103; x_wconf 88' lang='lat' dir='ltr'><strong>Ego</strong></span> <span class='ocrx_word' id='word_1_44' title='bbox 619 1035 837 1100; x_wconf 88' lang='lat' dir='ltr'><strong>autem,</strong></span> <span class='ocrx_word' id='word_1_45' title='bbox 868 1035 977 1086; x_wconf 91' lang='lat' dir='ltr'><strong>etc.</strong></span> <span class='ocrx_word' id='word_1_46' title='bbox 1006 1031 1208 1088; x_wconf 80' lang='lat' dir='ltr'><strong>Oratio.</strong></span> <span class='ocrx_word' id='word_1_47' title='bbox 1247 1033 1416 1099; x_wconf 88' lang='lat' dir='ltr'><strong>Deus,</strong></span> <span class='ocrx_word' id='word_1_48' title='bbox 1445 1031 1543 1103; x_wconf 89' lang='lat' dir='ltr'><strong>qui</strong></span> <span class='ocrx_word' id='word_1_49' title='bbox 1575 1048 1681 1086; x_wconf 87' lang='lat' dir='ltr'><strong>nos</strong></span> <span class='ocrx_word' id='word_1_50' title='bbox 1709 1031 1861 1087; x_wconf 89' lang='lat' dir='ltr'><strong>beati</strong></span> <span class='ocrx_word' id='word_1_51' title='bbox 1877 1047 2044 1102; x_wconf 91' lang='lat' dir='ltr'><strong>apos-</strong></span> 
     </span>
    </p>
   </div>
   <div class='ocr_carea' id='block_1_10' title="bbox 399 1118 2042 1194">
    <p class='ocr_par' dir='ltr' id='par_1_10' title="bbox 399 1118 2042 1194">
     <span class='ocr_line' id='line_1_10' title="bbox 399 1118 2042 1194; baseline 0.001 -20"><span class='ocrx_word' id='word_1_52' title='bbox 399 1118 500 1176; x_wconf 88' lang='lat' dir='ltr'><strong>toli</strong></span> <span class='ocrx_word' id='word_1_53' title='bbox 533 1119 617 1174; x_wconf 89' lang='lat' dir='ltr'><strong>tui</strong></span> <span class='ocrx_word' id='word_1_54' title='bbox 649 1120 716 1175; x_wconf 90' lang='lat' dir='ltr'><strong>N.</strong></span> <span class='ocrx_word' id='word_1_55' title='bbox 741 1119 1008 1175; x_wconf 86' lang='lat' dir='ltr'><strong>natalitia</strong></span> <span class='ocrx_word' id='word_1_56' title='bbox 1037 1119 1291 1194; x_wconf 89' lang='lat' dir='ltr'><strong>gloriosa</strong></span> <span class='ocrx_word' id='word_1_57' title='bbox 1319 1120 1520 1192; x_wconf 65' lang='lat' dir='ltr'><strong>praeire</strong></span> <span class='ocrx_word' id='word_1_58' title='bbox 1541 1120 1832 1186; x_wconf 91' lang='lat' dir='ltr'><strong>concedis,</strong></span> <span class='ocrx_word' id='word_1_59' title='bbox 1850 1119 2042 1175; x_wconf 86' lang='lat' dir='ltr'><strong>tribue</strong></span> 
     </span>
    </p>
   </div>
   <div class='ocr_carea' id='block_1_11' title="bbox 402 1208 2038 1282">
    <p class='ocr_par' dir='ltr' id='par_1_11' title="bbox 402 1208 2038 1282">
     <span class='ocr_line' id='line_1_11' title="bbox 402 1208 2038 1282; baseline 0 -20"><span class='ocrx_word' id='word_1_60' title='bbox 402 1208 591 1275; x_wconf 91' lang='lat' dir='ltr'><strong>nobis,</strong></span> <span class='ocrx_word' id='word_1_61' title='bbox 625 1225 984 1282; x_wconf 70' lang='lat' dir='ltr'><strong>quaesumus,</strong></span> <span class='ocrx_word' id='word_1_62' title='bbox 1019 1211 1146 1281; x_wconf 84' lang='lat' dir='ltr'><strong>ejus</strong></span> <span class='ocrx_word' id='word_1_63' title='bbox 1176 1225 1406 1282; x_wconf 87' lang='lat' dir='ltr'><strong>semper</strong></span> <span class='ocrx_word' id='word_1_64' title='bbox 1435 1213 1492 1265; x_wconf 90' lang='lat' dir='ltr'><strong>et</strong></span> <span class='ocrx_word' id='word_1_65' title='bbox 1547 1209 1846 1264; x_wconf 77' lang='lat' dir='ltr'><strong>beneficiis</strong></span> <span class='ocrx_word' id='word_1_66' title='bbox 1895 1226 2038 1280; x_wconf 67' lang='lat' dir='ltr'><strong>prie—</strong></span> 
     </span>
    </p>
   </div>
   <div class='ocr_carea' id='block_1_12' title="bbox 399 1294 2042 1370">
    <p class='ocr_par' dir='ltr' id='par_1_12' title="bbox 399 1294 2042 1370">
     <span class='ocr_line' id='line_1_12' title="bbox 399 1294 2042 1370; baseline -0.001 -18"><span class='ocrx_word' id='word_1_67' title='bbox 399 1294 603 1365; x_wconf 88' lang='lat' dir='ltr'><strong>veniri,</strong></span> <span class='ocrx_word' id='word_1_68' title='bbox 662 1302 720 1354; x_wconf 90' lang='lat' dir='ltr'><strong>et</strong></span> <span class='ocrx_word' id='word_1_69' title='bbox 772 1298 1134 1354; x_wconf 77' lang='lat' dir='ltr'><strong>orationibus</strong></span> <span class='ocrx_word' id='word_1_70' title='bbox 1195 1298 1480 1370; x_wconf 81' lang='lat' dir='ltr'><strong>adjuvari.</strong></span> <span class='ocrx_word' id='word_1_71' title='bbox 1513 1302 1642 1354; x_wconf 91' lang='lat' dir='ltr'><strong>Per.</strong></span> <span class='ocrx_word' id='word_1_72' title='bbox 1686 1298 1878 1353; x_wconf 90' lang='lat' dir='ltr'><strong>Lectio</strong></span> <span class='ocrx_word' id='word_1_73' title='bbox 1909 1297 2042 1354; x_wconf 82' lang='lat' dir='ltr'><strong>libri</strong></span> 
     </span>
    </p>
   </div>
   <div class='ocr_carea' id='block_1_13' title="bbox 404 1385 2040 1459">
    <p class='ocr_par' dir='ltr' id='par_1_13' title="bbox 404 1385 2040 1459">
     <span class='ocr_line' id='line_1_13' title="bbox 404 1385 2040 1459; baseline -0.001 -16"><span class='ocrx_word' id='word_1_74' title='bbox 404 1387 730 1459; x_wconf 66' lang='lat' dir='ltr'><strong>Sapientiae.</strong></span> <span class='ocrx_word' id='word_1_75' title='bbox 768 1388 978 1443; x_wconf 79' lang='lat' dir='ltr'>Beatus</span> <span class='ocrx_word' id='word_1_76' title='bbox 1009 1388 1114 1454; x_wconf 90' lang='lat' dir='ltr'><strong>vir,</strong></span> <span class='ocrx_word' id='word_1_77' title='bbox 1147 1391 1278 1454; x_wconf 89' lang='lat' dir='ltr'><strong>etc.,</strong></span> <span class='ocrx_word' id='word_1_78' title='bbox 1312 1403 1481 1458; x_wconf 76' lang='lat' dir='ltr'><strong>usque</strong></span> <span class='ocrx_word' id='word_1_79' title='bbox 1527 1385 1783 1442; x_wconf 82' lang='lat' dir='ltr'><strong>Ecclesia</strong></span> <span class='ocrx_word' id='word_1_80' title='bbox 1813 1391 2040 1443; x_wconf 88' lang='lat' dir='ltr'><strong>sancto-</strong></span> 
     </span>
    </p>
   </div>
   <div class='ocr_carea' id='block_1_14' title="bbox 404 1474 2045 1546">
    <p class='ocr_par' dir='ltr' id='par_1_14' title="bbox 404 1474 2045 1546">
     <span class='ocr_line' id='line_1_14' title="bbox 404 1474 2045 1546; baseline -0.001 -16"><span class='ocrx_word' id='word_1_81' title='bbox 404 1493 556 1530; x_wconf 90' lang='lat' dir='ltr'><strong>rum.</strong></span> <span class='ocrx_word' id='word_1_82' title='bbox 619 1475 890 1531; x_wconf 82' lang='lat' dir='ltr'><strong>Graduale</strong></span> <span class='ocrx_word' id='word_1_83' title='bbox 944 1479 996 1531; x_wconf 85' lang='lat' dir='ltr'><strong>et</strong></span> <span class='ocrx_word' id='word_1_84' title='bbox 1047 1491 1229 1531; x_wconf 81' lang='lat' dir='ltr'><strong>versus</strong></span> <span class='ocrx_word' id='word_1_85' title='bbox 1279 1484 1338 1530; x_wconf 88' lang='lat' dir='ltr'><strong>ut</strong></span> <span class='ocrx_word' id='word_1_86' title='bbox 1395 1477 1455 1530; x_wconf 86' lang='lat' dir='ltr'><strong>in</strong></span> <span class='ocrx_word' id='word_1_87' title='bbox 1511 1475 1690 1530; x_wconf 74' lang='lat' dir='ltr'><strong>editis.</strong></span> <span class='ocrx_word' id='word_1_88' title='bbox 1728 1474 2045 1546; x_wconf 88' lang='lat' dir='ltr'><strong>Sequentia</strong></span> 
     </span>
    </p>
   </div>
   <div class='ocr_carea' id='block_1_15' title="bbox 407 1562 2044 1636">
    <p class='ocr_par' dir='ltr' id='par_1_15' title="bbox 407 1562 2044 1636">
     <span class='ocr_line' id='line_1_15' title="bbox 407 1562 2044 1636; baseline -0.001 -17"><span class='ocrx_word' id='word_1_89' title='bbox 407 1564 593 1619; x_wconf 78' lang='lat' dir='ltr'><strong>sancti</strong></span> <span class='ocrx_word' id='word_1_90' title='bbox 627 1563 920 1636; x_wconf 79' lang='lat' dir='ltr'><strong>Evangelii</strong></span> <span class='ocrx_word' id='word_1_91' title='bbox 953 1564 1278 1620; x_wconf 84' lang='lat' dir='ltr'><strong>secundum</strong></span> <span class='ocrx_word' id='word_1_92' title='bbox 1304 1564 1610 1619; x_wconf 81' lang='lat' dir='ltr'><strong>Joannem.</strong></span> <span class='ocrx_word' id='word_1_93' title='bbox 1647 1565 1705 1617; x_wconf 83' lang='lat' dir='ltr'><strong>in</strong></span> <span class='ocrx_word' id='word_1_94' title='bbox 1760 1562 1858 1617; x_wconf 90' lang='lat' dir='ltr'><strong>illo</strong></span> <span class='ocrx_word' id='word_1_95' title='bbox 1897 1568 2044 1617; x_wconf 88' lang='lat' dir='ltr'><strong>tem-</strong></span> 
     </span>
    </p>
   </div>
   <div class='ocr_carea' id='block_1_16' title="bbox 405 1651 2044 1726">
    <p class='ocr_par' dir='ltr' id='par_1_16' title="bbox 405 1651 2044 1726">
     <span class='ocr_line' id='line_1_16' title="bbox 405 1651 2044 1726; baseline -0.001 -18"><span class='ocrx_word' id='word_1_96' title='bbox 405 1671 580 1726; x_wconf 87' lang='lat' dir='ltr'><strong>pore:</strong></span> <span class='ocrx_word' id='word_1_97' title='bbox 619 1653 772 1708; x_wconf 83' lang='lat' dir='ltr'><strong>Dixit</strong></span> <span class='ocrx_word' id='word_1_98' title='bbox 799 1653 976 1708; x_wconf 87' lang='lat' dir='ltr'><strong>Jesus</strong></span> <span class='ocrx_word' id='word_1_99' title='bbox 1027 1652 1331 1725; x_wconf 82' lang='lat' dir='ltr'><strong>discipulis</strong></span> <span class='ocrx_word' id='word_1_100' title='bbox 1360 1652 1522 1707; x_wconf 87' lang='lat' dir='ltr'><strong>suis:</strong></span> <span class='ocrx_word' id='word_1_101' title='bbox 1556 1653 1674 1724; x_wconf 87' lang='lat' dir='ltr'><strong>Ego</strong></span> <span class='ocrx_word' id='word_1_102' title='bbox 1731 1669 1863 1706; x_wconf 89' lang='lat' dir='ltr'><strong>sum</strong></span> <span class='ocrx_word' id='word_1_103' title='bbox 1910 1651 2044 1706; x_wconf 88' lang='lat' dir='ltr'><strong>vitis</strong></span> 
     </span>
    </p>
   </div>
   <div class='ocr_carea' id='block_1_17' title="bbox 399 1739 2040 1814">
    <p class='ocr_par' dir='ltr' id='par_1_17' title="bbox 399 1739 2040 1814">
     <span class='ocr_line' id='line_1_17' title="bbox 399 1739 2040 1814; baseline -0.002 -16"><span class='ocrx_word' id='word_1_104' title='bbox 399 1759 554 1807; x_wconf 83' lang='lat' dir='ltr'><strong>vera,</strong></span> <span class='ocrx_word' id='word_1_105' title='bbox 576 1747 710 1806; x_wconf 88' lang='lat' dir='ltr'><strong>etc.,</strong></span> <span class='ocrx_word' id='word_1_106' title='bbox 741 1757 912 1814; x_wconf 74' lang='lat' dir='ltr'><strong>usque</strong></span> <span class='ocrx_word' id='word_1_107' title='bbox 932 1741 1262 1814; x_wconf 83' lang='lat' dir='ltr'><strong>impleatur.</strong></span> <span class='ocrx_word' id='word_1_108' title='bbox 1299 1743 1648 1814; x_wconf 73' lang='lat' dir='ltr'><strong>Olfcrtorium</strong></span> <span class='ocrx_word' id='word_1_109' title='bbox 1679 1744 1741 1794; x_wconf 81' lang='lat' dir='ltr'><strong>ut</strong></span> <span class='ocrx_word' id='word_1_110' title='bbox 1773 1741 1832 1794; x_wconf 83' lang='lat' dir='ltr'><strong>in</strong></span> <span class='ocrx_word' id='word_1_111' title='bbox 1861 1739 2040 1796; x_wconf 78' lang='lat' dir='ltr'><strong>editis.</strong></span> 
     </span>
    </p>
   </div>
   <div class='ocr_carea' id='block_1_18' title="bbox 399 1828 2042 1902">
    <p class='ocr_par' dir='ltr' id='par_1_18' title="bbox 399 1828 2042 1902">
     <span class='ocr_line' id='line_1_18' title="bbox 399 1828 2042 1902; baseline -0.002 -14"><span class='ocrx_word' id='word_1_112' title='bbox 399 1835 641 1888; x_wconf 73' lang='lat' dir='ltr'><strong>Secreta.</strong></span> <span class='ocrx_word' id='word_1_113' title='bbox 699 1828 1040 1886; x_wconf 87' lang='lat' dir='ltr'><strong>Muneribus</strong></span> <span class='ocrx_word' id='word_1_114' title='bbox 1091 1829 1326 1897; x_wconf 84' lang='lat' dir='ltr'><strong>nostris,</strong></span> <span class='ocrx_word' id='word_1_115' title='bbox 1384 1845 1746 1902; x_wconf 72' lang='lat' dir='ltr'><strong>quzesumus,</strong></span> <span class='ocrx_word' id='word_1_116' title='bbox 1781 1828 2042 1895; x_wconf 86' lang='lat' dir='ltr'><strong>Domine,</strong></span> 
     </span>
    </p>
   </div>
   <div class='ocr_carea' id='block_1_19' title="bbox 405 1917 2040 1992">
    <p class='ocr_par' dir='ltr' id='par_1_19' title="bbox 405 1917 2040 1992">
     <span class='ocr_line' id='line_1_19' title="bbox 405 1917 2040 1992; baseline -0.003 -16"><span class='ocrx_word' id='word_1_117' title='bbox 405 1920 556 1976; x_wconf 85' lang='lat' dir='ltr'><strong>beati</strong></span> <span class='ocrx_word' id='word_1_118' title='bbox 591 1919 837 1992; x_wconf 86' lang='lat' dir='ltr'><strong>apostoli</strong></span> <span class='ocrx_word' id='word_1_119' title='bbox 857 1919 939 1974; x_wconf 90' lang='lat' dir='ltr'><strong>tui</strong></span> <span class='ocrx_word' id='word_1_120' title='bbox 966 1923 1030 1973; x_wconf 88' lang='lat' dir='ltr'><strong>N.</strong></span> <span class='ocrx_word' id='word_1_121' title='bbox 1059 1920 1206 1974; x_wconf 83' lang='lat' dir='ltr'><strong>festa</strong></span> <span class='ocrx_word' id='word_1_122' title='bbox 1226 1919 1634 1991; x_wconf 71' lang='lat' dir='ltr'><strong>prievenimus,</strong></span> <span class='ocrx_word' id='word_1_123' title='bbox 1668 1919 1838 1987; x_wconf 89' lang='lat' dir='ltr'><strong>cujus</strong></span> <span class='ocrx_word' id='word_1_124' title='bbox 1868 1917 2040 1972; x_wconf 89' lang='lat' dir='ltr'><strong>meri-</strong></span> 
     </span>
    </p>
   </div>
   <div class='ocr_carea' id='block_1_20' title="bbox 401 2005 2042 2082">
    <p class='ocr_par' dir='ltr' id='par_1_20' title="bbox 401 2005 2042 2082">
     <span class='ocr_line' id='line_1_20' title="bbox 401 2005 2042 2082; baseline -0.003 -17"><span class='ocrx_word' id='word_1_125' title='bbox 401 2009 479 2065; x_wconf 89' lang='lat' dir='ltr'><strong>tis</strong></span> <span class='ocrx_word' id='word_1_126' title='bbox 503 2025 605 2082; x_wconf 90' lang='lat' dir='ltr'><strong>pro</strong></span> <span class='ocrx_word' id='word_1_127' title='bbox 627 2008 796 2064; x_wconf 91' lang='lat' dir='ltr'><strong>nobis</strong></span> <span class='ocrx_word' id='word_1_128' title='bbox 820 2008 923 2064; x_wconf 89' lang='lat' dir='ltr'><strong>tibi</strong></span> <span class='ocrx_word' id='word_1_129' title='bbox 943 2012 1108 2082; x_wconf 88' lang='lat' dir='ltr'><strong>grata</strong></span> <span class='ocrx_word' id='word_1_130' title='bbox 1137 2007 1474 2063; x_wconf 83' lang='lat' dir='ltr'><strong>reddantur.</strong></span> <span class='ocrx_word' id='word_1_131' title='bbox 1507 2011 1634 2061; x_wconf 91' lang='lat' dir='ltr'><strong>Per.</strong></span> <span class='ocrx_word' id='word_1_132' title='bbox 1668 2005 1747 2060; x_wconf 71' lang='lat' dir='ltr'><strong>Act</strong></span> <span class='ocrx_word' id='word_1_133' title='bbox 1773 2010 2042 2077; x_wconf 81' lang='lat' dir='ltr'><strong>posicom-</strong></span> 
     </span>
    </p>
   </div>
   <div class='ocr_carea' id='block_1_21' title="bbox 402 2095 2040 2170">
    <p class='ocr_par' dir='ltr' id='par_1_21' title="bbox 402 2095 2040 2170">
     <span class='ocr_line' id='line_1_21' title="bbox 402 2095 2040 2170; baseline -0.003 -16"><span class='ocrx_word' id='word_1_134' title='bbox 402 2101 739 2154; x_wconf 82' lang='lat' dir='ltr'><strong>munionem.</strong></span> <span class='ocrx_word' id='word_1_135' title='bbox 765 2097 1050 2170; x_wconf 85' lang='lat' dir='ltr'><strong>Sumptis,</strong></span> <span class='ocrx_word' id='word_1_136' title='bbox 1075 2096 1340 2164; x_wconf 90' lang='lat' dir='ltr'><strong>Domine,</strong></span> <span class='ocrx_word' id='word_1_137' title='bbox 1358 2095 1691 2152; x_wconf 71' lang='lat' dir='ltr'><strong>cmlestibus</strong></span> <span class='ocrx_word' id='word_1_138' title='bbox 1710 2111 2040 2150; x_wconf 89' lang='lat' dir='ltr'><strong>sacramen-</strong></span> 
     </span>
    </p>
   </div>
   <div class='ocr_carea' id='block_1_22' title="bbox 403 2185 2040 2258">
    <p class='ocr_par' dir='ltr' id='par_1_22' title="bbox 403 2185 2040 2258">
     <span class='ocr_line' id='line_1_22' title="bbox 403 2185 2040 2258; baseline -0.002 -16"><span class='ocrx_word' id='word_1_139' title='bbox 403 2186 499 2254; x_wconf 88' lang='lat' dir='ltr'><strong>tis,</strong></span> <span class='ocrx_word' id='word_1_140' title='bbox 536 2188 902 2258; x_wconf 86' lang='lat' dir='ltr'><strong>majestatem</strong></span> <span class='ocrx_word' id='word_1_141' title='bbox 948 2190 1111 2242; x_wconf 89' lang='lat' dir='ltr'><strong>tuam</strong></span> <span class='ocrx_word' id='word_1_142' title='bbox 1145 2185 1488 2258; x_wconf 90' lang='lat' dir='ltr'><strong>suppliciter</strong></span> <span class='ocrx_word' id='word_1_143' title='bbox 1517 2185 1921 2256; x_wconf 87' lang='lat' dir='ltr'><strong>deprecamur,</strong></span> <span class='ocrx_word' id='word_1_144' title='bbox 1956 2189 2040 2249; x_wconf 81' lang='lat' dir='ltr'><strong>ut,</strong></span> 
     </span>
    </p>
   </div>
   <div class='ocr_carea' id='block_1_23' title="bbox 403 2272 2042 2348">
    <p class='ocr_par' dir='ltr' id='par_1_23' title="bbox 403 2272 2042 2348">
     <span class='ocr_line' id='line_1_23' title="bbox 403 2272 2042 2348; baseline -0.002 -18"><span class='ocrx_word' id='word_1_145' title='bbox 403 2275 790 2332; x_wconf 86' lang='lat' dir='ltr'><strong>intercedente</strong></span> <span class='ocrx_word' id='word_1_146' title='bbox 811 2277 977 2332; x_wconf 89' lang='lat' dir='ltr'><strong>beato</strong></span> <span class='ocrx_word' id='word_1_147' title='bbox 1001 2274 1266 2348; x_wconf 90' lang='lat' dir='ltr'><strong>apostolo</strong></span> <span class='ocrx_word' id='word_1_148' title='bbox 1291 2279 1391 2328; x_wconf 89' lang='lat' dir='ltr'><strong>tuo</strong></span> <span class='ocrx_word' id='word_1_149' title='bbox 1414 2273 1674 2344; x_wconf 89' lang='lat' dir='ltr'><strong>N.,quod</strong></span> <span class='ocrx_word' id='word_1_150' title='bbox 1706 2272 2042 2346; x_wconf 87' lang='lat' dir='ltr'><strong>temporali-</strong></span> 
     </span>
    </p>
   </div>
   <div class='ocr_carea' id='block_1_24' title="bbox 399 2363 1889 2438">
    <p class='ocr_par' dir='ltr' id='par_1_24' title="bbox 399 2363 1889 2438">
     <span class='ocr_line' id='line_1_24' title="bbox 399 2363 1889 2438; baseline -0.004 -18"><span class='ocrx_word' id='word_1_151' title='bbox 399 2369 488 2421; x_wconf 91' lang='lat' dir='ltr'><strong>ter</strong></span> <span class='ocrx_word' id='word_1_152' title='bbox 506 2365 863 2438; x_wconf 90' lang='lat' dir='ltr'><strong>gerimus,ad</strong></span> <span class='ocrx_word' id='word_1_153' title='bbox 894 2364 1073 2419; x_wconf 89' lang='lat' dir='ltr'><strong>vitam</strong></span> <span class='ocrx_word' id='word_1_154' title='bbox 1105 2363 1408 2435; x_wconf 86' lang='lat' dir='ltr'><strong>capiamus</strong></span> <span class='ocrx_word' id='word_1_155' title='bbox 1439 2366 1732 2418; x_wconf 66' lang='lat' dir='ltr'><strong>aeternam.</strong></span> <span class='ocrx_word' id='word_1_156' title='bbox 1762 2366 1889 2416; x_wconf 84' lang='lat' dir='ltr'><strong>Per.</strong></span> 
     </span>
    </p>
   </div>
   <div class='ocr_carea' id='block_1_25' title="bbox 545 2467 1898 2510">
    <p class='ocr_par' dir='ltr' id='par_1_25' title="bbox 545 2467 1898 2510">
     <span class='ocr_line' id='line_1_25' title="bbox 545 2467 1898 2510; baseline -0.004 0"><span class='ocrx_word' id='word_1_157' title='bbox 545 2471 703 2510; x_wconf 75' lang='lat' dir='ltr'><strong>MISSA</strong></span> <span class='ocrx_word' id='word_1_158' title='bbox 733 2469 792 2509; x_wconf 77' lang='lat' dir='ltr'><strong>IN</strong></span> <span class='ocrx_word' id='word_1_159' title='bbox 815 2471 1006 2508; x_wconf 55' lang='lat' dir='ltr'><strong>NATALI</strong></span> <span class='ocrx_word' id='word_1_160' title='bbox 1049 2469 1436 2507; x_wconf 75' lang='lat' dir='ltr'><strong>PLURIMORUM</strong></span> <span class='ocrx_word' id='word_1_161' title='bbox 1474 2467 1898 2506; x_wconf 77' lang='lat' dir='ltr'><strong>APOSTOLORUM.</strong></span> 
     </span>
    </p>
   </div>
   <div class='ocr_carea' id='block_1_26' title="bbox 474 2539 2045 2612">
    <p class='ocr_par' dir='ltr' id='par_1_26' title="bbox 474 2539 2045 2612">
     <span class='ocr_line' id='line_1_26' title="bbox 474 2539 2045 2612; baseline -0.003 -14"><span class='ocrx_word' id='word_1_162' title='bbox 474 2545 672 2598; x_wconf 87' lang='lat' dir='ltr'><strong>Intret.</strong></span> <span class='ocrx_word' id='word_1_163' title='bbox 695 2541 900 2598; x_wconf 79' lang='lat' dir='ltr'><strong>Oratio.</strong></span> <span class='ocrx_word' id='word_1_164' title='bbox 929 2541 1210 2607; x_wconf 78' lang='lat' dir='ltr'><strong>Concede,</strong></span> <span class='ocrx_word' id='word_1_165' title='bbox 1253 2557 1616 2612; x_wconf 67' lang='lat' dir='ltr'><strong>quaesumus,</strong></span> <span class='ocrx_word' id='word_1_166' title='bbox 1673 2539 2045 2612; x_wconf 83' lang='lat' dir='ltr'><strong>omnipotens</strong></span> 
     </span>
    </p>
   </div>
   <div class='ocr_carea' id='block_1_27' title="bbox 400 2627 2046 2703">
    <p class='ocr_par' dir='ltr' id='par_1_27' title="bbox 400 2627 2046 2703">
     <span class='ocr_line' id='line_1_27' title="bbox 400 2627 2046 2703; baseline -0.004 -17"><span class='ocrx_word' id='word_1_167' title='bbox 400 2635 574 2703; x_wconf 88' lang='lat' dir='ltr'><strong>Deus,</strong></span> <span class='ocrx_word' id='word_1_168' title='bbox 611 2635 673 2686; x_wconf 90' lang='lat' dir='ltr'><strong>ut</strong></span> <span class='ocrx_word' id='word_1_169' title='bbox 697 2632 854 2687; x_wconf 88' lang='lat' dir='ltr'><strong>sicut</strong></span> <span class='ocrx_word' id='word_1_170' title='bbox 883 2629 1282 2702; x_wconf 84' lang='lat' dir='ltr'><strong>apostolorum</strong></span> <span class='ocrx_word' id='word_1_171' title='bbox 1315 2629 1435 2684; x_wconf 78' lang='lat' dir='ltr'><strong>NN.</strong></span> <span class='ocrx_word' id='word_1_172' title='bbox 1486 2627 1744 2700; x_wconf 88' lang='lat' dir='ltr'><strong>gloriosa</strong></span> <span class='ocrx_word' id='word_1_173' title='bbox 1779 2627 2046 2682; x_wconf 88' lang='lat' dir='ltr'><strong>natalitia</strong></span> 
     </span>
    </p>
   </div>
   <div class='ocr_carea' id='block_1_28' title="bbox 399 2716 2045 2792">
    <p class='ocr_par' dir='ltr' id='par_1_28' title="bbox 399 2716 2045 2792">
     <span class='ocr_line' id='line_1_28' title="bbox 399 2716 2045 2792; baseline -0.004 -17"><span class='ocrx_word' id='word_1_174' title='bbox 399 2721 808 2792; x_wconf 66' lang='lat' dir='ltr'><strong>praevenimus,</strong></span> <span class='ocrx_word' id='word_1_175' title='bbox 831 2721 916 2775; x_wconf 90' lang='lat' dir='ltr'><strong>sic</strong></span> <span class='ocrx_word' id='word_1_176' title='bbox 940 2719 1009 2774; x_wconf 88' lang='lat' dir='ltr'><strong>ad</strong></span> <span class='ocrx_word' id='word_1_177' title='bbox 1039 2723 1140 2773; x_wconf 91' lang='lat' dir='ltr'><strong>tua</strong></span> <span class='ocrx_word' id='word_1_178' title='bbox 1161 2717 1444 2772; x_wconf 84' lang='lat' dir='ltr'><strong>beneﬁcia</strong></span> <span class='ocrx_word' id='word_1_179' title='bbox 1463 2716 1850 2788; x_wconf 83' lang='lat' dir='ltr'><strong>promerenda</strong></span> <span class='ocrx_word' id='word_1_180' title='bbox 1867 2716 2045 2784; x_wconf 88' lang='lat' dir='ltr'><strong>maje-</strong></span> 
     </span>
    </p>
   </div>
   <div class='ocr_carea' id='block_1_29' title="bbox 399 2804 2042 2879">
    <p class='ocr_par' dir='ltr' id='par_1_29' title="bbox 399 2804 2042 2879">
     <span class='ocr_line' id='line_1_29' title="bbox 399 2804 2042 2879; baseline -0.003 -15"><span class='ocrx_word' id='word_1_181' title='bbox 399 2813 611 2864; x_wconf 86' lang='lat' dir='ltr'><strong>statem</strong></span> <span class='ocrx_word' id='word_1_182' title='bbox 635 2811 795 2862; x_wconf 89' lang='lat' dir='ltr'><strong>tuam</strong></span> <span class='ocrx_word' id='word_1_183' title='bbox 819 2824 922 2879; x_wconf 89' lang='lat' dir='ltr'><strong>pro</strong></span> <span class='ocrx_word' id='word_1_184' title='bbox 939 2807 1107 2861; x_wconf 87' lang='lat' dir='ltr'><strong>nobis</strong></span> <span class='ocrx_word' id='word_1_185' title='bbox 1132 2807 1239 2877; x_wconf 86' lang='lat' dir='ltr'><strong>ipsi</strong></span> <span class='ocrx_word' id='word_1_186' title='bbox 1272 2806 1642 2877; x_wconf 71' lang='lat' dir='ltr'><strong>praeveniunt.</strong></span> <span class='ocrx_word' id='word_1_187' title='bbox 1685 2809 1813 2860; x_wconf 87' lang='lat' dir='ltr'><strong>Per.</strong></span> <span class='ocrx_word' id='word_1_188' title='bbox 1851 2804 2042 2859; x_wconf 87' lang='lat' dir='ltr'><strong>Lectio</strong></span> 
     </span>
    </p>
   </div>
   <div class='ocr_carea' id='block_1_30' title="bbox 399 2893 2039 2968">
    <p class='ocr_par' dir='ltr' id='par_1_30' title="bbox 399 2893 2039 2968">
     <span class='ocr_line' id='line_1_30' title="bbox 399 2893 2039 2968; baseline -0.002 -16"><span class='ocrx_word' id='word_1_189' title='bbox 399 2893 666 2968; x_wconf 67' lang='lat' dir='ltr'><strong>Epistolas</strong></span> <span class='ocrx_word' id='word_1_190' title='bbox 689 2896 840 2951; x_wconf 84' lang='lat' dir='ltr'><strong>beati</strong></span> <span class='ocrx_word' id='word_1_191' title='bbox 865 2895 1028 2950; x_wconf 89' lang='lat' dir='ltr'><strong>Pauli</strong></span> <span class='ocrx_word' id='word_1_192' title='bbox 1060 2894 1308 2966; x_wconf 86' lang='lat' dir='ltr'><strong>apostoli</strong></span> <span class='ocrx_word' id='word_1_193' title='bbox 1348 2895 1419 2949; x_wconf 90' lang='lat' dir='ltr'><strong>ad</strong></span> <span class='ocrx_word' id='word_1_194' title='bbox 1443 2893 1744 2965; x_wconf 85' lang='lat' dir='ltr'><strong>Ephesios.</strong></span> <span class='ocrx_word' id='word_1_195' title='bbox 1790 2895 2039 2959; x_wconf 68' lang='lat' dir='ltr'><strong>Fratres,</strong></span> 
     </span>
    </p>
   </div>
   <div class='ocr_carea' id='block_1_31' title="bbox 401 2980 2039 3056">
    <p class='ocr_par' dir='ltr' id='par_1_31' title="bbox 401 2980 2039 3056">
     <span class='ocr_line' id='line_1_31' title="bbox 401 2980 2039 3056; baseline -0.001 -16"><span class='ocrx_word' id='word_1_196' title='bbox 401 2985 720 3056; x_wconf 87' lang='lat' dir='ltr'><strong>unicuique</strong></span> <span class='ocrx_word' id='word_1_197' title='bbox 747 2988 1030 3050; x_wconf 75' lang='lat' dir='ltr'><strong>vestrum,</strong></span> <span class='ocrx_word' id='word_1_198' title='bbox 1058 2987 1191 3053; x_wconf 88' lang='lat' dir='ltr'><strong>etc.,</strong></span> <span class='ocrx_word' id='word_1_199' title='bbox 1211 2999 1382 3054; x_wconf 80' lang='lat' dir='ltr'><strong>usque</strong></span> <span class='ocrx_word' id='word_1_200' title='bbox 1404 2982 1766 3055; x_wconf 88' lang='lat' dir='ltr'><strong>plenitudine</strong></span> <span class='ocrx_word' id='word_1_201' title='bbox 1808 2980 2039 3038; x_wconf 86' lang='lat' dir='ltr'><strong>Christi.</strong></span> 
     </span>
    </p>
   </div>
   <div class='ocr_carea' id='block_1_32' title="bbox 405 3071 2040 3145">
    <p class='ocr_par' dir='ltr' id='par_1_32' title="bbox 405 3071 2040 3145">
     <span class='ocr_line' id='line_1_32' title="bbox 405 3071 2040 3145; baseline -0.004 -15"><span class='ocrx_word' id='word_1_202' title='bbox 405 3073 697 3130; x_wconf 72' lang='lat' dir='ltr'><strong>Gradualr.</strong></span> <span class='ocrx_word' id='word_1_203' title='bbox 729 3073 996 3140; x_wconf 88' lang='lat' dir='ltr'><strong>Vindica,</strong></span> <span class='ocrx_word' id='word_1_204' title='bbox 1027 3073 1292 3140; x_wconf 87' lang='lat' dir='ltr'><strong>Domine,</strong></span> <span class='ocrx_word' id='word_1_205' title='bbox 1325 3071 1672 3145; x_wconf 89' lang='lat' dir='ltr'><strong>sanguinem</strong></span> <span class='ocrx_word' id='word_1_206' title='bbox 1707 3075 2040 3126; x_wconf 90' lang='lat' dir='ltr'><strong>sanctorum</strong></span> 
     </span>
    </p>
   </div>
   <div class='ocr_carea' id='block_1_33' title="bbox 403 3161 2042 3236">
    <p class='ocr_par' dir='ltr' id='par_1_33' title="bbox 403 3161 2042 3236">
     <span class='ocr_line' id='line_1_33' title="bbox 403 3161 2042 3236; baseline -0.003 -18"><span class='ocrx_word' id='word_1_207' title='bbox 403 3163 768 3236; x_wconf 90' lang='lat' dir='ltr'><strong>tuorum,qui</strong></span> <span class='ocrx_word' id='word_1_208' title='bbox 802 3163 1022 3218; x_wconf 87' lang='lat' dir='ltr'><strong>eil‘usus</strong></span> <span class='ocrx_word' id='word_1_209' title='bbox 1051 3165 1158 3217; x_wconf 88' lang='lat' dir='ltr'><strong>est.</strong></span> <span class='ocrx_word' id='word_1_210' title='bbox 1189 3165 1514 3218; x_wconf 87' lang='lat' dir='ltr'><strong>Posuerunt</strong></span> <span class='ocrx_word' id='word_1_211' title='bbox 1545 3161 1814 3216; x_wconf 80' lang='lat' dir='ltr'><strong>mortalia</strong></span> <span class='ocrx_word' id='word_1_212' title='bbox 1852 3177 2042 3216; x_wconf 80' lang='lat' dir='ltr'><strong>servo-</strong></span> 
     </span>
    </p>
   </div>
   <div class='ocr_carea' id='block_1_34' title="bbox 404 3250 2041 3316">
    <p class='ocr_par' dir='ltr' id='par_1_34' title="bbox 404 3250 2041 3316">
     <span class='ocr_line' id='line_1_34' title="bbox 404 3250 2041 3316; baseline -0.004 -6"><span class='ocrx_word' id='word_1_213' title='bbox 404 3271 536 3310; x_wconf 88' lang='lat' dir='ltr'><strong>rum</strong></span> <span class='ocrx_word' id='word_1_214' title='bbox 567 3257 802 3310; x_wconf 88' lang='lat' dir='ltr'><strong>tuorum</strong></span> <span class='ocrx_word' id='word_1_215' title='bbox 836 3269 998 3308; x_wconf 86' lang='lat' dir='ltr'><strong>escas</strong></span> <span class='ocrx_word' id='word_1_216' title='bbox 1036 3250 1370 3307; x_wconf 79' lang='lat' dir='ltr'><strong>volatilibus</strong></span> <span class='ocrx_word' id='word_1_217' title='bbox 1403 3250 1553 3316; x_wconf 83' lang='lat' dir='ltr'><strong>cceli,</strong></span> <span class='ocrx_word' id='word_1_218' title='bbox 1581 3267 1786 3305; x_wconf 79' lang='lat' dir='ltr'><strong>carnes</strong></span> <span class='ocrx_word' id='word_1_219' title='bbox 1814 3253 2041 3306; x_wconf 89' lang='lat' dir='ltr'><strong>sancto-</strong></span> 
     </span>
    </p>
   </div>
   <div class='ocr_carea' id='block_1_35' title="bbox 2150 674 3798 748">
    <p class='ocr_par' dir='ltr' id='par_1_35' title="bbox 2150 674 3798 748">
     <span class='ocr_line' id='line_1_35' title="bbox 2150 674 3798 748; baseline 0.002 -18"><span class='ocrx_word' id='word_1_220' title='bbox 2150 676 2264 748; x_wconf 84' lang='lat' dir='ltr'><strong>Ego</strong></span> <span class='ocrx_word' id='word_1_221' title='bbox 2296 692 2427 732; x_wconf 89' lang='lat' dir='ltr'><strong>sum</strong></span> <span class='ocrx_word' id='word_1_222' title='bbox 2479 674 2635 730; x_wconf 86' lang='lat' dir='ltr'><strong>vitis.</strong></span> <span class='ocrx_word' id='word_1_223' title='bbox 2699 674 3052 747; x_wconf 79' lang='lat' dir='ltr'><strong>0/]‘crtorium</strong></span> <span class='ocrx_word' id='word_1_224' title='bbox 3099 678 3314 747; x_wconf 83' lang='lat' dir='ltr'><strong>require</strong></span> <span class='ocrx_word' id='word_1_225' title='bbox 3343 679 3507 733; x_wconf 78' lang='lat' dir='ltr'><strong>retro.</strong></span> <span class='ocrx_word' id='word_1_226' title='bbox 3557 677 3798 746; x_wconf 80' lang='lat' dir='ltr'><strong>Secreta,</strong></span> 
     </span>
    </p>
   </div>
   <div class='ocr_carea' id='block_1_36' title="bbox 2147 762 3799 836">
    <p class='ocr_par' dir='ltr' id='par_1_36' title="bbox 2147 762 3799 836">
     <span class='ocr_line' id='line_1_36' title="bbox 2147 762 3799 836; baseline 0.001 -16"><span class='ocrx_word' id='word_1_227' title='bbox 2147 767 2400 836; x_wconf 86' lang='lat' dir='ltr'><strong>Accepta</strong></span> <span class='ocrx_word' id='word_1_228' title='bbox 2417 762 2525 818; x_wconf 89' lang='lat' dir='ltr'><strong>tibi</strong></span> <span class='ocrx_word' id='word_1_229' title='bbox 2555 762 2650 831; x_wconf 88' lang='lat' dir='ltr'><strong>sit,</strong></span> <span class='ocrx_word' id='word_1_230' title='bbox 2675 763 2940 833; x_wconf 88' lang='lat' dir='ltr'><strong>Domine,</strong></span> <span class='ocrx_word' id='word_1_231' title='bbox 2957 768 3170 820; x_wconf 72' lang='lat' dir='ltr'><strong>nostrae</strong></span> <span class='ocrx_word' id='word_1_232' title='bbox 3201 764 3529 821; x_wconf 79' lang='lat' dir='ltr'><strong>devotionis</strong></span> <span class='ocrx_word' id='word_1_233' title='bbox 3555 763 3799 835; x_wconf 83' lang='lat' dir='ltr'><strong>oblatio,</strong></span> 
     </span>
    </p>
   </div>
   <div class='ocr_carea' id='block_1_37' title="bbox 2150 851 3802 924">
    <p class='ocr_par' dir='ltr' id='par_1_37' title="bbox 2150 851 3802 924">
     <span class='ocr_line' id='line_1_37' title="bbox 2150 851 3802 924; baseline 0.001 -16"><span class='ocrx_word' id='word_1_234' title='bbox 2150 858 2212 908; x_wconf 88' lang='lat' dir='ltr'><strong>ut</strong></span> <span class='ocrx_word' id='word_1_235' title='bbox 2245 853 2314 907; x_wconf 84' lang='lat' dir='ltr'><strong>ad</strong></span> <span class='ocrx_word' id='word_1_236' title='bbox 2348 851 2534 907; x_wconf 89' lang='lat' dir='ltr'><strong>sancti</strong></span> <span class='ocrx_word' id='word_1_237' title='bbox 2566 851 2634 908; x_wconf 89' lang='lat' dir='ltr'><strong>N.</strong></span> <span class='ocrx_word' id='word_1_238' title='bbox 2666 852 2932 924; x_wconf 92' lang='lat' dir='ltr'><strong>puriores</strong></span> <span class='ocrx_word' id='word_1_239' title='bbox 2962 869 3067 908; x_wconf 92' lang='lat' dir='ltr'><strong>nos</strong></span> <span class='ocrx_word' id='word_1_240' title='bbox 3098 853 3272 909; x_wconf 82' lang='lat' dir='ltr'><strong>faciat</strong></span> <span class='ocrx_word' id='word_1_241' title='bbox 3299 853 3497 910; x_wconf 85' lang='lat' dir='ltr'><strong>venire</strong></span> <span class='ocrx_word' id='word_1_242' title='bbox 3519 854 3802 910; x_wconf 71' lang='lat' dir='ltr'><strong>festivita-</strong></span> 
     </span>
    </p>
   </div>
   <div class='ocr_carea' id='block_1_38' title="bbox 2149 941 3800 1016">
    <p class='ocr_par' dir='ltr' id='par_1_38' title="bbox 2149 941 3800 1016">
     <span class='ocr_line' id='line_1_38' title="bbox 2149 941 3800 1016; baseline 0.001 -20"><span class='ocrx_word' id='word_1_243' title='bbox 2149 948 2287 997; x_wconf 90' lang='lat' dir='ltr'><strong>tem.</strong></span> <span class='ocrx_word' id='word_1_244' title='bbox 2321 947 2448 996; x_wconf 91' lang='lat' dir='ltr'><strong>Per.</strong></span> <span class='ocrx_word' id='word_1_245' title='bbox 2481 941 2823 997; x_wconf 78' lang='lat' dir='ltr'><strong>Communia.</strong></span> <span class='ocrx_word' id='word_1_246' title='bbox 2853 941 3066 1014; x_wconf 80' lang='lat' dir='ltr'><strong>Magna</strong></span> <span class='ocrx_word' id='word_1_247' title='bbox 3107 946 3199 998; x_wconf 88' lang='lat' dir='ltr'><strong>est</strong></span> <span class='ocrx_word' id='word_1_248' title='bbox 3228 941 3413 1016; x_wconf 81' lang='lat' dir='ltr'><strong>gloria</strong></span> <span class='ocrx_word' id='word_1_249' title='bbox 3441 942 3504 998; x_wconf 92' lang='lat' dir='ltr'><strong>in</strong></span> <span class='ocrx_word' id='word_1_250' title='bbox 3549 941 3800 998; x_wconf 83' lang='lat' dir='ltr'><strong>salutari</strong></span> 
     </span>
    </p>
   </div>
   <div class='ocr_carea' id='block_1_39' title="bbox 2152 1031 3801 1102">
    <p class='ocr_par' dir='ltr' id='par_1_39' title="bbox 2152 1031 3801 1102">
     <span class='ocr_line' id='line_1_39' title="bbox 2152 1031 3801 1102; baseline 0.002 -16"><span class='ocrx_word' id='word_1_251' title='bbox 2152 1036 2270 1086; x_wconf 92' lang='lat' dir='ltr'><strong>tuo.</strong></span> <span class='ocrx_word' id='word_1_252' title='bbox 2328 1031 2406 1086; x_wconf 81' lang='lat' dir='ltr'><strong>Ad</strong></span> <span class='ocrx_word' id='word_1_253' title='bbox 2475 1032 3052 1102; x_wconf 78' lang='lat' dir='ltr'><strong>postcommunionem.</strong></span> <span class='ocrx_word' id='word_1_254' title='bbox 3119 1035 3338 1088; x_wconf 68' lang='lat' dir='ltr'><strong>Praesta</strong></span> <span class='ocrx_word' id='word_1_255' title='bbox 3394 1031 3592 1101; x_wconf 89' lang='lat' dir='ltr'><strong>nobis,</strong></span> <span class='ocrx_word' id='word_1_256' title='bbox 3643 1034 3801 1089; x_wconf 83' lang='lat' dir='ltr'><strong>Deus</strong></span> 
     </span>
    </p>
   </div>
   <div class='ocr_carea' id='block_1_40' title="bbox 2149 1118 3797 1195">
    <p class='ocr_par' dir='ltr' id='par_1_40' title="bbox 2149 1118 3797 1195">
     <span class='ocr_line' id='line_1_40' title="bbox 2149 1118 3797 1195; baseline 0.001 -20"><span class='ocrx_word' id='word_1_257' title='bbox 2149 1125 2361 1176; x_wconf 65' lang='lat' dir='ltr'><strong>aeterne</strong></span> <span class='ocrx_word' id='word_1_258' title='bbox 2387 1118 2648 1192; x_wconf 85' lang='lat' dir='ltr'><strong>largitor,</strong></span> <span class='ocrx_word' id='word_1_259' title='bbox 2679 1121 2810 1191; x_wconf 85' lang='lat' dir='ltr'><strong>ejus</strong></span> <span class='ocrx_word' id='word_1_260' title='bbox 2841 1119 3059 1192; x_wconf 87' lang='lat' dir='ltr'><strong>ubique</strong></span> <span class='ocrx_word' id='word_1_261' title='bbox 3089 1119 3184 1193; x_wconf 89' lang='lat' dir='ltr'><strong>pia</strong></span> <span class='ocrx_word' id='word_1_262' title='bbox 3213 1121 3438 1195; x_wconf 83' lang='lat' dir='ltr'><strong>protegi</strong></span> <span class='ocrx_word' id='word_1_263' title='bbox 3471 1121 3797 1191; x_wconf 76' lang='lat' dir='ltr'><strong>devotione,</strong></span> 
     </span>
    </p>
   </div>
   <div class='ocr_carea' id='block_1_41' title="bbox 2151 1207 3798 1282">
    <p class='ocr_par' dir='ltr' id='par_1_41' title="bbox 2151 1207 3798 1282">
     <span class='ocr_line' id='line_1_41' title="bbox 2151 1207 3798 1282; baseline 0.003 -20"><span class='ocrx_word' id='word_1_264' title='bbox 2151 1208 2320 1278; x_wconf 90' lang='lat' dir='ltr'><strong>cujus</strong></span> <span class='ocrx_word' id='word_1_265' title='bbox 2351 1207 2613 1263; x_wconf 88' lang='lat' dir='ltr'><strong>natalitia</strong></span> <span class='ocrx_word' id='word_1_266' title='bbox 2639 1225 2742 1280; x_wconf 86' lang='lat' dir='ltr'><strong>per</strong></span> <span class='ocrx_word' id='word_1_267' title='bbox 2785 1208 2906 1263; x_wconf 67' lang='lat' dir='ltr'><strong>haec</strong></span> <span class='ocrx_word' id='word_1_268' title='bbox 2959 1213 3180 1279; x_wconf 89' lang='lat' dir='ltr'><strong>sancta,</strong></span> <span class='ocrx_word' id='word_1_269' title='bbox 3212 1227 3345 1282; x_wconf 64' lang='lat' dir='ltr'><strong>qua</strong></span> <span class='ocrx_word' id='word_1_270' title='bbox 3403 1210 3798 1282; x_wconf 86' lang='lat' dir='ltr'><strong>sumpsimus,</strong></span> 
     </span>
    </p>
   </div>
   <div class='ocr_carea' id='block_1_42' title="bbox 2151 1296 3833 1369">
    <p class='ocr_par' dir='ltr' id='par_1_42' title="bbox 2151 1296 3833 1369">
     <span class='ocr_line' id='line_1_42' title="bbox 2151 1296 3833 1369; baseline 0.002 -17"><span class='ocrx_word' id='word_1_271' title='bbox 2151 1297 2338 1352; x_wconf 81' lang='lat' dir='ltr'><strong>votivo</strong></span> <span class='ocrx_word' id='word_1_272' title='bbox 2369 1296 2755 1368; x_wconf 61' lang='lat' dir='ltr'><strong>praevenimus</strong></span> <span class='ocrx_word' id='word_1_273' title='bbox 2784 1298 3083 1369; x_wconf 89' lang='lat' dir='ltr'><strong>obsequio.</strong></span> <span class='ocrx_word' id='word_1_274' title='bbox 3119 1301 3244 1354; x_wconf 86' lang='lat' dir='ltr'><strong>Per.</strong></span> <span class='ocrx_word' id='word_1_275' title='bbox 3829 1303 3833 1306; x_wconf 81' lang='grc'><strong>’</strong></span> 
     </span>
    </p>
   </div>
   <div class='ocr_carea' id='block_1_43' title="bbox 2437 1402 3510 1445">
    <p class='ocr_par' dir='ltr' id='par_1_43' title="bbox 2437 1402 3510 1445">
     <span class='ocr_line' id='line_1_43' title="bbox 2437 1402 3510 1445; baseline 0.004 -5"><span class='ocrx_word' id='word_1_276' title='bbox 2437 1402 2602 1441; x_wconf 76' lang='lat' dir='ltr'><strong>MISSA</strong></span> <span class='ocrx_word' id='word_1_277' title='bbox 2645 1403 2704 1440; x_wconf 76' lang='lat' dir='ltr'><strong>IN</strong></span> <span class='ocrx_word' id='word_1_278' title='bbox 2745 1403 2944 1443; x_wconf 78' lang='lat' dir='ltr'><strong>NATALI</strong></span> <span class='ocrx_word' id='word_1_279' title='bbox 2989 1403 3166 1444; x_wconf 78' lang='lat' dir='ltr'>UNIUS</span> <span class='ocrx_word' id='word_1_280' title='bbox 3205 1405 3510 1445; x_wconf 72' lang='lat' dir='ltr'><strong>MAITYRIS.</strong></span> 
     </span>
    </p>
   </div>
   <div class='ocr_carea' id='block_1_44' title="bbox 2223 1475 3796 1541">
    <p class='ocr_par' dir='ltr' id='par_1_44' title="bbox 2223 1475 3796 1541">
     <span class='ocr_line' id='line_1_44' title="bbox 2223 1475 3796 1541; baseline 0.003 -11"><span class='ocrx_word' id='word_1_281' title='bbox 2223 1475 2555 1541; x_wconf 77' lang='lat' dir='ltr'><strong>Laetabitur,</strong></span> <span class='ocrx_word' id='word_1_282' title='bbox 2589 1481 2721 1540; x_wconf 90' lang='lat' dir='ltr'><strong>etc.,</strong></span> <span class='ocrx_word' id='word_1_283' title='bbox 2753 1479 2815 1530; x_wconf 84' lang='lat' dir='ltr'><strong>ut</strong></span> <span class='ocrx_word' id='word_1_284' title='bbox 2841 1477 2895 1530; x_wconf 83' lang='lat' dir='ltr'><strong>in</strong></span> <span class='ocrx_word' id='word_1_285' title='bbox 2924 1475 3104 1531; x_wconf 77' lang='lat' dir='ltr'><strong>editis.</strong></span> <span class='ocrx_word' id='word_1_286' title='bbox 3140 1477 3344 1533; x_wconf 81' lang='lat' dir='ltr'><strong>Oratio.</strong></span> <span class='ocrx_word' id='word_1_287' title='bbox 3399 1477 3637 1534; x_wconf 85' lang='lat' dir='ltr'><strong>Votivos</strong></span> <span class='ocrx_word' id='word_1_288' title='bbox 3665 1495 3796 1536; x_wconf 84' lang='lat' dir='ltr'><strong>nos.</strong></span> 
     </span>
    </p>
   </div>
   <div class='ocr_carea' id='block_1_45' title="bbox 2152 1564 3806 1642">
    <p class='ocr_par' dir='ltr' id='par_1_45' title="bbox 2152 1564 3806 1642">
     <span class='ocr_line' id='line_1_45' title="bbox 2152 1564 3806 1642; baseline 0.005 -26"><span class='ocrx_word' id='word_1_289' title='bbox 2152 1581 2511 1636; x_wconf 60' lang='grc' dir='ltr'><strong>ίμυυειπηιιςε</strong></span> <span class='ocrx_word' id='word_1_290' title='bbox 2547 1564 2700 1618; x_wconf 89' lang='lat' dir='ltr'><strong>beati</strong></span> <span class='ocrx_word' id='word_1_291' title='bbox 2734 1565 2800 1618; x_wconf 93' lang='lat' dir='ltr'><strong>N.</strong></span> <span class='ocrx_word' id='word_1_292' title='bbox 2853 1567 3128 1638; x_wconf 78' lang='lat' dir='ltr'><strong>martyris</strong></span> <span class='ocrx_word' id='word_1_293' title='bbox 3157 1567 3239 1621; x_wconf 87' lang='lat' dir='ltr'><strong>tui</strong></span> <span class='ocrx_word' id='word_1_294' title='bbox 3301 1567 3513 1623; x_wconf 82' lang='lat' dir='ltr'><strong>natalis</strong></span> <span class='ocrx_word' id='word_1_295' title='bbox 3566 1583 3806 1642; x_wconf 78' lang='lat' dir='ltr'><strong>semper</strong></span> 
     </span>
    </p>
   </div>
   <div class='ocr_carea' id='block_1_46' title="bbox 2151 1652 3804 1730">
    <p class='ocr_par' dir='ltr' id='par_1_46' title="bbox 2151 1652 3804 1730">
     <span class='ocr_line' id='line_1_46' title="bbox 2151 1652 3804 1730; baseline 0.004 -24"><span class='ocrx_word' id='word_1_296' title='bbox 2151 1654 2418 1725; x_wconf 72' lang='lat' dir='ltr'><strong>excipiat,</strong></span> <span class='ocrx_word' id='word_1_297' title='bbox 2455 1652 2550 1723; x_wconf 77' lang='lat' dir='ltr'><strong>qui</strong></span> <span class='ocrx_word' id='word_1_298' title='bbox 2583 1653 3090 1723; x_wconf 87' lang='lat' dir='ltr'><strong>etjucunditatem</strong></span> <span class='ocrx_word' id='word_1_299' title='bbox 3123 1655 3292 1710; x_wconf 89' lang='lat' dir='ltr'><strong>nobis</strong></span> <span class='ocrx_word' id='word_1_300' title='bbox 3335 1673 3454 1711; x_wconf 67' lang='lat' dir='ltr'><strong>suae</strong></span> <span class='ocrx_word' id='word_1_301' title='bbox 3505 1655 3804 1730; x_wconf 74' lang='lat' dir='ltr'><strong>glorifica-</strong></span> 
     </span>
    </p>
   </div>
   <div class='ocr_carea' id='block_1_47' title="bbox 2152 1741 3800 1818">
    <p class='ocr_par' dir='ltr' id='par_1_47' title="bbox 2152 1741 3800 1818">
     <span class='ocr_line' id='line_1_47' title="bbox 2152 1741 3800 1818; baseline 0.004 -22"><span class='ocrx_word' id='word_1_302' title='bbox 2152 1741 2327 1796; x_wconf 86' lang='lat' dir='ltr'><strong>tionis</strong></span> <span class='ocrx_word' id='word_1_303' title='bbox 2361 1743 2650 1807; x_wconf 71' lang='lat' dir='ltr'><strong>infundat,</strong></span> <span class='ocrx_word' id='word_1_304' title='bbox 2711 1747 2766 1797; x_wconf 90' lang='lat' dir='ltr'><strong>et</strong></span> <span class='ocrx_word' id='word_1_305' title='bbox 2797 1743 2903 1797; x_wconf 88' lang='lat' dir='ltr'><strong>tibi</strong></span> <span class='ocrx_word' id='word_1_306' title='bbox 2949 1760 3052 1798; x_wconf 88' lang='lat' dir='ltr'><strong>nos</strong></span> <span class='ocrx_word' id='word_1_307' title='bbox 3087 1745 3290 1800; x_wconf 86' lang='lat' dir='ltr'><strong>reddat</strong></span> <span class='ocrx_word' id='word_1_308' title='bbox 3349 1750 3635 1818; x_wconf 89' lang='lat' dir='ltr'><strong>acceptos.</strong></span> <span class='ocrx_word' id='word_1_309' title='bbox 3670 1749 3800 1802; x_wconf 88' lang='lat' dir='ltr'><strong>Per.</strong></span> 
     </span>
    </p>
   </div>
   <div class='ocr_carea' id='block_1_48' title="bbox 2155 1830 3806 1902">
    <p class='ocr_par' dir='ltr' id='par_1_48' title="bbox 2155 1830 3806 1902">
     <span class='ocr_line' id='line_1_48' title="bbox 2155 1830 3806 1902; baseline 0.002 -16"><span class='ocrx_word' id='word_1_310' title='bbox 2155 1831 2342 1886; x_wconf 84' lang='lat' dir='ltr'><strong>Lectio</strong></span> <span class='ocrx_word' id='word_1_311' title='bbox 2400 1830 2533 1884; x_wconf 86' lang='lat' dir='ltr'><strong>libri</strong></span> <span class='ocrx_word' id='word_1_312' title='bbox 2601 1830 2926 1902; x_wconf 67' lang='lat' dir='ltr'><strong>Sapientiae.</strong></span> <span class='ocrx_word' id='word_1_313' title='bbox 3001 1832 3240 1888; x_wconf 89' lang='lat' dir='ltr'><strong>Justum</strong></span> <span class='ocrx_word' id='word_1_314' title='bbox 3315 1833 3555 1890; x_wconf 83' lang='lat' dir='ltr'><strong>deduxit</strong></span> <span class='ocrx_word' id='word_1_315' title='bbox 3604 1834 3806 1890; x_wconf 87' lang='lat' dir='ltr'><strong>Domi-</strong></span> 
     </span>
    </p>
   </div>
   <div class='ocr_carea' id='block_1_49' title="bbox 2153 1919 3802 1994">
    <p class='ocr_par' dir='ltr' id='par_1_49' title="bbox 2153 1919 3802 1994">
     <span class='ocr_line' id='line_1_49' title="bbox 2153 1919 3802 1994; baseline 0.003 -20"><span class='ocrx_word' id='word_1_316' title='bbox 2153 1936 2266 1974; x_wconf 91' lang='lat' dir='ltr'><strong>nus</strong></span> <span class='ocrx_word' id='word_1_317' title='bbox 2295 1925 2428 1982; x_wconf 89' lang='lat' dir='ltr'><strong>etc.,</strong></span> <span class='ocrx_word' id='word_1_318' title='bbox 2469 1935 2638 1990; x_wconf 72' lang='lat' dir='ltr'><strong>usque</strong></span> <span class='ocrx_word' id='word_1_319' title='bbox 2692 1919 2848 1976; x_wconf 90' lang='lat' dir='ltr'><strong>Deus</strong></span> <span class='ocrx_word' id='word_1_320' title='bbox 2905 1927 3120 1977; x_wconf 87' lang='lat' dir='ltr'><strong>noster.</strong></span> <span class='ocrx_word' id='word_1_321' title='bbox 3183 1921 3472 1990; x_wconf 81' lang='lat' dir='ltr'><strong>Graduale,</strong></span> <span class='ocrx_word' id='word_1_322' title='bbox 3523 1922 3802 1994; x_wconf 80' lang='lat' dir='ltr'><strong>Posuisti,</strong></span> 
     </span>
    </p>
   </div>
   <div class='ocr_carea' id='block_1_50' title="bbox 2153 2008 3805 2086">
    <p class='ocr_par' dir='ltr' id='par_1_50' title="bbox 2153 2008 3805 2086">
     <span class='ocr_line' id='line_1_50' title="bbox 2153 2008 3805 2086; baseline 0.004 -23"><span class='ocrx_word' id='word_1_323' title='bbox 2153 2008 2415 2076; x_wconf 87' lang='lat' dir='ltr'><strong>Domine,</strong></span> <span class='ocrx_word' id='word_1_324' title='bbox 2473 2025 2650 2079; x_wconf 71' lang='lat' dir='ltr'><strong>supl‘r</strong></span> <span class='ocrx_word' id='word_1_325' title='bbox 2705 2015 2881 2082; x_wconf 90' lang='lat' dir='ltr'><strong>caput</strong></span> <span class='ocrx_word' id='word_1_326' title='bbox 2936 2010 3064 2081; x_wconf 87' lang='lat' dir='ltr'><strong>ejus</strong></span> <span class='ocrx_word' id='word_1_327' title='bbox 3141 2028 3414 2068; x_wconf 84' lang='lat' dir='ltr'><strong>coronam</strong></span> <span class='ocrx_word' id='word_1_328' title='bbox 3479 2012 3553 2068; x_wconf 90' lang='lat' dir='ltr'><strong>de</strong></span> <span class='ocrx_word' id='word_1_329' title='bbox 3608 2011 3805 2086; x_wconf 86' lang='lat' dir='ltr'><strong>lapide</strong></span> 
     </span>
    </p>
   </div>
   <div class='ocr_carea' id='block_1_51' title="bbox 2153 2097 3805 2170">
    <p class='ocr_par' dir='ltr' id='par_1_51' title="bbox 2153 2097 3805 2170">
     <span class='ocr_line' id='line_1_51' title="bbox 2153 2097 3805 2170; baseline 0.002 -18"><span class='ocrx_word' id='word_1_330' title='bbox 2153 2097 2424 2168; x_wconf 85' lang='lat' dir='ltr'><strong>pretioso.</strong></span> <span class='ocrx_word' id='word_1_331' title='bbox 2461 2097 3092 2159; x_wconf 73' lang='lat' dir='ltr'><strong>Desideriumanimae</strong></span> <span class='ocrx_word' id='word_1_332' title='bbox 3151 2099 3280 2170; x_wconf 84' lang='lat' dir='ltr'><strong>ejus</strong></span> <span class='ocrx_word' id='word_1_333' title='bbox 3334 2099 3591 2156; x_wconf 88' lang='lat' dir='ltr'><strong>tribuisti</strong></span> <span class='ocrx_word' id='word_1_334' title='bbox 3639 2100 3714 2169; x_wconf 89' lang='lat' dir='ltr'><strong>ei,</strong></span> <span class='ocrx_word' id='word_1_335' title='bbox 3745 2099 3805 2156; x_wconf 80' lang='lat' dir='ltr'><strong>et</strong></span> 
     </span>
    </p>
   </div>
   <div class='ocr_carea' id='block_1_52' title="bbox 2152 2185 3803 2256">
    <p class='ocr_par' dir='ltr' id='par_1_52' title="bbox 2152 2185 3803 2256">
     <span class='ocr_line' id='line_1_52' title="bbox 2152 2185 3803 2256; baseline 0.003 -16"><span class='ocrx_word' id='word_1_336' title='bbox 2152 2185 2446 2241; x_wconf 82' lang='lat' dir='ltr'><strong>voluntate</strong></span> <span class='ocrx_word' id='word_1_337' title='bbox 2467 2186 2688 2240; x_wconf 84' lang='lat' dir='ltr'><strong>labioru</strong></span> <span class='ocrx_word' id='word_1_338' title='bbox 2701 2201 2753 2239; x_wconf 92' lang='lat' dir='ltr'><strong>m</strong></span> <span class='ocrx_word' id='word_1_339' title='bbox 2769 2187 2895 2256; x_wconf 86' lang='lat' dir='ltr'><strong>ejus</strong></span> <span class='ocrx_word' id='word_1_340' title='bbox 2927 2204 3039 2242; x_wconf 89' lang='lat' dir='ltr'><strong>non</strong></span> <span class='ocrx_word' id='word_1_341' title='bbox 3055 2188 3339 2244; x_wconf 86' lang='lat' dir='ltr'><strong>fraudasti</strong></span> <span class='ocrx_word' id='word_1_342' title='bbox 3353 2205 3508 2245; x_wconf 89' lang='lat' dir='ltr'><strong>eum.</strong></span> <span class='ocrx_word' id='word_1_343' title='bbox 3525 2187 3803 2246; x_wconf 65' lang='lat' dir='ltr'><strong>Alleluia.</strong></span> 
     </span>
    </p>
   </div>
   <div class='ocr_carea' id='block_1_53' title="bbox 2155 2274 3811 2350">
    <p class='ocr_par' dir='ltr' id='par_1_53' title="bbox 2155 2274 3811 2350">
     <span class='ocr_line' id='line_1_53' title="bbox 2155 2274 3811 2350; baseline 0.003 -20"><span class='ocrx_word' id='word_1_344' title='bbox 2155 2274 2468 2330; x_wconf 60' lang='lat' dir='ltr'><strong>Laetabitur</strong></span> <span class='ocrx_word' id='word_1_345' title='bbox 2495 2275 2690 2344; x_wconf 80' lang='lat' dir='ltr'><strong>iustus</strong></span> <span class='ocrx_word' id='word_1_346' title='bbox 2724 2275 2783 2330; x_wconf 90' lang='lat' dir='ltr'><strong>in</strong></span> <span class='ocrx_word' id='word_1_347' title='bbox 2833 2276 3096 2336; x_wconf 89' lang='lat' dir='ltr'><strong>Domino.</strong></span> <span class='ocrx_word' id='word_1_348' title='bbox 3143 2281 3199 2331; x_wconf 90' lang='lat' dir='ltr'><strong>et</strong></span> <span class='ocrx_word' id='word_1_349' title='bbox 3247 2278 3506 2350; x_wconf 87' lang='lat' dir='ltr'><strong>sperabit</strong></span> <span class='ocrx_word' id='word_1_350' title='bbox 3535 2277 3591 2333; x_wconf 89' lang='lat' dir='ltr'><strong>in</strong></span> <span class='ocrx_word' id='word_1_351' title='bbox 3625 2295 3714 2344; x_wconf 92' lang='lat' dir='ltr'><strong>eo,</strong></span> <span class='ocrx_word' id='word_1_352' title='bbox 3749 2284 3811 2335; x_wconf 91' lang='lat' dir='ltr'><strong>et</strong></span> 
     </span>
    </p>
   </div>
   <div class='ocr_carea' id='block_1_54' title="bbox 2152 2363 3806 2438">
    <p class='ocr_par' dir='ltr' id='par_1_54' title="bbox 2152 2363 3806 2438">
     <span class='ocr_line' id='line_1_54' title="bbox 2152 2363 3806 2438; baseline 0.003 -20"><span class='ocrx_word' id='word_1_353' title='bbox 2152 2363 2550 2418; x_wconf 81' lang='lat' dir='ltr'><strong>laudabuntur</strong></span> <span class='ocrx_word' id='word_1_354' title='bbox 2579 2380 2782 2419; x_wconf 87' lang='lat' dir='ltr'><strong>omnes</strong></span> <span class='ocrx_word' id='word_1_355' title='bbox 2813 2365 2952 2419; x_wconf 89' lang='lat' dir='ltr'><strong>recti</strong></span> <span class='ocrx_word' id='word_1_356' title='bbox 3012 2365 3204 2421; x_wconf 90' lang='lat' dir='ltr'><strong>corde.</strong></span> <span class='ocrx_word' id='word_1_357' title='bbox 3266 2366 3581 2438; x_wconf 87' lang='lat' dir='ltr'><strong>Sequentia</strong></span> <span class='ocrx_word' id='word_1_358' title='bbox 3611 2372 3806 2438; x_wconf 71' lang='lat' dir='ltr'><strong>sancti</strong></span> 
     </span>
    </p>
   </div>
   <div class='ocr_carea' id='block_1_55' title="bbox 2153 2452 3805 2528">
    <p class='ocr_par' dir='ltr' id='par_1_55' title="bbox 2153 2452 3805 2528">
     <span class='ocr_line' id='line_1_55' title="bbox 2153 2452 3805 2528; baseline 0.004 -21"><span class='ocrx_word' id='word_1_359' title='bbox 2153 2452 2445 2525; x_wconf 82' lang='lat' dir='ltr'><strong>Evangelii</strong></span> <span class='ocrx_word' id='word_1_360' title='bbox 2467 2453 2791 2508; x_wconf 88' lang='lat' dir='ltr'><strong>secundum</strong></span> <span class='ocrx_word' id='word_1_361' title='bbox 2825 2453 3062 2509; x_wconf 89' lang='lat' dir='ltr'><strong>Lucem.</strong></span> <span class='ocrx_word' id='word_1_362' title='bbox 3097 2455 3160 2509; x_wconf 82' lang='lat' dir='ltr'><strong>in</strong></span> <span class='ocrx_word' id='word_1_363' title='bbox 3192 2453 3290 2512; x_wconf 91' lang='lat' dir='ltr'><strong>illo</strong></span> <span class='ocrx_word' id='word_1_364' title='bbox 3322 2460 3582 2528; x_wconf 90' lang='lat' dir='ltr'><strong>tempore</strong></span> <span class='ocrx_word' id='word_1_365' title='bbox 3607 2474 3620 2512; x_wconf 89' lang='lat'><strong>:</strong></span> <span class='ocrx_word' id='word_1_366' title='bbox 3645 2455 3805 2513; x_wconf 82' lang='lat' dir='ltr'><strong>Dixit</strong></span> 
     </span>
    </p>
   </div>
   <div class='ocr_carea' id='block_1_56' title="bbox 2150 2539 3802 2617">
    <p class='ocr_par' dir='ltr' id='par_1_56' title="bbox 2150 2539 3802 2617">
     <span class='ocr_line' id='line_1_56' title="bbox 2150 2539 3802 2617; baseline 0.004 -21"><span class='ocrx_word' id='word_1_367' title='bbox 2150 2541 2321 2596; x_wconf 85' lang='lat' dir='ltr'><strong>Jesus</strong></span> <span class='ocrx_word' id='word_1_368' title='bbox 2355 2539 2662 2612; x_wconf 89' lang='lat' dir='ltr'><strong>discipulis</strong></span> <span class='ocrx_word' id='word_1_369' title='bbox 2694 2541 2817 2596; x_wconf 88' lang='lat' dir='ltr'><strong>suis</strong></span> <span class='ocrx_word' id='word_1_370' title='bbox 2843 2541 2934 2597; x_wconf 88' lang='lat' dir='ltr'><strong>:Si</strong></span> <span class='ocrx_word' id='word_1_371' title='bbox 2965 2542 3116 2614; x_wconf 90' lang='lat' dir='ltr'><strong>quis,</strong></span> <span class='ocrx_word' id='word_1_372' title='bbox 3141 2546 3458 2617; x_wconf 80' lang='lat' dir='ltr'><strong>etc.,usque</strong></span> <span class='ocrx_word' id='word_1_373' title='bbox 3484 2545 3802 2602; x_wconf 88' lang='lat' dir='ltr'><strong>essedisci-</strong></span> 
     </span>
    </p>
   </div>
   <div class='ocr_carea' id='block_1_57' title="bbox 2155 2628 3802 2706">
    <p class='ocr_par' dir='ltr' id='par_1_57' title="bbox 2155 2628 3802 2706">
     <span class='ocr_line' id='line_1_57' title="bbox 2155 2628 3802 2706; baseline 0.005 -23"><span class='ocrx_word' id='word_1_374' title='bbox 2155 2628 2348 2702; x_wconf 91' lang='lat' dir='ltr'><strong>pulus.</strong></span> <span class='ocrx_word' id='word_1_375' title='bbox 2385 2630 2751 2700; x_wconf 81' lang='lat' dir='ltr'><strong>Oﬂ‘ertorium,</strong></span> <span class='ocrx_word' id='word_1_376' title='bbox 2801 2635 3027 2699; x_wconf 80' lang='lat' dir='ltr'><strong>secreta,</strong></span> <span class='ocrx_word' id='word_1_377' title='bbox 3087 2633 3395 2688; x_wconf 68' lang='lat' dir='ltr'><strong>communio</strong></span> <span class='ocrx_word' id='word_1_378' title='bbox 3423 2637 3482 2688; x_wconf 91' lang='lat' dir='ltr'><strong>et</strong></span> <span class='ocrx_word' id='word_1_379' title='bbox 3532 2643 3802 2706; x_wconf 78' lang='lat' dir='ltr'><strong>postcom-</strong></span> 
     </span>
    </p>
   </div>
   <div class='ocr_carea' id='block_1_58' title="bbox 2151 2717 2754 2785">
    <p class='ocr_par' dir='ltr' id='par_1_58' title="bbox 2151 2717 2754 2785">
     <span class='ocr_line' id='line_1_58' title="bbox 2151 2717 2754 2785; baseline 0.002 -13"><span class='ocrx_word' id='word_1_380' title='bbox 2151 2719 2363 2785; x_wconf 82' lang='lat' dir='ltr'><strong>munia,</strong></span> <span class='ocrx_word' id='word_1_381' title='bbox 2397 2725 2456 2772; x_wconf 84' lang='lat' dir='ltr'><strong>ut</strong></span> <span class='ocrx_word' id='word_1_382' title='bbox 2486 2719 2546 2772; x_wconf 83' lang='lat' dir='ltr'><strong>in</strong></span> <span class='ocrx_word' id='word_1_383' title='bbox 2575 2717 2754 2773; x_wconf 75' lang='lat' dir='ltr'><strong>editis.</strong></span> 
     </span>
    </p>
   </div>
   <div class='ocr_carea' id='block_1_59' title="bbox 2360 2820 3602 2866">
    <p class='ocr_par' dir='ltr' id='par_1_59' title="bbox 2360 2820 3602 2866">
     <span class='ocr_line' id='line_1_59' title="bbox 2360 2820 3602 2866; baseline 0.005 -6"><span class='ocrx_word' id='word_1_384' title='bbox 2360 2823 2528 2861; x_wconf 79' lang='lat' dir='ltr'><strong>MlSSA</strong></span> <span class='ocrx_word' id='word_1_385' title='bbox 2568 2820 2747 2862; x_wconf 74' lang='lat' dir='ltr'><strong>UNIUS</strong></span> <span class='ocrx_word' id='word_1_386' title='bbox 2788 2823 3075 2862; x_wconf 72' lang='lat' dir='ltr'><strong>MARTYRIS</strong></span> <span class='ocrx_word' id='word_1_387' title='bbox 3115 2825 3228 2864; x_wconf 72' lang='lat' dir='ltr'><strong>NON</strong></span> <span class='ocrx_word' id='word_1_388' title='bbox 3273 2826 3602 2866; x_wconf 70' lang='lat' dir='ltr'><strong>PONTIFICIS.</strong></span> 
     </span>
    </p>
   </div>
   <div class='ocr_carea' id='block_1_60' title="bbox 2221 2884 3806 2968">
    <p class='ocr_par' dir='ltr' id='par_1_60' title="bbox 2221 2884 3806 2968">
     <span class='ocr_line' id='line_1_60' title="bbox 2221 2884 3806 2968; baseline 0.005 -18"><span class='ocrx_word' id='word_1_389' title='bbox 2221 2894 2427 2950; x_wconf 87' lang='lat' dir='ltr'><strong>Justus</strong></span> <span class='ocrx_word' id='word_1_390' title='bbox 2459 2912 2573 2949; x_wconf 90' lang='lat' dir='ltr'><strong>non</strong></span> <span class='ocrx_word' id='word_1_391' title='bbox 2607 2895 3075 2965; x_wconf 88' lang='lat' dir='ltr'><strong>conturbabitur,</strong></span> <span class='ocrx_word' id='word_1_392' title='bbox 3106 2896 3244 2968; x_wconf 87' lang='lat' dir='ltr'><strong>quia</strong></span> <span class='ocrx_word' id='word_1_393' title='bbox 3274 2899 3558 2956; x_wconf 87' lang='lat' dir='ltr'><strong>Dominus</strong></span> <span class='ocrx_word' id='word_1_394' title='bbox 3605 2884 3806 2958; x_wconf 78' lang='lat' dir='ltr'><strong>ﬁrmat</strong></span> 
     </span>
    </p>
   </div>
   <div class='ocr_carea' id='block_1_61' title="bbox 2155 2973 3814 3056">
    <p class='ocr_par' dir='ltr' id='par_1_61' title="bbox 2155 2973 3814 3056">
     <span class='ocr_line' id='line_1_61' title="bbox 2155 2973 3814 3056; baseline 0.004 -18"><span class='ocrx_word' id='word_1_395' title='bbox 2155 2999 2366 3039; x_wconf 89' lang='lat' dir='ltr'><strong>manus</strong></span> <span class='ocrx_word' id='word_1_396' title='bbox 2409 2985 2557 3054; x_wconf 82' lang='lat' dir='ltr'><strong>ejus,</strong></span> <span class='ocrx_word' id='word_1_397' title='bbox 2619 2988 2737 3040; x_wconf 90' lang='lat' dir='ltr'><strong>tota</strong></span> <span class='ocrx_word' id='word_1_398' title='bbox 2769 2985 2861 3040; x_wconf 88' lang='lat' dir='ltr'><strong>die</strong></span> <span class='ocrx_word' id='word_1_399' title='bbox 2917 2985 3232 3041; x_wconf 87' lang='lat' dir='ltr'><strong>miseretur</strong></span> <span class='ocrx_word' id='word_1_400' title='bbox 3259 2991 3317 3042; x_wconf 88' lang='lat' dir='ltr'><strong>et</strong></span> <span class='ocrx_word' id='word_1_401' title='bbox 3365 2973 3720 3056; x_wconf 82' lang='lat' dir='ltr'><strong>commodat,</strong></span> <span class='ocrx_word' id='word_1_402' title='bbox 3749 2994 3814 3045; x_wconf 86' lang='lat' dir='ltr'><strong>et</strong></span> 
     </span>
    </p>
   </div>
   <div class='ocr_carea' id='block_1_62' title="bbox 2154 3072 3804 3143">
    <p class='ocr_par' dir='ltr' id='par_1_62' title="bbox 2154 3072 3804 3143">
     <span class='ocr_line' id='line_1_62' title="bbox 2154 3072 3804 3143; baseline 0.004 -15"><span class='ocrx_word' id='word_1_403' title='bbox 2154 3089 2352 3130; x_wconf 89' lang='lat' dir='ltr'><strong>semen</strong></span> <span class='ocrx_word' id='word_1_404' title='bbox 2383 3073 2510 3143; x_wconf 88' lang='lat' dir='ltr'><strong>ejus</strong></span> <span class='ocrx_word' id='word_1_405' title='bbox 2543 3072 2598 3128; x_wconf 88' lang='lat' dir='ltr'><strong>in</strong></span> <span class='ocrx_word' id='word_1_406' title='bbox 2633 3073 3034 3130; x_wconf 90' lang='lat' dir='ltr'><strong>benedictione</strong></span> <span class='ocrx_word' id='word_1_407' title='bbox 3080 3074 3209 3141; x_wconf 89' lang='lat' dir='ltr'><strong>erit,</strong></span> <span class='ocrx_word' id='word_1_408' title='bbox 3243 3075 3302 3130; x_wconf 89' lang='lat' dir='ltr'><strong>in</strong></span> <span class='ocrx_word' id='word_1_409' title='bbox 3351 3079 3632 3133; x_wconf 70' lang='lat' dir='ltr'><strong>aeternum</strong></span> <span class='ocrx_word' id='word_1_410' title='bbox 3663 3094 3804 3134; x_wconf 84' lang='lat' dir='ltr'><strong>con-</strong></span> 
     </span>
    </p>
   </div>
   <div class='ocr_carea' id='block_1_63' title="bbox 2154 3160 3808 3240">
    <p class='ocr_par' dir='ltr' id='par_1_63' title="bbox 2154 3160 3808 3240">
     <span class='ocr_line' id='line_1_63' title="bbox 2154 3160 3808 3240; baseline 0.004 -24"><span class='ocrx_word' id='word_1_411' title='bbox 2154 3160 2495 3216; x_wconf 87' lang='lat' dir='ltr'><strong>servabitur.</strong></span> <span class='ocrx_word' id='word_1_412' title='bbox 2541 3161 2693 3217; x_wconf 80' lang='lat' dir='ltr'><strong>Psal.</strong></span> <span class='ocrx_word' id='word_1_413' title='bbox 2753 3161 2881 3217; x_wconf 92' lang='lat' dir='ltr'><strong>Noli</strong></span> <span class='ocrx_word' id='word_1_414' title='bbox 2935 3161 3215 3220; x_wconf 66' lang='lat' dir='ltr'><strong>(emulari.</strong></span> <span class='ocrx_word' id='word_1_415' title='bbox 3251 3164 3455 3220; x_wconf 81' lang='lat' dir='ltr'><strong>Oratio.</strong></span> <span class='ocrx_word' id='word_1_416' title='bbox 3491 3165 3666 3232; x_wconf 89' lang='lat' dir='ltr'><strong>Deus,</strong></span> <span class='ocrx_word' id='word_1_417' title='bbox 3701 3167 3808 3240; x_wconf 90' lang='lat' dir='ltr'><strong>qui</strong></span> 
     </span>
    </p>
   </div>
   <div class='ocr_carea' id='block_1_64' title="bbox 2154 3249 3811 3323">
    <p class='ocr_par' dir='ltr' id='par_1_64' title="bbox 2154 3249 3811 3323">
     <span class='ocr_line' id='line_1_64' title="bbox 2154 3249 3811 3323; baseline 0.005 -19"><span class='ocrx_word' id='word_1_418' title='bbox 2154 3266 2260 3305; x_wconf 92' lang='lat' dir='ltr'><strong>nos</strong></span> <span class='ocrx_word' id='word_1_419' title='bbox 2287 3249 2354 3304; x_wconf 92' lang='lat' dir='ltr'><strong>N.</strong></span> <span class='ocrx_word' id='word_1_420' title='bbox 2387 3251 2663 3323; x_wconf 81' lang='lat' dir='ltr'><strong>martyris</strong></span> <span class='ocrx_word' id='word_1_421' title='bbox 2691 3254 2748 3305; x_wconf 90' lang='lat' dir='ltr'><strong>et</strong></span> <span class='ocrx_word' id='word_1_422' title='bbox 2775 3251 3190 3308; x_wconf 85' lang='lat' dir='ltr'><strong>intercessione</strong></span> <span class='ocrx_word' id='word_1_423' title='bbox 3220 3251 3502 3320; x_wconf 71' lang='lat' dir='ltr'><strong>laetificas,</strong></span> <span class='ocrx_word' id='word_1_424' title='bbox 3554 3256 3811 3312; x_wconf 87' lang='lat' dir='ltr'><strong>concede</strong></span> 
     </span>
    </p>
   </div>
   <div class='ocr_carea' id='block_1_65' title="bbox 404 3323 3815 3414">
    <p class='ocr_par' dir='ltr' id='par_1_65' title="bbox 404 3323 3815 3414">
     <span class='ocr_line' id='line_1_65' title="bbox 404 3323 3815 3414; baseline 0.001 -16"><span class='ocrx_word' id='word_1_425' title='bbox 404 3339 534 3398; x_wconf 87' lang='lat' dir='ltr'><strong>rum</strong></span> <span class='ocrx_word' id='word_1_426' title='bbox 569 3349 802 3398; x_wconf 90' lang='lat' dir='ltr'><strong>tuorum</strong></span> <span class='ocrx_word' id='word_1_427' title='bbox 829 3340 1029 3397; x_wconf 89' lang='lat' dir='ltr'><strong>bestiis</strong></span> <span class='ocrx_word' id='word_1_428' title='bbox 1061 3345 1246 3396; x_wconf 65' lang='lat' dir='ltr'><strong>terrai.</strong></span> <span class='ocrx_word' id='word_1_429' title='bbox 1280 3339 1599 3412; x_wconf 86' lang='lat' dir='ltr'><strong>Sequentia</strong></span> <span class='ocrx_word' id='word_1_430' title='bbox 1629 3339 1814 3394; x_wconf 88' lang='lat' dir='ltr'><strong>sancti</strong></span> <span class='ocrx_word' id='word_1_431' title='bbox 1855 3339 2038 3393; x_wconf 88' lang='lat' dir='ltr'><strong>Evan-</strong></span> <span class='ocrx_word' id='word_1_432' title='bbox 2071 3323 2114 3388; x_wconf 85' lang='lat' dir='ltr'><strong>C</strong></span> <span class='ocrx_word' id='word_1_433' title='bbox 2152 3339 2458 3411; x_wconf 89' lang='lat' dir='ltr'><strong>propitius,</strong></span> <span class='ocrx_word' id='word_1_434' title='bbox 2494 3344 2556 3394; x_wconf 90' lang='lat' dir='ltr'><strong>ut</strong></span> <span class='ocrx_word' id='word_1_435' title='bbox 2585 3338 2684 3411; x_wconf 91' lang='lat' dir='ltr'><strong>qui</strong></span> <span class='ocrx_word' id='word_1_436' title='bbox 2715 3340 2844 3411; x_wconf 90' lang='lat' dir='ltr'><strong>ejus</strong></span> <span class='ocrx_word' id='word_1_437' title='bbox 2875 3340 3156 3396; x_wconf 84' lang='lat' dir='ltr'><strong>beneficia</strong></span> <span class='ocrx_word' id='word_1_438' title='bbox 3185 3343 3502 3414; x_wconf 88' lang='lat' dir='ltr'><strong>poscimus,</strong></span> <span class='ocrx_word' id='word_1_439' title='bbox 3527 3343 3680 3400; x_wconf 89' lang='lat' dir='ltr'><strong>dono</strong></span> <span class='ocrx_word' id='word_1_440' title='bbox 3695 3349 3815 3400; x_wconf 68' lang='lat' dir='ltr'><strong>tuae</strong></span> 
     </span>
    </p>
   </div>
   <div class='ocr_carea' id='block_1_66' title="bbox 402 3426 2044 3506">
    <p class='ocr_par' dir='ltr' id='par_1_66' title="bbox 402 3426 2044 3506">
     <span class='ocr_line' id='line_1_66' title="bbox 402 3426 2044 3506; baseline -0.005 -18"><span class='ocrx_word' id='word_1_441' title='bbox 402 3429 535 3506; x_wconf 84' lang='lat' dir='ltr'><strong>gelii</strong></span> <span class='ocrx_word' id='word_1_442' title='bbox 557 3431 882 3487; x_wconf 86' lang='lat' dir='ltr'><strong>secundum</strong></span> <span class='ocrx_word' id='word_1_443' title='bbox 908 3429 1265 3484; x_wconf 77' lang='lat' dir='ltr'><strong>Mattbmum.</strong></span> <span class='ocrx_word' id='word_1_444' title='bbox 1289 3429 1352 3484; x_wconf 93' lang='lat' dir='ltr'><strong>1n</strong></span> <span class='ocrx_word' id='word_1_445' title='bbox 1386 3427 1485 3484; x_wconf 93' lang='lat' dir='ltr'><strong>illo</strong></span> <span class='ocrx_word' id='word_1_446' title='bbox 1507 3431 1767 3500; x_wconf 86' lang='lat' dir='ltr'><strong>tempore</strong></span> <span class='ocrx_word' id='word_1_447' title='bbox 1793 3426 2044 3483; x_wconf 90' lang='lat' dir='ltr'><strong>:Circui-</strong></span> 
     </span>
    </p>
   </div>
   <div class='ocr_carea' id='block_1_67' title="bbox 403 3517 2040 3590">
    <p class='ocr_par' dir='ltr' id='par_1_67' title="bbox 403 3517 2040 3590">
     <span class='ocr_line' id='line_1_67' title="bbox 403 3517 2040 3590; baseline -0.003 -13"><span class='ocrx_word' id='word_1_448' title='bbox 403 3523 503 3577; x_wconf 88' lang='lat' dir='ltr'><strong>bat</strong></span> <span class='ocrx_word' id='word_1_449' title='bbox 538 3519 729 3587; x_wconf 85' lang='lat' dir='ltr'><strong>Jesus,</strong></span> <span class='ocrx_word' id='word_1_450' title='bbox 789 3524 920 3586; x_wconf 90' lang='lat' dir='ltr'><strong>etc.,</strong></span> <span class='ocrx_word' id='word_1_451' title='bbox 977 3535 1148 3590; x_wconf 65' lang='lat' dir='ltr'><strong>usque</strong></span> <span class='ocrx_word' id='word_1_452' title='bbox 1199 3517 1385 3590; x_wconf 84' lang='lat' dir='ltr'><strong>gratis</strong></span> <span class='ocrx_word' id='word_1_453' title='bbox 1443 3517 1596 3572; x_wconf 88' lang='lat' dir='ltr'><strong>date.</strong></span> <span class='ocrx_word' id='word_1_454' title='bbox 1659 3518 2040 3589; x_wconf 71' lang='lat' dir='ltr'><strong>Offertorium.</strong></span> 
     </span>
    </p>
   </div>
   <div class='ocr_carea' id='block_1_68' title="bbox 399 3602 2046 3680">
    <p class='ocr_par' dir='ltr' id='par_1_68' title="bbox 399 3602 2046 3680">
     <span class='ocr_line' id='line_1_68' title="bbox 399 3602 2046 3680; baseline -0.005 -14"><span class='ocrx_word' id='word_1_455' title='bbox 399 3608 789 3667; x_wconf 87' lang='lat' dir='ltr'><strong>Exsultabuut</strong></span> <span class='ocrx_word' id='word_1_456' title='bbox 815 3607 1002 3664; x_wconf 89' lang='lat' dir='ltr'><strong>sancti</strong></span> <span class='ocrx_word' id='word_1_457' title='bbox 1035 3607 1095 3663; x_wconf 90' lang='lat' dir='ltr'><strong>in</strong></span> <span class='ocrx_word' id='word_1_458' title='bbox 1125 3605 1332 3680; x_wconf 84' lang='lat' dir='ltr'><strong>gloria,</strong></span> <span class='ocrx_word' id='word_1_459' title='bbox 1360 3605 1716 3662; x_wconf 68' lang='lat' dir='ltr'><strong>laetabuntur</strong></span> <span class='ocrx_word' id='word_1_460' title='bbox 1749 3604 1804 3660; x_wconf 90' lang='lat' dir='ltr'><strong>in</strong></span> <span class='ocrx_word' id='word_1_461' title='bbox 1842 3602 2046 3661; x_wconf 89' lang='lat' dir='ltr'><strong>cubili-</strong></span> 
     </span>
    </p>
   </div>
   <div class='ocr_carea' id='block_1_69' title="bbox 399 3694 2038 3766">
    <p class='ocr_par' dir='ltr' id='par_1_69' title="bbox 399 3694 2038 3766">
     <span class='ocr_line' id='line_1_69' title="bbox 399 3694 2038 3766; baseline -0.005 -10"><span class='ocrx_word' id='word_1_462' title='bbox 399 3701 512 3756; x_wconf 88' lang='lat' dir='ltr'><strong>bus</strong></span> <span class='ocrx_word' id='word_1_463' title='bbox 571 3699 716 3766; x_wconf 92' lang='lat' dir='ltr'><strong>suis,</strong></span> <span class='ocrx_word' id='word_1_464' title='bbox 771 3697 1148 3754; x_wconf 75' lang='lat' dir='ltr'><strong>exultationes</strong></span> <span class='ocrx_word' id='word_1_465' title='bbox 1207 3695 1306 3750; x_wconf 88' lang='lat' dir='ltr'><strong>Dei</strong></span> <span class='ocrx_word' id='word_1_466' title='bbox 1360 3695 1418 3749; x_wconf 91' lang='lat' dir='ltr'><strong>in</strong></span> <span class='ocrx_word' id='word_1_467' title='bbox 1494 3694 1760 3750; x_wconf 80' lang='lat' dir='ltr'><strong>faucibus</strong></span> <span class='ocrx_word' id='word_1_468' title='bbox 1814 3709 2038 3748; x_wconf 89' lang='lat' dir='ltr'><strong>eorum.</strong></span> 
     </span>
    </p>
   </div>
   <div class='ocr_carea' id='block_1_70' title="bbox 398 3782 2037 3854">
    <p class='ocr_par' dir='ltr' id='par_1_70' title="bbox 398 3782 2037 3854">
     <span class='ocr_line' id='line_1_70' title="bbox 398 3782 2037 3854; baseline -0.005 -9"><span class='ocrx_word' id='word_1_469' title='bbox 398 3790 633 3844; x_wconf 78' lang='lat' dir='ltr'><strong>Secreta.</strong></span> <span class='ocrx_word' id='word_1_470' title='bbox 668 3785 1007 3842; x_wconf 82' lang='lat' dir='ltr'><strong>Muneribus</strong></span> <span class='ocrx_word' id='word_1_471' title='bbox 1063 3783 1282 3840; x_wconf 87' lang='lat' dir='ltr'><strong>nostris</strong></span> <span class='ocrx_word' id='word_1_472' title='bbox 1341 3782 1738 3854; x_wconf 85' lang='lat' dir='ltr'><strong>apostolorum</strong></span> <span class='ocrx_word' id='word_1_473' title='bbox 1777 3786 2037 3849; x_wconf 89' lang='lat' dir='ltr'><strong>tuorum,</strong></span> 
     </span>
    </p>
   </div>
   <div class='ocr_carea' id='block_1_71' title="bbox 397 3864 2037 3946">
    <p class='ocr_par' dir='ltr' id='par_1_71' title="bbox 397 3864 2037 3946">
     <span class='ocr_line' id='line_1_71' title="bbox 397 3864 2037 3946; baseline -0.005 -13"><span class='ocrx_word' id='word_1_474' title='bbox 397 3864 664 3942; x_wconf 82' lang='lat' dir='ltr'><strong>Domine,</strong></span> <span class='ocrx_word' id='word_1_475' title='bbox 687 3875 835 3930; x_wconf 85' lang='lat' dir='ltr'><strong>festa</strong></span> <span class='ocrx_word' id='word_1_476' title='bbox 856 3873 1150 3946; x_wconf 67' lang='lat' dir='ltr'><strong>praeimus,</strong></span> <span class='ocrx_word' id='word_1_477' title='bbox 1186 3871 1486 3927; x_wconf 88' lang='lat' dir='ltr'><strong>humiliter</strong></span> <span class='ocrx_word' id='word_1_478' title='bbox 1513 3871 1917 3944; x_wconf 88' lang='lat' dir='ltr'><strong>implorantes,</strong></span> <span class='ocrx_word' id='word_1_479' title='bbox 1950 3874 2037 3939; x_wconf 88' lang='lat' dir='ltr'><strong>ut,</strong></span> 
     </span>
    </p>
   </div>
   <div class='ocr_carea' id='block_1_72' title="bbox 395 3957 2034 4038">
    <p class='ocr_par' dir='ltr' id='par_1_72' title="bbox 395 3957 2034 4038">
     <span class='ocr_line' id='line_1_72' title="bbox 395 3957 2034 4038; baseline -0.003 -18"><span class='ocrx_word' id='word_1_480' title='bbox 395 3979 525 4038; x_wconf 73' lang='lat' dir='ltr'><strong>qum</strong></span> <span class='ocrx_word' id='word_1_481' title='bbox 558 3963 923 4020; x_wconf 65' lang='lat' dir='ltr'><strong>conscientia:</strong></span> <span class='ocrx_word' id='word_1_482' title='bbox 972 3965 1182 4017; x_wconf 68' lang='lat' dir='ltr'><strong>nostrae</strong></span> <span class='ocrx_word' id='word_1_483' title='bbox 1223 3961 1661 4032; x_wconf 66' lang='lat' dir='ltr'><strong>przepediuntur</strong></span> <span class='ocrx_word' id='word_1_484' title='bbox 1691 3957 2034 4026; x_wconf 87' lang='lat' dir='ltr'><strong>obstaculis,</strong></span> 
     </span>
    </p>
   </div>
   <div class='ocr_carea' id='block_1_73' title="bbox 392 4049 2033 4124">
    <p class='ocr_par' dir='ltr' id='par_1_73' title="bbox 392 4049 2033 4124">
     <span class='ocr_line' id='line_1_73' title="bbox 392 4049 2033 4124; baseline -0.004 -13"><span class='ocrx_word' id='word_1_485' title='bbox 392 4055 628 4113; x_wconf 89' lang='lat' dir='ltr'><strong>illorum</strong></span> <span class='ocrx_word' id='word_1_486' title='bbox 661 4051 882 4108; x_wconf 88' lang='lat' dir='ltr'><strong>meritis</strong></span> <span class='ocrx_word' id='word_1_487' title='bbox 915 4050 1019 4106; x_wconf 87' lang='lat' dir='ltr'><strong>tibi</strong></span> <span class='ocrx_word' id='word_1_488' title='bbox 1051 4053 1218 4124; x_wconf 85' lang='lat' dir='ltr'><strong>grato.</strong></span> <span class='ocrx_word' id='word_1_489' title='bbox 1247 4049 1586 4104; x_wconf 87' lang='lat' dir='ltr'><strong>reddantur.</strong></span> <span class='ocrx_word' id='word_1_490' title='bbox 1619 4053 1745 4104; x_wconf 85' lang='lat' dir='ltr'><strong>Per.</strong></span> <span class='ocrx_word' id='word_1_491' title='bbox 1783 4049 2033 4105; x_wconf 81' lang='lat' dir='ltr'><strong>Commu-</strong></span> 
     </span>
    </p>
   </div>
   <div class='ocr_carea' id='block_1_74' title="bbox 389 4137 2030 4205">
    <p class='ocr_par' dir='ltr' id='par_1_74' title="bbox 389 4137 2030 4205">
     <span class='ocr_line' id='line_1_74' title="bbox 389 4137 2030 4205; baseline -0.004 -4"><span class='ocrx_word' id='word_1_492' title='bbox 389 4146 503 4201; x_wconf 85' lang='lat' dir='ltr'><strong>nio.</strong></span> <span class='ocrx_word' id='word_1_493' title='bbox 535 4143 838 4200; x_wconf 87' lang='lat' dir='ltr'><strong>Justorum</strong></span> <span class='ocrx_word' id='word_1_494' title='bbox 870 4139 1076 4195; x_wconf 68' lang='lat' dir='ltr'><strong>animas</strong></span> <span class='ocrx_word' id='word_1_495' title='bbox 1136 4139 1196 4194; x_wconf 88' lang='lat' dir='ltr'><strong>in</strong></span> <span class='ocrx_word' id='word_1_496' title='bbox 1255 4155 1431 4194; x_wconf 88' lang='lat' dir='ltr'><strong>manu</strong></span> <span class='ocrx_word' id='word_1_497' title='bbox 1493 4137 1594 4193; x_wconf 92' lang='lat' dir='ltr'><strong>Dei</strong></span> <span class='ocrx_word' id='word_1_498' title='bbox 1641 4143 1799 4205; x_wconf 89' lang='lat' dir='ltr'><strong>sunt,</strong></span> <span class='ocrx_word' id='word_1_499' title='bbox 1829 4143 1886 4193; x_wconf 90' lang='lat' dir='ltr'><strong>et</strong></span> <span class='ocrx_word' id='word_1_500' title='bbox 1915 4155 2030 4194; x_wconf 92' lang='lat' dir='ltr'><strong>non</strong></span> 
     </span>
    </p>
   </div>
   <div class='ocr_carea' id='block_1_75' title="bbox 391 4226 2030 4306">
    <p class='ocr_par' dir='ltr' id='par_1_75' title="bbox 391 4226 2030 4306">
     <span class='ocr_line' id='line_1_75' title="bbox 391 4226 2030 4306; baseline -0.005 -15"><span class='ocrx_word' id='word_1_501' title='bbox 391 4239 591 4306; x_wconf 85' lang='lat' dir='ltr'><strong>tanget</strong></span> <span class='ocrx_word' id='word_1_502' title='bbox 621 4231 752 4287; x_wconf 87' lang='lat' dir='ltr'><strong>illos</strong></span> <span class='ocrx_word' id='word_1_503' title='bbox 782 4232 1140 4286; x_wconf 89' lang='lat' dir='ltr'><strong>tormentum</strong></span> <span class='ocrx_word' id='word_1_504' title='bbox 1172 4226 1426 4282; x_wconf 71' lang='lat' dir='ltr'><strong>malitias.</strong></span> <span class='ocrx_word' id='word_1_505' title='bbox 1462 4226 1585 4282; x_wconf 91' lang='lat' dir='ltr'><strong>Visi</strong></span> <span class='ocrx_word' id='word_1_506' title='bbox 1644 4231 1783 4283; x_wconf 89' lang='lat' dir='ltr'><strong>sunt</strong></span> <span class='ocrx_word' id='word_1_507' title='bbox 1823 4227 2030 4297; x_wconf 90' lang='lat' dir='ltr'><strong>oculis,</strong></span> 
     </span>
    </p>
   </div>
   <div class='ocr_carea' id='block_1_76' title="bbox 392 4315 2031 4394">
    <p class='ocr_par' dir='ltr' id='par_1_76' title="bbox 392 4315 2031 4394">
     <span class='ocr_line' id='line_1_76' title="bbox 392 4315 2031 4394; baseline -0.004 -14"><span class='ocrx_word' id='word_1_508' title='bbox 392 4329 503 4380; x_wconf 90' lang='lat' dir='ltr'><strong>etc.</strong></span> <span class='ocrx_word' id='word_1_509' title='bbox 539 4322 614 4377; x_wconf 79' lang='lat' dir='ltr'><strong>Ad</strong></span> <span class='ocrx_word' id='word_1_510' title='bbox 639 4321 1194 4394; x_wconf 78' lang='lat' dir='ltr'><strong>postcommunionem</strong></span> <span class='ocrx_word' id='word_1_511' title='bbox 1223 4316 1510 4388; x_wconf 89' lang='lat' dir='ltr'><strong>Sumptis,</strong></span> <span class='ocrx_word' id='word_1_512' title='bbox 1545 4316 1806 4384; x_wconf 88' lang='lat' dir='ltr'><strong>Domine,</strong></span> <span class='ocrx_word' id='word_1_513' title='bbox 1833 4315 2031 4374; x_wconf 74' lang='lat' dir='ltr'><strong>coeles-</strong></span> 
     </span>
    </p>
   </div>
   <div class='ocr_carea' id='block_1_77' title="bbox 391 4405 2032 4478">
    <p class='ocr_par' dir='ltr' id='par_1_77' title="bbox 391 4405 2032 4478">
     <span class='ocr_line' id='line_1_77' title="bbox 391 4405 2032 4478; baseline -0.003 -11"><span class='ocrx_word' id='word_1_514' title='bbox 391 4413 551 4468; x_wconf 90' lang='lat' dir='ltr'><strong>tibus</strong></span> <span class='ocrx_word' id='word_1_515' title='bbox 609 4407 1010 4475; x_wconf 85' lang='lat' dir='ltr'><strong>sacramentis,</strong></span> <span class='ocrx_word' id='word_1_516' title='bbox 1061 4407 1429 4478; x_wconf 87' lang='lat' dir='ltr'><strong>majestatem</strong></span> <span class='ocrx_word' id='word_1_517' title='bbox 1490 4410 1653 4462; x_wconf 87' lang='lat' dir='ltr'><strong>tuam</strong></span> <span class='ocrx_word' id='word_1_518' title='bbox 1683 4405 2032 4478; x_wconf 87' lang='lat' dir='ltr'><strong>suppliciter</strong></span> 
     </span>
    </p>
   </div>
   <div class='ocr_carea' id='block_1_78' title="bbox 391 4494 2030 4572">
    <p class='ocr_par' dir='ltr' id='par_1_78' title="bbox 391 4494 2030 4572">
     <span class='ocr_line' id='line_1_78' title="bbox 391 4494 2030 4572; baseline -0.002 -16"><span class='ocrx_word' id='word_1_519' title='bbox 391 4501 790 4572; x_wconf 86' lang='lat' dir='ltr'><strong>deprecamur,</strong></span> <span class='ocrx_word' id='word_1_520' title='bbox 827 4501 909 4562; x_wconf 90' lang='lat' dir='ltr'><strong>ut,</strong></span> <span class='ocrx_word' id='word_1_521' title='bbox 951 4494 1446 4552; x_wconf 89' lang='lat' dir='ltr'><strong>intercedentibus</strong></span> <span class='ocrx_word' id='word_1_522' title='bbox 1501 4495 1688 4551; x_wconf 89' lang='lat' dir='ltr'><strong>beatis</strong></span> <span class='ocrx_word' id='word_1_523' title='bbox 1748 4495 2030 4568; x_wconf 89' lang='lat' dir='ltr'><strong>apostolis</strong></span> 
     </span>
    </p>
   </div>
   <div class='ocr_carea' id='block_1_79' title="bbox 391 4584 2029 4660">
    <p class='ocr_par' dir='ltr' id='par_1_79' title="bbox 391 4584 2029 4660">
     <span class='ocr_line' id='line_1_79' title="bbox 391 4584 2029 4660; baseline -0.004 -14"><span class='ocrx_word' id='word_1_524' title='bbox 391 4590 510 4646; x_wconf 89' lang='lat' dir='ltr'><strong>tuis</strong></span> <span class='ocrx_word' id='word_1_525' title='bbox 531 4587 673 4658; x_wconf 90' lang='lat' dir='ltr'><strong>NN.,</strong></span> <span class='ocrx_word' id='word_1_526' title='bbox 709 4588 862 4660; x_wconf 92' lang='lat' dir='ltr'><strong>quod</strong></span> <span class='ocrx_word' id='word_1_527' title='bbox 899 4584 1295 4658; x_wconf 89' lang='lat' dir='ltr'><strong>temporaliter</strong></span> <span class='ocrx_word' id='word_1_528' title='bbox 1320 4585 1600 4658; x_wconf 87' lang='lat' dir='ltr'><strong>gerimus,</strong></span> <span class='ocrx_word' id='word_1_529' title='bbox 1636 4585 1705 4640; x_wconf 91' lang='lat' dir='ltr'><strong>ad</strong></span> <span class='ocrx_word' id='word_1_530' title='bbox 1725 4585 1906 4640; x_wconf 87' lang='lat' dir='ltr'><strong>vitam</strong></span> <span class='ocrx_word' id='word_1_531' title='bbox 1935 4601 2029 4640; x_wconf 86' lang='lat' dir='ltr'><strong>ca-</strong></span> 
     </span>
    </p>
   </div>
   <div class='ocr_carea' id='block_1_80' title="bbox 389 4678 1104 4752">
    <p class='ocr_par' dir='ltr' id='par_1_80' title="bbox 389 4678 1104 4752">
     <span class='ocr_line' id='line_1_80' title="bbox 389 4678 1104 4752; baseline -0.003 -20"><span class='ocrx_word' id='word_1_532' title='bbox 389 4678 624 4752; x_wconf 89' lang='lat' dir='ltr'><strong>piamus</strong></span> <span class='ocrx_word' id='word_1_533' title='bbox 655 4682 951 4733; x_wconf 70' lang='lat' dir='ltr'><strong>aeternam.</strong></span> <span class='ocrx_word' id='word_1_534' title='bbox 979 4679 1104 4730; x_wconf 86' lang='lat' dir='ltr'><strong>Per.</strong></span> 
     </span>
    </p>
   </div>
   <div class='ocr_carea' id='block_1_81' title="bbox 557 4779 1859 4827">
    <p class='ocr_par' dir='ltr' id='par_1_81' title="bbox 557 4779 1859 4827">
     <span class='ocr_line' id='line_1_81' title="bbox 557 4779 1859 4827; baseline -0.005 -5"><span class='ocrx_word' id='word_1_535' title='bbox 557 4781 720 4822; x_wconf 75' lang='lat' dir='ltr'><strong>MISSA</strong></span> <span class='ocrx_word' id='word_1_536' title='bbox 751 4783 805 4821; x_wconf 77' lang='grc' dir='ltr'><strong>ΙΝ</strong></span> <span class='ocrx_word' id='word_1_537' title='bbox 837 4781 1036 4820; x_wconf 74' lang='lat' dir='ltr'><strong>VIGILM</strong></span> <span class='ocrx_word' id='word_1_538' title='bbox 1070 4780 1536 4827; x_wconf 79' lang='lat' dir='ltr'><strong>UNIUSCUJUSQUE</strong></span> <span class='ocrx_word' id='word_1_539' title='bbox 1563 4779 1859 4818; x_wconf 75' lang='lat' dir='ltr'><strong>VOLUERIS.</strong></span> 
     </span>
    </p>
   </div>
   <div class='ocr_carea' id='block_1_82' title="bbox 457 4849 2026 4929">
    <p class='ocr_par' dir='ltr' id='par_1_82' title="bbox 457 4849 2026 4929">
     <span class='ocr_line' id='line_1_82' title="bbox 457 4849 2026 4929; baseline -0.004 -17"><span class='ocrx_word' id='word_1_540' title='bbox 457 4857 576 4929; x_wconf 89' lang='lat' dir='ltr'><strong>Ego</strong></span> <span class='ocrx_word' id='word_1_541' title='bbox 633 4860 830 4911; x_wconf 89' lang='lat' dir='ltr'><strong>autem</strong></span> <span class='ocrx_word' id='word_1_542' title='bbox 882 4855 1034 4908; x_wconf 90' lang='lat' dir='ltr'><strong>sicut</strong></span> <span class='ocrx_word' id='word_1_543' title='bbox 1061 4851 1214 4909; x_wconf 89' lang='lat' dir='ltr'><strong>oliva</strong></span> <span class='ocrx_word' id='word_1_544' title='bbox 1244 4852 1584 4908; x_wconf 78' lang='lat' dir='ltr'><strong>fructificavi</strong></span> <span class='ocrx_word' id='word_1_545' title='bbox 1621 4852 1678 4906; x_wconf 91' lang='lat' dir='ltr'><strong>in</strong></span> <span class='ocrx_word' id='word_1_546' title='bbox 1709 4852 1883 4906; x_wconf 90' lang='lat' dir='ltr'><strong>domo</strong></span> <span class='ocrx_word' id='word_1_547' title='bbox 1915 4849 2026 4906; x_wconf 93' lang='lat' dir='ltr'><strong>Do-</strong></span> 
     </span>
    </p>
   </div>
   <div class='ocr_carea' id='block_1_83' title="bbox 385 4939 2024 5016">
    <p class='ocr_par' dir='ltr' id='par_1_83' title="bbox 385 4939 2024 5016">
     <span class='ocr_line' id='line_1_83' title="bbox 385 4939 2024 5016; baseline -0.002 -16"><span class='ocrx_word' id='word_1_548' title='bbox 385 4945 551 5011; x_wconf 89' lang='lat' dir='ltr'><strong>mini,</strong></span> <span class='ocrx_word' id='word_1_549' title='bbox 610 4943 836 5016; x_wconf 66' lang='grc' dir='ltr'><strong>δραι-τινὶ</strong></span> <span class='ocrx_word' id='word_1_550' title='bbox 895 4943 952 4998; x_wconf 89' lang='lat' dir='ltr'><strong>in</strong></span> <span class='ocrx_word' id='word_1_551' title='bbox 1014 4943 1414 4998; x_wconf 88' lang='lat' dir='ltr'><strong>misericordia</strong></span> <span class='ocrx_word' id='word_1_552' title='bbox 1471 4940 1567 4997; x_wconf 90' lang='lat' dir='ltr'><strong>Dei</strong></span> <span class='ocrx_word' id='word_1_553' title='bbox 1600 4939 1734 5009; x_wconf 88' lang='lat' dir='ltr'><strong>mei,</strong></span> <span class='ocrx_word' id='word_1_554' title='bbox 1767 4944 1825 4995; x_wconf 91' lang='lat' dir='ltr'><strong>et</strong></span> <span class='ocrx_word' id='word_1_555' title='bbox 1855 4957 2024 5012; x_wconf 80' lang='lat' dir='ltr'><strong>expe-</strong></span> 
     </span>
    </p>
   </div>
   <div class='ocr_carea' id='block_1_84' title="bbox 385 5033 2026 5105">
    <p class='ocr_par' dir='ltr' id='par_1_84' title="bbox 385 5033 2026 5105">
     <span class='ocr_line' id='line_1_84' title="bbox 385 5033 2026 5105; baseline -0.002 -17"><span class='ocrx_word' id='word_1_556' title='bbox 385 5033 552 5089; x_wconf 88' lang='lat' dir='ltr'><strong>ctabo</strong></span> <span class='ocrx_word' id='word_1_557' title='bbox 581 5049 789 5089; x_wconf 90' lang='lat' dir='ltr'><strong>nomen</strong></span> <span class='ocrx_word' id='word_1_558' title='bbox 819 5037 1010 5101; x_wconf 85' lang='lat' dir='ltr'><strong>tuum,</strong></span> <span class='ocrx_word' id='word_1_559' title='bbox 1041 5033 1319 5105; x_wconf 87' lang='lat' dir='ltr'><strong>quoniam</strong></span> <span class='ocrx_word' id='word_1_560' title='bbox 1351 5033 1570 5088; x_wconf 81' lang='lat' dir='ltr'><strong>bonum</strong></span> <span class='ocrx_word' id='word_1_561' title='bbox 1602 5033 1692 5084; x_wconf 89' lang='lat' dir='ltr'><strong>est</strong></span> <span class='ocrx_word' id='word_1_562' title='bbox 1712 5033 1847 5084; x_wconf 91' lang='lat' dir='ltr'><strong>ante</strong></span> <span class='ocrx_word' id='word_1_563' title='bbox 1863 5046 2026 5086; x_wconf 86' lang='lat' dir='ltr'><strong>cons-</strong></span> 
     </span>
    </p>
   </div>
   <div class='ocr_carea' id='block_1_85' title="bbox 383 5117 2025 5195">
    <p class='ocr_par' dir='ltr' id='par_1_85' title="bbox 383 5117 2025 5195">
     <span class='ocr_line' id='line_1_85' title="bbox 383 5117 2025 5195; baseline -0.002 -17"><span class='ocrx_word' id='word_1_564' title='bbox 383 5127 616 5195; x_wconf 84' lang='lat' dir='ltr'><strong>pectum</strong></span> <span class='ocrx_word' id='word_1_565' title='bbox 648 5127 984 5178; x_wconf 86' lang='lat' dir='ltr'><strong>sanctorum</strong></span> <span class='ocrx_word' id='word_1_566' title='bbox 1014 5127 1270 5179; x_wconf 91' lang='lat' dir='ltr'><strong>tuorum.</strong></span> <span class='ocrx_word' id='word_1_567' title='bbox 1309 5121 1456 5174; x_wconf 75' lang='lat' dir='ltr'><strong>Psal.</strong></span> <span class='ocrx_word' id='word_1_568' title='bbox 1492 5118 1640 5184; x_wconf 89' lang='lat' dir='ltr'><strong>Quid</strong></span> <span class='ocrx_word' id='word_1_569' title='bbox 1700 5117 1967 5190; x_wconf 89' lang='lat' dir='ltr'><strong>gloriaris</strong></span> <span class='ocrx_word' id='word_1_570' title='bbox 1996 5120 2025 5175; x_wconf 83' lang='lat'><strong>?</strong></span> 
     </span>
    </p>
   </div>
   <div class='ocr_carea' id='block_1_86' title="bbox 385 5208 2022 5282">
    <p class='ocr_par' dir='ltr' id='par_1_86' title="bbox 385 5208 2022 5282">
     <span class='ocr_line' id='line_1_86' title="bbox 385 5208 2022 5282; baseline -0.002 -14"><span class='ocrx_word' id='word_1_571' title='bbox 385 5213 589 5268; x_wconf 79' lang='lat' dir='ltr'><strong>Oratio.</strong></span> <span class='ocrx_word' id='word_1_572' title='bbox 649 5211 908 5268; x_wconf 86' lang='lat' dir='ltr'><strong>Concede</strong></span> <span class='ocrx_word' id='word_1_573' title='bbox 966 5213 1155 5278; x_wconf 90' lang='lat' dir='ltr'><strong>nobis,</strong></span> <span class='ocrx_word' id='word_1_574' title='bbox 1219 5226 1579 5282; x_wconf 61' lang='lat' dir='ltr'><strong>quiesunius,</strong></span> <span class='ocrx_word' id='word_1_575' title='bbox 1654 5208 2022 5280; x_wconf 86' lang='lat' dir='ltr'><strong>omnipotens</strong></span> 
     </span>
    </p>
   </div>
   <div class='ocr_carea' id='block_1_87' title="bbox 381 5297 2021 5372">
    <p class='ocr_par' dir='ltr' id='par_1_87' title="bbox 381 5297 2021 5372">
     <span class='ocr_line' id='line_1_87' title="bbox 381 5297 2021 5372; baseline -0.002 -15"><span class='ocrx_word' id='word_1_576' title='bbox 381 5301 556 5372; x_wconf 91' lang='lat' dir='ltr'><strong>Deus,</strong></span> <span class='ocrx_word' id='word_1_577' title='bbox 589 5308 890 5358; x_wconf 84' lang='lat' dir='ltr'><strong>venturam</strong></span> <span class='ocrx_word' id='word_1_578' title='bbox 933 5300 1086 5356; x_wconf 85' lang='lat' dir='ltr'><strong>beati</strong></span> <span class='ocrx_word' id='word_1_579' title='bbox 1271 5297 1704 5353; x_wconf 80' lang='lat' dir='ltr'><strong>solemnitatem</strong></span> <span class='ocrx_word' id='word_1_580' title='bbox 1767 5313 2021 5371; x_wconf 89' lang='lat' dir='ltr'><strong>congruo</strong></span> 
     </span>
    </p>
   </div>
   <div class='ocr_carea' id='block_1_88' title="bbox 380 5386 2020 5463">
    <p class='ocr_par' dir='ltr' id='par_1_88' title="bbox 380 5386 2020 5463">
     <span class='ocr_line' id='line_1_88' title="bbox 380 5386 2020 5463; baseline -0.001 -17"><span class='ocrx_word' id='word_1_581' title='bbox 380 5393 693 5463; x_wconf 72' lang='lat' dir='ltr'><strong>praevenire</strong></span> <span class='ocrx_word' id='word_1_582' title='bbox 774 5392 1015 5455; x_wconf 88' lang='lat' dir='ltr'><strong>honore,</strong></span> <span class='ocrx_word' id='word_1_583' title='bbox 1092 5387 1416 5444; x_wconf 85' lang='lat' dir='ltr'><strong>venientem</strong></span> <span class='ocrx_word' id='word_1_584' title='bbox 1491 5386 1670 5459; x_wconf 89' lang='lat' dir='ltr'><strong>digna</strong></span> <span class='ocrx_word' id='word_1_585' title='bbox 1727 5387 2020 5445; x_wconf 85' lang='lat' dir='ltr'><strong>celebrare</strong></span> 
     </span>
    </p>
   </div>
   <div class='ocr_carea' id='block_1_89' title="bbox 378 5463 2018 5548">
    <p class='ocr_par' dir='ltr' id='par_1_89' title="bbox 378 5463 2018 5548">
     <span class='ocr_line' id='line_1_89' title="bbox 378 5463 2018 5548; baseline 0 -14"><span class='ocrx_word' id='word_1_586' title='bbox 378 5480 766 5537; x_wconf 86' lang='lat' dir='ltr'><strong>veneratione.</strong></span> <span class='ocrx_word' id='word_1_587' title='bbox 796 5485 922 5534; x_wconf 88' lang='lat' dir='ltr'><strong>Per.</strong></span> <span class='ocrx_word' id='word_1_588' title='bbox 945 5478 1136 5533; x_wconf 90' lang='lat' dir='ltr'><strong>Lectio</strong></span> <span class='ocrx_word' id='word_1_589' title='bbox 1157 5476 1288 5532; x_wconf 89' lang='lat' dir='ltr'><strong>libri</strong></span> <span class='ocrx_word' id='word_1_590' title='bbox 1321 5476 1644 5548; x_wconf 65' lang='lat' dir='ltr'><strong>Sapientiae.</strong></span> <span class='ocrx_word' id='word_1_591' title='bbox 1696 5463 2018 5534; x_wconf 85' lang='lat' dir='ltr'><strong>Benedictio</strong></span> 
     </span>
    </p>
   </div>
   <div class='ocr_carea' id='block_1_90' title="bbox 379 5565 2016 5640">
    <p class='ocr_par' dir='ltr' id='par_1_90' title="bbox 379 5565 2016 5640">
     <span class='ocr_line' id='line_1_90' title="bbox 379 5565 2016 5640; baseline -0.001 -17"><span class='ocrx_word' id='word_1_592' title='bbox 379 5569 636 5636; x_wconf 87' lang='lat' dir='ltr'><strong>Domini,</strong></span> <span class='ocrx_word' id='word_1_593' title='bbox 667 5574 802 5634; x_wconf 91' lang='lat' dir='ltr'><strong>etc.,</strong></span> <span class='ocrx_word' id='word_1_594' title='bbox 833 5584 1004 5638; x_wconf 82' lang='lat' dir='ltr'><strong>usque</strong></span> <span class='ocrx_word' id='word_1_595' title='bbox 1058 5583 1272 5623; x_wconf 90' lang='lat' dir='ltr'><strong>corona</strong></span> <span class='ocrx_word' id='word_1_596' title='bbox 1330 5565 1544 5640; x_wconf 72' lang='lat' dir='ltr'><strong>gloriae.</strong></span> <span class='ocrx_word' id='word_1_597' title='bbox 1579 5567 1866 5622; x_wconf 84' lang='lat' dir='ltr'><strong>Graduale.</strong></span> <span class='ocrx_word' id='word_1_598' title='bbox 1913 5567 2016 5622; x_wconf 87' lang='lat' dir='ltr'><strong>Ju-</strong></span> 
     </span>
    </p>
   </div>
   <div class='ocr_carea' id='block_1_91' title="bbox 378 5655 2016 5730">
    <p class='ocr_par' dir='ltr' id='par_1_91' title="bbox 378 5655 2016 5730">
     <span class='ocr_line' id='line_1_91' title="bbox 378 5655 2016 5730; baseline -0.002 -18"><span class='ocrx_word' id='word_1_599' title='bbox 378 5662 506 5712; x_wconf 88' lang='lat' dir='ltr'><strong>stus</strong></span> <span class='ocrx_word' id='word_1_600' title='bbox 536 5662 602 5713; x_wconf 92' lang='lat' dir='ltr'><strong>ut</strong></span> <span class='ocrx_word' id='word_1_601' title='bbox 631 5657 826 5730; x_wconf 89' lang='lat' dir='ltr'><strong>palma</strong></span> <span class='ocrx_word' id='word_1_602' title='bbox 856 5657 1083 5712; x_wconf 85' lang='lat' dir='ltr'><strong>florebit</strong></span> <span class='ocrx_word' id='word_1_603' title='bbox 1138 5656 1292 5713; x_wconf 89' lang='lat' dir='ltr'><strong>sicut</strong></span> <span class='ocrx_word' id='word_1_604' title='bbox 1322 5657 1529 5713; x_wconf 90' lang='lat' dir='ltr'><strong>cedrus</strong></span> <span class='ocrx_word' id='word_1_605' title='bbox 1580 5655 1784 5712; x_wconf 87' lang='lat' dir='ltr'><strong>Libani</strong></span> <span class='ocrx_word' id='word_1_606' title='bbox 1815 5655 2016 5710; x_wconf 87' lang='lat' dir='ltr'><strong>multi-</strong></span> 
     </span>
    </p>
   </div>
   <div class='ocr_carea' id='block_1_92' title="bbox 377 5744 2015 5823">
    <p class='ocr_par' dir='ltr' id='par_1_92' title="bbox 377 5744 2015 5823">
     <span class='ocr_line' id='line_1_92' title="bbox 377 5744 2015 5823; baseline 0.002 -23"><span class='ocrx_word' id='word_1_607' title='bbox 377 5744 708 5823; x_wconf 84' lang='lat' dir='ltr'><strong>plicabitur.</strong></span> <span class='ocrx_word' id='word_1_608' title='bbox 743 5746 825 5805; x_wconf 85' lang='lat' dir='ltr'><strong>Ad</strong></span> <span class='ocrx_word' id='word_1_609' title='bbox 855 5746 1319 5805; x_wconf 86' lang='lat' dir='ltr'><strong>annuntiandam</strong></span> <span class='ocrx_word' id='word_1_610' title='bbox 1350 5762 1521 5804; x_wconf 88' lang='lat' dir='ltr'><strong>mane</strong></span> <span class='ocrx_word' id='word_1_611' title='bbox 1551 5745 2015 5803; x_wconf 86' lang='lat' dir='ltr'><strong>misericordiam</strong></span> 
     </span>
    </p>
   </div>
   <div class='ocr_carea' id='block_1_93' title="bbox 2153 3428 3814 3505">
    <p class='ocr_par' dir='ltr' id='par_1_93' title="bbox 2153 3428 3814 3505">
     <span class='ocr_line' id='line_1_93' title="bbox 2153 3428 3814 3505; baseline 0.005 -25"><span class='ocrx_word' id='word_1_612' title='bbox 2153 3428 2350 3500; x_wconf 65' lang='lat' dir='ltr'><strong>gratiae</strong></span> <span class='ocrx_word' id='word_1_613' title='bbox 2381 3445 2828 3500; x_wconf 88' lang='lat' dir='ltr'><strong>consequamur.</strong></span> <span class='ocrx_word' id='word_1_614' title='bbox 2883 3433 3009 3485; x_wconf 93' lang='lat' dir='ltr'><strong>Per.</strong></span> <span class='ocrx_word' id='word_1_615' title='bbox 3057 3429 3247 3486; x_wconf 91' lang='lat' dir='ltr'><strong>Lectio</strong></span> <span class='ocrx_word' id='word_1_616' title='bbox 3293 3429 3429 3487; x_wconf 89' lang='lat' dir='ltr'><strong>libri</strong></span> <span class='ocrx_word' id='word_1_617' title='bbox 3477 3433 3814 3505; x_wconf 68' lang='lat' dir='ltr'><strong>Sapientiae,</strong></span> 
     </span>
    </p>
   </div>
   <div class='ocr_carea' id='block_1_94' title="bbox 2153 3517 3802 3592">
    <p class='ocr_par' dir='ltr' id='par_1_94' title="bbox 2153 3517 3802 3592">
     <span class='ocr_line' id='line_1_94' title="bbox 2153 3517 3802 3592; baseline 0.004 -21"><span class='ocrx_word' id='word_1_618' title='bbox 2153 3521 2366 3572; x_wconf 88' lang='lat' dir='ltr'><strong>Beatus</strong></span> <span class='ocrx_word' id='word_1_619' title='bbox 2423 3517 2530 3585; x_wconf 87' lang='lat' dir='ltr'><strong>vir,</strong></span> <span class='ocrx_word' id='word_1_620' title='bbox 2583 3522 2720 3586; x_wconf 87' lang='lat' dir='ltr'><strong>etc.,</strong></span> <span class='ocrx_word' id='word_1_621' title='bbox 2771 3534 2940 3588; x_wconf 82' lang='lat' dir='ltr'><strong>usque</strong></span> <span class='ocrx_word' id='word_1_622' title='bbox 2997 3517 3150 3574; x_wconf 90' lang='lat' dir='ltr'><strong>Deus</strong></span> <span class='ocrx_word' id='word_1_623' title='bbox 3220 3525 3438 3576; x_wconf 89' lang='lat' dir='ltr'><strong>noster.</strong></span> <span class='ocrx_word' id='word_1_624' title='bbox 3514 3521 3802 3592; x_wconf 81' lang='lat' dir='ltr'><strong>Posuisti,</strong></span> 
     </span>
    </p>
   </div>
   <div class='ocr_carea' id='block_1_95' title="bbox 2152 3597 3803 3682">
    <p class='ocr_par' dir='ltr' id='par_1_95' title="bbox 2152 3597 3803 3682">
     <span class='ocr_line' id='line_1_95' title="bbox 2152 3597 3803 3682; baseline 0.004 -22"><span class='ocrx_word' id='word_1_625' title='bbox 2152 3605 2414 3662; x_wconf 91' lang='lat' dir='ltr'><strong>Domine.</strong></span> <span class='ocrx_word' id='word_1_626' title='bbox 2448 3606 2834 3662; x_wconf 89' lang='lat' dir='ltr'><strong>Desiderium.</strong></span> <span class='ocrx_word' id='word_1_627' title='bbox 2867 3607 3127 3664; x_wconf 84' lang='lat' dir='ltr'><strong>Alleluia.</strong></span> <span class='ocrx_word' id='word_1_628' title='bbox 3162 3607 3437 3664; x_wconf 86' lang='lat' dir='ltr'><strong>Posuisti.</strong></span> <span class='ocrx_word' id='word_1_629' title='bbox 3479 3597 3803 3682; x_wconf 82' lang='lat' dir='ltr'><strong>sequentia</strong></span> 
     </span>
    </p>
   </div>
   <div class='ocr_carea' id='block_1_96' title="bbox 2151 3685 3805 3772">
    <p class='ocr_par' dir='ltr' id='par_1_96' title="bbox 2151 3685 3805 3772">
     <span class='ocr_line' id='line_1_96' title="bbox 2151 3685 3805 3772; baseline 0.005 -24"><span class='ocrx_word' id='word_1_630' title='bbox 2151 3694 2336 3750; x_wconf 89' lang='lat' dir='ltr'><strong>sancti</strong></span> <span class='ocrx_word' id='word_1_631' title='bbox 2367 3685 2661 3767; x_wconf 88' lang='lat' dir='ltr'><strong>Evangelii</strong></span> <span class='ocrx_word' id='word_1_632' title='bbox 2695 3695 3019 3750; x_wconf 87' lang='lat' dir='ltr'><strong>secundum</strong></span> <span class='ocrx_word' id='word_1_633' title='bbox 3039 3695 3276 3753; x_wconf 89' lang='lat' dir='ltr'><strong>Lucam.</strong></span> <span class='ocrx_word' id='word_1_634' title='bbox 3315 3696 3493 3753; x_wconf 88' lang='lat' dir='ltr'><strong>Inillo</strong></span> <span class='ocrx_word' id='word_1_635' title='bbox 3513 3685 3805 3772; x_wconf 86' lang='lat' dir='ltr'><strong>tempore:</strong></span> 
     </span>
    </p>
   </div>
   <div class='ocr_carea' id='block_1_97' title="bbox 2151 3776 3799 3860">
    <p class='ocr_par' dir='ltr' id='par_1_97' title="bbox 2151 3776 3799 3860">
     <span class='ocr_line' id='line_1_97' title="bbox 2151 3776 3799 3860; baseline 0.004 -22"><span class='ocrx_word' id='word_1_636' title='bbox 2151 3783 2302 3840; x_wconf 81' lang='lat' dir='ltr'><strong>Dixit</strong></span> <span class='ocrx_word' id='word_1_637' title='bbox 2329 3783 2612 3840; x_wconf 89' lang='lat' dir='ltr'><strong>Dominus</strong></span> <span class='ocrx_word' id='word_1_638' title='bbox 2641 3784 2814 3839; x_wconf 86' lang='lat' dir='ltr'><strong>Jesus</strong></span> <span class='ocrx_word' id='word_1_639' title='bbox 2845 3783 3152 3856; x_wconf 90' lang='lat' dir='ltr'><strong>discipulis</strong></span> <span class='ocrx_word' id='word_1_640' title='bbox 3183 3786 3344 3842; x_wconf 90' lang='lat' dir='ltr'><strong>suis:</strong></span> <span class='ocrx_word' id='word_1_641' title='bbox 3369 3786 3429 3842; x_wconf 88' lang='lat' dir='ltr'><strong>Si</strong></span> <span class='ocrx_word' id='word_1_642' title='bbox 3489 3788 3622 3860; x_wconf 88' lang='lat' dir='ltr'><strong>quis</strong></span> <span class='ocrx_word' id='word_1_643' title='bbox 3651 3776 3799 3857; x_wconf 82' lang='lat' dir='ltr'><strong>vult,</strong></span> 
     </span>
    </p>
   </div>
   <div class='ocr_carea' id='block_1_98' title="bbox 2147 3873 3800 3952">
    <p class='ocr_par' dir='ltr' id='par_1_98' title="bbox 2147 3873 3800 3952">
     <span class='ocr_line' id='line_1_98' title="bbox 2147 3873 3800 3952; baseline 0.004 -24"><span class='ocrx_word' id='word_1_644' title='bbox 2147 3889 2315 3944; x_wconf 74' lang='lat' dir='ltr'><strong>usque</strong></span> <span class='ocrx_word' id='word_1_645' title='bbox 2371 3890 2614 3944; x_wconf 88' lang='lat' dir='ltr'><strong>regnum</strong></span> <span class='ocrx_word' id='word_1_646' title='bbox 2675 3873 2799 3928; x_wconf 88' lang='lat' dir='ltr'><strong>Dei.</strong></span> <span class='ocrx_word' id='word_1_647' title='bbox 2861 3875 3240 3946; x_wconf 74' lang='lat' dir='ltr'><strong>Oﬂiertorium.</strong></span> <span class='ocrx_word' id='word_1_648' title='bbox 3285 3876 3350 3931; x_wconf 86' lang='lat' dir='ltr'><strong>In</strong></span> <span class='ocrx_word' id='word_1_649' title='bbox 3409 3877 3619 3934; x_wconf 82' lang='lat' dir='ltr'><strong>virtute</strong></span> <span class='ocrx_word' id='word_1_650' title='bbox 3663 3881 3800 3952; x_wconf 79' lang='lat' dir='ltr'><strong>tua,</strong></span> 
     </span>
    </p>
   </div>
   <div class='ocr_carea' id='block_1_99' title="bbox 2146 3961 3800 4036">
    <p class='ocr_par' dir='ltr' id='par_1_99' title="bbox 2146 3961 3800 4036">
     <span class='ocr_line' id='line_1_99' title="bbox 2146 3961 3800 4036; baseline 0.002 -18"><span class='ocrx_word' id='word_1_651' title='bbox 2146 3961 2412 4027; x_wconf 90' lang='lat' dir='ltr'><strong>Domine,</strong></span> <span class='ocrx_word' id='word_1_652' title='bbox 2467 3961 2757 4016; x_wconf 70' lang='lat' dir='ltr'><strong>laetabitur</strong></span> <span class='ocrx_word' id='word_1_653' title='bbox 2805 3963 3029 4033; x_wconf 90' lang='lat' dir='ltr'><strong>justus,</strong></span> <span class='ocrx_word' id='word_1_654' title='bbox 3089 3966 3225 4030; x_wconf 87' lang='lat' dir='ltr'><strong>etc.,</strong></span> <span class='ocrx_word' id='word_1_655' title='bbox 3300 3981 3472 4035; x_wconf 77' lang='lat' dir='ltr'><strong>usque</strong></span> <span class='ocrx_word' id='word_1_656' title='bbox 3527 3965 3800 4036; x_wconf 89' lang='lat' dir='ltr'><strong>Domine,</strong></span> 
     </span>
    </p>
   </div>
   <div class='ocr_carea' id='block_1_100' title="bbox 2145 4049 3803 4122">
    <p class='ocr_par' dir='ltr' id='par_1_100' title="bbox 2145 4049 3803 4122">
     <span class='ocr_line' id='line_1_100' title="bbox 2145 4049 3803 4122; baseline 0.002 -16"><span class='ocrx_word' id='word_1_657' title='bbox 2145 4051 2373 4106; x_wconf 80' lang='lat' dir='ltr'><strong>Secreta.</strong></span> <span class='ocrx_word' id='word_1_658' title='bbox 2411 4049 2674 4116; x_wconf 88' lang='lat' dir='ltr'><strong>Munera,</strong></span> <span class='ocrx_word' id='word_1_659' title='bbox 2707 4049 2970 4118; x_wconf 88' lang='lat' dir='ltr'><strong>Domine,</strong></span> <span class='ocrx_word' id='word_1_660' title='bbox 3024 4050 3220 4108; x_wconf 89' lang='lat' dir='ltr'><strong>oblata</strong></span> <span class='ocrx_word' id='word_1_661' title='bbox 3251 4054 3572 4122; x_wconf 82' lang='lat' dir='ltr'><strong>sanctiﬁca,</strong></span> <span class='ocrx_word' id='word_1_662' title='bbox 3618 4057 3682 4110; x_wconf 88' lang='lat' dir='ltr'><strong>et</strong></span> <span class='ocrx_word' id='word_1_663' title='bbox 3711 4054 3803 4110; x_wconf 86' lang='lat' dir='ltr'><strong>in-</strong></span> 
     </span>
    </p>
   </div>
   <div class='ocr_carea' id='block_1_101' title="bbox 2142 4138 3810 4215">
    <p class='ocr_par' dir='ltr' id='par_1_101' title="bbox 2142 4138 3810 4215">
     <span class='ocr_line' id='line_1_101' title="bbox 2142 4138 3810 4215; baseline 0.003 -21"><span class='ocrx_word' id='word_1_664' title='bbox 2142 4140 2470 4196; x_wconf 77' lang='lat' dir='ltr'><strong>tercedente</strong></span> <span class='ocrx_word' id='word_1_665' title='bbox 2523 4139 2692 4194; x_wconf 89' lang='lat' dir='ltr'><strong>beato</strong></span> <span class='ocrx_word' id='word_1_666' title='bbox 2723 4138 2792 4193; x_wconf 88' lang='lat' dir='ltr'><strong>N.</strong></span> <span class='ocrx_word' id='word_1_667' title='bbox 2854 4143 3107 4213; x_wconf 73' lang='lat' dir='ltr'><strong>martyre</strong></span> <span class='ocrx_word' id='word_1_668' title='bbox 3164 4145 3286 4208; x_wconf 89' lang='lat' dir='ltr'><strong>tuo,</strong></span> <span class='ocrx_word' id='word_1_669' title='bbox 3351 4158 3457 4198; x_wconf 90' lang='lat' dir='ltr'><strong>nos</strong></span> <span class='ocrx_word' id='word_1_670' title='bbox 3488 4158 3590 4215; x_wconf 90' lang='lat' dir='ltr'><strong>per</strong></span> <span class='ocrx_word' id='word_1_671' title='bbox 3614 4141 3738 4200; x_wconf 66' lang='lat' dir='ltr'><strong>haec</strong></span> <span class='ocrx_word' id='word_1_672' title='bbox 3773 4161 3810 4200; x_wconf 87' lang='lat' dir='ltr'><strong>a</strong></span> 
     </span>
    </p>
   </div>
   <div class='ocr_carea' id='block_1_102' title="bbox 2142 4228 3805 4302">
    <p class='ocr_par' dir='ltr' id='par_1_102' title="bbox 2142 4228 3805 4302">
     <span class='ocr_line' id='line_1_102' title="bbox 2142 4228 3805 4302; baseline 0.003 -19"><span class='ocrx_word' id='word_1_673' title='bbox 2142 4233 2512 4302; x_wconf 85' lang='lat' dir='ltr'><strong>peccatorum</strong></span> <span class='ocrx_word' id='word_1_674' title='bbox 2544 4231 2876 4283; x_wconf 89' lang='lat' dir='ltr'><strong>nostrorum</strong></span> <span class='ocrx_word' id='word_1_675' title='bbox 2909 4228 3156 4284; x_wconf 89' lang='lat' dir='ltr'><strong>maculis</strong></span> <span class='ocrx_word' id='word_1_676' title='bbox 3179 4231 3457 4286; x_wconf 88' lang='lat' dir='ltr'><strong>emunda.</strong></span> <span class='ocrx_word' id='word_1_677' title='bbox 3489 4235 3616 4287; x_wconf 89' lang='lat' dir='ltr'><strong>Per.</strong></span> <span class='ocrx_word' id='word_1_678' title='bbox 3645 4231 3805 4288; x_wconf 80' lang='lat' dir='ltr'><strong>Com-</strong></span> 
     </span>
    </p>
   </div>
   <div class='ocr_carea' id='block_1_103' title="bbox 2140 4316 3803 4394">
    <p class='ocr_par' dir='ltr' id='par_1_103' title="bbox 2140 4316 3803 4394">
     <span class='ocr_line' id='line_1_103' title="bbox 2140 4316 3803 4394; baseline 0.003 -23"><span class='ocrx_word' id='word_1_679' title='bbox 2140 4318 2350 4372; x_wconf 83' lang='lat' dir='ltr'><strong>munia.</strong></span> <span class='ocrx_word' id='word_1_680' title='bbox 2384 4316 2596 4388; x_wconf 86' lang='lat' dir='ltr'><strong>Magna</strong></span> <span class='ocrx_word' id='word_1_681' title='bbox 2623 4320 2715 4372; x_wconf 88' lang='lat' dir='ltr'><strong>est</strong></span> <span class='ocrx_word' id='word_1_682' title='bbox 2743 4316 2929 4388; x_wconf 81' lang='lat' dir='ltr'><strong>gloria</strong></span> <span class='ocrx_word' id='word_1_683' title='bbox 2957 4318 3086 4388; x_wconf 89' lang='lat' dir='ltr'><strong>ejus</strong></span> <span class='ocrx_word' id='word_1_684' title='bbox 3140 4317 3199 4373; x_wconf 88' lang='lat' dir='ltr'><strong>in</strong></span> <span class='ocrx_word' id='word_1_685' title='bbox 3227 4317 3493 4374; x_wconf 88' lang='lat' dir='ltr'><strong>salutari.</strong></span> <span class='ocrx_word' id='word_1_686' title='bbox 3545 4319 3625 4375; x_wconf 79' lang='lat' dir='ltr'><strong>Ad</strong></span> <span class='ocrx_word' id='word_1_687' title='bbox 3653 4325 3803 4394; x_wconf 74' lang='lat' dir='ltr'><strong>poet-</strong></span> 
     </span>
    </p>
   </div>
   <div class='ocr_carea' id='block_1_104' title="bbox 2137 4397 3806 4478">
    <p class='ocr_par' dir='ltr' id='par_1_104' title="bbox 2137 4397 3806 4478">
     <span class='ocr_line' id='line_1_104' title="bbox 2137 4397 3806 4478; baseline 0.004 -17"><span class='ocrx_word' id='word_1_688' title='bbox 2137 4407 2595 4462; x_wconf 83' lang='lat' dir='ltr'><strong>communionem.</strong></span> <span class='ocrx_word' id='word_1_689' title='bbox 2625 4403 3022 4478; x_wconf 89' lang='lat' dir='ltr'><strong>Sumpsimus,</strong></span> <span class='ocrx_word' id='word_1_690' title='bbox 3047 4406 3310 4478; x_wconf 90' lang='lat' dir='ltr'><strong>Domine,</strong></span> <span class='ocrx_word' id='word_1_691' title='bbox 3342 4406 3402 4464; x_wconf 90' lang='lat' dir='ltr'><strong>in</strong></span> <span class='ocrx_word' id='word_1_692' title='bbox 3433 4409 3620 4466; x_wconf 88' lang='lat' dir='ltr'><strong>sancti</strong></span> <span class='ocrx_word' id='word_1_693' title='bbox 3645 4397 3806 4466; x_wconf 82' lang='lat' dir='ltr'><strong>mar-</strong></span> 
     </span>
    </p>
   </div>
   <div class='ocr_carea' id='block_1_105' title="bbox 2141 4485 3795 4573">
    <p class='ocr_par' dir='ltr' id='par_1_105' title="bbox 2141 4485 3795 4573">
     <span class='ocr_line' id='line_1_105' title="bbox 2141 4485 3795 4573; baseline 0.004 -23"><span class='ocrx_word' id='word_1_694' title='bbox 2141 4496 2284 4568; x_wconf 72' lang='lat' dir='ltr'><strong>tyris</strong></span> <span class='ocrx_word' id='word_1_695' title='bbox 2316 4495 2400 4550; x_wconf 89' lang='lat' dir='ltr'><strong>tui</strong></span> <span class='ocrx_word' id='word_1_696' title='bbox 2433 4495 2500 4549; x_wconf 92' lang='lat' dir='ltr'><strong>N.</strong></span> <span class='ocrx_word' id='word_1_697' title='bbox 2535 4493 2904 4550; x_wconf 88' lang='lat' dir='ltr'><strong>solemnitate</strong></span> <span class='ocrx_word' id='word_1_698' title='bbox 2935 4493 3193 4552; x_wconf 82' lang='lat' dir='ltr'><strong>ccelestia</strong></span> <span class='ocrx_word' id='word_1_699' title='bbox 3221 4501 3614 4568; x_wconf 88' lang='lat' dir='ltr'><strong>sacramenta,</strong></span> <span class='ocrx_word' id='word_1_700' title='bbox 3640 4485 3795 4573; x_wconf 72' lang='lat' dir='ltr'><strong>eius,</strong></span> 
     </span>
    </p>
   </div>
   <div class='ocr_carea' id='block_1_106' title="bbox 2140 4581 3796 4661">
    <p class='ocr_par' dir='ltr' id='par_1_106' title="bbox 2140 4581 3796 4661">
     <span class='ocr_line' id='line_1_106' title="bbox 2140 4581 3796 4661; baseline 0.003 -22"><span class='ocrx_word' id='word_1_701' title='bbox 2140 4601 2480 4656; x_wconf 80' lang='lat' dir='ltr'><strong>quaesumus</strong></span> <span class='ocrx_word' id='word_1_702' title='bbox 2512 4582 2927 4641; x_wconf 90' lang='lat' dir='ltr'><strong>intercessione</strong></span> <span class='ocrx_word' id='word_1_703' title='bbox 2968 4581 3262 4657; x_wconf 86' lang='lat' dir='ltr'><strong>largiaris,</strong></span> <span class='ocrx_word' id='word_1_704' title='bbox 3294 4590 3361 4642; x_wconf 91' lang='lat' dir='ltr'><strong>ut</strong></span> <span class='ocrx_word' id='word_1_705' title='bbox 3390 4587 3547 4659; x_wconf 84' lang='lat' dir='ltr'><strong>quod</strong></span> <span class='ocrx_word' id='word_1_706' title='bbox 3569 4591 3796 4661; x_wconf 87' lang='lat' dir='ltr'><strong>tempo-</strong></span> 
     </span>
    </p>
   </div>
   <div class='ocr_carea' id='block_1_107' title="bbox 2061 4671 3798 4756">
    <p class='ocr_par' dir='ltr' id='par_1_107' title="bbox 2061 4671 3798 4756">
     <span class='ocr_line' id='line_1_107' title="bbox 2061 4671 3798 4756; baseline 0.004 -29"><span class='ocrx_word' id='word_1_707' title='bbox 2061 4689 2108 4756; x_wconf 71' lang='grc' dir='ltr'><strong>ι)</strong></span> <span class='ocrx_word' id='word_1_708' title='bbox 2139 4671 2338 4728; x_wconf 88' lang='lat' dir='ltr'><strong>raliter</strong></span> <span class='ocrx_word' id='word_1_709' title='bbox 2365 4673 2648 4746; x_wconf 87' lang='lat' dir='ltr'><strong>gerimus,</strong></span> <span class='ocrx_word' id='word_1_710' title='bbox 2681 4673 2911 4730; x_wconf 78' lang='lat' dir='ltr'><strong>aeternis</strong></span> <span class='ocrx_word' id='word_1_711' title='bbox 2932 4673 3164 4746; x_wconf 85' lang='lat' dir='ltr'><strong>gaudiis</strong></span> <span class='ocrx_word' id='word_1_712' title='bbox 3181 4691 3634 4748; x_wconf 86' lang='lat' dir='ltr'><strong>consequamur.</strong></span> <span class='ocrx_word' id='word_1_713' title='bbox 3662 4681 3798 4734; x_wconf 87' lang='lat' dir='ltr'><strong>Per.</strong></span> 
     </span>
    </p>
   </div>
   <div class='ocr_carea' id='block_1_108' title="bbox 2312 4778 3628 4822">
    <p class='ocr_par' dir='ltr' id='par_1_108' title="bbox 2312 4778 3628 4822">
     <span class='ocr_line' id='line_1_108' title="bbox 2312 4778 3628 4822; baseline 0.003 -4"><span class='ocrx_word' id='word_1_714' title='bbox 2312 4778 2480 4818; x_wconf 79' lang='lat' dir='ltr'><strong>MISSA</strong></span> <span class='ocrx_word' id='word_1_715' title='bbox 2522 4781 2577 4818; x_wconf 79' lang='lat' dir='ltr'><strong>IN</strong></span> <span class='ocrx_word' id='word_1_716' title='bbox 2617 4779 2817 4820; x_wconf 75' lang='lat' dir='ltr'><strong>NATALI</strong></span> <span class='ocrx_word' id='word_1_717' title='bbox 2859 4779 3245 4820; x_wconf 79' lang='lat' dir='ltr'><strong>PLURIMORUM</strong></span> <span class='ocrx_word' id='word_1_718' title='bbox 3285 4781 3628 4822; x_wconf 77' lang='lat' dir='ltr'><strong>MARTYRUM.</strong></span> 
     </span>
    </p>
   </div>
   <div class='ocr_carea' id='block_1_109' title="bbox 2146 4848 3796 4927">
    <p class='ocr_par' dir='ltr' id='par_1_109' title="bbox 2146 4848 3796 4927">
     <span class='ocr_line' id='line_1_109' title="bbox 2146 4848 3796 4927; baseline 0.004 -21"><span class='ocrx_word' id='word_1_719' title='bbox 2146 4876 2152 4880; x_wconf 85' lang='lat'><strong><em>-</em></strong></span> <span class='ocrx_word' id='word_1_720' title='bbox 2211 4848 2568 4924; x_wconf 87' lang='lat' dir='ltr'><strong>Sapientiam</strong></span> <span class='ocrx_word' id='word_1_721' title='bbox 2601 4856 2961 4918; x_wconf 89' lang='lat' dir='ltr'><strong>sanctorum,</strong></span> <span class='ocrx_word' id='word_1_722' title='bbox 2995 4856 3104 4908; x_wconf 87' lang='lat' dir='ltr'><strong>etc.</strong></span> <span class='ocrx_word' id='word_1_723' title='bbox 3135 4853 3284 4909; x_wconf 82' lang='lat' dir='ltr'><strong>Psal.</strong></span> <span class='ocrx_word' id='word_1_724' title='bbox 3317 4853 3796 4927; x_wconf 88' lang='lat' dir='ltr'><strong>Gaudete,justi.</strong></span> 
     </span>
    </p>
   </div>
   <div class='ocr_carea' id='block_1_110' title="bbox 2136 4931 3799 5014">
    <p class='ocr_par' dir='ltr' id='par_1_110' title="bbox 2136 4931 3799 5014">
     <span class='ocr_line' id='line_1_110' title="bbox 2136 4931 3799 5014; baseline 0.001 -14"><span class='ocrx_word' id='word_1_725' title='bbox 2136 4943 2348 5000; x_wconf 87' lang='lat' dir='ltr'><strong>Oratio.</strong></span> <span class='ocrx_word' id='word_1_726' title='bbox 2378 4931 2685 4998; x_wconf 83' lang='lat' dir='ltr'><strong>Beatorum</strong></span> <span class='ocrx_word' id='word_1_727' title='bbox 2717 4946 3039 5014; x_wconf 75' lang='lat' dir='ltr'><strong>martyrum</strong></span> <span class='ocrx_word' id='word_1_728' title='bbox 3064 4945 3300 4999; x_wconf 89' lang='lat' dir='ltr'><strong>tuorum</strong></span> <span class='ocrx_word' id='word_1_729' title='bbox 3331 4943 3398 4999; x_wconf 89' lang='lat' dir='ltr'><strong>N.</strong></span> <span class='ocrx_word' id='word_1_730' title='bbox 3433 4943 3502 4999; x_wconf 89' lang='lat' dir='ltr'><strong>N.</strong></span> <span class='ocrx_word' id='word_1_731' title='bbox 3527 4943 3799 5002; x_wconf 73' lang='lat' dir='ltr'><strong>natalitia</strong></span> 
     </span>
    </p>
   </div>
   <div class='ocr_carea' id='block_1_111' title="bbox 2133 5031 3795 5104">
    <p class='ocr_par' dir='ltr' id='par_1_111' title="bbox 2133 5031 3795 5104">
     <span class='ocr_line' id='line_1_111' title="bbox 2133 5031 3795 5104; baseline 0.003 -21"><span class='ocrx_word' id='word_1_732' title='bbox 2133 5031 2480 5097; x_wconf 88' lang='lat' dir='ltr'><strong>veneranda,</strong></span> <span class='ocrx_word' id='word_1_733' title='bbox 2513 5048 2880 5104; x_wconf 70' lang='lat' dir='ltr'><strong>quaesumus,</strong></span> <span class='ocrx_word' id='word_1_734' title='bbox 2909 5031 3446 5099; x_wconf 88' lang='lat' dir='ltr'><strong>Domine,Ecclesia</strong></span> <span class='ocrx_word' id='word_1_735' title='bbox 3459 5035 3562 5088; x_wconf 83' lang='lat' dir='ltr'><strong>tua</strong></span> <span class='ocrx_word' id='word_1_736' title='bbox 3581 5033 3795 5090; x_wconf 85' lang='lat' dir='ltr'><strong>devota</strong></span> 
     </span>
    </p>
   </div>
   <div class='ocr_carea' id='block_1_112' title="bbox 2133 5117 3798 5192">
    <p class='ocr_par' dir='ltr' id='par_1_112' title="bbox 2133 5117 3798 5192">
     <span class='ocr_line' id='line_1_112' title="bbox 2133 5117 3798 5192; baseline 0.001 -16"><span class='ocrx_word' id='word_1_737' title='bbox 2133 5121 2434 5192; x_wconf 84' lang='lat' dir='ltr'><strong>suscipiat.</strong></span> <span class='ocrx_word' id='word_1_738' title='bbox 2469 5125 2528 5175; x_wconf 91' lang='lat' dir='ltr'><strong>et</strong></span> <span class='ocrx_word' id='word_1_739' title='bbox 2558 5121 2659 5176; x_wconf 88' lang='lat' dir='ltr'><strong>fiat</strong></span> <span class='ocrx_word' id='word_1_740' title='bbox 2690 5136 2915 5192; x_wconf 69' lang='lat' dir='ltr'><strong>magnae</strong></span> <span class='ocrx_word' id='word_1_741' title='bbox 2938 5117 3380 5192; x_wconf 79' lang='lat' dir='ltr'><strong>glorificationis</strong></span> <span class='ocrx_word' id='word_1_742' title='bbox 3411 5136 3611 5177; x_wconf 87' lang='lat' dir='ltr'><strong>amore</strong></span> <span class='ocrx_word' id='word_1_743' title='bbox 3627 5121 3798 5178; x_wconf 84' lang='lat' dir='ltr'><strong>devo-</strong></span> 
     </span>
    </p>
   </div>
   <div class='ocr_carea' id='block_1_113' title="bbox 2131 5209 3792 5282">
    <p class='ocr_par' dir='ltr' id='par_1_113' title="bbox 2131 5209 3792 5282">
     <span class='ocr_line' id='line_1_113' title="bbox 2131 5209 3792 5282; baseline 0.001 -17"><span class='ocrx_word' id='word_1_744' title='bbox 2131 5211 2264 5265; x_wconf 87' lang='lat' dir='ltr'><strong>tior.</strong></span> <span class='ocrx_word' id='word_1_745' title='bbox 2300 5215 2424 5265; x_wconf 80' lang='lat' dir='ltr'><strong>Per.</strong></span> <span class='ocrx_word' id='word_1_746' title='bbox 2451 5209 2640 5266; x_wconf 81' lang='lat' dir='ltr'><strong>Lectio</strong></span> <span class='ocrx_word' id='word_1_747' title='bbox 2658 5209 2790 5265; x_wconf 91' lang='lat' dir='ltr'><strong>libri</strong></span> <span class='ocrx_word' id='word_1_748' title='bbox 2813 5209 3144 5281; x_wconf 59' lang='lat' dir='ltr'><strong>Sapientia.</strong></span> <span class='ocrx_word' id='word_1_749' title='bbox 3167 5209 3392 5282; x_wconf 85' lang='lat' dir='ltr'><strong>Lingua</strong></span> <span class='ocrx_word' id='word_1_750' title='bbox 3409 5209 3792 5282; x_wconf 85' lang='lat' dir='ltr'><strong>sapientium,</strong></span> 
     </span>
    </p>
   </div>
   <div class='ocr_carea' id='block_1_114' title="bbox 2130 5297 3789 5371">
    <p class='ocr_par' dir='ltr' id='par_1_114' title="bbox 2130 5297 3789 5371">
     <span class='ocr_line' id='line_1_114' title="bbox 2130 5297 3789 5371; baseline 0.001 -16"><span class='ocrx_word' id='word_1_751' title='bbox 2130 5303 2262 5366; x_wconf 90' lang='lat' dir='ltr'><strong>etc.,</strong></span> <span class='ocrx_word' id='word_1_752' title='bbox 2296 5315 2466 5371; x_wconf 77' lang='lat' dir='ltr'><strong>usque</strong></span> <span class='ocrx_word' id='word_1_753' title='bbox 2495 5316 2528 5354; x_wconf 88' lang='lat' dir='ltr'><strong>a</strong></span> <span class='ocrx_word' id='word_1_754' title='bbox 2560 5299 2823 5354; x_wconf 88' lang='lat' dir='ltr'><strong>Domino.</strong></span> <span class='ocrx_word' id='word_1_755' title='bbox 2854 5297 3142 5354; x_wconf 79' lang='lat' dir='ltr'><strong>Graduale.</strong></span> <span class='ocrx_word' id='word_1_756' title='bbox 3175 5298 3568 5356; x_wconf 80' lang='lat' dir='ltr'><strong>Exsultabunt</strong></span> <span class='ocrx_word' id='word_1_757' title='bbox 3597 5301 3789 5356; x_wconf 88' lang='lat' dir='ltr'><strong>sancti</strong></span> 
     </span>
    </p>
   </div>
   <div class='ocr_carea' id='block_1_115' title="bbox 2128 5387 3794 5464">
    <p class='ocr_par' dir='ltr' id='par_1_115' title="bbox 2128 5387 3794 5464">
     <span class='ocr_line' id='line_1_115' title="bbox 2128 5387 3794 5464; baseline 0.002 -21"><span class='ocrx_word' id='word_1_758' title='bbox 2128 5389 2188 5444; x_wconf 92' lang='lat' dir='ltr'><strong>in</strong></span> <span class='ocrx_word' id='word_1_759' title='bbox 2218 5387 2424 5460; x_wconf 87' lang='lat' dir='ltr'><strong>gloria,</strong></span> <span class='ocrx_word' id='word_1_760' title='bbox 2458 5387 2814 5444; x_wconf 84' lang='lat' dir='ltr'><strong>laetabuntur</strong></span> <span class='ocrx_word' id='word_1_761' title='bbox 2841 5387 2900 5442; x_wconf 91' lang='lat' dir='ltr'><strong>in</strong></span> <span class='ocrx_word' id='word_1_762' title='bbox 2933 5387 3666 5446; x_wconf 84' lang='lat' dir='ltr'><strong>cubilibussuis.-Cantate</strong></span> <span class='ocrx_word' id='word_1_763' title='bbox 3682 5389 3794 5464; x_wconf 84' lang='lat' dir='ltr'><strong>Do-</strong></span> 
     </span>
    </p>
   </div>
   <div class='ocr_carea' id='block_1_116' title="bbox 2128 5476 3796 5549">
    <p class='ocr_par' dir='ltr' id='par_1_116' title="bbox 2128 5476 3796 5549">
     <span class='ocr_line' id='line_1_116' title="bbox 2128 5476 3796 5549; baseline 0.002 -17"><span class='ocrx_word' id='word_1_764' title='bbox 2128 5478 2287 5533; x_wconf 90' lang='lat' dir='ltr'><strong>mino</strong></span> <span class='ocrx_word' id='word_1_765' title='bbox 2318 5477 2610 5532; x_wconf 86' lang='lat' dir='ltr'><strong>canticum</strong></span> <span class='ocrx_word' id='word_1_766' title='bbox 2643 5493 2856 5532; x_wconf 83' lang='lat' dir='ltr'><strong>novum</strong></span> <span class='ocrx_word' id='word_1_767' title='bbox 2897 5476 3166 5549; x_wconf 84' lang='lat' dir='ltr'><strong>lausejus</strong></span> <span class='ocrx_word' id='word_1_768' title='bbox 3196 5477 3255 5533; x_wconf 88' lang='lat' dir='ltr'><strong>in</strong></span> <span class='ocrx_word' id='word_1_769' title='bbox 3283 5477 3796 5535; x_wconf 78' lang='lat' dir='ltr'><strong>Ecclesia-sancto-</strong></span> 
     </span>
    </p>
   </div>
   <div class='ocr_carea' id='block_1_117' title="bbox 2128 5565 3793 5636">
    <p class='ocr_par' dir='ltr' id='par_1_117' title="bbox 2128 5565 3793 5636">
     <span class='ocr_line' id='line_1_117' title="bbox 2128 5565 3793 5636; baseline 0.002 -14"><span class='ocrx_word' id='word_1_770' title='bbox 2128 5584 2278 5623; x_wconf 92' lang='lat' dir='ltr'><strong>rum.</strong></span> <span class='ocrx_word' id='word_1_771' title='bbox 2314 5567 2572 5623; x_wconf 77' lang='lat' dir='ltr'><strong>Alleluia.</strong></span> <span class='ocrx_word' id='word_1_772' title='bbox 2604 5565 2797 5622; x_wconf 87' lang='lat' dir='ltr'><strong>Sancti</strong></span> <span class='ocrx_word' id='word_1_773' title='bbox 2849 5566 2954 5633; x_wconf 90' lang='lat' dir='ltr'><strong>tui,</strong></span> <span class='ocrx_word' id='word_1_774' title='bbox 3000 5568 3266 5636; x_wconf 89' lang='lat' dir='ltr'><strong>Domine,</strong></span> <span class='ocrx_word' id='word_1_775' title='bbox 3313 5567 3605 5624; x_wconf 78' lang='lat' dir='ltr'><strong>ﬂorebunt</strong></span> <span class='ocrx_word' id='word_1_776' title='bbox 3633 5567 3793 5626; x_wconf 85' lang='lat' dir='ltr'><strong>sicut</strong></span> 
     </span>
    </p>
   </div>
   <div class='ocr_carea' id='block_1_118' title="bbox 2126 5654 3796 5730">
    <p class='ocr_par' dir='ltr' id='par_1_118' title="bbox 2126 5654 3796 5730">
     <span class='ocr_line' id='line_1_118' title="bbox 2126 5654 3796 5730; baseline 0.001 -18"><span class='ocrx_word' id='word_1_777' title='bbox 2126 5656 2339 5722; x_wconf 89' lang='lat' dir='ltr'><strong>lilium,</strong></span> <span class='ocrx_word' id='word_1_778' title='bbox 2369 5661 2426 5712; x_wconf 91' lang='lat' dir='ltr'><strong>et</strong></span> <span class='ocrx_word' id='word_1_779' title='bbox 2454 5655 2607 5712; x_wconf 87' lang='lat' dir='ltr'><strong>sicut</strong></span> <span class='ocrx_word' id='word_1_780' title='bbox 2627 5655 2769 5711; x_wconf 85' lang='lat' dir='ltr'><strong>odor</strong></span> <span class='ocrx_word' id='word_1_781' title='bbox 2797 5654 3044 5712; x_wconf 89' lang='lat' dir='ltr'><strong>balsami</strong></span> <span class='ocrx_word' id='word_1_782' title='bbox 3063 5661 3237 5712; x_wconf 88' lang='lat' dir='ltr'><strong>erunt</strong></span> <span class='ocrx_word' id='word_1_783' title='bbox 3265 5662 3400 5713; x_wconf 88' lang='lat' dir='ltr'><strong>ante</strong></span> <span class='ocrx_word' id='word_1_784' title='bbox 3425 5660 3500 5712; x_wconf 89' lang='lat' dir='ltr'><strong>te.</strong></span> <span class='ocrx_word' id='word_1_785' title='bbox 3525 5656 3796 5730; x_wconf 79' lang='lat' dir='ltr'><strong>Sequen-</strong></span> 
     </span>
    </p>
   </div>
   <div class='ocr_carea' id='block_1_119' title="bbox 2123 5743 3789 5826">
    <p class='ocr_par' dir='ltr' id='par_1_119' title="bbox 2123 5743 3789 5826">
     <span class='ocr_line' id='line_1_119' title="bbox 2123 5743 3789 5826; baseline 0.002 -21"><span class='ocrx_word' id='word_1_786' title='bbox 2123 5747 2207 5805; x_wconf 86' lang='lat' dir='ltr'><strong>tia</strong></span> <span class='ocrx_word' id='word_1_787' title='bbox 2236 5745 2423 5804; x_wconf 82' lang='lat' dir='ltr'><strong>sancti</strong></span> <span class='ocrx_word' id='word_1_788' title='bbox 2475 5743 2767 5821; x_wconf 80' lang='lat' dir='ltr'><strong>Evangelii</strong></span> <span class='ocrx_word' id='word_1_789' title='bbox 2797 5746 3126 5826; x_wconf 72' lang='lat' dir='ltr'><strong>secundum</strong></span> <span class='ocrx_word' id='word_1_790' title='bbox 3180 5745 3541 5808; x_wconf 64' lang='lat' dir='ltr'><strong>Mattheum.</strong></span> <span class='ocrx_word' id='word_1_791' title='bbox 3587 5745 3789 5809; x_wconf 61' lang='lat' dir='ltr'><strong>inille</strong></span> 
     </span>
    </p>
   </div>
  </div>
