3978 6352
172 416 300 486 ω

968 415 1356 481 EXCERPT.
1403 415 1510 483 EX
1548 415 1778 487 OODD.
1823 418 2137 489 LI’I‘URﬂ.
2184 419 2785 489 FONTAVELLAN.

3467 419 3587 486 946

172 555 443 625 tempore
473 567 486 607 :
519 548 735 608 Videas
762 549 956 618 Iesus,
989 554 1121 617 etc.,
1152 569 1319 623 usque
1344 552 1403 607 in
1434 551 1617 609 caelis.
1650 551 1822 624 Offer-
1854 552 1914 620 Α
1940 555 2030 613 tes
2059 553 2287 611 meritis
2317 553 2504 627 ipsius
2534 560 2907 627 protegamur
2935 557 2990 611 et
3018 553 3585 629 precibus.Per.Epz-

172 642 401 702 torium.
434 638 720 698 Mirabilis
749 643 923 707 Deus,
973 644 1082 697 etc.
1134 640 1371 696 Secreta.
1406 641 1649 698 Munera
1697 640 1824 707 tibi,

173 729 441 797 Domine,
462 733 572 785 etc.
604 730 1059 785 Pastcommunio.
1095 718 1354 801 Protege,
1405 730 1670 801 Domine,
1703 729 1821 801 ple-

169 818 308 874 bem
337 820 522 887 tuam,
553 821 611 873 et
638 833 814 890 quam
847 817 906 872 in
939 821 1260 890 martyrum
1302 823 1538 875 tuorum
1588 819 1825 885 assidue

166 905 390 963 tribuis
434 904 744 961 festivitate
791 906 1081 974 devotam,
1129 905 1236 961 tibi
1287 922 1518 978 semper
1549 906 1821 980 placitam

169 995 297 1063 fieri
331 993 607 1069 precibus
638 994 890 1050 concede
910 996 1232 1066 justorum.
1265 994 1393 1050 Per.
1442 1062 1447 1066 δ

326 1100 491 1141 ΜΙΒΒΔ
527 1100 652 1141 ΑιιΑ
691 1098 751 1140 IN
790 1100 984 1139 NATALI
1025 1100 1288 1140 PLURIUM
1329 1099 1677 1141 MABTYRUM.

242 1173 447 1243 Intret,
478 1175 593 1229 etc.
635 1172 840 1229 Oratio.
888 1175 1063 1240 Deus,
1112 1172 1213 1246 qui
1264 1190 1391 1227 nos.
1450 1172 1640 1229 Lectio
1690 1173 1821 1229 libri

167 1260 501 1335 Sapientiae.
535 1260 759 1317 Reddet
788 1260 943 1316 Deus
975 1261 1301 1317 mercedem
1330 1260 1619 1328 laborum,
1655 1279 1824 1335 usque

167 1349 416 1408 Domine
461 1350 617 1407 Deus
668 1353 887 1406 noster.
940 1350 1062 1405 Alia
1108 1348 1277 1405 lectio
1338 1348 1609 1423 Epistolae
1668 1351 1819 1407 beati

167 1438 335 1496 Pauli
358 1438 602 1512 apostoli
626 1438 698 1495 ad
719 1438 1265 1503 Hebraeos.Fratres,
1294 1439 1476 1493 sancti
1500 1456 1601 1515 per
1622 1439 1821 1503 ﬁdem.

166 1544 341 1602 usque
369 1526 618 1584 Domino
654 1530 873 1583 nostro.
910 1525 1169 1594 Vindica,
1204 1527 1819 1601 Domine,sanguinem

166 1620 508 1685 sanctorum
538 1614 901 1689 tuorum,qui
931 1616 1154 1672 effusus
1184 1619 1291 1672 est.
1318 1615 1644 1672 Posuerunt
1674 1634 1823 1672 mor-

167 1705 310 1762 talia
338 1722 636 1762 servorum
670 1707 904 1760 tuorum
934 1722 1099 1761 escas
1127 1703 1482 1770 volatilibus,
1516 1705 1666 1772 coeli,
1700 1724 1821 1762 car-

166 1811 274 1851 nes
305 1798 640 1851 sanctorum
672 1797 906 1849 tuorum
938 1792 1141 1848 bestiis
1174 1799 1357 1849 terrae.
1391 1794 1648 1849 Alleluia.
1691 1793 1820 1849 Haec

165 1888 257 1942 est
303 1899 438 1939 vera
491 1882 847 1950 fraternitas,
896 1899 1023 1956 quae
1069 1881 1250 1937 vincit
1296 1882 1500 1938 mundi
1552 1883 1817 1951 crimina,
1855 1884 1859 1956 ᾖ

166 1972 468 2030 Christum
498 1975 698 2027 secuta
729 1970 1068 2045 est,inclyta
1097 1972 1303 2026 tenens
1335 1988 1516 2045 regna
1545 1971 1816 2029 ccelestia.

164 2058 488 2132 Sequentia
518 2059 702 2116 sancti
734 2059 1028 2133 Evangelii
1061 2060 1384 2117 secundum
1420 2060 1659 2126 Lucam,
1681 2068 1741 2115 ut
1762 2062 1821 2115 in

163 2149 326 2206 editis
358 2149 418 2204 in
443 2150 629 2221 prima
655 2147 1811 2222 missa.0ﬂ‘ertorium.Laetamini.8eereta.

166 2237 429 2294 Munera.
466 2237 804 2294 Communia.
834 2236 1143 2295 Justorum
1192 2237 1421 2293 animae.
1456 2238 1820 2295 Postaommu-

163 2328 284 2383 nio.
317 2313 534 2385 Praesta
564 2325 753 2393 nobis,
786 2330 893 2381 etc.

524 2432 691 2472 MISSA
730 2433 789 2471 IN
832 2430 1027 2473 NATALI
1066 2432 1460 2471 CONFESSORIS.

236 2505 600 2573 Sacerdotes,
631 2508 741 2560 etc.
797 2505 1002 2561 Oratio.
1055 2504 1158 2569 De,
1212 2521 1573 2576 quaesumus.
1624 2505 1819 2560 Lectio

164 2595 430 2667 Epistolas
458 2594 643 2650 eadem
673 2609 799 2666 quae
826 2594 886 2648 in
917 2596 1193 2649 communi
1221 2594 1816 2649 doctorumGraduale.

164 2683 313 2739 Ecce
345 2682 637 2738 sacerdos.
671 2681 930 2750 Alleluia,
966 2681 1184 2745 Inveni,
1220 2682 1419 2737 David.
1461 2683 1822 2752 Evangelium

163 2770 421 2829 secum
446 2773 644 2827 missae.
681 2771 1034 2843 Offertarium
1058 2773 1261 2843 prima:
1290 2772 1477 2828 missae
1524 2771 1815 2826 editurum.

165 2859 402 2917 Secreta.
433 2860 625 2916 Sacris
676 2858 982 2926 altaribus,
1033 2860 1295 2925 Domine,
1346 2859 1569 2915 hostias
1616 2876 1816 2932 super-

165 2949 406 3022 positas,
456 2964 818 3021 quaesumus,
869 2954 936 3004 ut
994 2957 1235 3004 sanctus
1293 2954 1429 3003 tuus
1460 2949 1528 3004 N.
1561 2948 1821 3021 pontifex

164 3042 344 3110 atque
373 3038 669 3094 confessor
699 3037 760 3094 in
794 3037 1044 3093 salutem
1077 3038 1246 3093 nobis
1290 3037 1593 3109 provenire
1641 3038 1815 3109 depo-

163 3117 309 3183 scat.
379 3126 698 3182 Cavmuunio
762 3126 1012 3182 secundae
1073 3127 1273 3180 missae.
1359 3127 1813 3182 Postcammunio.

161 3214 325 3271 Beati
355 3215 705 3271 confessoris
734 3214 820 3269 tui
850 3213 1525 3287 N.,Domine,sulfragiis
1547 3219 1816 3271 exoratus

58 3290 69 3301 ’
161 3308 439 3376 percepta
466 3302 814 3359 sacramenti
845 3302 930 3358 tui
963 3320 1070 3358 nos
1093 3301 1303 3359 virtute
1333 3286 1596 3359 defende.
1632 3304 1755 3359 Per.
1843 3286 1885 3352 (ἶ

161 3405 336 3448 Μιεελ
364 3407 476 3447 PRO
504 3407 850 3448 JUNIORIBUS
878 3408 1354 3459 CONFESSORIBUS,
1388 3407 1488 3454 QUI
1521 3409 1634 3447 NON
1675 3409 1822 3447 SUNT

823 3494 1168 3535 ΡΟΝΤῙΠΟΕΒ.

238 3569 522 3634 Introitus,
569 3574 621 3623 et
667 3570 843 3625 oratio
891 3568 958 3623 de
1002 3570 1283 3624 communi
1311 3569 1593 3623 abbatum.
1629 3569 1821 3625 Lectio

165 3655 305 3711 libri
337 3654 665 3728 Sapientiae.
699 3656 1031 3712 Benedictio
1080 3656 1333 3726 Domini,
1384 3674 1553 3728 usque
1601 3656 1818 3729 gloriae.

166 3743 466 3802 cruditate.
517 3744 595 3800 Os
637 3744 808 3816 justi,
861 3761 1026 3817 usque
1071 3761 1309 3818 gressus
1359 3747 1505 3817 ejus.
1563 3747 1819 3802 Alleluia.

167 3834 418 3891 Amavit.
452 3835 834 3903 Evangetium.
866 3833 1132 3906 Vigilate.
1168 3836 1537 3907 O/fertorium.
1587 3836 1823 3892 Deside-

169 3923 349 3979 rium.
382 3923 610 3978 Secreta.
645 3922 880 3978 Hostias
910 3923 1309 3990 tibi,Domine,
1332 3914 1434 3995 pro
1465 3940 1821 3980 commemo-

167 4009 394 4066 ratione
423 4010 610 4067 sancti
635 4008 703 4065 N.
739 4011 1093 4067 confessoris
1121 4012 1207 4067 tui
1235 4010 1558 4076 offerimus,
1585 4029 1758 4083 quem
1791 4029 1825 4066 a

158 4099 252 4156 tui
277 4098 536 4170 corporis
548 4099 771 4157 unitate
783 4098 947 4154 nulla
965 4100 1210 4155 tentatio
1230 4100 1829 4173 separavit.Per.Com-

165 4188 362 4243 munia
374 4191 429 4243 et
432 4189 874 4259 postcammunio
883 4188 1125 4244 auditis
1146 4191 1207 4244 in
1235 4191 1514 4244 communi
1523 4189 1823 4245 doctorum.

242 4266 247 4271 ”
538 4292 701 4332 ΜῙΒΒΔ
740 4294 798 4332 IN
836 4292 1035 4331 NATALI
1073 4293 1467 4332 CONPESSORIS.

244 4363 482 4421 Statuit.
515 4364 1101 4421 Psal.Misericordias
1132 4369 1262 4420 tuas
1293 4365 1352 4419 in
1382 4369 1691 4433 asternum,
1717 4369 1825 4421 etc.

177 4453 387 4510 Oratio.
418 4452 652 4509 Adesto.
685 4454 923 4526 Epislala
956 4462 1019 4510 ut
1048 4455 1107 4508 in
1136 4453 1296 4509 editis
1341 4455 1401 4508 in
1445 4456 1629 4525 prima
1660 4456 1829 4510 missa

172 4542 503 4613 confessoris
538 4543 833 4614 pontiﬁcis.
868 4540 1157 4597 Graduale.
1213 4542 1409 4598 Inveni
1454 4542 1658 4599 David.
1691 4544 1829 4599 Alle-

174 4629 595 4697 luia.Domine,
636 4631 899 4703 quinque
946 4629 1183 4699 talenta,
1234 4632 1612 4703 Evangelium.
1645 4632 1829 4687 Homo

176 4734 440 4791 peregre.
476 4719 842 4791 Oﬂertarium.
889 4718 1137 4775 Veritas.
1189 4719 1420 4775 Secreta.
1476 4719 1655 4776 Donis
1713 4737 1830 4775 cce-

168 4805 424 4862 lactibus
453 4805 551 4875 da,
575 4822 936 4878 quaesumus,
971 4806 1237 4877 Domine,
1270 4806 1453 4863 libera
1482 4824 1590 4863 nos
1636 4813 1829 4864 mente

167 4893 479 4976 inservire,
510 4897 567 4950 et
595 4910 859 4960 munera,
891 4911 1019 4967 quae
1049 4894 1391 4961 deferimus,
1412 4894 1830 4951 interveniente

169 4984 345 5040 beato
375 4983 443 5038 N.
475 4983 809 5040 eonfessore
839 4989 963 5051 tuo,
992 4983 1281 5040 medelam
1316 4983 1484 5041 nobis
1521 4989 1833 5055 operentur

170 5075 235 5128 et
264 5068 531 5144 gloriam.
563 5070 688 5128 Per.
732 5074 1073 5130 Commwiio.
1121 5071 1387 5140 Domine,
1435 5072 1697 5146 quinque
1745 5078 1829 5129 ta-

174 5160 361 5217 lenta.
395 5160 1084 5233 Pastcammunio.Repleti
1117 5160 1397 5217 alimonia
1426 5160 1832 5234 cmlesti,quae-

175 5264 416 5317 sumus,
447 5248 711 5316 Domine,
747 5254 831 5317 ut,
864 5250 1253 5306 intercedente
1286 5250 1455 5305 beato
1503 5254 1569 5304 N.
1610 5252 1833 5306 confes-

176 5350 316 5396 sore
344 5339 467 5403 tuo,
498 5338 915 5397 misericordia;
962 5343 1075 5395 tua:
1128 5337 1378 5411 gratiam
1409 5339 1688 5411 consequi
1716 5356 1833 5395 me-

181 5440 445 5484 reamur.
479 5425 605 5483 Per.

616 5531 776 5579 IISSA
814 5532 875 5572 IN
914 5532 1107 5573 NATALI
1144 5531 1417 5572 VIBGINIS.

256 5602 581 5675 Loquebar.
617 5605 1069 5672 0ratia.Praesta,
1100 5604 1839 5678 quaesumus,omnipotens

182 5692 367 5760 Deus,
401 5695 467 5749 ut
497 5693 676 5753 beate
705 5692 1053 5768 N.martyris
1076 5697 1189 5749 tuae
1222 5692 1506 5750 solemnia
1536 5709 1838 5751 recensen-

1931 644 2088 700 stola.
2141 644 2386 709 Fratres,
2439 643 2539 715 qui
2590 642 2893 715 gloriatur.
2950 643 3241 701 Graduale.
3301 644 3583 702 Dilexisti.

1932 732 2192 789 Alleluia.
2226 731 2464 788 Diﬂ‘usa.
2515 734 2891 801 Evangelium.
2949 732 3169 799 Simile,
3215 732 3585 806 Olfertorium.

1932 820 2260 875 Olferentur
2289 821 2819 893 regi.Semeta.Vota
2849 821 3049 894 populi
3078 823 3185 890 tui,
3220 839 3583 895 quaesumus,

1932 909 2197 976 Domine,
2227 910 2579 982 prapitiatus
2610 910 2869 977 intende,
2900 916 2957 966 et
3006 912 3178 982 cujus
3219 929 3327 968 nos
3370 912 3583 969 tribuis

1932 996 2219 1053 solemnia
2286 997 2598 1064 celebrare,
2648 999 2736 1054 fac
2783 1000 3037 1071 gaudere
3096 1000 3412 1072 suffragiis.
3473 1005 3585 1056 Per

1933 1085 2272 1143 Communia.
2307 1087 2573 1158 Quinque
2605 1087 3404 1159 prudentesPastcammunia.
3429 1089 3582 1160 Sup-

1932 1171 2109 1246 plices
2138 1177 2195 1229 te
2223 1189 2522 1247 rogamus,
2582 1174 2952 1247 omnipotens
3004 1176 3179 1241 Deus,
3224 1180 3290 1232 ut
3328 1177 3577 1233 interve-

1932 1261 2126 1319 niente
2168 1263 2337 1318 beata
2366 1262 2433 1317 N.
2467 1268 2718 1335 martyre
2748 1268 2868 1332 tua,
2898 1268 2955 1319 et
2984 1269 3085 1320 tua
3114 1266 3173 1320 in
3206 1265 3375 1321 nobis
3418 1267 3571 1323 dona

1927 1349 2301 1422 multiplices,
2335 1355 2394 1406 et
2422 1355 2684 1423 tempora
2714 1356 2916 1408 nostra
2942 1352 3239 1425 disponas.
3275 1358 3402 1409 Per.

2335 1455 2459 1496 ALIA
2474 1448 2660 1499 'MISSA
2701 1458 2771 1497 DE
2806 1458 3161 1497 VIRGINIBUS.

2001 1530 2277 1594 Intraitus,
2307 1530 2552 1599 psalmus
2583 1534 2639 1584 et
2669 1532 2861 1598 oratio,
2895 1534 2956 1585 ut
2987 1532 3045 1586 in
3082 1530 3241 1586 editis
3290 1533 3351 1586 in
3396 1533 3583 1602 prima
3638 1516 3643 1527 ⁷

1928 1619 2093 1672 unius
2122 1619 2372 1688 virginis.
2409 1617 2601 1673 Lectio
2628 1617 2760 1673 libri
2789 1618 3119 1690 Sapientiae.
3144 1618 3441 1692 Sapientia
3460 1621 3582 1675 vin-

1930 1705 2009 1760 cit
2037 1705 2346 1773 malitiam,
2379 1723 2549 1779 usque
2578 1705 2890 1779 disciplina
2945 1707 3067 1763 Dei.
3120 1708 3409 1764 Graduale.
3445 1709 3582 1780 Spe-

1930 1794 2017 1850 cie
2047 1798 2166 1850 tua.
2199 1794 2456 1850 Alleluia.
2486 1795 2530 1851 Ο
2561 1812 2737 1867 quam
2770 1794 3018 1866 pulchra
3037 1800 3126 1851 est
3156 1798 3318 1853 casta
3345 1813 3582 1869 genera-

1931 1883 2010 1939 tio
2040 1899 2175 1938 cum
2208 1882 2852 1954 claritate.Evangelia-1n
2885 1889 2943 1939 ut
2974 1887 3033 1939 in
3061 1884 3220 1941 editis
3240 1887 3407 1940 unius
3433 1902 3580 1940 mar-

1933 1974 2070 2045 tyris
2100 1988 2207 2028 non
2240 1974 2497 2042 virginis.
2533 1973 2900 2044 Olfertarium.
2934 1972 3089 2028 Filiae
3142 1990 3366 2045 regum.
3399 1975 3580 2031 Secre-

1932 2070 2007 2127 ta,
2029 2063 2338 2117 communio
2366 2070 2416 2117 et
2433 2064 2882 2133 postcommunio,
2916 2066 2980 2117 ut
3011 2064 3072 2117 in
3100 2063 3267 2118 editis
3301 2064 3362 2117 in
3388 2078 3578 2119 secun-

1930 2150 1999 2206 da
2034 2167 2107 2205 un
2116 2153 2201 2207 ius
2229 2152 2484 2219 virginis.

2337 2254 2505 2297 MISSA
2547 2254 2603 2294 IN
2646 2254 2741 2303 DIE
2779 2254 3187 2297 DEPOBITIONIS.

2002 2326 2300 2399 Rogamus
2328 2329 2403 2391 te,
2438 2326 2681 2383 Domine
2734 2328 2884 2384 Deus
2932 2331 3154 2397 noster,
3187 2332 3251 2384 ut
3291 2328 3580 2401 suscipias

1931 2415 2188 2471 animam
2222 2415 2400 2487 hujus
2431 2415 2709 2483 defuncti,
2744 2432 2848 2489 pro
2879 2434 2994 2488 quo
3024 2417 3372 2489 sanguinem
3410 2422 3579 2473 tuum

1930 2503 2154 2559 fudisti.
2190 2504 2533 2570 Recordare,
2566 2504 2830 2573 Domine,
2862 2506 3002 2577 quia
3029 2504 3222 2577 pulvis
3261 2521 3490 2572 sumus,
3521 2509 3580 2562 et

1930 2592 2105 2647 homo
2138 2592 2290 2648 sicut
2342 2593 2562 2658 fenum,
2596 2598 2654 2648 et
2702 2593 2810 2651 llos
2859 2594 3001 2665 agri.
3037 2595 3182 2650 Psal.
3218 2594 3289 2649 Et
3334 2594 3487 2649 sicut
3515 2594 3576 2650 in

1930 2682 2113 2737 Adam
2146 2699 2350 2737 omnes
2378 2682 2733 2761 moriuntur,
2784 2682 2865 2739 ita
2902 2686 2960 2737 et
3004 2681 3065 2737 in
3114 2681 3343 2738 Christo
3372 2699 3577 2738 omnes

1928 2769 2397 2825 vivificabuntur.
2433 2769 2919 2837 0ralio.Deus,cui
2952 2771 3254 2843 proprium
3286 2776 3375 2827 est
3402 2771 3577 2828 mise-

1930 2858 2066 2926 reri,
2100 2865 2209 2915 elc.
2245 2860 2434 2915 Lectio
2481 2859 2753 2931 Epistolas
2802 2860 2955 2916 beati
3005 2859 3171 2917 Pauli
3216 2859 3465 2932 apostoli
3505 2861 3578 2916 ad

1928 2947 2834 3014 Thessalonicenses.Fratres,de
2855 2948 3219 3021 temporibus
3241 2952 3298 3004 et
3317 2963 3579 3004 momen-

1930 3037 2027 3101 tis,
2060 3043 2170 3092 etc.
2204 3054 2374 3107 usque
2404 3042 2672 3092 mortuus
2702 3041 2793 3093 est
2820 3054 2925 3109 pro
2952 3021 3142 3093 nobis.
3177 3037 3580 3100 Graduale.0ui

1929 3127 2209 3181 Lazarum
2234 3126 2627 3182 ressuscitasti
2665 3144 2698 3181 a
2727 3129 3111 3182 monumento
3141 3125 3477 3194 fetidum,tu
3503 3126 3576 3195 ei,

1928 3216 2191 3281 Domine,
2219 3216 2373 3270 dona
2402 3215 2659 3285 requiem
2709 3218 2765 3269 et
2786 3214 2977 3270 locum
3024 3213 3421 3286 indulgentiae.
3468 3215 3577 3270 Re-

1927 3303 2124 3375 quiem
2155 3308 2429 3358 aeternam
2462 3303 2615 3359 dona
2644 3303 2719 3371 ei,
2751 3302 3018 3370 Domine,
3060 3305 3117 3359 et
3153 3302 3254 3357 lux
3302 3306 3579 3375 perpetua

1929 3392 2118 3448 luceat
2148 3392 2219 3447 ei.
2257 3393 2490 3448 Tractus.
2536 3391 2806 3469 Absolve,
2854 3390 3120 3457 Domine,
3165 3395 3273 3446 etc.
3316 3391 3574 3463 Sequen-

1928 3481 2009 3535 tia
2033 3479 2218 3536 sancti
2244 3479 2538 3552 Evangelii
2561 3480 2885 3534 secundum
2907 3479 3288 3534 Joannem.ln
3309 3478 3409 3534 illo
3432 3483 3575 3535 tem-

1930 3586 2068 3642 pore
2100 3586 2112 3624 :
2150 3568 2299 3622 Dixit
2329 3554 2501 3624 Jesus
2533 3567 2785 3639 dispulis
2839 3567 2983 3627 suis.
3025 3567 3206 3623 Nemo
3249 3571 3439 3639 potest
3485 3584 3579 3622 ve-

1930 3658 2078 3722 nire,
2110 3673 2278 3728 usque
2308 3674 2410 3728 pro
2439 3656 2642 3712 mundi
2682 3656 2799 3717 vita
2841 3656 3206 3728 Oﬂ’ertorium.
3239 3655 3576 3725 Subvenite,

1932 3746 2116 3801 sancti
2146 3743 2265 3800 Dei.
2300 3744 2534 3800 Secreta.
2583 3745 2922 3815 Propitiare,
2975 3743 3239 3802 Domine.
3290 3744 3577 3815 Praefatio.

1931 3836 2160 3890 [Eterne
2189 3839 2357 3897 Deus,
2377 3834 2477 3905 qui
2510 3832 2867 3906 benignitate
2895 3832 3151 3906 gratuita
3182 3832 3583 3904 peccatoribus

1933 3922 2187 3994 largiens
2242 3921 2492 3990 veniam,
2555 3920 2894 3994 praeparasti
2945 3919 3196 3977 mortuis
3253 3920 3455 3986 vitam,
3516 3939 3590 3979 ne

1934 4011 2157 4067 diutius
2185 4010 2461 4067 severitas
2494 4015 2715 4066 teneret
2735 4011 2792 4066 in
2822 4026 3167 4083 pmna,quos
3188 4006 3591 4067 misericordia

1932 4101 2240 4157 liberasset
2261 4117 2329 4155 ex
2350 4098 2680 4172 culpa.Tibi
2703 4116 2839 4173 ergo
2870 4100 3166 4172 supplices
3191 4114 3392 4171 preces
3412 4098 3593 4155 effun-

1936 4188 2261 4253 dimus,tibi
2280 4187 2481 4245 famuli
2512 4189 2593 4243 tui
2619 4205 2831 4260 corpus
2863 4193 2920 4244 et
2936 4188 3197 4245 animam
3219 4186 3591 4245 commenda-

1937 4295 2092 4345 mus,
2126 4283 2192 4333 ut
2231 4282 2498 4349 receptus
2530 4278 2681 4333 inter
2710 4278 2949 4351 agmina
2979 4278 3307 4342 beatorum,
3337 4275 3462 4332 loca
3494 4292 3591 4331 ne-

1937 4367 2086 4422 sciat
2114 4366 2663 4422 infernorum.l\’ihil
2701 4367 2781 4439 illi
2804 4363 3585 4437 noceat,Domine,quidquid

1937 4454 2266 4510 attrahente
2323 4455 2517 4509 carnis
2566 4455 2881 4527 fragilitate
2927 4454 3243 4519 commisit,
3273 4459 3374 4511 aut
3430 4452 3587 4525 quod

1937 4543 2209 4598 humanm
2225 4542 2565 4614 cupiditatis
2584 4543 3008 4599 consuetudine
3024 4546 3419 4614 praegravatus
3432 4545 3586 4606 actu,

1866 4651 1909 4717 υ
1939 4630 2114 4686 verbo
2145 4630 2229 4685 vel
2260 4630 2609 4701 cogitatione
2638 4631 2913 4700 peccavit,
2946 4630 3046 4686 sed
3079 4633 3316 4686 secutus
3350 4627 3591 4717 vestigia

1942 4718 2257 4776 Salvatoris
2289 4717 2547 4790 potiatur
2578 4717 2808 4774 inﬁnita
2836 4717 3160 4783 dulcedine,
3194 4720 3251 4773 et
3282 4715 3591 4787 praesentia

1938 4808 2199 4864 veritatis
2218 4806 2676 4878 redemptionem
2698 4822 2933 4878 quoque
2950 4804 3208 4878 corporis
3229 4805 3320 4860 sui
3339 4821 3593 4862 commo-

1939 4896 2100 4952 nitus
2134 4894 2477 4951 {iducialiter
2508 4898 2860 4965 exspectare,
2893 4893 3180 4966 quidquid
3213 4891 3592 4964 habuitprius

1939 4986 2000 5041 in
2033 4986 2165 5049 ﬁde,
2220 4988 2613 5055 consequatur
2659 4981 2717 5038 in
2751 4987 3129 5039 munere.Per
3158 4982 3459 5039 Christum
3490 4985 3594 5037 Do-

1942 5074 2170 5129 minum
2202 5078 2493 5128 nostrum.
2528 5072 2867 5141 Communia,
2901 5078 2962 5127 ut
2995 5074 3057 5128 in
3107 5072 3285 5129 editis.
3319 5074 3593 5129 Postcam-

1942 5164 2058 5229 nio,
2092 5165 2151 5216 ut
2184 5163 2243 5217 in
2272 5161 2361 5217 die
2389 5162 2584 5217 obitus.

2342 5266 2463 5307 ALIA
2504 5267 2673 5306 MISSA
2712 5266 2821 5305 PRO
2860 5266 3190 5308 DEFUNCTIS.

1984 5330 1987 5331 ⁷
2015 5337 2445 5411 Requiem,etc.
2480 5337 3192 5406 0ratio.Adesto,Domine,
3223 5355 3590 5410 quaesumus,

1947 5426 2619 5484 animabusfamulorum
2635 5426 3102 5498 famularumque
3116 5427 3597 5498 tuarum,quibus

1948 5515 2006 5570 in
2040 5514 2427 5587 depositionis
2458 5534 2576 5572 suae
2605 5515 2699 5571 die
2729 5515 2986 5571 ofﬁcium
3024 5513 3598 5571 commemorationis

1949 5604 2442 5679 impendimus,ut
2473 5606 2521 5661 si
2545 5622 2661 5677 qua
2682 5606 2765 5661 eis
2784 5603 3077 5661 saecularis
3096 5602 3325 5659 macula
3345 5602 3597 5668 inhaesit,

1953 5693 2273 5750 autvitium
2288 5692 2587 5750 mundiale
2604 5693 2981 5763 infecit,dono
3012 5697 3123 5750 tuae
3154 5691 3387 5765 pietatis
3408 5691 3599 5748 indul-
