3978 6444
226 340 351 406 949

1026 345 1412 411 EXCERPT.
1458 344 1562 411 EX
1603 347 1834 411 GODD;
1884 348 2196 414 LITURG.
2242 349 2847 417 FONTAVELLAN.

3518 312 3638 423 939

225 476 582 547 tercedente,
614 476 674 533 in
704 482 983 552 perpetua
1032 496 1166 535 cum
1198 480 1475 537 omnibus
1507 481 1726 536 sanctis
1754 479 1872 536 tuis
1902 482 1958 549 Α
1986 482 2391 539 remissionem
2420 488 2764 540 cunctorum
2796 485 2989 540 tribue
3018 488 3403 557 peccatorum.
3438 486 3562 546 Per.

227 563 358 622 luce
388 564 674 622 laetentur.
710 567 836 624 Per.

226 688 402 728 NISSA
440 688 551 727 PRO
589 689 659 728 ΕΟ
698 690 797 736 QUI
837 690 1183 730 Ρηίενεκτυδ
1223 693 1416 731 ΜΟΒΤΕ
1466 692 1872 731 ΡοκΝΙΤΕΝΤΙΑΜ

520 760 792 800 ACCIPERE
826 762 1053 813 VOLUIT,
1094 764 1162 801 ΕΤ
1200 765 1314 803 NON
1357 764 1575 802 POTUIT.

299 832 506 889 Oratio.
557 832 937 905 Omnipotens
986 835 1340 908 sempiterna
1392 840 1562 903 Deus,
1614 835 1672 890 in
1706 836 1875 907 cujus

224 920 491 977 humana
518 920 771 977 conditio
793 927 1078 994 potestate
1109 924 1395 990 consistit,
1429 924 1658 1003 animas
1690 924 1875 979 famu-

225 1008 418 1065 lorum
446 1009 918 1084 famularumque
949 1018 1185 1068 tuarum
1217 1014 1290 1068 ab
1320 1013 1616 1080 omnibus,
1650 1029 1875 1084 quaesu-

226 1114 383 1166 mus,
441 1096 688 1154 absolve
732 1100 1004 1172 peccatis,
1063 1105 1121 1156 et
1182 1101 1537 1172 pmnitentiae
1598 1101 1872 1169 fructum,

225 1203 405 1259 quem
453 1186 728 1244 voluntas
755 1205 959 1245 eorum
1007 1189 1245 1260 optavit,
1301 1189 1573 1261 praeventi
1610 1188 1876 1244 mortali-

222 1279 347 1332 tate
398 1293 514 1332 non
561 1277 827 1348 perdant.
877 1277 1004 1333 Per.
1055 1278 1290 1334 Secreta.
1340 1278 1696 1333 Statisfaciat
1743 1277 1872 1345 tibi,

223 1364 489 1433 Domine,
524 1382 627 1437 pro
658 1366 974 1422 animabus
1002 1366 1357 1422 famulorum
1404 1366 1875 1438 famularumque

225 1458 466 1510 tuarum
495 1454 763 1510 sacriﬁcii
794 1456 1098 1527 praesentis
1140 1455 1376 1524 oblatio,
1405 1459 1470 1510 ut
1507 1460 1873 1526 peccatorum

223 1543 481 1609 veniam,
539 1559 716 1615 quam
763 1543 1177 1615 quasiverunt,
1227 1544 1544 1607 inveniant,
1605 1546 1662 1598 et
1718 1542 1871 1613 quod

225 1632 421 1689 ofﬁcio
450 1631 665 1704 linguae
716 1631 959 1704 implere
992 1649 1108 1688 non
1153 1635 1489 1705 potuerunt,
1538 1631 1874 1688 desideratas

224 1719 581 1793 paenitentiae
600 1722 1081 1794 compensatione
1101 1720 1446 1794 percipiant.-
1472 1722 1596 1776 Per.
1630 1720 1708 1775 Ad
1738 1736 1877 1775 com-

223 1811 561 1866 munionem.
598 1814 769 1878 Deus,
805 1828 839 1865 a
868 1827 985 1882 quo
1017 1814 1287 1883 speratur
1306 1808 1550 1865 humani
1581 1808 1873 1864 commodi

226 1915 402 1955 omne
432 1899 585 1971 quod
613 1898 835 1954 bonum
865 1902 974 1964 est,
1004 1898 1217 1965 tribue,
1247 1915 1350 1970 per
1377 1898 1499 1953 haec
1530 1901 1731 1952 sancta
1750 1913 1878 1968 quae

226 1988 618 2060 sumpsimus,
644 1991 727 2059 ut,
756 1987 908 2043 sicut
923 1987 1231 2043 animabus
1249 1985 1603 2042 famulorum
1637 1985 1880 2040 famula-

227 2093 480 2149 rumque
508 2081 746 2133 tuarum
779 2076 1131 2149 paenitentiae
1165 2078 1415 2132 fructum
1446 2073 1591 2130 velle
1623 2073 1876 2142 donasti,

227 2165 314 2223 sic
346 2164 775 2238 indulgentiam
806 2165 1034 2222 tribuas
1064 2165 1376 2221 miseratus
1408 2166 1684 2236 optatam.
1718 2162 1843 2217 Per.

785 2271 957 2311 MISSA
996 2271 1325 2310 GENERALIS.

300 2344 504 2400 Oratio.
530 2344 877 2399 Sanctorum
896 2348 1132 2399 tuorum
1160 2341 1696 2406 intercessionibus,
1729 2357 1881 2412 quee-

234 2448 470 2492 sumus.
506 2431 772 2498 Domine,
804 2432 1113 2504 gratiatua
1135 2447 1239 2486 nos
1270 2435 1527 2501 protege,
1560 2436 1616 2485 et
1648 2428 1881 2485 famulis

232 2524 291 2577 et
321 2519 658 2577 famulabus
685 2520 824 2587 tuis,
858 2536 1107 2592 quorum
1130 2519 1742 2575 commemorationem
1767 2517 1883 2591 agi-

227 2614 463 2676 mus,et
483 2625 734 2681 quorum
763 2607 1165 2680 eleemosynas
1188 2609 1533 2680 recepimus,
1568 2624 1669 2662 seu
1703 2607 1879 2661 etiam

227 2696 300 2753 iis
322 2697 423 2770 qui
454 2696 626 2753 nobis
651 2696 1048 2753 familiaritate
1065 2696 1151 2753 vel
1172 2696 1881 2768 consanguinitatejuncti

229 2786 398 2849 sunt,
426 2782 889 2839 misericordiam
923 2787 1083 2838 tuam
1123 2784 1340 2855 ubique
1373 2785 1681 2855 praetende,
1715 2787 1780 2838 ut
1809 2784 1881 2838 ab

228 2871 779 2944 impugnationibus
802 2870 1025 2927 defensi
1051 2872 1543 2944 tuaOpitulatione
1563 2871 1880 2938 salventur,

230 2965 289 3016 et
321 2961 553 3017 animas
584 2960 937 3016 famulorum
972 2960 1442 3032 famularumque
1472 2964 1730 3026 tuarum,
1758 2976 1882 3015 om-

229 3049 396 3105 nium
411 3048 676 3105 videlicet
696 3049 954 3105 ﬁdelium
969 3049 1386 3106 catholicorum
1406 3049 1881 3116 orthodoxorum,

230 3154 488 3210 quorum
506 3139 1121 3194 commemorationem
1140 3138 1390 3211 agimus,
1411 3143 1467 3194 et
1487 3155 1735 3210 quorum
1757 3154 1881 3193 cor-

227 3244 374 3300 pora
403 3226 462 3282 in
492 3227 603 3283 hoc
632 3231 689 3283 et
717 3227 775 3282 in
826 3227 1054 3283 cunctis
1103 3227 1447 3283 cmmeteriis
1495 3226 1758 3281 ﬁdelium
1790 3243 1877 3282 re-
1909 3212 1951 3277 C

223 3317 564 3389 quiescunt,
584 3319 643 3373 et
671 3332 921 3388 quorum
945 3316 1184 3371 nomina
1205 3332 1379 3387 super
1409 3320 1679 3371 sanctum
1699 3314 1880 3371 altare

221 3410 396 3461 tuum
427 3406 647 3477 scripta
693 3406 898 3462 adesse
937 3406 1229 3472 videntur,
1276 3405 1595 3460 electorum
1639 3409 1877 3460 tuorum

213 3494 471 3567 jungere
519 3493 779 3566 digneris
829 3493 1141 3550 consortio.
1193 3494 1319 3548 Per.
1379 3494 1618 3549 Secreta.
1676 3492 1876 3565 Pr0pi~

222 3584 392 3648 tiare,
451 3582 714 3647 Domine,
765 3582 1293 3656 supplicationibus
1360 3583 1598 3649 nostris,
1660 3586 1717 3636 et
1773 3582 1879 3637 has

224 3670 570 3738 oblationes,
591 3687 738 3744 quas
762 3688 862 3743 pro
885 3670 1287 3727 incolumitate
1310 3669 1665 3726 famulorum
1697 3670 1880 3725 famu-

221 3757 537 3831 larumque
561 3763 818 3823 tuarum,
863 3764 920 3815 et
960 3776 1062 3831 pro
1095 3758 1407 3815 animabus
1438 3759 1701 3814 omnium
1734 3758 1878 3812 ﬁde-

225 3847 374 3903 lium
391 3847 795 3903 defunctorum
815 3846 1617 3919 orthodoxorum,etquorum
1641 3845 1880 3902 nomina

223 3952 406 4009 super
434 3938 702 3991 sanctum
726 3934 907 3990 altare
930 3940 1097 3990 tuum
1123 3936 1341 4007 scripta
1366 3936 1568 3991 adesse
1589 3934 1876 4003 videntur,

224 4023 450 4081 nomini
482 4027 584 4079 tuo
607 4025 1057 4088 consecrandas,
1090 4023 1428 4089 deferimus,
1477 4022 1770 4094 benignus
1792 4039 1881 4078 as-

224 4128 416 4177 sume,
451 4114 514 4166 ut
539 4112 809 4167 sacriﬁcii
832 4111 1138 4183 praesentis
1162 4110 1378 4167 oblatio
1407 4110 1479 4166 ad
1513 4109 1878 4183 refrigerium

229 4200 564 4257 animarum
599 4216 800 4255 eorum
843 4204 899 4255 te
928 4201 1250 4255 miserante
1281 4199 1600 4272 proveniat.
1636 4200 1758 4254 Per.
1803 4200 1882 4254 Ad

225 4290 684 4344 communionem.
736 4287 1009 4344 Puriﬁcet
1057 4306 1183 4353 nos,
1217 4304 1578 4360 quaesumus,
1611 4288 1877 4355 Domine,

225 4376 408 4432 divini
431 4376 783 4433 sacramenti
818 4375 1128 4449 perceptio,
1164 4380 1221 4430 et
1250 4375 1507 4449 gloriosa
1537 4380 1873 4431 sanctorum

226 4468 466 4521 tuorum
489 4464 693 4532 oratio,
717 4468 773 4521 et
794 4465 1107 4521 animabus
1126 4464 1480 4520 famulorum
1505 4465 1880 4519 famularum-

228 4570 344 4626 que
369 4557 628 4620 tuarum,
672 4571 922 4627 quorum
969 4554 1579 4610 commemorationem
1628 4553 1878 4625 agimus,

2139 589 2309 628 MISSA
2345 590 2648 630 COMMUNIS
2684 591 2945 630 VIVORUM
2983 592 3049 630 ET
3086 591 3470 639 MORTUORUM.

1965 680 1969 684 λ
2056 660 2261 716 Oratio.
2277 661 2608 717 Pietatetua
2620 679 2995 733 quaesumus,
3011 663 3273 731 Domine,
3289 669 3623 725 nostrorum

1983 747 2139 804 solve
2166 750 2401 805 vincula
2430 751 2697 805 omnium
2728 750 3099 820 delictorum,
3149 757 3207 807 et
3236 753 3629 817 intercedente

1982 836 2154 892 beata
2182 842 2239 892 et
2266 837 2521 910 gloriosa
2551 854 2782 910 semper
2801 840 3037 911 Virgine
3065 841 3166 896 Dei
3199 842 3482 914 genitrice
3508 844 3628 900 Ma-

1985 921 2090 986 ria,
2124 939 2257 978 cum
2291 924 2565 979 omnibus
2597 924 2818 982 sanctis
2865 926 3005 998 tuis,
3038 928 3320 983 domuum
3352 930 3627 1001 apostoli-

1985 1027 2141 1077 cum,
2158 1012 2482 1083 pontiﬁces,
2502 1013 2724 1085 priores
2746 1018 2803 1070 et
2822 1015 3060 1071 abbates
3081 1022 3329 1083 nostros,
3348 1021 3406 1073 et
3425 1035 3516 1074 om
3527 1036 3629 1081 nes

1985 1101 2464 1173 congregationes
2494 1100 2613 1157 illis
2643 1103 3011 1170 commissas,
3064 1121 3228 1178 reges
3252 1110 3309 1161 et
3338 1107 3630 1179 principes

1985 1193 2237 1256 nostros,
2271 1193 2325 1244 et
2337 1206 2570 1246 omnem
2601 1190 2883 1263 populum
2900 1192 3321 1260 Christianum,
3344 1199 3403 1250 et
3423 1212 3527 1251 nos
3547 1197 3629 1252 fa-

1985 1276 2178 1332 mulos
2207 1282 2341 1333 tuos
2393 1282 2568 1350 atque
2601 1278 2729 1334 loca
2758 1283 2957 1336 nostra
3003 1281 3062 1336 in
3111 1283 3271 1337 omni
3323 1284 3631 1341 sanctitate

1985 1366 2232 1434 custodi,
2269 1383 2587 1439 omnesque
2609 1369 3133 1441 consanguinitate,
3153 1371 3436 1436 affinitate
3457 1377 3632 1444 atque

1984 1454 2379 1511 familiaritate
2401 1456 2569 1512 nobis
2587 1457 2714 1527 conj
2724 1462 2930 1513 unctos
2952 1475 2985 1513 a
3005 1459 3162 1514 vitiis
3184 1477 3388 1532 purga,
3406 1462 3633 1517 virtuti-

1982 1543 2095 1597 bus
2128 1542 2379 1611 illustra,
2411 1560 2608 1615 pacem
2633 1549 2689 1600 et
2718 1544 2964 1601 salutem
2997 1547 3167 1621 nobis
3196 1548 3406 1613 tribue,
3432 1549 3632 1607 hostes

1982 1630 2243 1687 visibiles
2274 1636 2330 1687 et
2368 1631 2692 1688 invisibiles
2742 1650 2993 1701 remove,
3044 1636 3300 1692 carnalia
3338 1639 3635 1695 desideria

1983 1719 2217 1792 repelle,
2252 1737 2441 1777 aerem
2475 1721 2770 1778 salubrem
2801 1723 3064 1797 indulge,
3092 1742 3126 1780 a
3153 1725 3310 1780 mala
3337 1729 3393 1782 et
3421 1726 3635 1798 impro-

1983 1807 2109 1863 visa
2139 1812 2324 1864 morte
2357 1827 2464 1865 nos
2506 1811 2684 1883 eripe,
2728 1811 2984 1867 inimicis
3033 1814 3250 1870 nostris
3287 1814 3633 1871 cbaritatem

1987 1895 2220 1969 largire,
2253 1902 2308 1953 et
2357 1899 2631 1954 omnibus
2678 1900 2950 1957 fidelibus
2997 1901 3140 1958 vivis
3171 1906 3228 1957 et
3256 1903 3547 1969 defunctis
3576 1905 3635 1960 in

1987 1990 2144 2041 terra
2198 1987 2519 2042 viventium
2575 1988 2753 2043 vitam
2811 1992 3089 2045 aeternam
3168 1992 3440 2049 concede.
3507 1992 3634 2050 Per.

1989 2074 2222 2130 Secreta.
2257 2076 2430 2143 Deus,
2465 2077 2564 2148 qui
2609 2076 2926 2150 singularis
2953 2079 3210 2151 corporis
3238 2079 3430 2136 hostia
3462 2081 3638 2138 totius

1991 2164 2194 2218 mundi
2209 2163 2430 2220 solvisti
2452 2165 2682 2232 delicta,
2706 2166 2815 2222 hac
2841 2167 3131 2235 oblatione
3152 2167 3416 2240 placatus
3437 2187 3639 2227 macu-

1989 2251 2075 2307 las
2098 2252 2382 2307 scelerum
2413 2259 2748 2309 nostrorum
2777 2256 3067 2328 absterge,
3093 2260 3150 2312 et
3170 2258 3437 2325 omnium
3469 2258 3640 2313 Chri-

1990 2340 2314 2396 stianorum
2345 2341 2602 2396 ﬁdelium
2628 2342 2890 2398 vivorum
2926 2348 2983 2399 et
3005 2348 3371 2413 mortuorum
3400 2351 3640 2419 peccata

1991 2428 2238 2500 dimitte,
2270 2430 2471 2501 eisque
2519 2431 2761 2501 praemia
2807 2436 3024 2487 aeterna
3072 2435 3341 2500 concede,
3380 2434 3643 2490 Salvator

1991 2517 2214 2572 mundi.
2251 2518 2328 2572 Ad
2355 2520 2810 2574 communionem.
2844 2524 3110 2591 Sumpta,
3134 2538 3496 2592 quaesumus,
3524 2522 3637 2578 Do-

1992 2605 2168 2677 mine,
2201 2605 2832 2663 cmlestiasacramenta
2848 2608 3044 2663 omnia
3063 2609 3313 2664 crimina
3334 2612 3639 2677 nostrade-

1989 2699 2240 2767 tergant,
2274 2711 2624 2767 omnemque
2644 2696 2981 2767 parvitatem
3005 2700 3063 2753 et
3093 2697 3513 2766 infirmitatem,
3530 2715 3636 2755 seu

1990 2783 2164 2839 etiam
2197 2784 2482 2838 hosticam
2520 2784 2947 2856 rabiem,atque
2965 2785 3334 2842 subitaneam
3365 2791 3636 2854 mortem,
3740 2828 3745 2835 μ

1994 2872 2218 2927 meritis
2250 2872 2429 2928 beatae
2459 2872 2649 2928 Mariae
2694 2889 2927 2944 semper
2954 2874 3236 2946 Virginis,
3269 2878 3326 2930 et
3368 2875 3634 2931 omnium

1992 2965 2328 3016 sanctorum
2356 2965 2617 3027 tuorum,
2651 2979 2685 3018 a
2707 2962 2877 3017 nobis
2898 2962 3100 3033 procul
3122 2962 3429 3035 repellant,
3458 2967 3650 3021 etom-

1994 3050 2170 3105 nibus
2200 3048 2473 3106 ﬁdelibus
2496 3050 2639 3105 vivis
2661 3050 3022 3107 etdefunctis
3053 3052 3282 3123 prosint
3298 3053 3369 3108 ad
3390 3054 3644 3125 veniam,

1996 3156 2099 3211 pro
2130 3156 2403 3211 quorum,
2456 3156 2827 3211 quarumque
2875 3139 2980 3195 tibi
3022 3144 3162 3196 sunt
3204 3141 3401 3197 oblata
3429 3141 3637 3199 salute.

1991 3228 2115 3284 Per.

2383 3334 2441 3371 Ml
2450 3330 2547 3371 SSA
2588 3333 2695 3371 ΡΙὶο
2735 3332 3247 3373 ΒΒΝΕΡΑΟΤΟΒΙΒΠΒ.

2063 3406 2268 3460 Ora/i0.
2322 3409 2496 3468 Deus,
2547 3405 2644 3475 qui
2701 3404 3005 3459 charitatis
3049 3406 3203 3461 dona
3251 3423 3353 3477 per
3391 3406 3641 3477 gratiam

1990 3492 2176 3547 sancti
2206 3491 2460 3564 Spiritus
2483 3498 2717 3548 tuorum
2749 3493 3027 3548 cordibus
3058 3493 3317 3549 ﬁdelium
3350 3494 3639 3561 infudisti,

1992 3582 2064 3636 da
2085 3580 2321 3636 famulis
2339 3586 2391 3636 et
2421 3582 2754 3637 famulabus
2773 3581 2914 3652 tuis,
2935 3582 3007 3636 de
3020 3582 3238 3654 quibus
3260 3582 3643 3654 deprecamur

1988 3672 2151 3725 tuam
2184 3669 2578 3736 clementiam,
2603 3669 2851 3725 salutem
2873 3670 3088 3725 mentis
3108 3674 3168 3725 et
3196 3671 3477 3743 corporis,
3508 3675 3641 3726 ulte

1988 3762 2109 3813 tota
2137 3758 2345 3812 virtute
2384 3757 2650 3830 diligant,
2702 3762 2760 3813 et
2791 3774 2919 3830 quae
2953 3758 3229 3831 tibisunt
3252 3758 3486 3831 placita,
3519 3762 3643 3815 tota

1990 3846 2296 3901 dilectione
2326 3846 2649 3919 perﬁciant.
2685 3851 2812 3902 Per.
2834 3851 3072 3904 Secreta.
3098 3848 3391 3917 Miserere,
3416 3864 3641 3920 quasu-

1991 3952 2145 4001 mus,
2161 3935 2426 4002 Domine,
2447 3935 2687 3991 famulis
2704 3939 2762 3990 et
2775 3934 3111 3991 famulabus
3136 3934 3275 4003 tuis,
3303 3952 3406 4007 pro
3424 3936 3641 4007 quibus

1990 4022 2097 4078 hoc
2130 4024 2483 4078 sacriﬁcium
2518 4023 2712 4078 laudis
2754 4028 2866 4077 tua:
2901 4023 3202 4078 offerimus
3228 4023 3545 4095 majestati,
3578 4026 3644 4079 ut

1990 4129 2094 4183 per
2147 4113 2267 4168 haec
2322 4117 2525 4168 sancta
2585 4129 2851 4185 supernae
2910 4113 3334 4169 benedictionis
3391 4113 3640 4185 gratiam

1989 4201 2314 4268 obtineant,
2329 4206 2387 4257 et
2406 4200 2651 4273 gloriam
2668 4206 2893 4257 internae
2912 4200 3296 4256 beatitudinis
3311 4201 3637 4272 acquirant.

1995 4290 2114 4344 Per.
2164 4290 2242 4344 Λιί
2289 4292 2744 4355 communionem.
2796 4290 3002 4345 Divina
3053 4290 3303 4346 libantes
3342 4291 3639 4363 mysteria,

1991 4394 2356 4447 quaesumus,
2408 4378 2671 4444 Domine,
2708 4382 2772 4433 ut
2819 4379 2940 4433 hzec
2967 4378 3249 4434 salutaria
3279 4384 3645 4436 sacramenta

1992 4464 2111 4519 illis
2143 4466 2450 4536 proficiant
2471 4468 2539 4521 ad
2566 4467 3007 4539 prosperitatem
3041 4472 3096 4522 et
3117 4484 3339 4538 pacem,
3365 4485 3467 4539 pro
3499 4485 3642 4539 quo-

1993 4570 2123 4607 rum
2148 4552 2457 4608 dilectione
2488 4571 2556 4608 ea
2585 4558 2699 4610 tua:
2729 4554 3052 4609 obtulimus
3079 4556 3390 4624 majestati.
3426 4556 3550 4610 Per.

2258 4652 2477 4659 —————__..

1703 4731 2165 4825 INCIPIT

229 4884 608 4947 OFFICIUM
636 4884 1036 4945 BHEVIARII
1071 4884 1491 4946 SECUNDUM
1519 4883 1875 4946 ORDINEM
1908 4882 2150 4943 EREMI
2185 4881 2514 4942 SANC'I‘IE
2544 4881 2825 4944 CRUGIS
2857 4881 3141 4945 FONTIS
3170 4884 3640 4947 AVELLAN/E.

300 5068 604 5126 Dominica
643 5069 835 5143 prima
879 5071 1200 5125 Adventus.
1252 5070 1330 5124 Ad
1363 5087 1614 5142 vesperas
1645 5070 1876 5125 Sabbato
1907 5072 1954 5136 D
1988 5068 2210 5123 Diffusa
2240 5071 2327 5123 est
2358 5066 2594 5139 gratia..
2620 5067 2952 5138 Propterea.
2979 5069 3171 5124 Oratio
3194 5111 3206 5125 .
3254 5074 3409 5126 Deus
3444 5071 3547 5142 qui
3570 5071 3643 5127 de

234 5160 393 5215 lectio
415 5177 433 5214 :
466 5157 745 5214 Eccedies
765 5158 1029 5227 veniunt,
1045 5161 1153 5213 etc.
1169 5175 1364 5229 ,usque
1380 5158 1436 5213 in
1458 5164 1629 5213 terra.
1652 5160 1710 5225 πῖ.
1738 5158 1878 5212 Mis-

232 5263 336 5303 sus
368 5250 458 5302 est
489 5245 738 5303 Gabriel.
764 5248 814 5307 )7.
842 5247 1009 5303 Dabit
1036 5247 1106 5303 ei.
1135 5247 1398 5320 Hymnus,
1440 5251 1573 5312 etc.,
1606 5263 1777 5319 usque
1815 5247 1885 5302 ad

234 5338 406 5390 totam
433 5336 756 5401 orationem,
786 5337 847 5389 ut
876 5336 938 5390 in
955 5335 1131 5390 editis.
1166 5336 1265 5389 Hic
1292 5334 1599 5389 dimittitur
1625 5349 1796 5403 usque
1815 5333 1884 5388 ad

228 5427 477 5479 octavam
516 5424 848 5495 Epiphaniae
891 5424 1192 5494 antiphona
1238 5422 1303 5477 dc
1351 5423 1538 5490 Cruce,
1592 5428 1643 5476 et
1678 5420 1886 5475 dicitur

232 5512 345 5571 haec
373 5512 681 5584 antiphona
711 5513 886 5569 beatae
915 5513 1148 5569 Maria:
1179 5511 1396 5567 Missus
1426 5515 1516 5567 est
1536 5510 1765 5566 Gabriel
1788 5527 1885 5565 an-

226 5601 393 5675 gelus
427 5602 500 5659 ad
528 5601 773 5658 Mariam
803 5600 1089 5675 virginem
1122 5602 1542 5674 desponsatam
1575 5598 1814 5669 Joseph.
1849 5600 1881 5667 ᾗ

1992 5158 2191 5225 beata,
2226 5161 2333 5211 etc.
2384 5157 2785 5211 Invitatorium.
2819 5156 2963 5211 Ecce
2993 5157 3181 5213 veniet
3216 5175 3337 5228 rex,
3372 5176 3639 5215 occurra-

1995 5262 2128 5300 mus
2159 5245 2390 5300 obviam
2421 5243 2700 5299 Salvatori
2733 5247 2953 5299 nostro.
2979 5244 3254 5300 Lectiones
3274 5262 3457 5302 omnes
3477 5247 3640 5315 huius

1994 5333 2255 5389 breviarii
2296 5335 2461 5390 mira:
2507 5341 2634 5389 sunt
2689 5332 2985 5387 brevitatis.
3034 5333 3279 5400 Quatuor
3322 5337 3498 5405 primi
3534 5352 3640 5390 uo-

1991 5424 2175 5477 cturni
2229 5424 2391 5494 hujus
2439 5424 2742 5478 Dominica:
2787 5420 3251 5492 comprehendunt
3293 5423 3538 5493 primam
3591 5427 3641 5478 et

1990 5511 2281 5565 semiudum
2310 5520 2524 5565 nostras
2570 5527 2739 5583 usque
2787 5510 2856 5565 ad
2903 5525 3241 5581 responsum.
3296 5509 3446 5577 Quod
3475 5527 3640 5580 argu-

1991 5604 2171 5656 mento
2206 5602 2284 5655 est
2312 5599 2457 5655 hunc
2479 5599 2716 5656 codicem
2746 5602 3013 5673 scriptum
3053 5602 3289 5671 tempore
3317 5613 3422 5670 quo
3449 5613 3641 5653 mona-
