3978 6368
367 355 485 425 πί

369 493 508 550 stiea
533 491 834 565 disciplina
861 490 1146 548 exsulabat
1175 509 1210 547 a
1255 499 1435 547 nostra
1475 491 1798 547 monasterio
1836 504 2014 562 quon-
2041 489 2099 556 Α

369 581 887 638 dam-sanctissimo.

445 671 506 740 ἡ.
536 670 810 736 Primum,
857 668 1152 725 secundum
1196 673 1246 725 et
1295 670 1514 724 tertium
1555 669 1730 740 primi
1761 667 2018 723 nocturni

371 755 580 828 eadem,
607 770 732 830 quae
775 757 838 812 in
881 757 1043 814 editis
1067 759 1288 813 nostris.
1335 759 1636 826 Quartum:
1669 757 1802 825 Ave,
1837 755 2019 812 Maria

370 847 565 920 gratia
592 845 784 919 plena,
815 861 986 918 usque
1006 845 1154 901 dixit
1181 845 1252 902 ei.

446 935 507 1006 ἡ.
537 935 796 991 Primum
837 934 1060 990 secundi
1103 936 1358 991 nocturni
1386 937 1460 990 est
1501 934 1797 991 secundum
1844 933 2018 990 edito-

369 1035 504 1080 rum
533 1023 840 1080 Secundum
857 1039 981 1080 vero
1001 1041 1020 1078 :
1050 1022 1259 1079 Audite
1277 1024 1520 1080 verbum
1542 1023 1794 1092 Domini,
1813 1039 2017 1078 omnes

373 1117 600 1188 gentes,
629 1116 760 1184 etc.,
809 1129 982 1186 usque
1025 1111 1289 1168 clamate.
1340 1113 1592 1168 Tertium.
1626 1112 1770 1168 Ecce
1817 1110 2016 1183 Virgo,

367 1205 508 1268 sta,
531 1216 702 1274 usque
729 1202 790 1257 in
820 1205 1118 1257 aeternum.
1153 1201 1420 1270 Quartum
1439 1219 1457 1256 :
1485 1199 1668 1256 Alieni
1691 1216 1806 1255 non
1826 1203 2017 1254 trans-

371 1288 564 1359 ibunt,
595 1305 764 1364 usque
781 1293 840 1346 et
867 1291 1180 1346 condenso.

441 1377 671 1453 Reliqua
708 1380 1056 1450 responsoria
1083 1379 1198 1434 alia
1226 1379 1392 1434 etiam
1420 1384 1548 1432 sunt
1577 1394 1610 1432 a
1639 1379 1861 1446 nostris,
1897 1389 2020 1447 quae

367 1480 480 1524 non
510 1469 844 1540 referuntur,
876 1483 946 1524 ne
969 1468 1138 1524 nimis
1157 1468 1456 1522 concrescat
1483 1467 1756 1521 volumen.
1775 1467 1902 1521 Post
1925 1481 2022 1520 an-

369 1556 655 1629 tiphonam
679 1557 752 1614 ad
779 1547 1126 1613 Benedictus
1149 1555 1399 1622 habetur,
1431 1557 1730 1626 antiphona
1755 1555 2015 1622 Virginis.

371 1638 512 1716 Axis,
543 1645 745 1714 Maria,
759 1646 948 1720 gratia
964 1645 1456 1718 plena,Dominus
1473 1647 1688 1710 tecum,
1716 1641 2021 1698 benedicta

367 1737 438 1792 tu
465 1734 528 1790 in
556 1730 925 1801 mulieribus,
949 1732 1203 1789 alleluia.
1237 1735 1290 1802 ᾖ.
1325 1733 1563 1788 Diﬂ'usa.
1601 1732 1810 1799 Oratio,
1843 1735 2016 1796 Deus,

372 1823 476 1896 qui
497 1823 569 1880 de
597 1824 782 1880 beata:
809 1821 1023 1878 Mariae.

447 1912 528 1967 Ad
552 1913 816 1983 primam,
847 1911 1170 1982 antiphona.
1198 1908 1464 1965 Alleluia.
1497 1911 1607 1965 Ista
1639 1909 1792 1965 lectio
1819 1908 2024 1964 dicitur

374 1998 630 2057 omnibus
656 1998 847 2055 diebus
897 1999 1193 2053 Dominicis
1239 2001 1291 2052 et
1317 1999 1528 2069 festiuis
1575 2013 1742 2070 usque
1764 1997 1834 2052 ad
1872 1999 2025 2053 Nati-

371 2089 620 2156 vitatem,
645 2091 700 2144 et
718 2088 1175 2160 aScpluagesima
1205 2101 1376 2157 usque
1399 2085 1470 2142 ad
1496 2087 1724 2142 Pascha.
1755 2085 2020 2154 Domine,

375 2176 656 2234 miserere
682 2175 888 2244 nostri,
921 2183 1031 2231 etc.

444 2264 540 2321 Λᾶ
567 2255 775 2322 sextam
795 2280 816 2320 :
847 2263 1242 2321 Conscientiae
1271 2267 1524 2334 nostras,
1557 2269 1664 2320 etc.
1689 2265 1768 2320 Ad
1797 2280 2020 2332 nonam,

375 2351 576 2412 oratio.
609 2353 901 2426 Propitius
931 2357 1076 2424 esto,
1107 2353 1370 2421 Domine,
1403 2353 1678 2408 omnibus
1717 2357 2022 2426 expectan-

376 2438 540 2502 tibus
569 2445 628 2499 te
657 2443 718 2498 in
735 2441 991 2510 veritate,
1039 2445 1104 2498 ut
1131 2441 1191 2496 in
1222 2441 1468 2498 adventu
1511 2439 1638 2496 Filii
1676 2441 1762 2497 tui
1796 2441 2024 2498 Domini

379 2531 569 2590 nostri
601 2530 836 2604 placitis
863 2530 972 2586 tibi
1005 2529 1233 2586 actibus
1281 2533 1720 2602 praesentemur.
1754 2531 1876 2586 Per.
1909 2531 2025 2604 Cae-

384 2629 502 2678 tera
527 2619 686 2694 infra
731 2607 1124 2676 hebdomadam
1147 2627 1278 2675 sunt
1322 2620 1464 2674 ritus
1491 2637 1528 2674 a
1581 2628 1764 2674 nostro
1804 2619 2026 2686 diversi,

380 2718 510 2784 quae
539 2710 764 2780 longum
789 2712 924 2766 esset
949 2708 1272 2765 exscribere.

457 2791 745 2856 flaminica
754 2795 989 2854 secunda
1001 2797 1402 2852 invitatoriam.
1427 2795 1676 2868 Surgite,
1699 2795 2032 2868 vigilemus,

391 2887 605 2957 venite,
655 2881 988 2952 adoremus,
1020 2885 1161 2958 quia
1205 2885 1502 2940 nescimus
1539 2884 1766 2953 horam,
1799 2884 2033 2957 quando

387 2975 580 3033 veniet
609 2974 916 3032 Dominus.

455 3055 840 3130 Invitatorium
857 3064 1040 3120 tertia?
1063 3063 1384 3119 Dominicis.
1400 3062 1543 3118 Ecce
1556 3063 1749 3118 veniet
1761 3063 1902 3132 Rex,
1921 3067 2029 3119 etc.

456 3154 681 3222 Quartae
699 3139 890 3208 autem
934 3153 1336 3208 invitatoriam.
1389 3151 1534 3206 Ecce
1576 3151 1810 3207 advenit
1839 3151 2024 3224 pleni-

1551 353 1740 421 S‘EC.
1784 354 1869 420 XI
1909 351 2225 421 NONUM.
2269 351 2582 417 LlTURG.
2615 389 2622 398 ι

2301 484 2524 542 Alacris
2553 486 2618 544 ut
2647 485 2844 540 currat
2870 481 3048 538 via.

2375 575 2660 646 Egressus
2691 573 2818 644 ejus
2853 589 2888 628 a
2915 572 3106 638 Patre,

2304 664 2626 736 Regressus
2657 662 2784 732 ejus
2814 661 2882 716 ad
2918 664 3172 728 Patrem,

2305 751 2596 806 Excursus
2625 765 2814 821 usque
2843 749 2915 804 ad
2946 748 3186 818 inferos,

2304 841 2598 912 Recursus
2628 839 2700 894 ad
2731 838 2930 894 sedem
2961 837 3084 893 Dei.

2373 926 2635 1000 .Equalis
2664 929 2876 982 esterno
2908 924 3063 981 Patri

2303 1015 2506 1072 Carnis
2533 1019 2748 1087 tropaeo
2778 1014 3084 1087 attingere,

2305 1105 2544 1160 Inflrma
2571 1103 2754 1159 nostri
2781 1101 3040 1175 corporis

2304 1191 2530 1248 Virtute
2559 1192 2802 1248 ﬁrmans
2833 1191 3074 1264 perpeti.

2374 1282 2632 1354 Praesepe
2654 1282 2781 1353 jam
2811 1278 2995 1353 fulget
3021 1283 3190 1335 tuum

2307 1371 2648 1442 Lumenque
2677 1386 2784 1426 nos
2812 1370 2998 1442 spirat
3025 1385 3262 1436 novum,

2305 1459 2466 1523 Quod
2500 1457 2664 1515 nulla
2689 1475 2795 1514 nos
2823 1457 3149 1531 interpolet,

2306 1546 2558 1620 Fidequc
2579 1549 2712 1621 jugi
2740 1547 2951 1604 luceat.

2378 1637 2532 1692 Laus
2560 1637 2766 1705 honor,
2796 1641 2904 1693 etc.

2200 1727 2253 1794 Ῡ.
2269 1726 2486 1780 Tecum
2498 1725 2852 1798 principium
2867 1725 2928 1781 in
2945 1724 3038 1781 die
3052 1724 3203 1780 virtu
3212 1725 3288 1781 tis
3307 1727 3439 1781 tum.
3464 1725 3787 1798 Antiphona

2129 1813 2200 1868 ad
2228 1811 2564 1886 Magniﬁcat
2577 1817 2630 1870 et
2657 1815 2834 1870 oratio
2863 1817 2922 1868 ut
2949 1815 3006 1868 in
3039 1813 3217 1870 editis.
3245 1813 3326 1870 Ad
3356 1814 3616 1870 honorem
3643 1831 3784 1870 san-

2129 1905 2234 1958 cta:
2262 1899 2449 1957 Mariae
2473 1903 2793 1974 antiphona.
2819 1903 2959 1958 Ecce
2991 1901 3178 1958 Maria
3194 1903 3426 1974 Genuit,
3457 1906 3790 1976 etc.,usque

2132 1990 2360 2058 mundi,
2391 2006 2517 2046 cum
2547 1989 2802 2046 alleluia.
2833 1992 2962 2046 Post
2985 1991 3173 2061 ﬁnitas
3213 1990 3402 2046 laudes
3427 2008 3655 2064 sequens
3681 2006 3782 2048 ru-

2135 2079 2318 2134 brica:
2370 2081 2488 2134 Haec
2519 2081 2820 2152 antiphona
2848 2079 3060 2135 dicatur
3087 2078 3158 2135 ad
3186 2079 3375 2136 laudes
3403 2073 3477 2135 ad
3519 2079 3790 2138 honorem

2131 2175 2338 2226 sanctae
2363 2168 2556 2225 Mariae
2600 2185 2769 2239 usque
2815 2167 2887 2224 ad
2932 2177 3177 2225 octavam
3222 2169 3568 2240 Epiphaniae.
3618 2165 3796 2227 AnliJ

2128 2257 2332 2328 phona.
2391 2257 2567 2328 Virgo
2624 2257 2798 2313 verbo
2862 2257 3146 2329 concepit,
3212 2257 3375 2330 virgo
3432 2257 3782 2331 permansit,

2133 2345 2309 2418 Virgo
2336 2346 2558 2418 peperit
2587 2346 2802 2419 Regem
2833 2346 3096 2402 omnium
3127 2361 3353 2418 regum.
3380 2348 3507 2402 Post
3530 2361 3785 2421 vesperas

2133 2435 2246 2491 dici
2273 2435 2587 2491 Nativitatis
2605 2436 2826 2491 Domini
2863 2435 2974 2491 Ιιιεο
3003 2434 3293 2492 habentur.
3321 2437 3450 2494 Haec
3475 2437 3788 2509 antiphona

2135 2521 2337 2580 dicitur
2363 2540 2535 2596 usque
2563 2525 2634 2579 ad
2661 2532 2902 2580 octavam
2932 2525 3274 2596 Epiphania.
3298 2525 3574 2582 Nesciens
3604 2526 3796 2582 Mater

2135 2612 2312 2686 Virgo
2333 2613 2523 2668 virum
2554 2613 2778 2686 peperit
2806 2613 2932 2670 sine
2960 2612 3180 2669 dolore.
3212 2612 3570 2670 Salvator-em
3601 2631 3792 2672 saecu-

2138 2701 2330 2757 lorum
2361 2701 2557 2774 ipsum
2589 2717 2786 2774 regem
2819 2701 3162 2774 angelorum
3192 2701 3318 2758 sola
3343 2701 3505 2776 virgo
3533 2701 3796 2760 lactabat

2140 2791 2319 2846 ubere
2344 2790 2416 2846 de
2445 2789 2588 2846 coelo
2618 2789 2808 2862 pleno.

2624 2895 2685 2934 IN
2721 2893 2934 2934 VIGILIA
2970 2895 3310 2937 ΕΡῙΡΗΑΝῘΛΕ.

2211 2971 2360 3024 Inter
2381 2969 2666 3040 praecipua
2692 2982 2819 3039 qua
2851 2975 3134 3038 ponuntur
3160 2969 3222 3023 in
3250 2967 3430 3040 ofﬁcio
3460 2967 3625 3043 hujus
3674 2969 3794 3024 die:

2141 3057 2255 3112 haec
2297 3059 2440 3113 sunt.
2476 3055 2555 3111 Ad
2585 3055 2921 3128 Magniﬁcat
2956 3057 3278 3128 antiphona.
3339 3056 3568 3113 Christo
3611 3057 3792 3114 datus

2141 3148 2232 3202 est
2269 3144 2634 3217 principatus
2681 3147 2738 3198 et
2785 3143 2973 3200 honor
3019 3145 3216 3216 regni;
3268 3144 3460 3202 omnis
3506 3143 3787 3218 populus,

380 3216 524 3298 tua-0
543 3241 898 3314 temperiem
916 3257 1030 3313 quo
1051 3239 1214 3296 misit,
1227 3238 1600 3295 DeusFilium
1623 3257 1797 3296 suum
1821 3216 2022 3297 ﬂatum
2056 3216 2100 3284 C
2137 3216 2328 3290 tribus
2355 3237 2414 3288 et
2443 3232 2656 3306 linguae
2687 3232 2942 3288 servient
2969 3231 3020 3288 ei
3069 3232 3130 3288 in
3163 3237 3466 3290 aeternum.
3509 3216 3784 3290 Alleluia.

383 3331 456 3388 de
484 3329 742 3404 Virgine,
777 3329 994 3386 factum
1024 3330 1135 3386 sub
1167 3328 1311 3402 lege.

628 3429 650 3499 _’
729 3436 786 3477 IN
819 3431 1034 3477 VIGILIA
1070 3430 1413 3474 NATIVITATIS
1452 3434 1678 3473 DOMINI.

454 3504 800 3582 Antiphonee,
847 3516 908 3564 ut
947 3509 1008 3564 in
1035 3507 1244 3570 editis;
1291 3507 1500 3580 psalmi
1544 3523 1714 3575 vero;
1745 3507 2024 3574 Laudate,

381 3597 568 3671 pueri.
619 3597 728 3665 Qui
771 3596 1094 3654 confidunt.
1139 3597 1203 3652 In
1254 3596 1660 3652 convertendo.
1714 3597 2022 3654 Memento.

380 3682 578 3744 Lectio.
645 3685 886 3760 Propter
931 3685 1042 3741 hoc
1099 3683 1245 3740 sciet
1290 3683 1545 3757 populus
1593 3700 1760 3740 meus
1814 3701 2023 3741 nomen

381 3769 662 3832 incumin
688 3775 781 3832 die
799 3773 922 3841 illa,
955 3774 1092 3846 quia
1120 3789 1256 3846 ergo
1278 3773 1426 3846 ipse,
1449 3773 1550 3845 qui
1579 3773 1878 3844 loquebar,
1894 3791 2026 3830 ecce

379 3864 613 3921 adsum.
645 3863 706 3932 ﬁ}.
733 3861 994 3918 Verbum
1024 3878 1158 3918 caro
1187 3862 1408 3917 factum
1438 3865 1545 3928 est,
1578 3864 1635 3916 et
1664 3860 2024 3918 habitavitin

379 3951 570 4007 nobis.
603 3949 676 4006 Et
701 3948 957 4005 vidimus
979 3947 1224 4021 gloriam
1250 3950 1398 4020 ejus,
1430 3948 1675 4022 gloriam
1698 3949 1863 4020 quasi
1886 3949 2022 4006 Uni-

377 4038 558 4112 geniti
588 4037 837 4106 aPatre,
886 4036 1126 4110 plenum
1177 4037 1376 4109 gratiae
1415 4041 1472 4092 et
1526 4036 1807 4094 veritatis.
1861 4039 1912 4107 ᾖ.
1959 4039 2022 4094 In

375 4126 664 4200 principio
693 4129 818 4182 erat
835 4125 1114 4191 Verbum,
1141 4128 1198 4181 et
1216 4124 1471 4180 Verbum
1499 4129 1622 4180 erat
1638 4126 1792 4197 apud
1815 4129 2017 4182 Deum.

375 4207 445 4272 Et
470 4216 626 4274 Deus
650 4217 774 4272 erat
800 4213 1080 4270 Verbum.
1115 4215 1183 4269 Et
1207 4213 1486 4270 vidimus.
1520 4213 1734 4270 Gloria.

1065 4295 1332 4366 Hymnus.

621 4389 772 4442 Deus
800 4379 1134 4454 redemptor
1160 4383 1446 4455 gentium,

550 4473 802 4532 Ostende
829 4474 1065 4545 partum
1096 4469 1354 4544 Virginis

445 4595 452 4602 -
547 4559 792 4620 Miretur
818 4577 990 4617 omne
1015 4557 1318 4627 saeculum,

543 4649 706 4708 Talis
734 4650 900 4707 decet
927 4651 1131 4722 partus
1161 4647 1471 4705 Dominum

615 4739 742 4796 Non
771 4755 841 4801 ex
869 4737 1022 4794 virili
1047 4737 1272 4793 semine

543 4829 656 4886 Sed
687 4827 932 4902 mystico
961 4825 1300 4899 spiramine.

542 4917 801 4974 Verbum
831 4915 934 4971 Dei
965 4915 1180 4970 factum
1212 4931 1344 4970 caro

543 5005 908 5076 Fructusque
938 5003 1155 5058 ventris
1185 5003 1399 5059 floruit.

613 5090 789 5148 Alvus
819 5091 1095 5147 tumescit
1121 5089 1400 5164 Virginis,

537 5181 870 5238 Claustrnm
899 5180 1138 5252 pudoris
1169 5184 1493 5253 permanet,

535 5268 762 5326 Vexilla
782 5270 1066 5326 virtutum
1095 5269 1337 5325 micant.

531 5362 812 5416 Versatur
838 5359 899 5414 in
928 5358 1146 5430 templo
1177 5356 1352 5413 Deus.

604 5447 922 5504 Procedens
953 5447 1024 5502 de
1051 5443 1310 5500 thalamo
1341 5459 1468 5514 suo,

532 5536 778 5594 Pudoris
808 5535 943 5591 aula
971 5533 1149 5606 regia,

533 5625 790 5683 Geminae
821 5623 986 5698 gigas
1017 5619 1381 5678 substantiae.

2208 3323 2412 3380 Oratio.
2445 3322 2634 3378 Corda
2679 3325 2898 3388 nostra,
2940 3337 3301 3394 quaesumus,
3346 3321 3612 3392 Domine,
3643 3340 3787 3380 ven-

2133 3415 2277 3468 turae
2296 3409 2622 3468 festivitatis
2638 3408 2914 3482 splendor
2933 3407 3367 3482 illuminet,quo
3384 3411 3587 3468 mundi
3603 3409 3786 3484 hujus

2133 3499 2393 3556 tenebris
2421 3515 2618 3556 carere
2644 3497 2965 3566 valeamus,
3007 3503 3063 3554 et
3091 3499 3388 3572 pervenire
3427 3502 3499 3557 ad
3534 3501 3785 3574 patriam

2135 3589 2414 3646 claritatis
2443 3592 2688 3644 aeternae.
2721 3587 2828 3642 Per
2845 3588 3141 3643 eumdem.

2204 3681 2266 3735 In
2314 3679 2402 3734 die
2447 3679 2566 3749 ipso
2625 3675 2956 3748 Epiphania
3009 3677 3078 3730 ad
3127 3681 3340 3734 sextam
3385 3679 3614 3750 ponitur
3668 3677 3784 3736 hac

2133 3770 2328 3824 oratio.

2203 3857 2356 3913 Deus
2369 3853 2733 3911 illuminator
2751 3853 3013 3910 omnium
3027 3854 3289 3926 gentium
3300 3899 3314 3922 ,
3326 3854 3401 3910 da
3412 3853 3644 3928 populis
3662 3855 3784 3913 tuis

2133 3949 2414 4018 perpetua
2442 3959 2581 4016 pace
2611 3943 2889 4016 gaudere,
2921 3947 2978 3997 et
3005 3941 3151 3997 illud
3170 3942 3365 3998 lumen
3399 3942 3778 4014 splendidum

2131 4033 2373 4089 infunde
2385 4031 2660 4088 cordibus
2681 4030 3082 4102 nostris,quod
3097 4031 3276 4086 trium
3298 4043 3602 4104 magorum
3619 4047 3778 4088 men-

2130 4121 2288 4178 tibus
2319 4119 2612 4192 aspirasti.
2649 4119 2756 4174 Per
2783 4118 3100 4174 Dominum
3133 4123 3422 4176 nostrum.

2199 4210 2278 4266 Ad
2305 4225 2508 4266 nonam
2531 4209 2730 4264 oratio.
2763 4206 2938 4276 Deus,
2973 4207 3073 4280 qui
3105 4207 3261 4264 hunc
3290 4208 3446 4264 diem
3475 4207 3773 4266 electionis

2127 4299 2389 4372 gentium
2423 4296 2698 4368 primitus
2745 4295 3116 4363 consecrasti,
3158 4299 3214 4351 et
3262 4311 3365 4367 per
3411 4295 3656 4352 luminis
3689 4299 3771 4354 tui

2125 4387 2356 4444 stellam
2374 4385 2752 4442 manifestum
2780 4387 2838 4438 te
2855 4383 3022 4440 nobis
3045 4383 3374 4452 ostendisti,
3391 4384 3604 4454 tribue,
3620 4402 3774 4458 que-

2125 4491 2352 4543 sumus,
2374 4477 2440 4528 ut
2459 4471 2896 4529 novacuelorum
2914 4471 3199 4530 mirabilis
3218 4471 3454 4530 claritas
3471 4473 3530 4529 in
3553 4473 3770 4531 nostris

2049 4579 2094 4642 D
2127 4579 2360 4636 semper
2387 4561 2626 4617 oriatur.

2194 4654 2300 4706 Pro
2346 4650 2590 4706 oratione
2633 4649 2858 4705 secundi
2899 4652 3158 4706 nocturni
3204 4651 3358 4722 infra
3385 4653 3632 4706 octavam
3662 4651 3766 4708 ha;

2123 4741 2278 4795 betur
2305 4753 2531 4809 sequens
2561 4739 2756 4794 oratio.

2193 4828 2796 4898 Praesta,quassumus,
2809 4825 3182 4898 omnipotens
3199 4830 3442 4898 Deus,ut
3453 4827 3770 4886 Salvatoris

2120 4915 2328 4972 mundi
2359 4913 2529 4971 stella
2556 4915 2704 4971 duce
2735 4913 3110 4972 manifestata
3158 4916 3434 4973 nativitas
3466 4916 3768 4975 mentibUs

2119 5005 2334 5061 nostris
2365 5003 2653 5059 reveletur
2680 5019 2913 5075 semper
2941 5008 2998 5060 et
3025 5008 3264 5061 crescat.
3294 5005 3729 5062 Per’eumdem.

2259 5109 2534 5148 DOMlNICA
2575 5108 2755 5146 PRIMA
2793 5107 2935 5147 POS'l‘
2977 5107 3235 5151 OCTAVAH
3271 5109 3618 5149 ΕΡΙΡΗΑΝΙΞ.

2186 5182 2311 5236 Post
2341 5181 2641 5248 lectionem,
2669 5185 2794 5246 ctc.,
2843 5197 3012 5253 usque
3039 5181 3111 5238 ad
3151 5182 3464 5254 symbolum
3490 5183 3760 5254 apostolo-

2111 5285 2237 5324 rum
2265 5270 2551 5340 inclusivc,
2585 5277 2646 5326 ut
2673 5271 2737 5326 in
2778 5269 2941 5326 editis
2968 5271 3084 5326 hac
3131 5278 3434 5344 sequuntur
3457 5288 3476 5325 :
3513 5270 3761 5327 Conﬁte-

2110 5357 2811 5430 miniDomino,quoniam
2825 5357 3390 5429 bonus.li).Quoniam
3407 5357 3464 5414 in
3479 5358 3760 5416 smeulum
3829 5369 3837 5374 ‘

2109 5445 2508 5502 misericordia
2538 5447 2686 5518 eius.

2180 5535 2476 5606 Confessio.
2517 5535 2806 5591 Conﬁteor
2851 5535 2968 5592 Deo
3025 5541 3084 5593 et
3133 5535 3407 5594 omnibus
3437 5534 3658 5593 sanctis
3703 5539 3763 5592 et

2104 5623 2290 5692 vobis,
2339 5623 2560 5690 Patres,
2593 5639 2724 5679 mea
2769 5623 2960 5696 culpa,
3013 5626 3154 5698 quia
3182 5625 3413 5698 peccavi
3444 5625 3626 5682 nimis
3657 5638 3762 5698 per
