3978 6444
942 378 1354 443 EXCERPTA
1395 378 1498 441 EX
1537 376 1768 442 CODB.
1812 373 2131 438 LITURG.
2175 371 2770 439 FONTAVELLAN.

3439 358 3576 437 sese

158 509 503 584 superbiam
547 509 609 567 in
641 498 1007 585 cogitatione,
1058 513 1451 587 suggestione,
1496 527 1809 579 consensu,
1840 510 1895 578 Α
1922 506 2067 574 Fiat,
2114 508 2375 575 Domine,
2425 506 2823 564 misericordia
2869 510 2971 563 tua
3018 522 3195 579 super
3241 523 3369 564 nos.
3402 507 3566 565 Sicut

157 598 362 657 verbis
387 603 444 656 et
472 612 663 674 opere.
698 605 1002 674 Deprecor,
1046 618 1170 673 vos,
1218 605 1397 670 orate,
1445 618 1549 675 pro
1595 601 1813 658 misero

157 692 487 762 peccatore.

234 777 535 835 Absolutio.
567 774 914 835 Misiereatur
932 780 1109 835 vestri
1139 780 1509 853 omnipotens
1552 783 1726 846 Deus,
1759 784 1815 835 et

160 864 426 922 dimittat
454 865 620 923 Vobis
651 867 850 923 omnia
878 871 1115 940 peccata
1142 872 1334 924 vestra
1363 868 1814 941 praeterita,praa-

159 954 358 1010 tientia
383 958 441 1010 et
467 954 897 1021 futura,liberet
914 970 1015 1012 vos
1044 956 1116 1013 ab
1145 957 1303 1012 omni
1336 956 1818 1025 malo,conservet

159 1046 224 1099 et
254 1043 561 1100 conﬁrmet
588 1047 646 1100 et
674 1045 1137 1101 corroboretvos
1169 1045 1227 1100 in
1259 1047 1418 1101 omni
1449 1062 1619 1118 opere
1640 1046 1812 1114 bono,

160 1134 223 1187 et
253 1132 533 1205 perducat
555 1148 658 1189 vos
689 1132 761 1187 ad
790 1131 967 1188 vitam
1001 1138 1294 1190 aeternam.
1327 1136 1529 1190 Amen.

242 1221 576 1293 Capitulum.
607 1224 888 1278 Converte
917 1239 1045 1290 nos,
1079 1228 1232 1280 Deus
1271 1222 1549 1280 salutaris
1596 1228 1813 1280 noster.

165 1309 239 1364 Et
269 1313 459 1366 averte
488 1309 637 1366 iram
668 1312 830 1365 tuam
862 1327 895 1367 a
924 1312 1115 1367 nobis.
1146 1312 1416 1384 Dignare,
1450 1313 1709 1381 Domine,
1726 1311 1819 1369 die

164 1397 307 1454 isto.
339 1398 473 1454 Sine
500 1401 737 1471 peccato
768 1415 876 1455 nos
908 1400 1380 1469 custodire.Fiat,
1410 1401 1672 1471 Domine,
1708 1402 1817 1457 mi-

166 1486 491 1543 sericordia
518 1490 623 1544 tua
652 1500 831 1560 super
882 1502 1010 1544 nos.
1043 1488 1211 1561 Sicut
1256 1491 1621 1561 speravimus
1650 1489 1709 1545 in
1741 1495 1816 1546 te.

167 1575 514 1632 Sacerdotes
543 1576 631 1632 tui
661 1576 985 1632 induantur
1006 1560 1368 1648 justititiam.
1403 1581 1471 1634 Et
1519 1579 1702 1635 sancti
1733 1580 1820 1635 tui

164 1658 653 1721 exsultent.Mittc
682 1664 787 1731 eis,
824 1665 1083 1736 Domine,
1118 1666 1400 1721 auxilium
1428 1667 1498 1722 de
1526 1668 1822 1724 sancto.Et

166 1752 243 1809 de
307 1751 444 1809 Sion
510 1756 674 1810 tuere
731 1770 849 1810 eos.
914 1756 1174 1822 Domine,
1237 1755 1447 1811 exaudi
1499 1756 1820 1812 orationem

167 1858 387 1899 meam.
418 1843 490 1898 Et
519 1841 741 1899 clamor
782 1859 949 1899 meus
1002 1846 1073 1899 ad
1124 1848 1180 1899 te
1224 1844 1438 1900 veniat.
1482 1845 1814 1917 Symbolum.

167 1931 516 2003 Quicunque
542 1930 666 1988 vult
694 1931 893 1988 salvus
945 1947 1094 1989 esse.
1146 1931 1479 2005 Capitutum.
1515 1934 1826 1990 Benedieat

168 2035 283 2075 nos
313 2022 486 2086 Deus,
515 2022 665 2076 Deus
695 2023 914 2087 noster,
946 2021 1253 2077 benedicat
1280 2038 1386 2077 nos
1418 2026 1589 2089 Deus,
1623 2026 1679 2077 et
1710 2039 1826 2080 me-

168 2108 347 2165 tuant
371 2124 511 2165 eum
537 2124 741 2166 omnes
772 2110 919 2165 ﬁnes
952 2114 1138 2166 terrae.
1173 2109 1459 2166 Dominus
1501 2112 1822 2167 vobiscum.

170 2196 243 2253 Et
273 2212 408 2253 cum
441 2197 653 2270 spiritu
682 2200 803 2254 tuo.
838 2199 1024 2254 Oratio
1072 2198 1262 2255 eadem
1314 2214 1438 2271 qua?
1490 2199 1719 2256 habetur
1765 2202 1822 2255 in

168 2286 337 2343 editis
361 2288 427 2342 in
453 2290 589 2360 festo
620 2287 923 2343 Trinitatis.

245 2378 374 2433 Post
403 2377 686 2433 lectionem
716 2392 731 2432 :
764 2380 975 2432 Sancta
998 2377 1409 2447 Maria,tegitur
1428 2378 1542 2433 hzec
1571 2379 1824 2434 rubrica:

177 2462 420 2521 Privati:
443 2464 631 2521 diebus
659 2466 877 2522 dicatur
904 2466 994 2521 hic
1024 2474 1102 2523 ter
1135 2485 1146 2523 :
1180 2472 1331 2522 Deus
1362 2466 1419 2521 in
1466 2466 1825 2539 adjutorium

180 2566 382 2610 meum
413 2554 667 2623 intende,
700 2571 823 2610 cum
851 2554 1066 2610 Gloria.

249 2641 332 2698 Ad
368 2643 781 2715 comptetorium
826 2644 1033 2709 omnia,
1084 2650 1144 2698 ut
1191 2645 1251 2698 in
1297 2643 1457 2699 editis
1508 2659 1677 2715 usque
1724 2644 1825 2716 qui

175 2731 316 2789 fecit
343 2731 554 2788 ctelum
585 2735 642 2787 et
669 2735 905 2788 terram.
942 2732 1272 2803 Capitutum.
1304 2732 1672 2789 Conﬁtemini
1718 2737 1822 2788 Do-

175 2820 339 2876 mino
368 2820 644 2893 quoniam
676 2820 1183 2887 bonus.Quoniam
1210 2822 1269 2875 in
1292 2819 1568 2877 saeculum
1594 2821 1822 2877 miseri-

172 2908 375 2964 cordia
404 2909 836 2981 ejus.Con/‘essio
867 2911 918 2964 et
945 2909 1217 2965 absolutio
1242 2913 1303 2964 ut
1333 2926 1522 2980 supra.
1547 2909 1825 2967 Converte

174 3004 285 3054 nos
323 3000 496 3065 Deus,
523 3003 656 3069 etc.,
688 3013 860 3071 usque
888 2998 957 3053 ad
985 2998 1313 3071 symbolum.
1354 2999 1684 3070 Capitutum.
1720 2999 1822 3055 Be-

170 3085 442 3144 nedictus
466 3098 549 3156 es,
581 3087 824 3144 Domine
852 3090 1086 3159 patrum
1122 3092 1477 3143 nostrorum.
1507 3088 1574 3142 Et
1616 3087 1819 3143 lauda-

158 3170 311 3232 bilis
334 3178 393 3232 et-
419 3175 711 3249 gloriosus
758 3175 819 3230 in
869 3175 1099 3232 secula.
1134 3176 1560 3233 Benedieamus
1588 3179 1818 3232 Patrem

170 3267 233 3321 et
262 3264 475 3338 Filium
509 3280 646 3321 cum
680 3268 883 3321 saneto
926 3264 1507 3337 Spiritu.Laudemus
1533 3268 1591 3321 et
1620 3282 1822 3338 super-

172 3336 495 3410 exaltemus
525 3369 659 3409 eum
692 3353 751 3409 in
786 3336 1016 3410 saecula.
1051 3351 1399 3409 Benedictus
1429 3369 1491 3409 es
1531 3353 1591 3409 in
1633 3336 1826 3409 ﬁrma-

172 3444 371 3499 mento
400 3440 547 3500 celi.
580 3434 652 3499 Et
677 3441 992 3499 laudabilis
1042 3445 1100 3497 et
1143 3442 1433 3515 gloriosus
1480 3442 1538 3496 in
1589 3442 1821 3499 saecula.

172 3530 483 3587 Benedicat
524 3546 634 3588 nos
677 3532 1049 3604 omnipotens
1100 3536 1271 3587 Deus.
1304 3533 1507 3587 Amen.
1550 3532 1820 3605 Dignare,

169 3619 438 3687 Domine,
468 3623 638 3676 nocte
687 3620 822 3691 ista.
877 3620 1014 3676 Sine
1066 3625 1302 3693 peccato
1349 3636 1457 3676 nos
1503 3620 1819 3677 custodire.

172 3708 316 3775 Fiat,
369 3707 634 3776 Domine,
688 3708 1090 3765 misericordia
1140 3713 1244 3765 tua
1293 3724 1471 3782 super
1500 3726 1627 3764 nos.
1661 3711 1823 3766 Sicut

170 3797 537 3870 speravimus
566 3797 627 3853 in
654 3800 732 3854 te.
766 3796 1105 3854 Sacerdotes
1152 3798 1238 3854 tui
1290 3799 1609 3853 induantur
1637 3799 1822 3870 justi-

168 3883 410 3942 tiam.Et
460 3884 647 3943 sancti
694 3885 781 3942 tui
829 3886 1139 3959 exsultent.
1183 3886 1344 3941 Mitte
1393 3886 1499 3954 eis,
1554 3886 1817 3957 Domine,

170 3973 454 4051 auxilium
485 3975 557 4031 de
586 3978 807 4033 sancto.
842 3974 910 4031 Et
937 3975 1010 4031 de
1039 3975 1173 4031 Sion
1204 3979 1368 4031 tuere
1398 3992 1517 4031 eos.
1556 3974 1818 4046 Domine,

169 4063 379 4119 exaudi
406 4064 731 4123 orationem
763 4063 1052 4120 meam.Et
1082 4063 1306 4120 clamor
1335 4080 1503 4121 meus
1536 4065 1607 4121 ad
1638 4068 1695 4121 te
1723 4082 1819 4121 ve-

170 4149 313 4207 niat.
374 4152 621 4210 Domine
671 4154 825 4209 Deus
880 4152 1182 4221 virtutum,
1245 4156 1511 4208 converte
1570 4170 1696 4209 nos.
1753 4154 1822 4210 Et

171 4240 414 4298 ostende
442 4241 650 4298 Faciem
679 4244 864 4311 tuam,
898 4244 955 4298 et
983 4241 1125 4298 salvi
1156 4240 1398 4298 erimus.

247 4328 452 4386 Oratio.
481 4329 688 4400 Visita,
717 4334 851 4397 etc.,
878 4334 1167 4403 postquam
1194 4340 1499 4402 sequuntur
1517 4332 1650 4389 aliae
1669 4332 1816 4390 duae.

239 4416 1188 4489 lﬂumina,quaasumus,Domine,
1209 4420 1480 4476 tenebras
1502 4422 1821 4485 nostras,et

169 4506 349 4563 ottius
381 4506 570 4564 noctis
598 4506 846 4565 insidias
880 4512 983 4564 tuo
1014 4525 1048 4564 a
1081 4509 1250 4564 nobis
1280 4507 1493 4581 repelle
1521 4508 1811 4581 propitius

169 4593 404 4650 auxilio.

228 4682 463 4740 Veritas
490 4686 612 4755 tua,
647 4700 1009 4759 quaesumus,
1042 4685 1547 4758 Domine,semper
1586 4691 1820 4744 maneat

167 4770 227 4827 in
261 4769 535 4830 cordibus
582 4773 883 4844 nostris,et
929 4790 1033 4847 per
1068 4774 1345 4830 virtutem
1375 4779 1588 4831 sanctae
1620 4776 1815 4832 crucis

163 4860 358 4917 omnis
387 4859 613 4919 falsitas
640 4862 865 4919 inimici
894 4864 1250 4920 destruatur.
1283 4866 1412 4919 Per.

232 4953 365 5006 Post
391 4950 602 5008 Laudes
626 4954 793 5025 feriae
822 4952 1078 5010 secundae
1119 4960 1241 5024 post
1278 4954 1520 5024 primam
1567 4955 1813 5009 Domini-

165 5051 284 5092 cam
320 5038 693 5109 supradictam
745 5038 999 5112 teguntur
1045 5042 1197 5111 infra
1242 5042 1466 5111 scripta.
1501 5042 1627 5097 Haec
1671 5043 1815 5113 capi-

165 5120 282 5181 tula
307 5120 564 5183 dicantur
590 5130 745 5184 σθηπί
771 5135 1014 5201 tempore
1041 5128 1230 5184 diebus
1258 5128 1552 5200 ferialibus
1590 5130 1663 5185 ad
1691 5131 1813 5185 tau-

165 5210 274 5281 dcs,
303 5211 375 5267 ad
403 5214 644 5284 tertiam,
675 5222 727 5271 et
755 5216 827 5271 ad
856 5232 1154 5287 vesperum,
1200 5232 1326 5270 cum
1372 5216 1644 5272 Miserere
1675 5217 1809 5285 mei,

165 5302 335 5356 Deus.
366 5300 447 5357 Ad
475 5302 698 5374 vigilias
738 5318 864 5362 vero
913 5304 984 5361 ad
1028 5310 1266 5370 sextam,
1296 5309 1347 5360 et
1374 5321 1579 5361 nonam
1623 5306 1813 5362 dicun-

164 5389 396 5446 tursin'e
420 5389 630 5447 Misere
658 5392 796 5461 mei,
833 5398 1001 5450 Deus.
1045 5393 1218 5466 Kyrie
1268 5391 1509 5461 eleiscn,
1560 5393 1808 5465 Christe,

162 5474 397 5547 eleiscn,
448 5478 621 5552 Kyrie
666 5480 903 5539 eleison.
957 5484 1130 5538 Pater
1175 5485 1392 5538 noster.
1447 5481 1515 5536 Et
1560 5499 1633 5537 ne
1680 5500 1808 5539 nos.

1922 597 2286 669 speravimus
2314 597 2374 652 in
2398 601 2472 653 te.
2503 594 2840 653 Sacerdotes
2888 595 2975 651 tui
3029 596 3353 652 induantur
3378 596 3563 667 justi-

1919 685 2158 741 tiam.Et
2186 685 2371 741 sancti
2402 685 2487 740 tui
2519 683 2999 741 exsultent.Mitte
3025 685 3132 756 eis,
3166 684 3431 753 Domine,
3464 702 3566 741 au-

1920 772 2124 828 xilium
2154 773 2225 829 de
2254 778 2477 829 saneto.
2512 775 2581 829 Et
2622 774 2692 829 de
2741 773 2877 829 Sion
2926 777 3090 830 tuere
3137 789 3257 829 eos.
3302 774 3568 843 Domine,

1923 862 2132 918 exaudi
2177 863 2495 917 orationem
2544 878 2756 918 meam.
2794 863 2865 917 Et
2911 862 3131 919 clamor
3178 879 3346 919 meus
3392 864 3464 919 ad
3512 867 3570 919 te

1921 950 2137 1007 veniat.
2169 950 2964 1023 Psat.Miserere.Capitutum.
2997 950 3241 1007 Domine
3274 955 3423 1008 Deus
3454 952 3568 1008 vir-

1924 1043 2140 1107 tutum,
2170 1044 2437 1095 converte
2467 1056 2594 1095 nos.
2628 1040 2878 1095 Ostende
2908 1039 3111 1095 faciem
3143 1044 3401 1109 tuam,et
3429 1039 3571 1097 salvi

1928 1128 2169 1183 erimus.
2204 1128 2485 1184 Dominus
2515 1128 2839 1184 vobiscum.
2873 1128 2943 1183 Et
2970 1144 3126 1182 eum.

1999 1234 2201 1291 Oratio.
2237 1235 2522 1291 Matutine
2569 1233 2901 1308 supplicum
2951 1237 3102 1302 vota,
3139 1235 3399 1303 Domine,
3443 1252 3573 1309 pro-

1927 1322 2107 1395 pitius
2140 1324 2387 1391 intuere,
2411 1328 2468 1379 et
2497 1323 2724 1380 occulta
2753 1323 2943 1379 cordis
2974 1324 3157 1380 nostri
3190 1324 3445 1380 remedio
3463 1328 3573 1381 tua:

1926 1411 2181 1468 clariﬁca
2210 1412 2535 1484 pietatis,ut
2550 1412 2839 1468 desideria
2854 1412 3164 1468 tenebrosa
3184 1429 3297 1468 non
3317 1417 3571 1482 teneant,

1928 1517 2075 1573 quos
2104 1500 2201 1556 lux
2232 1500 2479 1557 cmlestis
2518 1501 2715 1573 gratia:
2762 1501 3050 1574 reparavit
3090 1500 3262 1557 Jesus
3306 1501 3574 1559 Christus

1930 1588 2132 1656 Filius,
2164 1594 2275 1646 etc.

2001 1678 2273 1750 Suffragia
2303 1687 2636 1744 sanctorum,
2668 1695 2795 1750 quae
2836 1678 3099 1735 dicuntur
3145 1681 3296 1736 omni
3342 1684 3577 1752 tempore

1930 1770 2163 1840 exceptis
2228 1770 2381 1838 festis
2444 1770 2762 1823 Nutivitatis
2827 1769 3070 1836 Domini,
3132 1767 3577 1836 Resurrectionis,

1853 1876 1902 1942 Β
1931 1856 2293 1924 Ascensionis,
2339 1861 2391 1912 et
2441 1860 2775 1912 Pentecostes
2825 1865 2875 1913 et
2920 1859 3120 1913 octavis
3167 1874 3377 1913 earum.
3421 1859 3578 1914 Anti-

1933 1945 2116 2017 phona
2146 1944 2210 2001 de
2238 1944 2534 2002 cruce.Nos
2565 1950 2761 2001 autem
2794 1945 3031 2019 gloriari
3074 1946 3383 2019 oportetin
3409 1963 3581 2021 cruce

1936 2032 2163 2088 Domini
2213 2032 2395 2088 nostri
2426 2034 2567 2089 Jesu
2600 2032 2833 2089 Christi.
2867 2034 3069 2090 Omnis
3105 2038 3275 2103 terra,
3310 2034 3417 2091 etc.

2007 2140 2211 2195 Oratio.
2273 2140 2480 2196 Adesto
2539 2140 2733 2202 nobis.
2791 2157 3150 2212 quaesumus,
3218 2139 3480 2208 Domine,
3524 2145 3584 2198 et

1896 2302 1901 2305 μ
1935 2245 2082 2300 quos
2114 2233 2323 2283 sancta:
2350 2229 2538 2284 erucis
2577 2228 2760 2284 laetari
2810 2229 2952 2285 facis
2995 2229 3231 2296 honore,
3262 2230 3394 2301 ejus
3442 2246 3571 2302 quo

1935 2334 2048 2390 que
2079 2318 2372 2390 perpeluis
2402 2318 2648 2373 defende
2678 2318 2982 2374 subsidiis.
3018 2322 3146 2372 Per.

2007 2407 2313 2478 Antiphona
2341 2407 2407 2462 de
2436 2407 2587 2462 beata
2619 2408 2825 2462 Maria.
2859 2407 3045 2462 Mater
3091 2409 3150 2463 et
3196 2393 3443 2478 innupta
3472 2408 3582 2463 vir-

1936 2512 2007 2568 go
2039 2495 2310 2568 gloriosa,
2345 2495 2566 2568 Regina
2595 2495 2823 2564 mundi,
2857 2495 3148 2551 intercede
3176 2511 3281 2567 pro
3313 2495 3481 2552 nobis
3505 2496 3579 2552 ad

1936 2584 2247 2639 Dominum
2281 2590 2458 2640 Deum
2491 2588 2775 2640 nostrum.
2810 2584 3051 2650 Dilfusa,
3100 2587 3208 2639 etc.
3262 2584 3449 2641 Oratio
3480 2585 3581 2641 Fa-

1934 2673 2252 2731 mulorum.

2002 2762 2319 2834 Antiphona
2345 2762 2412 2818 de
2439 2767 2624 2818 sancto
2654 2760 3182 2818 Michacti.Michael
3212 2760 3578 2836 archangele,

1932 2851 2059 2908 veni
2096 2852 2153 2907 in
2186 2851 2546 2923 adjutorium
2578 2850 2779 2923 populi
2828 2848 2947 2905 Dei.
3006 2852 3069 2905 In
3113 2853 3441 2922 conspectu
3473 2868 3582 2909 an-

1933 2940 2216 3014 gelorum.
2252 2942 2456 2997 Oratio.
2490 2945 2644 2995 Deus
2676 2938 2775 3011 qui
2807 2939 2956 2994 miro
2987 2939 3210 2995 ordine.

2002 3030 2313 3102 Antiphone
2338 3029 2402 3086 de
2430 3038 2614 3085 sancto
2664 3028 2972 3084 Benedicto.
3028 3028 3158 3083 Fuit
3198 3027 3285 3082 vir
3328 3027 3459 3083 vita)
3487 3045 3581 3084 ve-

1935 3118 2212 3175 nerabilis
2240 3118 2430 3191 gratia
2450 3118 2798 3174 Benedictus
2819 3123 2876 3174 et
2893 3117 3149 3173 nomine.
3170 3115 3245 3173 Os
3264 3116 3580 3189 justi.0ra-

1855 3236 1898 3305 ρ
1936 3209 2039 3305 tio.
2066 3207 2425 3305 Intercessio.

2003 3296 2315 3367 Antiphona
2344 3296 2411 3351 de
2438 3297 2624 3351 sancto
2670 3296 2879 3351 Joanne
2925 3295 3192 3365 Baptista.
3228 3294 3386 3350 Inter
3412 3298 3580 3350 natos

1933 3385 2246 3441 mulierum
2280 3401 2392 3439 non
2426 3382 2677 3440 surrexit
2701 3384 2891 3454 major
2910 3382 3134 3438 Joanne
3163 3383 3444 3455 Baptista.
3474 3383 3579 3438 Ju-

1934 3478 2059 3530 stus
2091 3478 2156 3529 ut
2185 3472 2400 3546 palma.
2435 3471 2802 3528 0ratio.Beati
2849 3471 3095 3527 Joannis
3145 3470 3416 3543 Baptistae
3449 3488 3578 3542 nos,

1933 3580 2291 3636 quaesumus,
2350 3558 2614 3628 Domine,
2682 3559 2958 3631 praeclara
3007 3558 3318 3615 comitetur
3370 3559 3579 3627 oratio,
3650 3614 3655 3619 ,

1932 3669 2105 3725 quem
2134 3655 2446 3706 venturum
2480 3665 2607 3706 esse
2638 3648 2922 3720 praedixit,
2956 3651 3157 3720 poscat
3188 3646 3358 3703 nobis
3388 3648 3579 3703 favere

1900 3739 2227 3813 ,placatum
2259 3737 2553 3793 Christum
2590 3735 2899 3792 Dominum
2929 3740 3218 3792 nostrum.

2000 3846 2333 3918 Antiphona.
2383 3847 2612 3908 Petrus,
2656 3846 2761 3899 etc.
2819 3841 3023 3899 Oratio.
3066 3845 3302 3908 Praesta,
3346 3856 3575 3914 quaesu-

1930 3934 2472 4005 mus,omnipotens
2500 3936 2744 3998 Deus,ut
2775 3929 2954 3986 nullis
2981 3947 3089 3987 nos
3122 3929 3428 4002 permittas
3448 3943 3579 4003 per-

1930 4022 2366 4078 turbationibus
2396 4019 2650 4088 concuti,
2683 4036 2831 4092 quos
2881 4019 2942 4074 in
2991 4017 3320 4091 apostolicae
3352 4018 3575 4076 confes-

1930 4110 2112 4167 sionis
2146 4115 2311 4183 petra
2338 4108 2621 4167 solidasti.
2655 4113 2783 4165 Per.

2000 4201 2310 4271 Antiphona
2339 4204 2391 4255 et
2420 4201 2593 4255 oratio
2617 4198 2683 4253 de
2706 4213 2866 4270 pace,
2891 4204 2950 4253 ut
2977 4199 3037 4252 in
3066 4196 3246 4252 editis.

1998 4307 2311 4378 Antiphone
2355 4305 2421 4361 de
2467 4305 2722 4362 omaibus
2774 4306 3000 4360 sanctis.
3059 4301 3215 4358 Justi
3274 4301 3580 4375 fulgebunt

1928 4396 2082 4451 sicut
2111 4394 2197 4451 sol
2228 4395 2286 4449 in
2320 4410 2499 4466 regno
2534 4395 2721 4450 Patris
2752 4394 2889 4460 mei,
2923 4392 3067 4448 dicit
3097 4390 3577 4448 Dominus.Mira-

1926 4483 2064 4539 bilis
2095 4488 2265 4539 Deus.
2300 4483 2364 4538 In
2396 4482 2617 4538 sanctis
2665 4483 2815 4554 ejus.
2866 4482 3071 4538 Oratio.
3122 4485 3295 4549 Deus,
3327 4480 3429 4552 qui
3471 4496 3579 4538 nos

1845 4597 1893 4664 Β
1922 4570 2195 4629 concedis
2221 4571 2401 4627 beatae
2435 4571 2627 4626 Maria
2659 4587 2892 4643 semper
2918 4569 3185 4642 virginis,
3216 4572 3274 4624 et
3310 4568 3575 4623 omnium

1926 4664 2266 4718 sanctorum
2317 4663 2552 4715 tuorum
2613 4659 3229 4715 commemorationem
3269 4662 3457 4729 agere,
3501 4657 3579 4713 da

1928 4750 2099 4806 nobis
2146 4749 2206 4804 in
2257 4752 2474 4803 aeterna
2526 4748 2888 4804 beatitudine
2932 4749 3004 4803 de
3051 4762 3253 4801 eorum
3301 4742 3577 4801 societate

1926 4839 2198 4912 gaudere.
2234 4841 2361 4893 Per.

1995 4927 2076 4983 Ad
2105 4928 2319 4983 tertiam
2345 4925 2572 4996 ponitur
2598 4940 2823 4995 sequens
2851 4926 3046 4980 oratio.
3101 4921 3338 4996 Porrigo
3382 4922 3576 4979 dexte-

1926 5033 2052 5072 ram
2085 5020 2270 5083 tuam,
2293 5028 2653 5086 quaesumus,
2688 5012 2950 5081 Domine,
2985 5012 3139 5086 plebi
3186 5016 3299 5067 tuas
3343 5009 3572 5067 miseri-

1924 5104 2183 5160 cordiam
2215 5100 2532 5175 postulanti
2553 5116 2656 5173 per
2676 5116 2854 5173 quam
2876 5106 2934 5156 et
2953 5117 3179 5157 errores
3198 5100 3451 5157 declinet
3461 5099 3573 5156 hu-

1924 5211 2152 5260 manos,
2187 5197 2242 5249 et
2274 5191 2481 5247 solatia
2510 5190 2637 5245 vitae
2670 5190 3021 5246 immortalis
3054 5190 3387 5262 accipiat,et
3414 5203 3568 5247 sem-

1922 5283 2155 5357 piterna
2178 5280 2396 5354 gaudia
2425 5278 2898 5351 comprehendat.
2932 5282 3057 5334 Per.

1991 5390 2070 5446 Ad
2098 5388 2534 5445 sextam'oratio.
2568 5385 2783 5442 Exaudi
2813 5390 3100 5454 nos,Deus
3132 5383 3409 5441 salutaris
3432 5399 3571 5442 nos-

1919 5484 2008 5535 ter
2037 5482 2093 5536 et
2120 5478 2245 5533 dies
2279 5479 2512 5532 nostros
2543 5475 2601 5529 in
2635 5479 2734 5531 tua
2762 5491 2902 5547 pace
2933 5474 3199 5544 dispone,
3228 5477 3294 5529 ut
3324 5490 3359 5528 a
3389 5488 3567 5529 cunc-

161 5567 621 5641 Capitulum.Ego
650 5569 768 5625 dixi
803 5588 816 5626 :
850 5571 1114 5639 Domine,
1147 5572 1424 5627 miserere
1469 5571 1604 5626 mei.
1657 5572 1812 5630 Sana
1918 5569 1993 5626 tis
2028 5564 2568 5642 perturbationibus
2608 5564 2836 5620 liberati
2882 5560 3198 5635 tranquilla
3240 5560 3347 5616 tibi
3395 5561 3572 5617 servi-

164 5653 421 5712 aaimam
452 5670 671 5726 meam,
703 5658 842 5732 quia
871 5659 1101 5733 peccavi
1149 5659 1272 5716 tibi.
1305 5662 1664 5728 Convertere,
1699 5664 1808 5717 Do-

163 5743 877 5818 mine,aliquantulum.Et
904 5749 1214 5822 deprecare
1238 5763 1414 5822 super
1433 5766 1631 5807 servos
1650 5754 1805 5807 tuos.

1919 5662 2043 5715 tute
2072 5654 2445 5714 famulemur.
2478 5657 2606 5709 Per.

1988 5747 2069 5804 Ad
2132 5760 2336 5803 nouam
2396 5745 2592 5800 oratio.
2680 5747 2792 5813 Da,
2863 5757 3223 5816 quaesumus,
3287 5738 3565 5809 Domine,
