3978 6348
427 328 554 392 955

1620 327 1811 392 SEO.
1857 328 1938 394 XI
1979 325 2294 394 MONUM.
2343 327 2660 393 LITURG.

3699 321 3856 400 ,Ωββ

436 461 652 538 populo
682 464 784 518 tuo
814 459 1096 534 Spiritum
1125 459 1385 517 veritatis
1414 464 1470 517 et
1499 461 1680 534 pacis,
1695 465 1762 518 ut
1790 465 1846 518 te
1876 465 1933 518 et
1961 464 2083 518 tota
2107 463 2165 531 Α
2193 461 2438 518 Domine
2468 459 2568 534 qui
2598 422 2884 534 passurus
2912 458 3199 519 advenisti
3228 463 3465 534 propter
3488 475 3616 516 nos.
3634 459 3706 516 Et
3733 471 3854 524 cz,-

437 555 632 608 mente
663 553 994 623 cognoscat,
1021 554 1078 606 et
1107 567 1234 623 qua:
1268 550 1374 606 tibi
1409 554 1548 608 sunt
1577 550 1934 624 placita,toto
1957 566 2081 606 cor-

434 641 508 697 de
539 641 812 696 sectetur.

506 729 586 784 Ad
612 743 860 800 vesperas
889 729 1086 784 oratio.
1121 726 1374 796 Oriatur,
1407 727 1670 797 Domine,
1705 728 2084 784 nascentibus

434 816 932 881 tenebris,aurora
953 814 1197 887 justitiaa
1228 815 1287 870 in
1322 815 1596 871 cordibus
1623 816 1931 884 nostris,ut
1949 831 2084 886 per-

436 909 562 961 acto
622 905 714 959 die
745 901 1091 976 suppliciter
1137 902 1361 975 gratias
1419 908 1679 976 agentes,
1710 903 1884 959 etiam
1914 918 2084 958 mane

433 993 747 1068 dignanter
775 991 1054 1062 respicias
1083 995 1218 1047 vota
1250 990 1556 1047 solventes.
1591 992 1716 1047 Per.

507 1081 826 1154 Supradicta
853 1081 1118 1152 suﬂ'ragia
1142 1079 1214 1135 ad
1243 1080 1428 1136 laudes
1479 1080 1754 1136 dicuntur.
1789 1079 1866 1135 Ad
1903 1095 2082 1150 vespe-

431 1187 559 1226 rum
600 1178 786 1226 autem
841 1168 1102 1224 dicuntur
1153 1169 1435 1240 sequentia
1484 1169 1637 1224 omni
1691 1176 1928 1240 tempore
1972 1175 2084 1222 tam

432 1259 623 1316 diebus
649 1259 945 1330 fetialibus
971 1273 1140 1328 quam
1164 1258 1394 1329 festiuis.

505 1346 833 1418 Antiphona.
863 1345 1035 1402 Salva
1064 1362 1192 1409 nos,
1224 1345 1452 1402 Christe
1490 1343 1773 1411 Salvator,
1819 1361 1924 1417 per
1965 1344 2079 1399 vir-

431 1439 613 1492 tutem
641 1439 856 1492 sanctae
897 1436 1106 1490 crucis.
1141 1435 1248 1498 Qui
1283 1433 1520 1490 salvasti
1550 1434 1786 1489 Petrum
1817 1435 1878 1489 in
1911 1433 2080 1500 mari,

431 1523 708 1581 miserere
738 1524 926 1581 nobis.
951 1524 1154 1581 Omnis
1182 1527 1356 1580 terra.
1391 1524 1594 1580 Oratio.
1638 1523 1922 1595 Perpetua
1951 1539 2078 1590 nos,

429 1617 540 1670 etc.

499 1701 1053 1776 Antiphona.Sancta
1080 1701 1266 1756 Maria
1294 1701 1396 1757 Dei
1425 1699 1626 1772 Virgo,
1649 1717 1880 1772 semper
1907 1699 2082 1754 inter.

2193 553 2297 608 teri
2333 550 2688 623 respondeant
2740 567 2752 605 :
2805 550 2974 624 Kyrie
3025 549 3263 620 eleison,
3313 549 3544 607 Christe
3597 547 3854 614 eleison,

2192 639 2454 695 Domine.
2488 640 2553 694 Et
2581 638 2803 703 illi.Qui
2832 639 3166 711 prophetico
3197 637 3648 710 promisistizero
3681 651 3854 692 mors

2191 731 2313 796 tua,
2346 745 2379 783 ο
2411 729 2663 784 mors.Et
2689 726 3068 800 cateruKyrie
3096 725 3573 791 eleison,Christe
3598 723 3850 792 eleison,

2192 815 2829 882 Domine,miserere.Et
2859 817 2970 871 illi:
3000 815 3126 872 Vita
3176 815 3236 869 in
3281 813 3444 888 ligno
3481 813 3757 891 moritur,
3790 815 3855 868 et

2193 920 2352 959 mors
2400 908 2587 959 morte
2632 907 2962 960 evacuatur.
3005 905 3070 960 Et
3109 905 3300 960 caeteri
3331 919 3344 958 :
3377 900 3549 975 Kyrie
3597 900 3852 970 eleison,

2193 992 2407 1048 Christi
2437 991 2675 1059 eleison,
2701 991 2966 1050 Domine.
2996 994 3064 1048 Et
3092 993 3183 1048 illi
3204 1011 3226 1046 .·
3255 990 3523 1048 Christus
3553 989 3848 1046 Dominus

2191 1082 2380 1137 factus
2404 1085 2494 1137 est
2523 1081 2800 1137 obediens
2847 1097 3034 1154 usque
3081 1081 3153 1136 ad
3204 1083 3474 1136 mortem.
3505 1081 3572 1134 Et
3602 1080 3794 1135 caeteri
3828 1094 3842 1133 :

2191 1170 2434 1226 Mortem
2469 1172 2662 1226 autem
2695 1170 2906 1228 crucis.
2938 1174 3108 1226 Pater
3135 1172 3351 1224 noster.
3363 1167 3696 1240 Capitulum.
3724 1167 3846 1240 Ego

2191 1257 2308 1314 dixi
2342 1275 2355 1313 :
2388 1259 2821 1325 Domine,sana.
2853 1259 3216 1326 Convertere,
3251 1255 3514 1314 Domine.
3538 1257 3610 1312 Et
3634 1255 3845 1328 depre-

2191 1363 2340 1404 care.
2378 1348 2520 1413 Fiat,
2552 1347 2816 1404 Domine.
2849 1346 3009 1403 Sicut
3039 1344 3406 1419 speravimus
3435 1345 3496 1400 in
3527 1349 3604 1400 te.
3637 1348 3845 1400 Sacer-

2189 1437 2376 1492 dotes.
2425 1437 2496 1492 Et
2538 1436 2749 1492 sancti.
2781 1435 2945 1492 Mitte
2988 1435 3096 1504 eis,
3129 1435 3395 1491 Domine.
3441 1434 3510 1489 Et
3552 1433 3627 1490 de
3672 1432 3848 1490 Sion.

2193 1525 2454 1592 Domine,
2481 1524 2711 1580 exaudi.
2743 1525 2815 1580 Et
2845 1525 3084 1580 clamor.
3114 1524 3264 1580 Psal.
3297 1522 3589 1579 Miserere.
3611 1522 3848 1594 Capitu-

2191 1613 2574 1669 lum.Domine
2608 1613 2758 1670 Deus
2785 1613 3088 1668 virtutum.
3123 1613 3192 1668 Et
3219 1611 3479 1678 ostende,
3493 1612 3614 1667 sine
3640 1610 3848 1666 Domi-

2191 1719 2303 1758 nus
2347 1703 2672 1758 vobiscum.
2721 1701 2824 1758 Sed
2869 1702 2970 1757 sub
3027 1701 3250 1758 silentio
3300 1700 3522 1756 dicitur.
3585 1701 3846 1756 Oremus.

430 1791 569 1848 cede
599 1807 702 1862 pro
735 1790 905 1846 nobis
930 1790 1002 1844 ad
1033 1789 1348 1846 Dominum
1379 1789 1562 1844 Deum
1597 1787 2050 1844 nostrum.Dil1‘u
2113 1825 2158 1891 Β
2193 1789 2454 1864 Respice,
2486 1807 2846 1863 quaesumus,
2882 1789 3142 1846 Domine.

431 1895 517 1934 sa.
551 1879 755 1934 Oratio.
786 1877 1407 1946 Concede,misericors
1438 1877 1614 1944 Deus,
1649 1876 1946 1948 fragilitati
1983 1892 2056 1931 no

435 1971 592 2034 strze,
626 1971 734 2023 etc.

504 2056 834 2128 Antiphona.
867 2053 1134 2121 Michael,
1185 2059 1292 2111 etc.
1340 2055 1544 2112 Oratio.
1577 2055 1927 2126 Perpetuum
1978 2071 2080 2110 no-

433 2145 548 2210 bis,
583 2145 847 2210 Domine,
879 2149 993 2198 tuae
1035 2143 1426 2201 miserationis
1470 2147 1678 2216 praesta
1726 2143 2078 2212 subsidium,

439 2233 656 2306 quibus
685 2236 742 2289 et
771 2231 1034 2306 angelica
1064 2231 1386 2304 praestitisti
1417 2231 1697 2305 suffragia
1717 2249 1832 2288 non
1855 2232 2075 2288 deesse.

429 2327 560 2378 Per.

501 2411 776 2482 Suffragia
805 2409 864 2466 S.
897 2411 960 2464 P.
993 2409 1292 2476 Benedicti,
1325 2414 1386 2464 ut
1416 2411 1476 2464 in
1504 2409 1686 2465 editis.

499 2499 811 2572 Antiphona
839 2505 892 2554 et
917 2500 1213 2554 versiculus
1240 2515 1340 2570 pro
1363 2503 1549 2554 sancto
1577 2500 1787 2556 Joanne
1814 2500 2076 2570 Baptista,

431 2593 495 2644 ut
522 2589 585 2644 in
613 2588 892 2644 laudibus.

503 2677 707 2734 Oratio.
741 2675 1122 2748 Omnipotens
1153 2675 1506 2748 sempiterne
1558 2676 1734 2743 Deus,
1766 2677 1842 2731 da
1890 2675 2082 2732 cordi-

428 2765 542 2821 bus
571 2763 734 2839 illam
763 2769 1000 2820 tuarum
1048 2762 1459 2820 rectitudinem
1503 2763 1872 2832 semitarum,
1901 2781 2079 2836 quam

429 2853 639 2910 beatus
665 2853 922 2909 Joannes
951 2851 1213 2924 Baptista
1257 2851 1318 2908 in
1363 2853 1590 2908 deserto
1634 2869 1743 2908 vox
1772 2852 2082 2910 clamantis

431 2939 684 2998 edocuit.
1705 2931 1714 2940 '

503 3027 836 3100 Antiphona.
869 3027 1114 3084 Gloriosi
1146 3027 1459 3101 principes.
1495 3028 1702 3086 Oratio.
1735 3029 2082 3102 Apostolicis

2259 1883 2358 1937 Hae
2383 1895 2564 1952 preces
2593 1881 2894 1934 recitantur
2915 1881 3030 1951 post
3059 1881 3296 1946 tertiam,
3327 1893 3569 1950 vesperas
3615 1881 3667 1934 et
3715 1877 3846 1932 lau-

2189 1969 2280 2024 des
2308 1971 2480 2024 trium
2508 1969 2729 2024 dierum
2759 1967 3102 2023 hebdomadas
3130 1968 3376 2039 majoris,
3408 1967 3658 2024 videlicet
3694 1967 3851 2036 feria

2189 2059 2470 2129 quinta,in
2512 2058 2806 2112 Parasceve
2833 2059 2884 2112 et
2913 2057 2972 2112 in
2999 2055 3230 2112 Sabbato
3278 2059 3484 2122 sancto,
3531 2057 3659 2112 Post
3697 2056 3850 2110 anti-

2183 2146 2427 2219 phonam
2472 2147 2543 2201 ad
2590 2145 2939 2202 Benedictus
2989 2145 3216 2200 laudum
3253 2144 3480 2200 Sabbati
3505 2145 3686 2200 sancti
3723 2142 3850 2201 haec

2189 2237 2460 2291 habentur
2488 2251 2508 2289 :
2540 2234 2636 2288 Hic
2663 2233 2881 2288 dicatur
2907 2250 2926 2288 :
2959 2233 3132 2306 Kyrie
3180 2232 3421 2300 eleison,
3453 2239 3505 2289 et
3550 2248 3760 2297 versus,
3793 2237 3848 2288 et

2187 2325 2491 2397 capitulum
2523 2327 2574 2379 et
2619 2323 2816 2390 oratio,
2865 2330 2926 2378 ut
2969 2324 3032 2378 in
3079 2322 3333 2378 laudibus
3374 2336 3542 2378 scenae
3588 2322 3885 2377 Dominis

2190 2415 2384 2469 Prima
2413 2427 2556 2479 vero,
2599 2413 2784 2479 tertia,
2812 2413 2969 2466 sexta
2996 2417 3046 2465 et
3075 2427 3224 2466 nona
3249 2411 3390 2466 sicut
3417 2409 3606 2466 eadem
3633 2408 3743 2466 die.
3777 2411 3842 2464 In

2191 2502 2294 2557 hac
2323 2501 2412 2556 die
2441 2504 2567 2556 ante
2593 2499 2784 2556 horam
2814 2501 3039 2554 tertiam
3087 2499 3556 2572 discooperiantur
3581 2514 3764 2555 cruces
3791 2503 3848 2554 et

2189 2590 2415 2660 tabulae,
2447 2603 2571 2662 quae
2595 2604 2695 2660 per
2724 2595 2892 2644 totam
2916 2589 3234 2644 Passionem
3269 2590 3492 2658 fuerant
3517 2588 3728 2644 velatae.
3774 2592 3846 2646 Et

2188 2681 2336 2734 inter
2363 2679 2602 2742 tertiam,
2634 2680 2684 2732 et
2712 2683 2925 2732 sextam
2953 2675 3147 2732 horam
3193 2677 3377 2732 altare
3413 2675 3708 2748 honoriﬁce
3744 2692 3844 2732 ea:-

2189 2777 2430 2825 ornetur.
2461 2767 2542 2834 Ad
2566 2782 2847 2838 vesperum
2873 2765 3193 2838 antiphona,
3227 2773 3277 2822 et
3303 2765 3510 2821 dicitur
3545 2764 3662 2820 haec
3687 2767 3848 2821 anti-

2183 2857 2370 2930 phona
2392 2855 2464 2911 ad
2490 2870 2768 2928 vesperum
2809 2869 2911 2926 per
2959 2861 3124 2910 totam
3151 2853 3540 2910 hebdomadam
3580 2847 3753 2926 usque
3782 2855 3848 2909 in.

2187 2943 2821 3002 sabbatum.Cruciﬁxus
2851 2943 3102 2999 surrexit
3126 2942 3300 3000 tertia
3322 2943 3417 2999 die
3447 2941 3519 2998 de
3547 2941 3842 3016 sepulcro,

2191 3033 2442 3104 alleluia,
2475 3031 2728 3088 alleluia.
2760 3033 2912 3088 Psal.
2949 3031 3224 3099 Laudate,
3259 3031 3443 3104 pueri.
3493 3031 3645 3088 Psal.
3693 3031 3844 3087 Lau-

434 3133 562 3182 nos,
611 3133 970 3189 quaesumus,
1003 3117 1265 3186 Domine,
1299 3117 1602 3174 beatorum
1650 3117 1804 3174 Petri
1833 3123 1890 3174 et
1922 3118 2078 3175 Pauli
2121 3189 2151 3194 ~
2191 3123 2342 3190 date,
2375 3137 2579 3178 omnes
2607 3121 2992 3194 gentes.Psal.
3025 3121 3166 3176 Ecce
3196 3136 3372 3193 quam
3404 3118 3652 3176 bonum!
3687 3121 3842 3176 Psal.

433 3205 632 3262 attolle
661 3203 968 3278 praesidiis,
1001 3209 1067 3260 ut
1095 3210 1313 3278 quanto
1339 3205 1665 3280 fragiliores
1695 3224 1926 3275 sumus,
1947 3210 2076 3264 tan-
2109 3189 2152 3258 (ἶ
2191 3189 2411 3280 Lauda,
2433 3189 2780 3267 Jerusalem.
2812 3210 3008 3266 Lectio.
3043 3208 3102 3266 Si
3133 3189 3600 3266 consurrexistis.
3629 3210 3690 3278 ii).
3721 3209 3844 3266 An-

433 3299 492 3352 to
522 3293 906 3350 validioribus
932 3294 1166 3352 auxiliis
1197 3295 1514 3352 foveamur.
1547 3301 1672 3354 Per.

500 3375 810 3457 Antiphona
835 3400 939 3456 pro
962 3400 1117 3456 pace,
1149 3391 1210 3441 ut
1237 3387 1299 3440 in
1327 3385 1600 3441 laudibus.

500 3473 828 3546 Antiphona.
861 3473 1057 3530 Sancti
1105 3473 1207 3530 Dei
1259 3491 1484 3542 omnes,
1517 3491 1684 3531 orare
1729 3478 1788 3530 et
1831 3474 2076 3531 interce-

429 3563 566 3619 dere
595 3561 916 3636 dignemini
951 3579 1054 3634 pro
1088 3566 1292 3618 nostra
1321 3563 1702 3636 omniumque
1729 3563 1939 3621 salute.
1964 3565 2080 3620 La:-

429 3650 637 3708 tamini
669 3650 728 3706 in
759 3650 1028 3707 Domino.
1081 3651 1290 3708 Oratio.
1337 3651 1720 3724 Omnipotens
1761 3657 1938 3719 Deus,
1971 3669 2080 3709 nos

429 3739 682 3795 famulos
712 3743 846 3795 tuos
877 3741 1112 3796 dextera
1141 3741 1413 3812 potentiae
1445 3744 1555 3796 tuae
1581 3757 1616 3796 a
1643 3741 1870 3796 cunctis
1887 3745 2076 3813 prote-

428 3845 500 3902 ge
527 3827 824 3900 periculis,
856 3831 935 3896 et,
967 3828 1135 3884 beata
1165 3829 1350 3884 Maria
1378 3843 1610 3902 semper
1635 3828 1873 3902 Virgine
1904 3829 2082 3886 inter-

430 3917 670 3972 cedente
700 3932 834 3972 cum
865 3915 1142 3972 omnibus
1173 3917 1391 3973 sanctis
1421 3917 1658 3986 tuis,fac
1688 3935 1795 3974 nos
1825 3935 2080 3990 pressan-

431 4003 476 4060 ti
507 4004 762 4078 gaudere
793 4005 1180 4077 prosperitate
1211 4008 1265 4062 et
1295 4010 1528 4062 aeterna.
1560 4011 1672 4062 Per
1699 4006 2032 4062 Dominum.

743 4111 909 4149 FERIA
947 4111 1167 4156 QUARTA
1207 4109 1266 4150 IN
1305 4111 1497 4150 CAPITE
1531 4110 1766 4151 JEJUNII.

498 4184 607 4239 Pro
655 4183 1024 4239 benedictione
1069 4183 1319 4238 cinerum
1381 4184 1580 4254 legitur
1641 4193 1855 4240 tantum
1908 4187 2081 4242 oratio

427 4271 605 4340 Deus,
637 4271 735 4343 qui
766 4288 883 4326 non
917 4275 1186 4340 mortem,
1220 4274 1330 4328 etc.
1357 4277 1556 4329 Postea
1577 4275 1825 4344 sequitur
1851 4275 1972 4331 haec
1990 4291 2082 4330 ru-

371 4401 378 4407 .
431 4359 605 4416 brica.
638 4361 782 4415 Tunc
827 4364 1189 4432 aspergantur
1233 4378 1380 4432 aqua
1419 4363 1627 4430 sancta,
1661 4363 1944 4418 incensari
1964 4379 2080 4418 non

426 4447 635 4504 debent.
668 4452 805 4506 Mox
829 4449 1074 4506 sacerdos
1103 4451 1334 4522 incipiat
1377 4466 1584 4523 ponere
1623 4452 1864 4507 cinerem
1909 4468 2080 4524 supra

2188 3299 2356 3374 gelus
2388 3297 2638 3354 Domini.
2674 3299 2727 3369 in
2759 3297 2966 3354 Jesum
2997 3297 3280 3369 quaeritis.
3312 3298 3578 3370 Hymnus.
3612 3297 3698 3352 Ad
3733 3313 3846 3354 cm-

2188 3405 2345 3444 nam.
2381 3388 2432 3458 3'.
2465 3385 2691 3442 Pascha
2719 3389 2922 3442 nostra
2949 3384 3291 3442 immolatus
3320 3389 3410 3442 est
3437 3384 3726 3442 Christus.
3761 3385 3846 3442 Ad

2187 3475 2524 3550 Magniﬁcat
2551 3476 2874 3546 antiphona.
2906 3474 3159 3548 Vespere
3191 3479 3409 3531 autem.

2260 3564 2629 3622 Oratio.Deus
2660 3564 2760 3636 qui
2791 3563 2943 3619 hanc
2971 3563 3431 3620 sacratissimam
3456 3566 3689 3619 noctem
3714 3562 3844 3636 glo-

2187 3653 2276 3710 ria
2305 3653 2610 3710 dominicas
2641 3651 3084 3710 resurrectionis
3134 3651 3415 3720 illustras,
3447 3667 3728 3709 conserva
3781 3652 3841 3706 in

2189 3759 2336 3799 nova
2365 3740 2600 3798 familiae
2629 3745 2741 3797 tua:
2772 3741 3049 3814 progenie
3080 3739 3410 3813 adoptionis
3429 3739 3845 3814 spiritum,qui

2188 3832 2422 3900 dedisti,
2455 3835 2522 3887 ut
2549 3847 2788 3902 corpore
2829 3833 2887 3886 et
2934 3832 3126 3886 mente
3173 3829 3429 3886 renovati
3478 3844 3691 3903 puram
3733 3829 3847 3885 tibi

2187 3921 2503 3977 exhibeant
2531 3918 2890 3975 servitutem.
2923 3921 3034 3974 Per
3061 3919 3354 3974 eumdem.

2260 4007 2578 4080 Antiphona
2605 4006 2669 4064 de
2697 4021 2853 4062 cruce
2883 4021 3054 4078 usque
3083 4005 3152 4061 ad
3177 4014 3442 4062 octavam.
3481 4005 3845 4062 Cruciﬁxum

2185 4095 2245 4150 in
2279 4111 2450 4151 carne
2480 4095 2808 4163 laudemus,
2841 4098 2899 4150 et
2929 4093 3226 4167 sepultum
3258 4097 3494 4168 propter
3524 4111 3632 4152 nos
3663 4094 3846 4168 glori-

2187 4185 2450 4242 ﬁcemus.
2484 4183 2906 4256 Rcsurgentem
2937 4183 3010 4239 de
3038 4186 3244 4252 morte,
3260 4183 3468 4250 venite,
3503 4183 3842 4253 adoremus,

2187 4272 2442 4342 alleluia,
2477 4271 2730 4340 alleluia,
2766 4271 3018 4328 alleluia.

2257 4362 2570 4435 Antiphona
2595 4365 2797 4418 sanctae
2827 4362 3012 4416 Mariae
3037 4376 3206 4432 usque
3248 4362 3310 4416 in
3363 4367 3614 4416 octavum
3657 4361 3848 4416 Pente-

2185 4459 2374 4508 costes.
2407 4450 2630 4523 Regina
2657 4448 2805 4506 cceli.
2838 4448 3060 4505 Diﬁ‘usa
3092 4453 3199 4506 est.
3237 4451 3566 4522 Propterea.

424 4538 772 4609 singulorum
798 4541 1041 4610 fratrum
1066 4541 1251 4612 capita
1278 4541 1338 4595 in
1367 4541 1588 4596 modum
1615 4542 1794 4596 crucis
1813 4541 2038 4598 dicendo
2058 4559 2076 4596 :
2107 4561 2156 4626 D
2259 4540 2467 4596 Oratio.
2500 4543 2682 4626 Deus,
2717 4537 2817 4609 qui
2858 4537 3085 4594 violatae
3133 4541 3356 4593 naturae
3409 4553 3512 4626 per
3556 4535 3846 4626 virginale

426 4627 770 4698 Recordare,
825 4628 1022 4697 homo,
1073 4632 1186 4685 etc.
1221 4632 1288 4686 Et
1334 4629 1432 4684 ille
1477 4630 1573 4700 qui
1617 4631 1833 4703 accipit,
1867 4630 2013 4686 dicat
2055 4647 2077 4693 ;

423 4716 616 4788 Hujus
650 4716 866 4774 cineris
892 4717 1152 4792 aspersio
1184 4717 1262 4774 sit
1291 4717 1459 4790 mihi,
1489 4718 1754 4788 Domine,
1787 4719 1857 4776 ad
1891 4735 2076 4775 reme-

424 4805 591 4861 dium
621 4806 900 4863 salutare.

497 4898 628 4950 Post
683 4895 869 4952 laudes
933 4898 1095 4968 feriae
1158 4901 1373 4968 quarta
1435 4897 1666 4969 majoris
1730 4895 2081 4954 hebdomadas

426 4983 698 5038 habentur
725 4986 1140 5056 sequentiaJ-Iic
1167 4987 1600 5058 exstinguuntur
1625 4987 1812 5041 omnia
1842 4985 2076 5042 lumina.

425 5071 512 5126 Ad
543 5070 890 5128 Benedictus
919 5073 1535 5145 antiphona.Traditor.
1568 5075 1662 5129 His
1690 5073 1852 5129 dictis
1879 5075 2080 5130 vadunt

427 5159 534 5215 duo
563 5163 692 5216 ante
719 5161 966 5228 altare,et
994 5163 1180 5219 dicant
1205 5179 1404 5219 sonora
1431 5178 1558 5218 voce
1584 5180 1602 5216 :
1635 5161 1803 5234 Kyrie
1836 5160 2076 5231 eleison,

426 5246 652 5305 Christe
679 5248 914 5321 eleison,
947 5250 1210 5320 Domino,
1241 5251 1541 5308 miserere.
1572 5253 1638 5306 Et
1683 5251 1948 5306 similiter
1993 5267 2079 5308 re-

425 5337 728 5409 spondeant
755 5342 946 5396 exteri
973 5341 1118 5403 alii;
1147 5345 1199 5396 et
1227 5343 1324 5412 qui
1350 5342 1478 5396 sunt
1503 5343 1630 5396 ante
1658 5340 1832 5396 altare
1850 5339 2076 5396 dicant:

425 5427 694 5485 Christus
715 5429 869 5486 Deus
891 5431 1084 5488 factus
1098 5433 1188 5487 est
1203 5430 1484 5486 obediens
1504 5445 1694 5501 usque
1711 5429 1783 5484 ad
1807 5433 2078 5498 mortem,

430 5516 628 5574 Caneri
655 5519 1057 5592 respondeant:
1092 5519 1258 5592 Kyrie
1297 5516 1538 5586 eleison,
1573 5517 1800 5574 Christe
1836 5518 2078 5586 eleison,

427 5603 692 5673 Domine,
727 5608 1022 5665 miserere.
1070 5610 1134 5664 Et
1165 5608 1255 5664 illi
1281 5610 1410 5664 ante
1451 5606 1630 5664 altare
1675 5607 1862 5665 dicant
1893 5625 1906 5664 :
1940 5608 2081 5666 Jesu

2187 4629 2368 4685 decus
2415 4625 2660 4682 adhibes
2704 4626 3080 4694 medicinam,
3123 4626 3214 4682 fac
3264 4625 3599 4703 nosbeataa
3647 4623 3845 4681 Mariae

2187 4731 2420 4790 semper
2446 4712 2690 4787 virginis
2737 4714 3010 4787 precibus
3059 4718 3117 4770 et
3164 4715 3521 4770 fermentum
3552 4717 3847 4786 concepta

2187 4801 2494 4878 pravitatis
2523 4801 2759 4875 penitus
2790 4801 3060 4873 abjicere,
3109 4804 3168 4858 et
3211 4801 3272 4858 in
3320 4799 3592 4858 novitatis
3641 4816 3848 4874 azyma

2187 4894 2260 4950 de
2287 4893 2575 4950 vetustate
2603 4889 2874 4946 transire.
2907 4891 3034 4946 Per.

2595 4995 2870 5036 DOMINICA
2910 4994 3419 5036 RESURRECTIONIS.

2257 5073 2533 5142 Incipiunt
2563 5069 2770 5139 vigiliae
2799 5085 2956 5124 more
2982 5069 3392 5136 canonicorum,
3441 5068 3650 5124 scilicet
3682 5083 3696 5124 :
3729 5067 3844 5124 Do-

2189 5159 2368 5226 mine,
2401 5157 2558 5213 labia
2588 5173 2719 5212 mea
2749 5156 2998 5228 aperies.

2257 5247 2337 5304 Ad
2363 5254 2576 5307 sextam
2601 5247 2768 5318 hujus
2798 5245 2910 5302 diei
2937 5246 3168 5302 habetur
3194 5261 3419 5319 sequens
3466 5247 3663 5302 oratio.
3695 5244 3846 5300 Prm-

2189 5342 2300 5406 sta,
2333 5352 2698 5410 quaesumus,
2731 5334 3106 5407 omnipotens
3136 5339 3310 5402 Deus,
3352 5337 3420 5390 ut
3463 5333 3842 5391 resurrectio-

2187 5428 2281 5502 nis
2312 5425 2626 5484 Dominicae
2659 5423 2943 5480 solemnia
2971 5423 3243 5491 colimus,
3275 5421 3590 5496 ereptionis
3630 5424 3842 5479 nostra:

2189 5515 2486 5589 suscipere
2516 5512 2777 5569 laetitiam
2810 5529 3160 5569 mereamur.
3193 5516 3320 5568 Per.

2256 5606 2336 5662 Ad
2364 5603 2700 5677 Magniﬁcat
2731 5601 3051 5674 antiphona.
3075 5605 3213 5659 Post
3241 5600 3576 5675 passionem
3608 5597 3844 5656 Domini
