3978 6466
174 386 317 461 ’957

988 384 1521 460 ΕΧΕαηΡΤεἘΧ
1565 372 1793 460 cono.
1842 394 2154 459 LITURG.
2202 392 2804 459 FONTAVELLAN.

3476 376 3598 452 958
3665 462 3669 473 ,

196 531 390 590 factus
417 534 508 589 est
536 530 1029 604 conventus,quia
1056 548 1173 587 non
1199 512 1603 588 estinventu'm
1627 546 1838 602 corpus
1872 530 1929 597 Α
1955 529 2251 603 pervenire
2280 529 2528 601 patriam
2553 541 2904 594 mereamur,
2931 541 3107 598 quam
3130 524 3255 598 ipse
3283 524 3419 582 totis
3451 521 3598 582 desi-

200 621 263 680 in
297 624 702 688 monumento,
735 620 920 694 lapsis
951 620 1235 676 sustinuit
1270 624 1612 694 perpetuam
1643 618 1845 687 vitam,

201 714 662 769 monumentum
691 709 953 766 reddidit
969 709 1264 767 caelestem
1295 709 1695 783 margaritam,
1716 707 1847 764 alle-

116 806 119 811 ’
200 799 347 858 luia.

272 889 381 944 Per
421 894 594 943 totum
640 886 883 958 ofﬁcium
928 886 992 942 de
1022 887 1270 957 Tempore
1307 885 1454 940 nihil
1483 885 1760 956 reperitur
1789 883 1849 937 in

199 976 384 1034 codice
450 975 924 1032 animadversione
977 974 1226 1046 dignum,
1281 982 1655 1046 praeterquam
1711 971 1850 1043 quod

200 1066 449 1138 ofﬁcium
494 1064 561 1121 de
608 1065 870 1119 Trinitate
913 1066 1141 1136 ponitur
1181 1066 1301 1145 post
1347 1062 1688 1118 Dominicam
1718 1077 1850 1116 xxxv

203 1158 557 1213 Pentecostes.
1220 1170 1235 1181 -

453 1261 509 1301 IN
547 1260 747 1300 NATALI
786 1260 983 1299 SANCTI
1021 1260 1264 1299 ANDREE
1299 1258 1588 1298 APOSTOLI.

266 1332 970 1390 Invitatorium.Christum
988 1348 1181 1405 regem
1197 1329 1847 1388 adoremusDominum.

202 1421 310 1496 qui
341 1421 621 1496 martyrio
647 1420 838 1477 crucis
869 1421 1105 1477 beatum
1130 1420 1475 1493 glorificavit
1495 1418 1846 1492 apostolum.

665 1513 910 1584 Hymnus
936 1510 1008 1566 ad
1034 1512 1387 1566 matutinum.

489 1599 729 1656 Andreae
750 1599 964 1655 festum
997 1599 1228 1666 colitur,

492 1690 615 1746 Lux
647 1688 823 1744 chara
855 1688 966 1761 piis
997 1688 1202 1754 oritur,

487 1778 597 1834 Per
625 1794 800 1850 quem
829 1778 1101 1834 tenebras
1130 1778 1410 1833 deserunt

489 1868 574 1923 Ad
602 1883 806 1922 verum
838 1866 1039 1923 lumen
1072 1866 1339 1935 redeunt,

562 1957 758 2028 Egaeas
789 1956 846 2011 in
879 1956 1212 2029 apostolum

495 2045 706 2102 Minaci
737 2045 966 2101 frendet
995 2044 1229 2118 spiritu,

493 2135 601 2191 Per
620 2151 793 2207 quem
821 2134 1049 2190 Achaiae
1080 2133 1363 2206 populum

493 2223 690 2280 Cernit
718 2223 801 2279 ire
830 2227 962 2296 post
991 2222 1325 2279 Dominum.

564 2311 760 2368 Nescit
789 2312 982 2368 minas
1013 2328 1339 2384 pavescere,

492 2400 709 2473 Nequit
738 2400 1045 2457 tormentis
1076 2400 1277 2456 cedere

498 2489 882 2545 Flammantis
913 2489 1086 2544 ardor
1115 2489 1249 2543 f1ch

499 2578 627 2637 Non
660 2579 841 2635 sentit
868 2577 984 2633 vim
1016 2577 1308 2650 supplicii.

567 2666 765 2723 Crucis
795 2666 1027 2722 vinctus
1056 2665 1316 2739 patibulo

499 2757 687 2813 Laetus
716 2755 1007 2828 pendebat
1038 2754 1232 2810 biduo.

499 2845 563 2900 In
594 2843 724 2918 ipsa
751 2848 938 2900 morte
968 2843 1193 2916 positus

500 2932 639 2991 Vitae
668 2937 868 2989 manat
897 2932 1218 3006 eloquium.

574 3022 725 3078 Luce
753 3021 993 3094 delapsa
1020 3021 1247 3078 coalitus

398 3178 401 3179 ν
506 3110 760 3182 Repente
790 3109 1302 3177 circumfunditur,

504 3198 613 3262 Qui
645 3197 728 3254 sic
758 3198 920 3255 obire
950 3198 1186 3266 meruit,

505 3286 680 3343 Lucis
706 3289 1014 3344 Auctorem
1041 3289 1227 3360 petiit.

573 3376 659 3432 Sit
678 3376 831 3432 Patri
862 3375 995 3433 laus
1026 3377 1305 3449 ingenito,

503 3465 592 3522 Sit
618 3464 808 3521 Decus
839 3464 1170 3538 Unigenito,

503 3554 591 3610 Sit
618 3553 923 3626 utriusque
954 3554 1119 3627 parili

503 3641 778 3713 Majestas
804 3658 1041 3698 summa
1068 3642 1314 3699 ﬂamini.
1342 3644 1545 3699 Amen.

647 3732 894 3803 Hymnus
924 3731 994 3787 ad
1016 3748 1281 3803 vesperae.

577 3819 849 3893 Captator
877 3819 1016 3876 olim
1046 3819 1319 3893 piscium,

504 3912 636 3965 Jam
658 3925 813 3964 nunc
844 3907 1096 3981 piscator
1126 3908 1436 3964 hominum

506 3997 649 4054 Tuis
674 3998 936 4052 Andreas
968 3997 1189 4053 retibus

504 4085 707 4142 Mundi
738 4103 845 4143 nos
877 4103 1017 4158 rape
1048 4086 1325 4144 ﬂuctibus

576 4174 901 4231 Germanus
927 4174 1077 4230 Petri
1103 4192 1342 4247 corpore

503 4264 618 4320 Nec
647 4262 854 4319 mortis
884 4262 1086 4336 dispar
1115 4264 1319 4320 ordine

417 4406 425 4413 ,
506 4353 661 4418 Quos
689 4368 809 4407 una
839 4367 972 4407 caro
1004 4351 1206 4424 genuit

505 4439 657 4496 Crux
685 4438 826 4495 coelo
857 4438 1067 4495 fratres
1097 4439 1301 4496 edidit.

575 4528 621 4584 Ο
650 4543 890 4601 germen
920 4544 1052 4583 vere
1084 4528 1277 4585 nobile

504 4618 549 4674 0
579 4634 685 4690 par
712 4633 928 4672 corona
955 4615 1156 4689 gloriae

502 4704 770 4762 Ecclesiae
801 4705 1001 4761 Patres
1032 4705 1112 4776 pii

503 4792 704 4850 Crucis
739 4797 881 4850 sunt
909 4810 1071 4865 aeque
1102 4792 1228 4848 ﬁlii.

573 4874 658 4929 Ad
686 4873 889 4929 Jesum
921 4873 1085 4928 fratri
1108 4871 1356 4945 praevius

503 4962 693 5018 Judex
719 4962 855 5017 vitae
885 4966 1164 5018 strenuus

500 5051 574 5107 Et
600 5051 769 5107 nobis
802 5055 927 5107 esto
960 5050 1197 5107 miseris

497 5139 659 5196 Beati
687 5140 808 5196 dux
836 5139 1086 5196 itineris.

573 5228 662 5284 Sit
691 5227 849 5284 Patri
878 5227 1011 5284 laus
1040 5228 1321 5301 ingenito,
1352 5233 1462 5284 etc.

396 5331 456 5371 IN
492 5316 686 5373 NATALl
716 5332 911 5372 sana-r1
943 5333 1209 5393 amenosn
1240 5333 1642 5373 consussoms.

291 5404 502 5460 Oratio.
526 5404 907 5477 Omnipotens
948 5405 1305 5478 sempiterna
1335 5408 1506 5471 Deus,
1530 5405 1629 5477 qui
1674 5422 1777 5478 per
1800 5424 1866 5464 os

217 5493 371 5551 beati
404 5492 696 5565 pontificis
720 5493 1014 5550 Ambrosii
1037 5493 1403 5566 eloquiorum
1424 5497 1662 5549 tuorum
1695 5494 1865 5551 nobis

216 5580 418 5638 abdita
441 5581 1002 5649 reserasti,concede
1024 5583 1193 5638 nobis
1224 5597 1425 5637 aurem
1459 5580 1708 5653 pectoris
1738 5584 1865 5654 ejus

219 5669 662 5727 accommodare
681 5669 984 5738 doctrinis,
1012 5674 1075 5725 ut
1096 5671 1169 5726 ad
1193 5668 1352 5727 illam
1377 5670 1503 5740 ejus
1535 5669 1860 5727 interventu

1881 1899 1930 1963 B

1957 616 2136 674 deriis
2166 618 2478 673 anhelavit.
2512 617 2635 673 Per.

2373 721 2430 762 IN
2471 724 2660 762 NATALI
2702 722 2896 761 SANCTI
2933 721 3192 760 ZENONIS.

2030 795 2232 850 Oratio.
2255 800 2424 862 Deus,
2446 796 2543 868 qui
2568 794 2725 850 hunc
2752 794 2907 850 diem
2936 793 3327 849 venerabilem
3354 793 3412 848 in
3446 792 3597 849 beati

1958 884 2205 939 Zenonis
2236 884 2587 940 coufessoris
2617 883 2703 937 tui
2736 888 2910 954 atque
2950 882 3243 955 pontiﬁcis
3298 881 3603 938 devotione

1958 971 2248 1028 celebrare
2275 972 2564 1039 concedis,
2583 989 2863 1028 conserva
2882 972 2941 1027 in
2955 971 3123 1028 nobis
3137 970 3601 1028 misericordiam

1957 1065 2144 1129 tuam,
2166 1064 2225 1116 et
2246 1061 2517 1133 precibus
2540 1061 2755 1117 nostris
2782 1062 2914 1133 pius
2936 1064 2992 1117 et
3014 1060 3271 1117 clemens
3297 1060 3502 1116 adesse
3521 1059 3604 1115 di-

1957 1154 2239 1222 gnare,ut
2262 1149 2415 1205 sicut
2445 1151 2614 1206 beato
2636 1150 2850 1206 Zenoni
2881 1150 3166 1205 sacerdoti
3198 1146 3447 1223 gratiam
3499 1147 3604 1204 tri-

1958 1238 2157 1303 buisti,
2192 1238 2273 1294 ita
2296 1244 2353 1295 et
2374 1238 2543 1295 nobis
2575 1239 2773 1312 largiri
2804 1239 3064 1312 digneris
3094 1240 3219 1294 Per.

2422 1346 2480 1383 IN
2523 1346 2717 1384 NATALI
2757 1345 2952 1384 SANCTI
2992 1345 3139 1383 SYRI.

2031 1416 2232 1472 Oratio.
2270 1420 2442 1483 Deus,
2482 1417 2582 1489 qui
2635 1421 2873 1473 tuorum
2932 1417 3262 1472 antistitum
3321 1415 3604 1488 potentis-

1959 1504 2146 1561 simus
2176 1505 2521 1572 illustrator,
2548 1506 2763 1576 tribue,
2795 1509 3257 1578 quaesumusmt,
3278 1503 3603 1560 beatissimi

1959 1594 2276 1650 sacerdotis
2289 1598 2345 1648 et
2361 1593 2712 1649 confessoris
2724 1594 2809 1649 tui
2834 1593 2960 1666 Syri
2977 1590 3309 1667 magniﬁcis
3321 1592 3604 1666 exemplis

1957 1680 2280 1748 informati,
2327 1681 2526 1738 saeculi
2578 1681 2756 1753 hujus
2803 1682 3113 1755 caliginem
3174 1681 3301 1737 sine
3348 1680 3605 1754 periculo

1957 1774 2349 1826 transeamus.
2386 1771 2511 1825 Per.

2139 1875 2198 1915 IN
2240 1875 2673 1914 PURIFICATIONE
2711 1875 2903 1914 ΒΕΑΤΛΕ
2940 1875 3139 1913 MARIE
3177 1876 3450 1914 VIRGINIS.

2032 1949 2111 2003 Ad
2190 1950 2496 2019 Vesperum.
2551 1948 2880 2020 Antiphone.
2938 1948 3156 2003 Tecum
3226 1946 3605 2020 principium.

1962 2039 2111 2093 Psat.
2165 2036 2319 2093 Dixit
2377 2036 2682 2091 Dominus.
2732 2035 3058 2112 Antiphonti.
3106 2036 3607 2109 Redemptionem.

1962 2128 2111 2182 Psat.
2173 2125 2526 2181 Confitebor.
2578 2126 2910 2197 Aniiphona.
2965 2126 3244 2181 Exortum
3304 2129 3409 2182 est.
3459 2127 3607 2183 Psat.

1878 2284 1889 2298 δ
1963 2217 2176 2272 Beatus
2207 2214 2311 2270 vir.
2344 2216 2671 2286 Antipho-na.
2694 2215 2772 2270 De
2804 2215 3012 2272 fructu.
3047 2217 3197 2271 Psat.
3226 2216 3537 2272 Memento.
3579 2240 3582 2245 η

2037 2305 2239 2360 Oratio.
2290 2304 2505 2358 Perfice
2563 2304 2620 2358 in
2671 2303 2862 2373 nobis,
2923 2320 3283 2375 quaesumus,
3345 2304 3606 2373 Domine,

1964 2393 2210 2467 gratiam
2236 2396 2399 2446 tuam
2422 2408 2597 2463 quam
2617 2392 2760 2461 justi
2780 2392 3360 2465 Simeonisimplesti,
3378 2391 3612 2448 utsicut

1965 2481 2062 2537 ille
2092 2485 2339 2537 mortem
2372 2497 2485 2536 non
2514 2479 2678 2548 vidit,
2706 2479 3051 2553 priusquam
3083 2481 3379 2537 Christum
3412 2480 3611 2538 Domi-

1967 2587 2108 2626 num
2130 2570 2326 2624 videre
2357 2573 2697 2638 mereretur,
2722 2568 2805 2624 ita
2833 2572 2889 2624 et
2910 2586 3015 2624 nos
3034 2569 3214 2624 vitam
3237 2570 3610 2626 obtineamus

1967 2665 2262 2716 aeternam.
2294 2659 2421 2713 Per.

2037 2751 2161 2804 Post
2200 2749 2418 2804 tertiam
2460 2747 2623 2818 hujus
2663 2748 2777 2802 diei
2843 2748 3099 2818 leguntur
3160 2748 3444 2818 sequentia
3510 2763 3610 2819 pro

1971 2837 2340 2893 benedictione
2388 2835 2760 2892 candelarum.
2821 2837 2947 2891 Post
3029 2836 3147 2892 ham
3229 2836 3614 2893 benedicuntur

1969 2926 2233 2992 candelae,
2263 2933 2314 2981 et
2370 2925 2519 2981 dicat
2573 2925 2818 2996 sacerdos
2872 2940 3070 2981 sonora
3123 2940 3247 2981 voce
3281 2944 3292 2981 :
3326 2920 3613 2983 Dominus

1970 3016 2291 3071 vobiscum.
2325 3013 2568 3084 Exaudi,
2598 3018 2707 3069 etc.

2045 3105 2249 3161 Oratio.
2284 3102 2668 3175 Omnipotens
2717 3101 3069 3175 sempiterna
3126 3103 3302 3175 Deus,
3359 3104 3459 3176 qui
3513 3121 3616 3175 per

1972 3193 2225 3249 Verbum
2274 3196 2464 3257 tuum,
2498 3190 2695 3246 lumen
2743 3190 3010 3247 videlicet
3054 3207 3279 3260 verum,
3310 3191 3614 3249 illuminas

1893 3265 1936 3332 C
1975 3298 2204 3338 omnem
2232 3279 2529 3335 hominem
2551 3279 2879 3335 venientem
2911 3278 2970 3333 in
3001 3279 3159 3335 hunc
3176 3282 3614 3350 mundum,tua3

1965 3369 2318 3426 visitationis
2347 3367 2534 3441 gratia
2597 3367 3152 3437 inexstinguibiliter
3201 3370 3377 3425 corda
3415 3375 3616 3426 nostra

1970 3457 2280 3531 perlustra,
2294 3461 2353 3512 et
2376 3457 2482 3512 has
2500 3455 2775 3511 candelas
2803 3454 2919 3510 luci
2950 3455 3165 3512 visibili
3195 3462 3361 3529 aptas
3388 3458 3611 3515 caelesti

1969 3545 2371 3603 benedictione
2390 3550 2415 3609 1‘
2443 3544 2762 3611 sanctiﬁca,
2783 3548 2847 3599 ut
2863 3544 2936 3599 ob
2959 3545 3342 3600 reverentiam
3366 3562 3616 3617 praesen-

1972 3635 2046 3691 tis
2078 3634 2466 3690 solemnitatis
2496 3638 2552 3689 et
2581 3630 2925 3688 memoriam
2958 3633 3140 3688 beatae
3159 3632 3353 3689 Marias
3385 3650 3616 3706 semper

1970 3723 2214 3796 virginis
2243 3721 2455 3778 Filium
2487 3737 2552 3776 ac
2582 3721 2895 3776 Dominum
2927 3737 3100 3778 suum
3131 3726 3427 3777 auctorem
3444 3726 3503 3778 et
3519 3724 3617 3779 ob-

1973 3817 2321 3869 servatorem
2353 3810 2502 3883 legis
2534 3811 2590 3865 in
2621 3810 2839 3882 templo
2871 3810 3218 3866 oiferentisa
3239 3810 3474 3867 famulis
3493 3811 3613 3867 tuis

1972 3900 2175 3957 oblatae
2199 3898 2413 3955 fuerint
2441 3915 2505 3954 ac
2537 3898 2759 3953 nomini
2788 3901 2889 3953 tuo
2921 3898 3121 3953 devote
3151 3898 3449 3969 dedicatae,
3480 3899 3615 3955 olfe-

1973 3994 2165 4045 rentes
2186 4005 2285 4044 eas
2311 3993 2426 4043 tua:
2446 3986 2865 4043 benedictionis
2893 4003 3125 4058 semper
3154 3987 3615 4059 possideantcla-

1972 4079 2227 4134 ritatem.
2261 4077 2368 4133 Per
2396 4076 2692 4132 eumdem.

2043 4167 2168 4222 Alia
2208 4166 2403 4221 oratio.
2461 4163 2842 4236 Omnipotens
2899 4162 3249 4235 sempiterna
3305 4164 3478 4234 Deus,
3514 4174 3616 4239 qui
3700 4180 3709 4191 ‘

1972 4255 2256 4311 hodierna
2284 4253 2395 4321 die,
2429 4260 2488 4308 ut
2516 4254 2578 4307 in
2607 4252 2790 4307 editis.

2044 4344 2169 4398 Atia
2198 4343 2391 4398 oratio.
2415 4340 2665 4397 Benedic
2689 4346 2742 4407 ψ,
2777 4341 3017 4397 Domine
3031 4342 3063 4397 J
3070 4358 3172 4397 esu
3195 4342 3442 4412 Christe,
3465 4343 3618 4401 hanc

1973 4434 2297 4486 creaturam
2322 4446 2465 4485 cerae
2486 4427 3015 4499 supplicationibus
3037 4431 3275 4497 nostris,
3306 4431 3619 4489 etinfunde

1972 4518 2022 4574 ei
2046 4534 2147 4589 per
2171 4517 2362 4572 crucis
2385 4521 2601 4573 sancta:
2629 4522 2743 4571 tum
2774 4518 3047 4574 virtutem
3096 4521 3562 4578 benedictionem
3585 4527 3615 4590 1·

1891 4628 1940 4693 D
1972 4605 2285 4673 cmlestem,
2307 4610 2371 4660 ut
2399 4606 2499 4678 qui
2531 4622 2659 4661 eam
2693 4607 2765 4661 ad
2816 4606 3178 4679 repellendas
3210 4609 3478 4665 tenebras
3506 4610 3616 4664 hu-

1973 4712 2146 4751 mano
2176 4693 2372 4766 generi
2403 4692 2683 4759 tribuisti,
2707 4695 2901 4749 taliter
2931 4694 3231 4766 signaculo
3262 4696 3453 4751 crucis
3503 4700 3618 4753 tum

1974 4781 2377 4838 fortitudinem
2407 4784 2464 4835 et
2492 4780 2961 4837 benedictionem
2993 4779 3261 4853 accipiat,
3294 4784 3360 4835 ut
3399 4782 3458 4836 in
3491 4781 3619 4854 qui-

1975 4868 2479 4942 buscunquelocis
2501 4884 2745 4924 accensa
2775 4869 2895 4925 sive
2926 4870 3117 4942 posita
3147 4867 3337 4937 fuerit,
3358 4868 3621 4926 discedat

1975 4964 2031 5015 et
2055 4957 2463 5016 contremiscat
2517 4956 2808 5023 diabolus,
2841 4963 2897 5015 et
2949 4958 3136 5031 fugiat
3186 4958 3432 5031 pavidus
3484 4974 3620 5015 cum

1975 5047 2251 5104 omnibus
2280 5044 2567 5101 ministris
2599 5046 2725 5101 suis
2758 5047 2827 5103 de
2847 5047 3310 5104 habitationibus
3341 5046 3478 5116 illis,
3508 5062 3616 5103 nec

1975 5152 2162 5208 priesu
2172 5139 2292 5191 mat
2312 5133 2566 5207 amplius
2588 5133 2913 5205 inquietare
2930 5136 3021 5192 vel
3041 5136 3286 5193 illudere
3304 5136 3622 5193 servientes

1975 5225 2111 5280 Deo.
2136 5224 2383 5281 Proinde
2407 5222 2720 5297 supplices,
2754 5227 2829 5291 te,
2863 5241 3224 5295 quaesumus,
3259 5224 3524 5294 Domine,
3555 5227 3623 5280 ut

1972 5315 2208 5371 emittas
2268 5318 2538 5370 sanctum
2569 5311 2843 5385 angelum
2874 5316 3045 5368 tuum
3105 5313 3483 5386 Raphaelem,
3517 5312 3621 5384 qui

1975 5402 2184 5459 evulsit
2202 5406 2259 5458 et
2281 5401 2526 5475 repulsit
2555 5419 2590 5456 a
2615 5406 2757 5456 Sara
2786 5405 2843 5456 et
2863 5401 3045 5457 Tobia
3075 5402 3401 5457 daemonem
3424 5401 3623 5457 morti-

1973 5494 2160 5550 ferum
2193 5491 2590 5557 infestantem,
2624 5494 2688 5545 ut
2718 5494 2977 5547 conterat
3006 5490 3173 5545 illum
3218 5493 3275 5545 et
3316 5490 3522 5562 perdat
3550 5491 3622 5547 de

1975 5581 2201 5638 cunctis
2232 5580 2692 5636 habitationibus
2725 5580 3039 5636 colentium
3073 5579 3497 5650 Dominum,de
3521 5579 3623 5636 ba-

1973 5670 2261 5741 silicis,de
2290 5668 2583 5739 domibus,
2612 5669 2681 5725 de
2712 5669 3045 5744 angulis,de
3071 5667 3257 5740 lectis,
3277 5668 3349 5724 de
3378 5666 3617 5728 reiecto-
