3978 6374
403 354 526 420 οθο

405 670 611 728 bulant
635 673 692 726 et
722 668 1066 723 consistunt.
1103 668 1218 723 Nec
1272 667 1461 723 valeat
1504 666 1755 739 amplius
1813 667 2048 739 inquie-

402 764 549 827 tare,
567 756 656 814 vel
690 773 929 830 pavores
961 757 1277 813 immittere
1305 774 1482 829 super
1510 756 1642 813 illos
1676 773 1823 828 quos
1859 755 2044 811 sancti

405 846 742 904 chrismatis
773 846 855 901 tui
891 845 1166 900 unctione
1199 844 1382 900 fecisti
1414 860 1542 900 esse
1574 844 1852 900 munitos.
1873 848 2050 899 Bene-

403 938 531 993 dico
565 941 594 1003 τι
621 939 696 1005 te,
717 951 868 999 cera,
888 935 946 990 in
978 933 1215 989 nomine
1236 932 1468 989 Domini
1495 933 1679 988 nostri
1710 934 1849 989 Jesu
1880 933 2046 988 Chri-

402 1026 476 1083 sti
503 1030 561 1082 et
580 1027 794 1081 sancta;
836 1022 1160 1090 Trinitatis,
1188 1026 1253 1077 ut
1284 1021 1364 1078 sis
1396 1021 1799 1077 exterminatio
1829 1021 2045 1077 diaboli

402 1119 459 1171 et
478 1114 743 1170 omnium
767 1110 1274 1168 contubernalium
1290 1110 1838 1180 ejus.Pereumdem
1854 1109 2047 1166 Domi-

403 1219 544 1258 num
577 1206 866 1265 nostrum,
896 1199 997 1272 qui
1026 1199 1165 1254 vivit
1196 1203 1252 1253 et
1283 1203 1508 1271 regnat.

474 1294 615 1347 Tunc
669 1294 1027 1362 aspergantur
1081 1305 1225 1359 aqua
1286 1288 1563 1343 benedicta
1591 1296 1643 1342 et
1673 1290 2042 1355 inccnscntur,

399 1385 451 1436 et
479 1381 796 1436 decantetur
849 1377 1149 1449 antiphona
1185 1395 1197 1432 :
1233 1377 1454 1432 Lumen
1515 1377 1586 1431 ad
1635 1375 2042 1431 revelationem

399 1469 680 1542 gentium,
715 1473 851 1533 etc.,
881 1475 1097 1538 αεσξη]ιο
1129 1467 1379 1522 cantico:
1408 1466 1572 1520 Nunc
1605 1465 2046 1536 dimittis,cuju5

398 1560 509 1614 loco
538 1558 744 1613 dicitur
775 1575 788 1612 :
823 1557 974 1612 Deus
1009 1554 1372 1610 misereatur.

469 1649 656 1704 Oratio
685 1648 754 1704 ad
805 1654 1033 1701 sextam.
1069 1646 1255 1700 Beata:
1287 1643 1483 1698 Mariae
1517 1659 1748 1715 semper
1773 1642 2040 1715 virginis,

399 1753 762 1808 quaesumus,
797 1735 1060 1798 Domine,
1095 1733 1250 1787 adsit
1306 1731 1475 1786 nobis
1507 1732 1724 1802 ubique
1763 1730 1966 1795 oratio,
1989 1735 2046 1786 et

397 1842 576 1899 quam
598 1825 802 1880 devoto
828 1822 991 1894 plebs
1022 1826 1124 1877 tua
1159 1824 1466 1875 veneratur
1495 1819 1796 1890 obsequio,
1831 1821 2042 1874 suifra—
2073 1856 2121 1920 Β

398 1915 523 1988 gari
555 1912 667 1969 sibi
699 1912 793 1985 pio
824 1911 1157 1982 experiatur
1181 1908 1415 1963 auxilio.
1448 1908 1572 1963 Per.

475 2003 662 2059 Oratio
703 2000 774 2056 ad
818 2015 1043 2054 nonam.
1075 1997 1326 2068 Adjuvet
1369 2013 1497 2062 nos,
1532 2011 1894 2066 quaesumus,
1932 1996 2041 2051 Do-

395 2091 577 2160 mine,
605 2092 820 2145 sanctae
843 2087 1035 2143 Maria
1068 2087 1300 2158 sem'per
1329 2084 1572 2157 virginis
1601 2084 1939 2140 intercessio
1957 2101 2045 2140 ve-

397 2178 678 2246 neranda,
711 2180 767 2232 et
796 2194 829 2232 a
860 2178 1229 2248 peccatorum
1253 2171 1498 2227 vinculis
1531 2171 1832 2227 absolutos
1862 2172 1919 2226 in
1943 2175 2044 2227 tua

398 2266 573 2323 faciat
603 2281 743 2339 pace
772 2265 1044 2338 gaudere.
1079 2264 1204 2318 Per.

494 2373 554 2411 IN
595 2372 786 2411 NATALI
827 2371 1018 2409 SANCTl
1059 2369 1237 2408 BLASII
1277 2367 1524 2407 EPISCOPI
1564 2368 1632 2405 ET
1669 2368 1967 2406 MARTYRIS.

465 2444 668 2500 Oratio.
693 2443 868 2510 Deus,
889 2441 987 2513 qui
1010 2443 1245 2496 beatum
1262 2439 1518 2495 Blasium
1535 2443 1846 2511 martyrem
1869 2443 2037 2494 tuum

393 2537 568 2606 atque
594 2531 927 2604 pontiﬁcem
961 2530 1333 2602 pontiﬁcatus
1356 2527 1544 2583 ofﬁcio
1565 2532 1622 2583 et
1639 2528 1770 2583 ﬁdei
1796 2543 2038 2582 munere

399 2621 754 2688 sublimasti,
780 2620 972 2674 tribue
989 2617 1355 2690 supplicibus
1372 2617 1511 2684 tuis,
1528 2621 1590 2672 ut
1610 2616 1894 2689 quidquid
1916 2633 2039 2688 pec-

399 2711 511 2768 cati
543 2709 885 2782 contagione
915 2711 1277 2764 contractum
1309 2710 1400 2762 est
1421 2705 1476 2760 in
1499 2705 1689 2772 nobis,
1713 2705 1839 2777 ipso
1867 2705 2040 2760 inter-

393 2800 634 2856 cedente
664 2797 941 2854 solvatur.
979 2797 1099 2851 Per.

428 2905 487 2942 ΙΝ
528 2902 722 2942 ΠΑΤΔῐιῙ
763 2901 952 2940 SANCTI
993 2900 1262 2938 GREGORII
1303 2900 1460 2939 ΡΑΡᾸΞ
1498 2900 1564 2937 ΕΤ
1601 2899 1998 2939 CONFESSORIS.

466 2975 677 3030 Oratio.
710 2975 882 3039 Deus,
920 2972 1019 3044 qui
1051 2989 1154 3043 per
1181 2972 1418 3027 beatum
1443 2970 1786 3044 Gregorium
1819 2972 2038 3028 confes-

394 3079 585 3121 sorem
617 3066 786 3117 tuum
821 3065 994 3133 atque
1012 3061 1348 3133 pontiﬁcem
1367 3060 1618 3117 caelestis
1639 3059 2037 3132 eloquiinobis

392 3151 760 3208 dulcedinem
793 3149 1390 3223 propinasti,familiaa
1439 3154 1550 3205 tuae
1576 3151 1824 3206 concede
1849 3151 2038 3223 prapi-

1585 351 1774 418 SEC.
1817 351 1901 416 XI
1943 349 2258 446 ΜΟΝΠΜτ
2301 354 2616 440 LITURG.

404 493 530 561 riis,
561 495 618 549 et
647 489 717 547 de
773 487 1059 546 universis
1087 485 1232 546 locis
1262 488 1322 544 in
1355 486 1568 561 quibus
1606 488 1720 545 Deo
1752 487 2043 545 famulan-
2074 486 2126 553 Α

404 589 494 639 tes
549 581 796 646 habitat,
831 578 1224 652 requiescunt,
1257 578 1574 646 dormiunt,
1610 577 1877 650 vigilant,
1922 595 2046 633 am-

2441 491 2697 565 Spiritus
2729 494 2911 564 carni,

2440 581 2586 637 Caro
2616 583 2854 640 sanitati

2441 667 2728 726 Redditur
2754 689 2938 744 aeque.

2508 760 2648 815 Jure
2679 762 2788 817 sub
2813 761 3040 817 blandae

2441 849 2645 920 Specie
2675 850 2960 906 columbae

2437 937 2704 994 Nesciam
2737 939 2888 994 fellis

2438 1027 2707 1084 Animam
2739 1029 2956 1084 sororis

2439 1116 2681 1172 Summa
2711 1117 2923 1173 stellati

2438 1204 2746 1262 Penetrare
2773 1205 2902 1261 caeli

2436 1291 2711 1349 Culmina
2741 1294 2952 1349 cernis.

2507 1382 2635 1455 Ipse
2666 1386 2797 1454 post
2826 1382 3070 1439 clarum.

2437 1469 2711 1526 Referens
2741 1471 3108 1545 triumphum

2437 1558 2604 1615 Celsa
2635 1560 2858 1615 devicto

2439 1648 2590 1703 Petis
2620 1652 2778 1704 astra
2808 1650 3050 1718 mundo,

2438 1737 2588 1791 Luce
2623 1737 3026 1795 flammantem

2436 1825 2718 1881 Radiante
2747 1825 2951 1883 callem

2439 1911 2620 1968 Pallia
2650 1917 2938 1970 sternunt.

2509 2003 2659 2058 Laus
2691 2003 2878 2058 honor
2907 2004 3080 2072 Patri,

2435 2089 2728 2163 Parilique
2759 2091 2906 2146 Proli

2434 2178 2560 2234 Una
2591 2181 2892 2251 majestas,

2433 2268 2648 2322 Eadem
2680 2272 2960 2340 potestas,

2433 2359 2576 2410 Cum
2610 2357 2826 2428 quibus
2857 2361 3096 2414 sanctus

2433 2443 2621 2500 Simul
2653 2445 2854 2517 implet
2886 2463 3119 2502 omnem

2431 2532 2686 2605 Spiritus
2717 2534 2940 2590 orbem.
2966 2537 3170 2591 Amen.

2220 2623 2433 2692 Hymni
2481 2621 2550 2676 ad
2606 2625 2933 2678 nocturnum
2961 2631 3010 2680 et
3039 2624 3108 2678 ad
3163 2623 3350 2680 laudes
3408 2625 3574 2680 iidem
3603 2626 3700 2697 qui
3730 2627 3792 2679 in

2147 2712 2325 2784 ofﬁcio
2350 2726 2521 2782 parvo
2554 2711 2696 2766 beati
2724 2711 3019 2768 Benedicti.

2219 2801 2423 2856 Oratio.
2479 2799 2860 2871 Omnipotens
2918 2800 3272 2872 sempiterne
3327 2801 3498 2868 Deus,
3530 2800 3630 2872 qui
3687 2817 3796 2874 per

2146 2888 2401 2962 gloriosa
2418 2887 2568 2942 beati
2587 2887 2878 2942 Benedicti
2902 2887 3132 2944 abbatis
3151 2887 3415 2960 exempla
3435 2887 3792 2945 humilitatis

2146 2975 2501 3048 triumphale
2533 2975 2703 3031 nobis
2726 2976 2834 3031 iter
2863 2975 3188 3043 ostendisti,
3221 2978 3313 3045 da,
3346 2981 3793 3054 quaesumus,ut

2144 3065 2298 3121 viam
2318 3065 2425 3120 tibi
2459 3064 2680 3138 placitae
2710 3065 3072 3134 obedientiae,
3090 3082 3192 3138 per
3221 3082 3394 3139 quam
3428 3064 3526 3121 ille
3555 3080 3792 3122 venera-

2145 3154 2280 3210 bilis
2315 3155 2484 3209 Pater
2511 3152 2729 3208 illaesus
2759 3154 3157 3220 antecedebat,
3194 3169 3304 3208 nos
3332 3152 3628 3226 praeclaris
3657 3154 3786 3224 ejus

391 3242 511 3298 tius
541 3245 600 3297 et
627 3221 856 3296 servare
904 3221 1062 3312 quod
1104 3239 1320 3307 docuit,
1353 3247 1409 3295 et
1438 3238 1719 3312 subsequi
1752 3255 1867 3311 quo
1900 3221 2030 3312 pro-
2053 3221 2107 3288 ‘C
2146 3242 2373 3299 meritis
2399 3242 2583 3313 adjuti
2613 3241 2738 3296 sine
2769 3257 2962 3298 errore
2992 3221 3442 3317 subsequamur.
3477 3242 3603 3298 Per.

391 3331 582 3388 cessit.

753 3438 812 3476 ΙΝ
851 3437 1052 3475 NATALI
1092 3436 1288 3474 SANCTI
1331 3434 1645 3474 BENEDICTI.

990 3510 1256 3581 Hymnus.

743 3600 986 3656 Gemma
1011 3597 1260 3654 caelestis
1292 3596 1566 3670 pretiosa,

669 3687 844 3760 Regis
874 3703 1081 3742 norma
1102 3686 1426 3758 justorum,

667 3776 778 3832 Via
807 3774 1226 3830 monachorum
1241 3816 1256 3842 ,

672 3864 788 3919 Nos
820 3863 893 3918 ab
924 3862 1214 3916 immundi

669 3949 995 4016 Benedicto,
1031 3949 1236 4004 mundi

671 4038 959 4095 Subtrahe
990 4053 1172 4093 coeno.

742 4128 829 4182 Tu
864 4125 1053 4181 solum
1086 4142 1391 4197 spernens,

673 4217 782 4272 Cor
815 4215 872 4270 in
907 4218 1066 4270 astra
1095 4215 1300 4286 ﬁgens,

672 4305 846 4378 Cogis
876 4303 1135 4359 baaredes

671 4394 819 4450 Fieri
852 4396 1144 4465 parentes,

672 4487 790 4539 Vas
819 4483 934 4538 Deo
967 4482 1204 4554 plenum

676 4573 964 4644 Reparare
993 4570 1250 4626 fructum

674 4659 1076 4718 Promeruisti.

745 4751 994 4824 Magnus
1024 4748 1084 4804 in
1115 4748 1330 4821 parvis,

674 4840 927 4900 Eremita
956 4838 1241 4894 imberbis

673 4929 878 4984 Vincis
911 4931 1163 4993 aetatem,

679 5018 933 5088 Superas
964 5016 1225 5072 laborem

671 5107 848 5160 Areta
879 5105 1155 5160 districta:

677 5193 1028 5248 Rudimenla
1058 5193 1183 5246 vitae

676 5281 955 5337 Fervidus
984 5280 1214 5353 imples.

746 5371 946 5442 Strage
975 5386 1255 5426 saxorum

678 5460 928 5515 Puerum
961 5462 1330 5532 peremptum

677 5548 808 5604 Mox
834 5553 898 5603 ut
927 5549 1128 5614 orasti,

680 5639 883 5695 Preces
912 5635 1234 5702 suscitasti,

2213 3333 2400 3388 Oratio
2430 3330 2501 3386 ad
2527 3335 2760 3386 sextam.
2780 3329 2972 3386 Sancti
2999 3329 3296 3386 Benedicti
3319 3329 3672 3386 confessoris
3689 3329 3779 3385 tui

2141 3424 2317 3493 atque
2349 3419 2575 3475 abbatis
2605 3435 2731 3486 nos,
2766 3418 3030 3487 Domine,
3045 3417 3575 3491 supplicationibus
3591 3418 3785 3474 tribue

2142 3508 2339 3574 foveri,
2374 3511 2440 3563 ut
2469 3507 2639 3578 cujus
2678 3507 3066 3563 venerabilem
3124 3506 3556 3564 solemnitatem
3616 3507 3782 3562 obse-

2141 3597 2296 3670 quiis
2327 3595 2709 3661 celebramus,
2741 3596 2868 3666 ejus
2899 3594 3418 3652 intercessionibus
3443 3598 3504 3652 et
3559 3593 3786 3651 meritis

2141 3685 2643 3742 commendemur.
2675 3687 2804 3740 Per.

2214 3776 2400 3832 Oratio
2429 3774 2499 3829 ad
2518 3789 2740 3829 nonam.
2756 3773 2932 3839 Deus,
2946 3773 3045 3845 qui
3062 3790 3168 3828 nos
3183 3773 3332 3829 beati
3353 3772 3646 3828 Benedicti
3659 3789 3791 3829 con-

2141 3863 2382 3919 fessoris
2410 3862 2498 3916 tui
2519 3860 2756 3918 voluisti
2783 3861 3137 3934 magisteriis
3158 3861 3396 3930 eruditi,
3423 3862 3552 3934 ejus
3565 3861 3792 3918 meritis

2140 3952 2386 4025 dignare
2417 3967 2524 4006 nos
2555 3950 2628 4004 ab
2660 3948 2818 4004 omni
2850 3948 3073 4005 inimici
3103 3950 3308 4006 fraude
3353 3948 3600 4023 protegi.
3628 3949 3752 4007 Per.

2474 4056 2530 4093 IN
2569 4054 2910 4094 INVENTIONE
2948 4055 3175 4094 SANCTIE
3211 4054 3439 4094 CR'UCIS.

2566 4129 2810 4198 Hymnus
2839 4127 2920 4183 ade
2940 4143 3244 4199 vesperum.

2497 4216 2652 4272 Crux
2683 4216 2887 4271 mundi
2917 4216 3079 4273 salus
3108 4216 3318 4290 perditi

2429 4304 2720 4376 Perempti
2747 4303 2864 4359 vita
2892 4305 3111 4370 saeculi,

2427 4395 2613 4458 Quam
2645 4393 2800 4449 victa
2828 4398 3091 4451 tremunt
3119 4399 3362 4461 tartara,

2424 4481 2559 4537 Coeli
2587 4485 2862 4538 verentur
2892 4484 3148 4556 agmina.

2500 4571 2561 4624 In
2595 4574 2649 4625 te
2681 4571 2823 4626 dum
2851 4571 2970 4628 vita
3000 4571 3271 4640 moritur,

2428 4658 2635 4714 Mortis
2666 4663 2871 4715 catena
2901 4659 3163 4727 solvitur,

2426 4747 2658 4820 Egypti
2681 4748 2826 4822 jugo
2857 4747 3024 4804 liberi

2431 4835 2579 4891 Vere
2608 4838 2747 4892 sunt
2774 4835 2924 4892 lucis
2953 4835 3080 4891 ﬁlii.

2501 4924 2582 4978 Te
2615 4923 2779 4995 ponit
2806 4924 2994 4980 Judex
3023 4924 3311 4994 omnium,

2429 5012 2576 5068 Cum
2604 5011 2908 5082 judicatur
2937 5012 3152 5069 solium

2430 5101 2561 5156 Jam
2593 5105 2732 5155 tunc
2762 5100 2963 5157 haedos
2990 5101 3066 5156 ab
3092 5103 3296 5158 ovibus

2433 5190 2716 5262 Segregat
2739 5190 2798 5244 in
2821 5188 3168 5246 latronibus.

2504 5279 2594 5334 Tu
2625 5278 2832 5334 mundi
2857 5277 3014 5334 ludis
3043 5277 3367 5350 principem

2429 5369 2585 5424 Dum
2614 5366 2792 5439 punis
2819 5366 3266 5439 impassibilem,

2436 5455 2611 5524 Reos,
2643 5455 2849 5511 offerre
2881 5454 3068 5523 solita,

2431 5547 2578 5610 Quae
2609 5558 2765 5599 nunc
2796 5543 2922 5610 das,
2956 5543 3146 5600 aufert
3175 5543 3381 5617 spolia.

2503 5631 2564 5688 In
2607 5635 2663 5686 te
2686 5634 2978 5688 mactatur
3007 5633 3243 5690 victima
