3978 6450
138 398 274 491 θόἶ

948 425 1333 493 EXCERP’I‘.
1378 408 1485 493 ax
1530 423 1759 491 cono.
1803 408 2120 493 LITUHG.
2169 414 2767 497 roN'rAVELLAN.

397 561 533 627 Quae
558 560 769 619 mundi
794 567 1008 637 purgat
1030 563 1302 619 crimina.
1397 631 1400 634 ,

402 649 539 706 Tibi
558 649 855 707 talentum
886 651 1163 719 creditur,

401 739 536 796 Adze
568 740 723 819 quod
755 739 928 797 solvit
950 741 1236 798 debitum.

472 827 589 886 Nos
619 830 748 886 vitae
775 829 943 903 signo
972 834 1229 904 protege,

401 914 524 982 Quo
552 932 654 974 rex
684 917 1013 991 triumphat
1050 917 1269 992 gloria.

400 1005 506 1062 Per
532 1010 589 1063 te
613 1008 687 1064 ad
718 1020 963 1081 regnum
988 1007 1242 1081 pervelm.

395 1097 559 1162 Quae
589 1097 869 1153 servitute
898 1096 936 1152 li
944 1098 1126 1153 hera-t.

472 1185 560 1242 Sit
588 1184 747 1241 Patri
774 1185 909 1242 laus
937 1185 1217 1259 ingenito,

400 1272 490 1330 Sit
510 1274 697 1330 deum
720 1273 1060 1349 Unigenito,

395 1362 486 1419 Sit
510 1363 823 1437 utriusque
853 1363 1025 1439 parili

390 1452 671 1524 Maiestas
698 1470 936 1510 summa
967 1452 1239 1509 Flamini.
1269 1454 1475 1510 Amen.

688 1543 935 1615 Hymnus
963 1543 1032 1598 ad
1063 1543 1270 1598 laudes.

472 1633 621 1685 Crux
651 1632 855 1686 mundi
893 1632 1243 1697 benedictio,

394 1719 542 1791 Spes
572 1723 629 1776 et
658 1725 821 1776 certa
851 1721 1196 1794 redemptio,

401 1807 551 1864 Olim
575 1808 856 1882 gehennae
886 1809 1106 1883 bajula,

400 1896 567 1953 Nune
597 1897 754 1953 clara
782 1896 910 1953 coeli
934 1900 1141 1970 janua.

474 1987 539 2042 In
565 1989 623 2042 te
650 1984 876 2043 levatur
901 1986 1097 2044 hostia

401 2075 488 2131 Ad
519 2090 700 2148 seque
735 2074 905 2131 traxit
934 2077 1132 2132 omnia

402 2163 591 2228 Quam
624 2164 829 2220 mundi
860 2165 1134 2239 princeps
1166 2166 1413 2238 impetit,

402 2253 705 2326 Suumque
736 2253 883 2309 nihil
918 2254 1157 2311 invenit.

470 2343 611 2406 Quae
632 2341 780 2415 legis
814 2342 1116 2415 antiquius

408 2429 592 2487 Vetus
614 2434 813 2488 cassat
842 2431 1320 2505 chirographum,

397 2520 655 2593 Antiqua
680 2519 829 2593 perit
854 2520 1106 2577 servitus

399 2608 552 2665 Vera
572 2608 812 2665 libertas
843 2610 1128 2666 redditur.

466 2697 680 2754 Oderis
708 2699 793 2754 tui
834 2699 1000 2770 copia

388 2786 629 2845 Cuncta
660 2787 839 2843 vincit
868 2793 1134 2843 aromata

406 2862 523 2931 Tui
553 2873 798 2932 dulcedo
830 2877 1081 2934 nectaris

406 2963 617 3038 Replet
646 2981 856 3021 arcana
886 2966 1158 3038 pectoris.

478 3053 588 3111 Per
602 3050 879 3123 Crucem,
907 3054 1155 3123 Christe,
1187 3073 1527 3129 quaesumus

410 3144 500 3200 Λᾶ
529 3143 659 3202 vita:
687 3144 942 3200 transfer
970 3147 1275 3217 praemium

404 3233 564 3299 Quos
591 3231 737 3305 ligni
768 3232 917 3288 ﬁxus
946 3232 1143 3305 stipite

402 3319 693 3395 Dignatus
724 3337 786 3378 es
816 3321 1122 3392 redimere,

475 3409 569 3467 Sit
593 3409 724 3467 laus
756 3409 910 3466 Patri
940 3411 1222 3483 ingenito,
1255 3417 1364 3469 etc.

359 3515 420 3555 IN
448 3515 649 3556 NATALI
679 3515 1095 3557 A‘POSTOLORUM
1125 3517 1288 3557 PETRI
1318 3519 1389 3558 ET
1416 3518 1608 3560 PAULI.

851 3592 1123 3661 Hymnus.

377 3675 535 3733 Felix
556 3693 666 3750 per
692 3692 896 3732 omnes
928 3677 1141 3733 festum
1177 3678 1377 3734 mundi
1411 3680 1646 3737 cardine

300 3764 711 3837 Apostolorum
738 3765 1036 3841 praapoliet
1063 3766 1349 3834 alacriter,

298 3852 457 3910 Petri
487 3854 663 3922 beati,
695 3853 857 3910 Pauli
891 3855 1297 3924 sacratissimi,

300 3942 460 4008 Quos
488 3941 755 4000 Christus
785 3942 939 4000 almo
966 3945 1325 4001 consecravit
1346 3945 1635 4020 sanguine

294 4030 689 4089 Ecclesiarum
720 4032 1020 4105 deputavit
1047 4032 1362 4107 principes.

372 4119 440 4176 Hi
471 4125 610 4177 sunt
639 4121 800 4177 olivae
831 4123 958 4178 duae
989 4138 1186 4178 coram
1218 4122 1465 4180 Domino

194 4260 199 4268 .
298 4209 370 4264 Et
397 4208 749 4266 candelabra
778 4210 906 4267 luce
935 4211 1244 4280 radiantis,

297 4297 581 4355 Praeclara
611 4284 739 4355 οωἱί
771 4300 887 4355 duo
920 4300 1254 4367 luminaria.

302 4386 498 4444 Fortis
529 4386 763 4444 solvunt
792 4394 1163 4461 peccatorum
1192 4389 1430 4447 vincula

297 4475 501 4532 Portas
532 4474 759 4550 Olympi
793 4482 1052 4534 reserent
1083 4478 1375 4535 ﬁdelibus.

374 4562 603 4621 Habent
630 4582 913 4638 supernas
945 4570 1292 4638 potestatem

301 4649 583 4729 Claudere
613 4670 884 4710 sermone
915 4655 1105 4723 sedes,

300 4739 559 4798 Pandere
589 4742 957 4815 splendentia
987 4743 1213 4800 lumina
1243 4745 1383 4818 poli,

298 4832 485 4901 Super
515 4828 632 4886 alta
659 4830 853 4887 sidera
889 4830 1101 4905 linguae

296 4916 512 4973 Eorum
543 4917 734 4979 claves
765 4918 893 4976 coeli
925 4921 1088 4979 factis
1119 4926 1259 4977 sunt

298 5009 512 5064 Larvas
542 5007 833 5081 repellunt
862 5009 1017 5066 ultra
1045 5005 1249 5066 mundi
1284 5010 1521 5068 limites.

369 5093 577 5151 Petrus
606 5096 814 5157 beatus
845 5102 1184 5154 catenarum
1218 5099 1458 5172 laqueos

301 5181 533 5240 Christo
555 5184 800 5256 jubente
831 5187 993 5259 rupit
1014 5186 1392 5259 mirabiliter,

299 5270 514 5329 Custos
544 5271 736 5343 ovilis,
757 5277 816 5331 et
844 5275 1046 5332 doctor
1072 5276 1365 5346 Ecclesiaa,

300 5359 622 5434 Pastorque
649 5361 866 5436 gregis,
896 5368 1268 5422 conservator
1294 5366 1489 5422 ovium

227 5505 230 5508 .
298 5452 475 5504 Arcet
503 5447 778 5522 luporum
808 5451 1204 5508 truculentam
1230 5452 1480 5509 rabiem.

370 5537 771 5613 Quodcunque
788 5539 1002 5597 vinclis
1023 5557 1202 5614 super
1219 5546 1437 5598 terram
1458 5540 1785 5615 strinxeris,

299 5626 423 5682 Erit
450 5626 513 5683 in
543 5627 718 5684 astris
751 5628 1059 5703 religatum
1091 5630 1346 5700 fortiter;
1426 5692 1439 5697 ,

296 5716 371 5776 Et
398 5716 555 5798 quod
583 5716 826 5779 resolvis
857 5718 918 5778 in
944 5719 1122 5780 terris
1150 5719 1412 5795 arbitrio,

3443 431 3561 499 969

1833 572 1886 636 Α
2058 564 2178 620 Erit
2209 563 2470 622 solutum
2500 583 2678 640 super
2708 564 2836 622 cceli
2867 563 3080 623 radios.

2054 653 2119 708 In
2151 652 2264 711 fine
2296 655 2501 710 mundi
2527 655 2712 726 judex
2739 655 2855 712 eris
2888 656 3102 712 saeculi.

2124 742 2250 798 Non
2280 742 2475 815 impar
2502 742 2718 800 Paulus
2750 744 2887 799 huic
2917 745 3117 801 doctor
3142 746 3433 820 gentium,

2056 828 2366 887 Eleotionis
2396 831 2684 905 templum
2717 833 3207 898 sacratissimum,

2056 917 2118 973 In
2151 922 2336 975 morte
2365 936 2624 992 compar,
2646 921 2708 977 in
2740 938 2955 977 corona
2982 923 3294 996 particeps,

2052 1006 2239 1063 Ambo
2269 1006 2540 1078 lucernae,
2573 1013 2632 1066 et
2658 1010 2837 1066 decus
2868 1010 3137 1067 Ecclesiae

2022 1127 2026 1131 ~
2056 1094 2121 1150 In
2152 1095 2289 1152 orbe
2320 1095 2476 1153 claro
2509 1102 2821 1154 coruscant
2847 1099 3190 1157 vibramine.

2126 1183 2171 1240 Ο
2201 1184 2387 1241 Roma
2417 1185 2572 1254 felix,
2607 1203 2735 1259 quas
2765 1191 3063 1244 tantorum
3095 1188 3425 1263 principum

2054 1272 2123 1327 Et
2152 1277 2474 1347 purpurata
2502 1276 2758 1348 pretioso
2789 1277 3077 1350 sanguine

2054 1360 2297 1418 Excellis
2327 1377 2560 1435 omnem
2596 1365 2802 1420 mundi
2832 1365 3329 1438 pulchritudinem

2053 1449 2178 1505 Non
2210 1449 2380 1507 laude
2404 1454 2527 1520 tua,
2554 1453 2655 1508 sed
2681 1456 3016 1511 sanctorum
3048 1456 3274 1514 meritis

2053 1537 2210 1602 Quos
2242 1541 2564 1597 cruentatis
2584 1541 2880 1616 jugulasti
2904 1544 3137 1618 gladiis.

2086 1626 2091 1631 ’
2124 1630 2242 1685 Vos
2271 1645 2409 1702 ergo
2439 1631 2613 1687 modo
2645 1631 2889 1704 gloriosi
2921 1633 3237 1708 principes,

2055 1717 2221 1773 Pctre
2249 1717 2436 1788 beate,
2465 1719 2643 1776 Paule
2672 1722 2878 1778 mundi
2904 1721 3115 1791 lilium,

2055 1803 2316 1862 Caelestis
2347 1807 2491 1863 aula}
2519 1807 2915 1882 triumphales
2946 1811 3182 1883 milites,

2056 1894 2334 1951 Precibus
2365 1894 2538 1952 almis
2565 1897 2778 1954 vestris
2808 1915 2915 1954 nos
2945 1900 3017 1956 ab
3048 1900 3324 1960 omnibus

1836 1940 1884 2005 Β
2058 1982 2281 2040 Munite
2311 1984 2504 2051 malis,
2536 1984 2684 2043 ferte‘
2712 2003 2891 2060 super
2918 1988 3151 2049 aethera.

2128 2071 2323 2130 Gloria
2352 2073 2470 2130 Deo
2500 2090 2605 2147 per
2636 2076 2928 2134 immensa
2957 2078 3171 2136 saecula

2060 2160 2150 2217 Sit
2178 2162 2305 2232 tibi,
2338 2160 2503 2230 Nate,
2535 2163 2715 2221 decus
2747 2171 2806 2222 et
2830 2165 3168 2238 imperium,
3202 2172 3311 2227 etc.

2406 2269 2466 2307 1N
2505 2270 2649 2308 ΝΔΤΑ
2657 2271 2706 2308 LI
2746 2271 3085 2312 EORUMDEM.

1989 2341 2394 2409 havitatorz'um,
2438 2345 2504 2397 ut
2548 2342 2610 2398 in
2651 2342 2833 2399 editis.
2887 2346 3218 2418 Antiphona.
3252 2345 3317 2402 In
3361 2346 3573 2420 plateis

1919 2427 2289 2499 ponebantur
2329 2428 2550 2484 inﬁrmi
2580 2429 2640 2486 in
2686 2429 2939 2499 lectulis,
2972 2437 3039 2489 ut
3066 2433 3333 2491 veniente
3383 2436 3567 2492 Petro.

1917 2518 1983 2571 Et
2012 2520 2226 2575 exterae
2263 2518 2577 2589 antiphonaz
2600 2520 2777 2592 primi
2805 2530 2858 2576 et
2895 2522 3120 2578 secundi
3161 2526 3422 2580 nocturni
3448 2538 3573 2597 quae

1914 2608 2201 2677 ponuntur
2225 2605 2293 2662 de
2320 2607 2557 2663 historia
2586 2612 2822 2664 Actuum
2850 2612 3236 2682 apostolorum.
3257 2611 3574 2686 Antiphone

1919 2694 1988 2750 ad
2024 2696 2265 2751 cantica.
2297 2694 2657 2769 Significavit
2703 2697 2990 2755 Dominus
3017 2700 3207 2769 Petro,
3238 2716 3357 2774 qua
3384 2707 3573 2760 morte

1921 2782 2345 2842 clariﬁcaturus
2387 2790 2545 2842 esset
2585 2786 2793 2855 Deum,
2846 2787 3106 2845 alleluia.
3155 2793 3574 2864 Responsorium

1919 2872 2253 2931 duodecimae
2281 2874 2548 2931 lectionis.
2581 2874 2727 2932 Cum
2756 2880 2910 2933 esset
2938 2877 3146 2935 Petrus
3176 2879 3238 2935 in
3270 2895 3461 2947 cruce,
3480 2896 3575 2937 ve-

1921 2961 2011 3018 nit
2036 2962 2212 3020 turba
2253 2962 2458 3031 multa,
2481 2963 2869 3023 maledicebat
2898 2966 3206 3038 Caesarem,
3229 2971 3287 3025 et
3314 2968 3575 3026 fecerunt

1922 3050 2220 3124 planctum
2251 3066 2533 3127 magnum
2560 3057 2697 3110 ante
2722 3070 2977 3112 crucem.
3000 3057 3206 3114 Petrus
3236 3057 3576 3115 exhortaba-

1921 3146 2020 3197 tur
2046 3156 2145 3197 eos
2177 3141 2249 3198 de
2289 3158 2459 3198 cruce
2508 3142 2746 3200 dicens:
2779 3143 2968 3216 Nolite
2996 3146 3153 3216 ﬂere,
3179 3147 3280 3203 sed
3329 3147 3577 3221 gaudete

1922 3229 2329 3302 mecum,quia
2354 3232 2503 3287 vado
2531 3247 2737 3305 parare
2766 3233 2930 3290 vobis
2973 3232 3439 3293 locum.Gratias
3468 3236 3575 3292 tibi

1838 3310 1882 3377 C
1920 3334 2047 3391 ago,
2070 3317 2277 3375 Pastor
2321 3319 2491 3387 bone,
2516 3321 2656 3393 quia
2684 3337 2820 3377 oves
2868 3338 3015 3394 quas
3062 3323 3357 3380 tradidisti
3406 3324 3573 3394 mihi,

1919 3406 2357 3479 compatiuntur
2383 3424 2614 3464 mecum
2644 3408 2705 3465 in
2736 3410 3182 3482 sempiternum,
3213 3416 3271 3468 et
3300 3428 3435 3468 cum
3463 3412 3573 3470 hoc

1921 3495 2184 3566 dixisset,
2220 3496 2302 3552 ait
2336 3513 2349 3553 :
2382 3497 2593 3568 Nolite,
2626 3502 2736 3555 etc.

2141 3602 2200 3641 ιΝ
2239 3602 2436 3642 NATALI
2475 3603 2707 3643 SANCTE
2743 3604 2941 3644 MARIE
2976 3606 3356 3646 MAGDALENIE.

2426 3674 2506 3731 Ad
2532 3692 2780 3748 vesperas
2810 3677 3070 3751 hymnus.

2203 3763 2381 3820 Nardi
2413 3764 2599 3820 Maria
2629 3765 2824 3837 pistici

2133 3852 2397 3925 Sumpsit
2424 3851 2636 3909 libram
2668 3870 2801 3909 mox
2833 3854 3039 3927 optimi

2136 3941 2311 3997 Unxit
2340 3941 2538 3997 beatos
2570 3942 2803 3998 Domini

2133 4029 2311 4085 Sedes
2342 4029 2585 4101 rigando
2616 4029 2910 4104 lacrymis.

2207 4118 2421 4187 Honor,
2450 4118 2650 4187 decus,
2679 4124 2789 4175 etc.

1992 4209 2396 4264 Invitatorium.
2427 4208 2751 4275 .Eternum,
2783 4210 3124 4281 trinumque
3153 4207 3340 4265 Deum
3371 4208 3572 4266 laude-

1922 4313 2058 4352 mus
2085 4302 2145 4352 et
2175 4314 2381 4365 unum,
2407 4297 2507 4370 qui
2530 4296 2641 4354 sibi
2668 4298 2912 4353 Mariam
2942 4297 3341 4354 transvexitin
3362 4298 3577 4356 aethera

1922 4388 2145 4440 sancta.

2617 4478 2881 4549 Hymnus.

2134 4560 2419 4618 Consonis
2446 4564 2745 4621 Christum
2775 4580 3121 4622 veneremur
3152 4565 3280 4622 odis

1840 4676 1889 4742 D
2065 4649 2229 4742 lianc
2260 4651 2424 4742 diem;
2447 4652 2792 4742 celebrando
2822 4655 3061 4720 festum,

2065 4740 2227 4795 Nunc
2261 4740 2621 4811 Magdalenen
2650 4742 2845 4798 Marias

2064 4830 2168 4885 Per
2196 4828 2396 4884 orbem
2436 4831 2931 4902 congratulantes.

2134 4917 2267 4981 Quae
2299 4923 2473 4990 caput
2503 4921 2801 4990 quondam
2832 4921 3067 4979 Domini

2066 5006 2357 5075 Perunxit,
2393 5024 2459 5062 ac
2484 5007 2660 5079 pedes
2690 5007 2851 5077 lavit,

2067 5095 2358 5169 Lacrymis
2389 5095 2632 5169 rigando
2663 5097 2823 5153 crine
2853 5099 3093 5156 detersit

2053 5185 2304 5258 Capitis,
2336 5185 2698 5259 supplexque
2728 5186 2901 5242 corde
2930 5190 3237 5260 gemenda.

2134 5275 2392 5348 Indeque
2423 5273 2730 5331 confestim
2763 5274 2943 5332 totius
2975 5281 3171 5334 reatus

2062 5362 2323 5420 Contulit
2352 5363 2623 5420 Christus
2652 5362 2882 5421 veniam

2062 5452 2326 5509 Precanti
2350 5452 2573 5509 Simoni
2603 5453 2848 5526 dignum

2062 5541 2412 5614 Paradigma
2442 5543 2707 5615 pandens
2736 5557 2834 5598 ore
2864 5541 3137 5616 benigno.

2126 5630 2264 5686 Haec
2292 5628 2428 5686 tulit
2459 5631 2758 5705 myrrham
2788 5636 2987 5707 erepta
3016 5632 3125 5689 sub
3155 5630 3306 5703 luce,

2060 5719 2147 5781 Ad
2175 5720 2622 5797 perungendum
2652 5718 2970 5783 Dominum
3000 5720 3291 5804 sepulcro,
