3978 6352
378 393 495 454 963

421 593 432 602 _
523 527 704 590 Quem
736 523 1139 593 resurgentem
1173 518 1387 574 meruit

524 613 700 668 Beata
727 611 918 684 primo
947 609 1158 664 videre.
1321 675 1328 688 .

593 703 776 768 Quam
811 697 1008 772 procul
1041 702 1170 769 post
1200 697 1338 762 haec,
1373 695 1665 751 tribuente

524 789 773 858 Christo,
802 787 1096 853 credimus
1127 785 1252 840 cmli
1287 790 1621 857 penetrasse

521 879 762 936 Culmen
795 877 974 948 hujus
1004 875 1266 931 obtentu.

521 969 794 1024 Miserere
825 965 1016 1030 nobis,
1047 963 1319 1021 Conditor
1349 961 1527 1018 orbis.

592 1056 850 1114 Gloriam
882 1053 1036 1110 Patri
1068 1053 1285 1125 pariter
1313 1067 1595 1106 canamus

526 1146 781 1205 Gloriam
815 1143 988 1211 Proli,
1021 1141 1388 1212 Flaminique

524 1237 622 1292 Pio
653 1251 883 1306 semper
911 1231 1068 1288 omni

521 1327 885 1382 Resonemus
914 1337 1118 1377 omnes
1143 1323 1399 1391 tempore
1427 1317 1587 1374 secti.

450 1413 776 1486 Antiphone.
810 1412 954 1466 Cum
1003 1408 1397 1463 discubuisset
1441 1405 1502 1460 in
1549 1405 1724 1460 domo
1771 1403 2026 1459 Simonis

376 1503 664 1562 Dominus
717 1501 910 1566 Jesus,
967 1496 1172 1553 mundi
1231 1495 1434 1569 gloria,
1469 1493 1678 1549 mulier
1735 1492 2024 1564 quaedam,

377 1611 504 1667 quae
552 1595 677 1648 erat
723 1588 1031 1662 peccatrix,
1074 1584 1242 1641 nardi
1291 1583 1564 1641 odoriferi
1607 1580 1870 1638 exhibuit
1918 1597 2026 1635 un-

375 1685 611 1756 guenta.
668 1677 998 1748 Antiphone.
1057 1675 1236 1729 Secus
1294 1673 1472 1745 pedes
1539 1671 1770 1726 Domini
1828 1673 2028 1723 astans

375 1773 704 1827 incessante
735 1784 833 1822 ore
879 1769 1108 1820 sacrato
1141 1764 1269 1834 ejus
1299 1761 1545 1832 vestigia
1589 1758 1908 1825 osculatur,
1943 1757 2029 1810 la-

376 1857 592 1933 crymis
644 1855 836 1928 plena.
870 1853 1198 1924 Antiphone.
1235 1850 1518 1921 lrrigabat
1548 1848 1728 1920 igitur
1775 1845 2025 1901 domini-

377 1966 477 2005 cos
505 1948 644 2004 Jesu
679 1944 877 2021 pedes,
910 1943 1090 1997 fracto
1119 1955 1353 2012 quoque
1383 1937 1676 1993 alabastro
1719 1933 2027 2008 praecipuis

377 2037 678 2101 odoribus,
732 2033 1013 2106 ﬂagrabat
1057 2030 1270 2084 domus
1320 2025 1533 2092 omnis,
1567 2029 1742 2096 atque
1789 2022 2026 2096 capillo-

375 2143 508 2182 rum
565 2121 754 2179 ofﬁcio
809 2119 1163 2191 detergebat.
1207 2115 1536 2188 Antiphone.
1572 2113 1771 2170 Simon
1831 2115 2027 2166 autem

375 2215 528 2270 intra
559 2229 643 2279 se,
686 2211 912 2283 inquit:
941 2207 1000 2263 Si
1033 2210 1188 2262 esset
1233 2203 1534 2277 prOpheta,
1569 2202 1742 2258 sciret
1774 2201 2027 2274 profecto

379 2321 505 2376 quaa
535 2307 591 2357 et
619 2299 810 2373 qualis
841 2301 993 2353 esset
1023 2312 1151 2367 qua:
1184 2291 1372 2366 tangit
1400 2290 1710 2364 eum,quia
1742 2289 2029 2362 peccatrix

377 2397 483 2448 est.
517 2390 845 2461 Antiphona.
879 2387 949 2442 Et
979 2399 1294 2439 conversus
1326 2380 1606 2436 Dominus
1649 2379 1830 2435 dixit:
1866 2377 2026 2433 Post-

379 2498 556 2554 quam
588 2477 715 2534 veni
749 2477 808 2532 in
829 2477 1070 2530 domum
1104 2476 1288 2535 tuam,
1313 2487 1426 2525 non
1451 2468 1699 2525 cessavit
1720 2467 1879 2522 crine
1899 2467 2027 2522 fuso

381 2571 497 2626 haec
551 2583 712 2623 meos
769 2561 1020 2620 osculari
1093 2559 1291 2633 pedes.
1349 2558 1681 2630 Antiphona.
1739 2555 2026 2620 Quoniam

379 2657 632 2716 multum
665 2636 971 2718 dilexeras,
993 2647 1135 2705 scito
1167 2649 1414 2704 dimissa
1441 2647 1546 2702 tibi
1593 2643 1948 2718 peccamina,
1971 2647 2029 2698 et

379 2748 513 2813 fide,
549 2759 665 2816 qua
707 2740 912 2814 polles,
945 2755 1110 2794 sacra
1137 2737 1197 2792 in
1228 2753 1369 2810 pace
1398 2736 1653 2792 remitto.
1688 2737 1746 2803 Et.
1783 2735 2031 2789 Laztetur

378 2850 551 2890 omne
573 2829 852 2887 saeculum
879 2829 937 2882 in
969 2825 1338 2883 solemnitate
1359 2829 1571 2881 sancta:
1604 2824 1817 2880 Mariae.
1843 2825 2026 2888 Quam

377 2925 550 2979 Jesus
575 2926 788 2974 aeterno
808 2932 1003 2974 amore
1024 2914 1226 2970 dilexit
1251 2913 1591 2987 plurimum.
1617 2914 1670 2982 ᾖ.
1696 2912 1824 2966 Ηωο
1849 2909 2031 2966 Maria

380 3011 491 3068 fuit
521 3008 643 3074 illa,
663 3005 909 3062 Domino
938 3003 1434 3077 gratissima,quaa
1457 3005 1754 3076 unguento
1777 2999 2028 3074 pretioso

380 3103 557 3172 pedes
582 3095 746 3152 unxit
776 3094 955 3150 illius.
975 3095 1178 3160 Quam.
1206 3094 1264 3162 Ii.
1288 3091 1578 3164 Optimam
1609 3095 1832 3163 partem
1856 3088 2030 3161 elegit

383 3187 494 3244 sibi
527 3185 727 3242 Maria.
751 3186 885 3251 Quae
934 3200 1046 3238 non
1096 3183 1390 3238 auferetur
1418 3181 1492 3236 ab
1522 3197 1588 3236 ea
1635 3180 1691 3234 in
1723 3183 2024 3234 wte’rnum.

1564 381 1756 446 SIEC.
1802 383 1881 446 XI
1926 379 2235 444 MONUM.
2284 379 2601 443 LlTURG.

2050 525 2105 590 Α
2135 532 2260 587 quae
2315 514 2544 586 piarum
2602 513 2778 568 undis
2824 513 3228 585 lacrymarum‘
3269 509 3488 570 tersisti
3543 513 3806 566 tuorum

3577 325 3586 332 ’
3669 374 3812 438 964

2138 602 2399 658 maculas
2429 601 2766 658 criminum.
2788 600 3036 657 Assidue
3065 605 3120 656 te
3143 615 3381 657 exorare
3407 597 3808 673 deposcimus

2138 709 2242 764 pro
2271 691 2489 748 nostris
2517 691 2872 747 excessibus.
2899 692 2949 757 Ῡ.
2975 690 3236 746 Summis
3259 687 3542 746 ccelorum
3560 685 3808 746 civibus

2136 779 2476 852 glomerata,
2501 781 2747 852 jamque
2803 784 3019 835 aeterna
3068 777 3508 834 immortalitate
3556 775 3804 834 induta.

2135 869 2404 925 Assidue.
2465 871 2522 937 ιῖ.
2567 869 2739 924 Venit
2791 869 2974 924 Maria
3029 866 3370 940 Magdalene
3426 865 3808 922 annuntians

2137 957 2444 1030 discipulis
2485 975 2498 1013 :
2548 957 2694 1023 Quia
2749 957 2866 1013 vidi
2923 957 3260 1013 Dominum.
3291 955 3473 1028 Cujus
3529 953 3808 1028 petimus

2137 1056 2410 1128 precibus
2459 1056 2718 1128 adjuvari
2759 1055 2914 1128 apud
2946 1060 3022 1122 te,
3056 1055 3408 1126 Redemptor
3450 1052 3801 1110 clementis-

2138 1146 2305 1201 sime.
2341 1147 2392 1213 ᾖ.
2424 1145 2570 1209 Quia
2597 1161 2734 1217 ergo
2782 1144 2839 1199 in
2889 1144 3161 1217 paradiso
3199 1142 3412 1199 mulier
3455 1141 3802 1216 propinavit

2134 1233 2257 1289 viro
2289 1239 2560 1299 mortem,
2592 1251 2625 1288 a
2655 1233 2922 1306 sepulcro
2955 1232 3166 1288 mulier
3192 1231 3334 1286 viris
3363 1230 3680 1288 annuntiat
3708 1230 3798 1284 vi-

2135 1327 2278 1378 tam.
2313 1322 2512 1394 Cujus.
2547 1323 2606 1390 ιῖ.
2641 1322 2760 1378 Rex
2788 1322 3076 1378 immense
3117 1320 3293 1387 Deus,
3324 1324 3618 1376 terrarum
3647 1335 3799 1376 con-

2135 1411 2291 1466 ditor
2319 1409 2496 1477 orbis,
2531 1409 2727 1482 accipe
2753 1411 3058 1482 praesentis
3088 1407 3228 1465 cleri
3258 1409 3354 1480 pia
3381 1412 3513 1465 vota
3542 1424 3796 1482 precan-

2134 1501 2232 1556 tis.
2258 1501 2310 1566 ἢν.
2337 1499 2409 1555 Ut
2434 1499 2622 1555 valeat
2644 1516 2875 1572 semper
2903 1499 3107 1554 laudes
3129 1498 3234 1554 tibi
3258 1513 3524 1570 promere
3551 1497 3797 1571 dignas.

2133 1589 2362 1660 Accipe.
3457 1648 3462 1653 .

2206 1677 2522 1748 Antiphone
2549 1677 2620 1733 ad
2649 1680 2881 1734 cantica.
2907 1678 2950 1732 Ο
2983 1677 3183 1732 mundi
3217 1677 3443 1749 lampas
3473 1679 3532 1732 et
3557 1691 3803 1747 marga-

2137 1764 2247 1820 rita
2277 1765 2636 1838 praafulgida,
2668 1783 2795 1837 quae
2844 1765 3328 1821 resurrectionem
3371 1763 3583 1820 Christi
3633 1781 3799 1819 nun-

2133 1853 2332 1909 tiando
2363 1854 2757 1926 apostolorum
2800 1855 3062 1926 apostola
3107 1855 3229 1908 ﬁeri
3281 1852 3569 1918 meruisti,
3601 1852 3798 1908 Maria

2139 1941 2498 2015 Magdalena,
2524 1929 2906 2016 semper'esto
2939 1943 3034 2014 pia
3064 1942 3350 1998 exoratrix
3379 1957 3484 2014 pro
3513 1940 3686 1996 nobis
3717 1940 3794 1996 ad

2136 2031 2340 2098 Deum,
2365 2031 2464 2103 qui
2506 2037 2560 2086 te
2599 2031 2791 2104 elegit.
2817 2033 2874 2088 εἳ.
2907 2033 3180 2104 Flagrans
3208 2031 3412 2086 Jesum
3442 2029 3797 2086 muneribus

2135 2119 2362 2175 intimis
2394 2121 2578 2175 Maria
2607 2120 2943 2192 praecordiis
2973 2121 3213 2175 alfatum
3255 2119 3529 2191 perunxit
3559 2123 3798 2176 sacrata

2137 2213 2436 2281 unguento
2467 2209 2730 2281 vestigia.
2757 2209 2919 2265 Unde
2946 2207 3160 2265 meruit
3178 2225 3421 2265 suorum
3444 2207 3794 2264 delictorum

2135 2297 2385 2353 veniam.
2418 2299 2468 2366 ᾖ.
2494 2297 2898 2354 Peccaminum
2923 2303 3256 2354 nostrorum
3275 2297 3477 2354 sordes
3499 2295 3795 2370 piissimis

2137 2386 2323 2442 diluat
2351 2387 2877 2444 interventionibus
2922 2387 3118 2442 divino
3149 2385 3326 2442 fonte.
3358 2385 3542 2442 Unde.
3575 2387 3636 2454 ἢ.
3670 2386 3797 2442 Ma-

2137 2475 2225 2530 ria
2251 2480 2416 2531 stans
2448 2476 2518 2531 ad
2553 2481 2997 2531 monumentum
3021 2475 3264 2548 plorans
3283 2473 3430 2530 vidit
3446 2475 3594 2530 duos
3613 2489 3799 2546 ange-

2136 2563 2225 2620 los
2256 2565 2313 2620 in
2363 2564 2512 2620 albis
2561 2565 2850 2620 sedentes.
2884 2564 2990 2620 Ubi
3038 2566 3295 2636 positum
3340 2563 3532 2619 fuerat
3575 2579 3796 2635 corpus

2135 2655 2297 2710 Jesu.
2332 2655 2383 2724 ὲ.
2407 2653 2552 2709 Cum
2588 2670 2724 2726 ergo
2767 2653 2948 2720 fleret,
2975 2651 3274 2708 inclinavit
3303 2657 3464 2720 se,et
3492 2651 3795 2724 prospexit

2138 2742 2195 2797 in
2257 2747 2655 2798 monumento.
2707 2741 2834 2796 Ubi.
2889 2743 2948 2810 ιὲ.
2999 2739 3312 2813 Discipulis
3367 2739 3605 2808 Christi,
3659 2756 3792 2812 quae

2136 2831 2352 2904 gaudia
2382 2829 2538 2886 celsa
2562 2829 2772 2899 tulisti,
2796 2846 2930 2885 cum
2963 2829 3213 2884 nimium
3233 2828 3432 2886 tristes
3457 2829 3696 2885 fuerunt
3716 2828 3794 2884 de

2139 2924 2323 2974 morte
2350 2919 2632 2992 Magistri.
2658 2919 2940 2974 Laetitiam
2962 2918 3130 2974 nobis
3152 2919 3279 2973 vitae
3301 2917 3553 2974 ccelestis
3575 2917 3791 2988 adjun-

2135 3025 2225 3081 ge.
2261 3009 2312 3076 i.
2350 3007 2421 3062 Ut
2469 3006 2579 3062 sibi
2610 3008 2959 3072 conformes,
2983 3007 3154 3079 cujus
3183 3007 3398 3079 pietate
3445 3010 3654 3064 sanata
3698 3021 3786 3075 es,

2137 3103 2290 3152 sorte
2321 3097 2623 3152 beatorum
2651 3096 2774 3151 fieri
2797 3113 3124 3152 mereamur
3154 3097 3212 3150 in
3243 3113 3448 3152 unum.
3471 3094 3782 3152 Laetitiam.

2141 3188 2198 3257 ιῆ.
2223 3187 2268 3242 Ο
2299 3185 2514 3242 mirum
2539 3191 2596 3242 et
2623 3202 2902 3258 magnum
2934 3184 3304 3256 miraculum,
3327 3185 3468 3258 quia
3495 3185 3790 3258 peccatrix

383 3278 434 3355 ῖς
471 3274 730 3348 Diligens
752 3273 1059 3328 Dominum
1093 3288 1160 3326 ex
1200 3271 1370 3326 corde
1401 3269 1823 3342 perfectissimo
1855 3265 2022 3322 ccrlo-
2055 3259 2098 3324 C
2139 3275 2350 3330 femina
2373 3274 2621 3330 audebat
2641 3274 3094 3347 Redemptorum
3114 3273 3794 3347 munditangere,lacry-

383 3383 514 3422 rum
539 3363 795 3422 obtinuit
823 3362 1188 3436 dignitatem.
1219 3361 1374 3425 Quae.
1402 3361 1460 3430 εξ.
1487 3359 1813 3424 Potissima,
1849 3357 2026 3412 inter-

381 3456 518 3512 eede
576 3471 611 3510 a
662 3451 929 3520 Domino,
975 3450 1184 3507 collata
1237 3449 1502 3526 gaudens
1555 3453 1820 3521 potenter
1875 3445 2026 3519 polo.

381 3544 590 3601 Obtine
621 3547 687 3599 ut
716 3558 822 3598 nos
845 3539 1176 3614 perenniter
1195 3538 1406 3593 divinis
1437 3543 1630 3593 tecum
1651 3534 1884 3610 gaudiis
1907 3551 2030 3607 per-

381 3634 664 3689 fruamur.
699 3633 752 3701 i.
786 3630 933 3695 Quia
989 3635 1090 3684 tua
1143 3627 1503 3701 reposcimus
1561 3625 1769 3681 merita
1825 3623 2050 3680 deletis.

379 3721 756 3778 facinoribus.
791 3719 1019 3775 Obtine.
1048 3720 1106 3786 ιῖ.
1132 3717 1274 3782 Quis
1314 3714 1658 3788 Magdalena
1699 3713 2034 3771 sceleratior

378 3826 507 3866 esse
539 3808 742 3875 Maria,
776 3824 904 3879 qua:
936 3807 1038 3861 ivit
1068 3806 1138 3860 ad
1171 3821 1343 3860 omne
1369 3802 1611 3860 malum.
1632 3805 1766 3869 Quae
1797 3803 2034 3858 nomine

379 3899 553 3972 plena
584 3902 780 3952 reatus
825 3895 1116 3966 peccatrix
1144 3893 1414 3959 vocitata,
1439 3892 1548 3948 fuit
1577 3893 1748 3964 quasi
1798 3891 2036 3946 nomine

379 3986 583 4058 culpaa.
615 3985 667 4053 Ῡ.
698 3983 848 4038 Dum
879 3987 1076 4037 tamen
1109 3981 1237 4052 ipsa
1267 3981 1451 4036 Deum
1481 3979 1756 4051 lacrymis
1785 3995 2039 4046 commo.

375 4074 460 4132 vit
489 4073 710 4129 obortis
741 4071 935 4126 cordis
966 4070 1038 4124 ab
1063 4069 1294 4138 affectu,
1319 4067 1533 4124 meruit
1563 4067 1898 4140 peccamine
1926 4067 2038 4124 sol-

377 4164 454 4220 vi.
487 4165 620 4229 Quae
665 4159 924 4216 nomine.
957 4158 1289 4230 Antiphone.
1324 4157 1636 4229 Satagebat
1677 4155 1858 4229 igitur
1885 4157 2036 4212 Mar-

377 4251 500 4321 tha,
523 4266 688 4307 soror
708 4249 901 4304 Mariae
934 4246 1312 4319 Magdalenae,
1343 4247 1495 4302 circa
1526 4245 1876 4316 ministeria,
1909 4263 2038 4319 quae

379 4340 589 4396 sedens
607 4354 778 4393 secus
801 4337 977 4409 pedes
999 4336 1230 4391 Domini
1254 4334 1530 4391 audiebat
1549 4334 1722 4390 verba
1747 4335 1865 4392 oris
1886 4337 2036 4408 ejus.

379 4428 706 4500 Antiphone.
735 4426 858 4481 Non
892 4429 1000 4495 est,
1037 4423 1266 4480 Martha
1297 4423 1510 4496 inquit,
1543 4423 1648 4480 tibi
1678 4442 1849 4495 curae,
1879 4425 2038 4498 quod

379 4533 543 4574 soror
572 4531 703 4571 mea
731 4513 968 4587 reliquit
1006 4531 1098 4570 me
1139 4513 1326 4570 solam
1359 4513 1690 4570 ministrare
1714 4533 1727 4583 ;
1751 4515 1897 4586 jube
1931 4514 2014 4570 illi

378 4610 444 4662 ut
474 4621 567 4661 me
600 4575 1218 4676 adjuvet..Anliphona.
1254 4603 1320 4658 Et
1351 4575 1724 4674 respondens,
1744 4575 1892 4660 dixit
1921 4575 2039 4661 sta:
2075 4625 2121 4690 D

375 4695 483 4752 tim
513 4694 598 4751 illi
628 4695 913 4750 Dominus
939 4710 951 4748 :
983 4693 1173 4749 Unum
1206 4696 1398 4749 exstat
1428 4698 1582 4749 certe
1614 4693 2017 4750 necessarium

378 4786 508 4841 Haec
529 4785 810 4858 optimam
837 4782 951 4840 sibi
974 4788 1196 4855 partem
1223 4781 1558 4854 elegit,qua3
1583 4800 1696 4838 non
1722 4765 2038 4854 auferetur:

378 4873 988 4945 Antiphona.Cumque
1034 4871 1360 4928 Pharisaaus
1391 4871 1707 4926 Dominum
1752 4872 2038 4942 prandere

379 4965 663 5033 rogasset,
679 4961 974 5032 corporeis
997 4961 1212 5016 fruitur
1231 4961 1482 5032 dapibus
1504 4960 1650 5015 dans
1674 4960 2033 5032 spirituales.

381 5048 709 5120 Antiphone.
745 5050 885 5104 Ecce
933 5066 1098 5104 soror
1143 5049 1344 5104 Lazari
1398 5049 1493 5120 pia
1541 5066 1717 5116 nunc,
1751 5051 1849 5103 sed
1899 5055 2036 5106 tunc

383 5136 665 5194 scelerata
694 5137 888 5192 attulit
909 5142 1275 5209 unguentum
1300 5136 1536 5209 pretiosi
1565 5137 1797 5208 pondus
1818 5138 2032 5195 odoris.

381 5226 711 5298 Antiphone.
765 5225 1018 5282 Maxima
1068 5243 1202 5298 spes
1252 5226 1433 5282 veniae
1489 5225 1706 5298 populo
1763 5242 2038 5284 succurre

385 5313 632 5388 roganti,
666 5318 729 5368 ut
758 5312 1043 5370 scelerum
1077 5315 1306 5371 veniam
1352 5319 1690 5371 mereantur
1718 5331 1822 5387 per
1848 5319 1906 5371 te
1933 5315 2035 5372 ha—

382 5405 538 5461 bere.
576 5404 633 5473 Ii}.
670 5402 714 5458 Ο
746 5402 880 5459 felix
909 5420 1210 5460 sacrorum
1246 5403 1522 5475 lacrymis
1552 5402 1761 5475 rigatio
1795 5405 2032 5476 pedum,

383 5510 486 5567 per
506 5510 685 5566 quam
713 5494 1038 5566 promeruit
1058 5494 1237 5550 Maria
1259 5494 1393 5561 dici,
1417 5498 1476 5549 et
1501 5509 1629 5548 esse
1649 5493 1777 5564 ejus
1801 5492 2029 5550 dilecta.

384 5583 454 5639 Et
485 5599 600 5657 quo
633 5587 956 5656 pascuntur
984 5583 1194 5640 aethere
1239 5583 1446 5641 sancti.
1473 5582 1524 5650 ii.
1556 5581 1830 5655 Angelico
1862 5581 2040 5654 pollet

384 5672 589 5735 decore
618 5671 740 5753 hac
771 5676 828 5734 et
856 5671 915 5732 hi
949 5689 1052 5752 per
1079 5673 1398 5734 Christum.
1421 5671 1513 5734 Et.
1538 5671 1802 5765 ﬁrmata
1829 5671 2037 5750 Maria,

2136 3363 2350 3419 mando
2382 3368 2438 3418 et
2467 3361 2696 3434 capillis
2740 3363 3040 3434 tergendo,
3073 3362 3322 3418 crimina
3351 3379 3460 3418 sua
3490 3361 3790 3418 abluebat.

2139 3452 2270 3508 Ideo
2297 3451 2544 3508 dimissa
2568 3456 2708 3506 sunt
2737 3451 2789 3506 ei
2832 3455 3070 3524 peccata
3099 3450 3306 3520 multa,
3331 3449 3791 3523 quoniam-dile-

2138 3541 2222 3596 xit
2252 3540 2526 3596 multum.
2559 3542 2612 3610 ᾖ.
2644 3540 2804 3596 Vidit
2842 3540 3028 3596 Maria
3067 3539 3404 3608 Dominum,
3437 3545 3496 3596 et
3523 3539 3790 3610 credidit,

2139 3633 2196 3685 et
2224 3645 2360 3684 cum
2391 3629 2606 3701 gaudio
2631 3629 2887 3700 suscepit
2912 3627 3078 3684 illum
3103 3629 3366 3702 gaudens
3387 3631 3444 3684 et
3463 3628 3631 3696 ﬂens,
3652 3628 3796 3700 quia

2140 3719 2410 3792 cognovit
2431 3735 2491 3773 se
2513 3717 2916 3790 peccatricem.
2940 3717 3092 3774 ldeo.
3113 3719 3174 3773 In
3197 3717 3454 3774 laudibus
3472 3716 3790 3790 antiphona.

2143 3808 2206 3864 In
2239 3807 2448 3865 diebus
2478 3806 2596 3863 illis
2629 3825 2642 3863 :
2677 3805 2904 3876 Mulier,
2933 3823 3060 3879 quae
3087 3811 3212 3862 erat
3242 3807 3302 3861 in
3333 3805 3563 3863 civitate
3591 3822 3791 3880 pecca-

2142 3896 2275 3967 trix,
2313 3903 2376 3952 ut
2412 3895 2684 3969 cognovit
2712 3895 2867 3967 quod
2895 3895 3066 3952 Jesus
3097 3895 3470 3951 accubuisset
3513 3894 3574 3950 in
3617 3894 3790 3950 domo

2144 3985 2400 4044 Simonis
2430 3984 2672 4058 leprosi,
2702 3983 2896 4039 attulit
2938 3983 3298 4040 alabastrum
3339 3983 3644 4057 unguenti.
3673 3985 3796 4039 Haec

2143 4079 2327 4131 autem
2353 4074 2654 4146 antiphona
2683 4081 2896 4129 tantum
2925 4073 3125 4144 legitur
3150 4073 3221 4129 ad
3251 4073 3459 4130 laudes.

2837 4163 3102 4234 Hymnus.

2500 4250 2785 4308 Fidelium
2817 4251 3047 4307 devotio
3077 4252 3384 4324 depromat

2434 4343 2725 4414 Hymnum
2755 4341 3024 4412 Domino,
3058 4341 3158 4414 qui

2432 4430 2622 4486 Mariae
2655 4429 3007 4503 Magdalenen

2431 4519 2638 4575 Sedem
2671 4519 2827 4575 dedit
2856 4519 2918 4575 in
2948 4520 3179 4576 aethere.

2507 4609 2570 4663 In
2603 4625 2720 4680 qua
2748 4609 2888 4680 quid
2920 4615 3076 4666 esset
3105 4609 3308 4682 pietas,

2437 4698 2576 4769 Ejus
2606 4698 2863 4754 ostendit
2891 4698 3142 4766 bonitas,

2436 4786 2584 4853 Quid
2616 4787 2791 4842 donet
2820 4787 3162 4858 pmnitcntia

2435 4874 2708 4933 Patefecit
2735 4874 3062 4932 clementia.

2498 4965 2632 5029 Quae
2663 4965 2828 5038 prius
2855 4965 3013 5020 enim
3045 4965 3264 5023 scelera

2429 5053 2734 5108 Commisit
2767 5053 3096 5123 innumera,

2431 5147 2683 5215 Accepta
2712 5158 2854 5213 pace
2883 5143 3059 5198 veniae

2433 5231 2633 5304 Regno
2665 5231 2888 5303 potitur
2915 5229 3132 5304 gloriae.

2503 5319 2686 5375 Maria
2713 5319 2886 5376 tersis
2911 5319 3175 5378 crinibus

2428 5409 2826 5474 Procumbens
2855 5408 3071 5466 Christi
3102 5411 3354 5482 pedibus

2429 5498 2582 5554 Dum
2615 5497 2764 5570 rigat
2792 5513 2926 5552 cum
2957 5496 3254 5572 lacrymis,

2431 5587 2503 5644 Se
2534 5585 2688 5641 lavat
2718 5585 2889 5641 sorde
2919 5587 3205 5644 criminis.

2502 5674 2647 5749 Hinc
2677 5679 2990 5736 consecuta
3019 5676 3342 5756 plurimum
