3978 6450
158 427 281 488 965

515 555 746 615 Amoris
774 572 909 630 erga
938 557 1274 625 Dominum,

521 646 585 703 In
617 646 895 702 caelorum
926 645 1143 719 palatio

524 735 766 792 Perenni
797 735 1013 808 gaudet
1040 734 1301 807 praamio.

594 824 892 897 Rogamus
923 840 1082 896 ergo,
1108 823 1374 891 Domina,

523 912 734 969 Nostra
764 909 956 968 deleto
987 910 1257 979 crimina,

520 1002 780 1073 Tuisque
803 1001 1023 1056 sanctis
1052 1000 1325 1073 precibus

524 1091 640 1146 Nos
663 1090 847 1163 junge
877 1089 1001 1145 cmli
1035 1089 1278 1146 civibus.

594 1179 772 1245 Patri,
798 1178 943 1235 Nato
973 1195 1107 1234 cum
1141 1176 1400 1234 Flamine

529 1267 615 1325 Sit
642 1267 773 1324 laus
802 1272 1014 1324 aeterno
1044 1271 1305 1339 tempore
1328 1286 1340 1336 ;

527 1357 635 1422 Qui
666 1359 757 1412 est
786 1372 1021 1413 summa
1050 1356 1244 1412 Deitas

527 1446 589 1502 In
623 1445 854 1501 Unitate
881 1444 1159 1501 Trinitas.
1192 1446 1396 1501 Amen.

242 1534 322 1591 Ad
350 1534 699 1591 Benedictus
727 1533 1049 1605 antiphona.
1085 1534 1297 1589 Sancta
1328 1532 1528 1600 Maria,
1563 1532 1659 1604 pio
1689 1549 1825 1588 con-

161 1627 375 1696 juncta
402 1624 564 1687 Jesu,
595 1622 910 1679 osculando
942 1623 1117 1695 pedes
1149 1622 1337 1694 ipsius
1361 1626 1417 1677 et
1446 1623 1538 1693 pie
1559 1621 1823 1694 rigando,

169 1721 331 1786 terge
361 1711 606 1769 crimina
626 1718 988 1780 nostra,eum
1016 1711 1240 1783 jugitcr
1270 1711 1487 1766 orando
1511 1728 1612 1782 pro
1637 1711 1824 1766 nobis.

325 1838 382 1877 IN
423 1837 621 1876 NATALI
664 1835 860 1875 SANCTI
902 1836 1279 1874 APPOLINARIS
1320 1835 1573 1873 EPISCOPI
1612 1835 1679 1872 ET

840 1907 1148 1946 MARTYRIS.
1246 1910 1251 1917 '

245 1981 327 2037 Ad
354 1981 688 2054 Magniﬁcat
715 1980 1037 2052 antiphonu.
1082 1983 1287 2051 Surge,
1319 1979 1517 2050 accipe
1546 1977 1827 2051 Spiritum

173 2068 773 2141 sanctum,simulque
804 2069 1294 2141 pontiﬁcatum,et
1310 2083 1483 2139 perge
1506 2068 1576 2122 ad
1600 2068 1825 2134 urbem,

173 2176 304 2233 quae
345 2163 586 2215 vocatur
641 2158 932 2213 Ravenna.
994 2156 1440 2212 Commemoratz'o
1498 2155 1830 2225 Magdelcnai'

179 2248 500 2320 antiphona.
516 2246 561 2303 Ο
575 2248 907 2303 veneranda
928 2245 1023 2302 Dei
1046 2244 1601 2317 sedcs,spesinclyta
1623 2244 1827 2300 nostri.

175 2337 220 2394 Ο
240 2335 420 2392 validi
461 2336 686 2391 fructus
709 2334 1088 2390 celeberrima
1116 2334 1286 2388 vinea
1309 2333 1833 2397 Christi,drachma

175 2428 427 2498 reperta,
454 2425 556 2481 sed
610 2424 733 2480 ovis
761 2424 833 2479 de
865 2428 1050 2478 morte
1094 2424 1350 2479 reducta.
1385 2420 1564 2477 Valde
1594 2438 1831 2493 precare

174 2519 361 2572 Deum
392 2530 495 2587 pro
527 2513 719 2569 nobis.
750 2511 915 2568 valde
945 2528 1270 2584 precamur.
1305 2511 1635 2582 Antiphone.
1671 2510 1831 2567 Dice-

176 2605 281 2659 bat
309 2603 520 2659 beatus
542 2605 750 2657 Petrus
779 2599 1082 2672 apostolus
1123 2598 1381 2655 Judaeis:
1415 2599 1561 2654 Nam
1618 2604 1675 2654 et
1727 2614 1832 2670 ego

179 2692 461 2748 Hebrmus
490 2707 645 2757 sum,
678 2690 779 2745 sed
812 2693 1050 2761 propter
1081 2687 1428 2743 charitatem
1461 2688 1710 2743 fratrum
1739 2688 1836 2742 ad-

176 2777 993 2851 veni.Antz’phona.Multitudo
1024 2782 1218 2832 autem
1250 2776 1641 2832 Hasbraeorum
1658 2792 1831 2848 agen-

177 2874 270 2926 tes
298 2866 699 2941 paenitentiam
758 2865 1223 2935 baptizabantur,
1285 2864 1583 2920 credentes
1628 2865 1833 2920 Jesum

180 2956 480 3014 Christum
506 2972 639 3012 vere
667 2970 796 3012 esse
829 2954 1038 3010 Filium
1070 2954 1187 3009 Dei.
1239 2954 1563 3025 Antiphona.
1622 2953 1834 3009 Beatus

182 3047 391 3103 Petrus
421 3043 721 3118 apostolus
753 3043 1204 3100 administrandi
1231 3042 1343 3097 sibi
1398 3043 1624 3098 aiebat:
1685 3042 1832 3106 Quid

182 3134 353 3192 sedes
382 3133 738 3190 nobiscum?
790 3132 936 3188 Ecce
994 3131 1259 3187 eruditus
1316 3146 1378 3186 es
1409 3131 1480 3186 de
1534 3131 1832 3199 omnibus,

182 3238 312 3295 qua:
341 3220 474 3277 fecit
500 3221 695 3277 Jesus.
726 3220 1055 3293 Antiphona.
1080 3219 1172 3274 Ait
1202 3220 1407 3275 beatus
1430 3220 1634 3276 Petrus
1665 3220 1835 3293 Apol-

965 423 1345 488 EXCERPT.
1391 426 1495 487 sx
1537 426 1764 489 conn.
1812 408 2763 489 L1'I‘URGIFUNEAVELLAN.

1844 561 1898 624 A

1858 1926 1907 1991 Β

3446 425 3565 488 966

1926 563 2046 613 stro
2072 574 2222 625 meo,
2258 573 2496 629 operare
2528 561 2585 612 et
2613 573 2844 612 mecum
2876 559 2939 611 ut
2971 554 3316 612 clariﬁcetur
3353 574 3564 617 nomen

1928 650 2118 701 tuum.
2178 647 2510 717 Antiphona.
2570 646 2878 718 Ingressus
2936 646 3142 701 beatus
3216 644 3569 717 Apollinaris

1928 735 2171 791 domum
2204 734 2422 791 tribuni
2454 733 2637 790 dixit:
2672 734 3017 807 Requiescat
3049 735 3107 789 in
3140 733 3303 790 vobis
3333 751 3447 806 pax
3468 735 3574 790 Do-

1931 822 2097 890 mini,
2128 826 2185 878 et
2213 823 2313 879 Dei
2349 822 2531 879 nostri
2554 823 2696 880 Jesu
2745 822 2978 878 Christi.
3016 823 3326 895 Antiphona
3356 823 3570 894 Requi-

1931 916 2089 967 escat
2105 910 2168 966 in
2216 912 2378 967 vobis
2417 929 2529 984 pax
2558 911 2789 967 Domini
2815 913 2997 968 nostri
3028 912 3166 968 Jesu
3198 911 3434 982 Christi,
3469 929 3574 985 per

1934 1016 2110 1071 quam
2159 999 2455 1055 inﬁrmam
2486 1000 2706 1056 tribuni
2761 1001 3069 1074 conjugem
3109 1001 3316 1057 beatus
3346 1000 3575 1057 sanavit

1930 1088 2302 1160 Apollinaris.
2362 1088 2689 1161 Antiphona.
2718 1088 2916 1144 Virtus
2963 1088 3077 1144 alia
3109 1106 3223 1144 non
3254 1093 3363 1157 est,
3395 1105 3573 1161 quam

1932 1176 2163 1233 Domini
2194 1177 2379 1233 nostri
2403 1179 2541 1234 Jesu
2573 1177 2805 1245 Christi,
2831 1196 2933 1251 per
2963 1194 3137 1250 quem
3168 1178 3374 1234 beatus
3401 1177 3574 1250 Apol-

1934 1264 2138 1321 linaris
2163 1267 2339 1322 Tauri
2363 1266 2553 1323 ﬁlium
2576 1284 2788 1324 caecum
2814 1266 3186 1324 illuminavit.
3226 1267 3571 1339 Antiphonti.

1934 1354 2275 1410 Nuntiatum
2290 1359 2377 1411 est
2399 1355 2507 1412 hoc
2524 1356 2733 1412 Caesari
2755 1373 2789 1413 a
2809 1357 3052 1429 paganis
3066 1356 3223 1429 quod
3247 1356 3489 1429 quidam
3504 1356 3577 1410 ab

1935 1443 2244 1499 Antiochia
2275 1444 2699 1502 introduxisset
2730 1462 2943 1501 nomen
2971 1446 3113 1502 Jesu
3139 1445 3200 1501 in
3228 1445 3436 1501 urbem
3464 1445 3574 1501 Ra-

1933 1537 2269 1600 vennam,et
2298 1533 2610 1591 multitudo
2642 1551 2857 1608 magna
2877 1534 3139 1591 obediret
3156 1532 3264 1604 illi,
3283 1538 3342 1591 et
3364 1534 3575 1591 domus

1938 1620 2069 1676 Rufi
2104 1622 2354 1694 patricii.
2388 1623 2449 1692 ἰῇ.
2484 1623 2579 1679 Ait
2610 1624 2680 1680 ad
2711 1640 2846 1679 eum
2875 1623 3190 1681 tribunus:
3224 1623 3377 1680 Bene
3405 1624 3576 1679 adve-

1938 1710 2097 1776 nisti,
2131 1711 2372 1766 medice.
2433 1713 2534 1767 Cui
2590 1713 2801 1768 beatus
2842 1712 3196 1784 Apollinaris
3227 1711 3528 1785 respondit
3561 1728 3574 1768 :

1938 1799 2282 1871 Requiescat
2316 1801 2376 1855 in
2394 1801 2557 1856 vobis
2578 1818 2688 1873 pax
2722 1800 2947 1856 Domini
2966 1802 3150 1857 nostri
3179 1801 3319 1857 Jesu
3339 1800 3575 1857 Christi.

1938 1890 1992 1958 Ῡ.
2026 1887 2288 1961 Cumque
2317 1888 2619 1962 ingressus
2651 1890 2857 1946 fuisset
2887 1891 3132 1945 domum
3175 1889 3419 1957 tribuni,
3451 1890 3579 1946 ofﬁ-

1938 1977 2265 2034 ciosissime
2296 1982 2605 2051 susceptus
2635 1983 2746 2047 est,
2778 1984 2835 2034 et
2863 1978 3010 2034 dixit
3048 1994 3062 2034 :
3116 1978 3484 2051 Requiescat.
3517 1980 3577 2049 ἢ.

1937 2066 2130 2139 Aperi,
2148 2066 2700 2134 Domine,continuo
2723 2084 2787 2123 os
2809 2067 2956 2123 muti
2980 2071 3045 2123 ut
3066 2072 3236 2123 tuum
3257 2067 3583 2124 conﬁtean-

1939 2160 2035 2210 tur
2055 2172 2289 2212 nomen.
2313 2156 2501 2222 Quies
2523 2155 2718 2213 vivens
2733 2157 2790 2211 in
2815 2157 3048 2214 saecula.
3068 2159 3121 2227 in
3143 2156 3301 2214 Illico
3323 2157 3582 2215 solutum

1939 2249 2029 2300 est
2046 2242 2343 2301 vinculum
2365 2244 2578 2318 linguae
2610 2246 2759 2315 eius,
2793 2249 2849 2301 et
2880 2246 3190 2302 clamabat.
3223 2247 3350 2311 Qui.
3386 2249 3444 2317 1i).
3479 2248 3586 2304 Do-

1941 2334 2098 2388 mine
2125 2333 2266 2388 Jesu
2296 2331 2544 2403 Christe,
2586 2333 2740 2388 Deus
2791 2351 2980 2404 meus,
3003 2334 3105 2406 qui
3136 2336 3418 2408 magistro
3450 2351 3579 2392 meo

1941 2437 2081 2493 apos
2091 2420 2315 2476 tolotuo
2336 2424 2505 2477 Petro
2518 2420 2730 2477 dedisti
2755 2418 2948 2476 locum
2966 2421 3320 2493 impetrandi
3336 2424 3491 2494 apud
3506 2429 3580 2491 te,

1941 2526 2066 2579 qua:
2098 2508 2410 2564 desiderat.
2440 2509 2527 2563 Tu
2559 2508 2778 2563 suscita
2826 2508 2976 2564 hanc
3012 2508 3290 2580 puellam,
3325 2528 3453 2582 qua:
3484 2516 3585 2567 tua

1940 2601 2030 2652 est
2059 2601 2343 2663 creatura,
2375 2601 2433 2652 et
2462 2613 2578 2652 non
2637 2601 2726 2652 est
2761 2595 2913 2653 alius
2966 2597 3121 2653 Deus
3171 2602 3378 2670 praeter
3416 2603 3492 2654 te.
3528 2601 3581 2670 ἲ.

1942 2686 2106 2740 Tunc
2128 2684 2573 2757 apprehendens
2617 2702 2859 2740 manum
2885 2684 3155 2742 mulieris
3185 2686 3302 2743 ait:
3334 2687 3583 2745 Domine

1942 2775 2095 2829 Deus
2117 2790 2302 2829 meus.
2337 2774 2447 2830 Tu.
2474 2776 2533 2842 ut.
2557 2774 2688 2830 Jam
2719 2789 2813 2829 me
2840 2775 3120 2847 perducto
3150 2775 3211 2830 in
3244 2775 3583 2849 capitolium

1941 2863 2140 2917 vicarii
2171 2880 2414 2920 securus
2448 2866 2593 2929 esto,
2628 2863 2766 2935 quia
2796 2862 3070 2919 man‘ibus
3092 2863 3240 2920 meis
3260 2863 3436 2920 thura
3467 2883 3584 2921 non

1943 2968 2158 3024 ponam
2187 2951 2512 3021 daemoniis,
2574 2952 2676 3009 sed
2734 2952 2982 3009 Domino
3014 2970 3143 3009 meo
3173 2953 3315 3010 Jesu
3355 2953 3587 3012 Christo

1942 3044 2246 3097 incensum
2300 3041 2498 3099 oﬁ'ero.
2558 3043 2614 3112 ᾖ.
2672 3041 2987 3097 Dominum
3045 3043 3250 3099 Jesum
3290 3044 3586 3101 Christum

1946 3135 2126 3186 Deum
2155 3129 2353 3186 vivum
2382 3146 2512 3186 esse
2561 3131 2861 3198 conﬁteor,
2893 3135 2951 3187 et
2994 3130 3176 3187 alium
3208 3136 3412 3205 praeter
3452 3150 3587 3189 eum

1943 3235 2071 3275 esse
2102 3235 2216 3275 non
2249 3218 2399 3275 dico.
2426 3219 2556 3274 Sed.

182 3294 358 3367 linari
383 3307 670 3381 discipulo
702 3324 846 3364 suo:
877 3308 1151 3363 Eruditus
1180 3324 1244 3363 es
1284 3307 1340 3362 in
1385 3307 1660 3365 omnibus
1689 3325 1833 3381 praa-
1860 3294 1906 3362 C
2014 3306 2095 3363 Ad
2144 3308 2360 3363 cantica
2415 3307 2735 3380 antiphona.
2795 3306 3175 3364 Sanctissime
3232 3309 3588 3382 Apollinaris

184 3398 382 3455 dicare
413 3398 698 3453 Ravennae
728 3396 933 3452 Jesum
964 3396 1175 3451 Filium
1208 3395 1326 3451 Dei.
1361 3397 1671 3468 Antiphona
1700 3396 1835 3453 Mit-

183 3491 274 3543 tat
302 3485 572 3542 Christus
606 3484 884 3541 Dominus
923 3484 1193 3557 angelum
1252 3501 1450 3553 suum,
1484 3490 1585 3556 qui
1617 3502 1836 3558 praepa-

186 3580 276 3632 ret
302 3574 413 3630 iter
441 3590 639 3642 suum,
673 3577 729 3629 et
759 3590 885 3645 quis
917 3572 1320 3644 postulaveris,
1352 3578 1574 3629 annuat
1601 3573 1841 3629 tibi.An—

189 3664 438 3736 tiphona.
473 3662 651 3719 Ortus
681 3663 752 3718 ab
782 3662 1089 3717 Antiochia
1110 3661 1316 3718 beatus
1345 3661 1699 3734 Apollinaris
1732 3664 1837 3719 Ra-

184 3768 437 3808 vennam
468 3750 692 3807 missus
712 3756 801 3806 est
832 3750 1146 3821 praedicare
1170 3750 1527 3822 baptismum
1551 3751 1837 3822 pmniten-

182 3840 279 3897 tiae
310 3841 370 3895 in
403 3839 807 3895 remissionem
841 3844 1232 3911 peccatorum.
1268 3840 1326 3907 ιῆ.
1360 3839 1455 3894 Ait
1491 3839 1697 3895 beatus
1744 3839 1840 3896 Pe-

183 3934 313 3986 trus
332 3927 649 4001 Apollinari
674 3926 960 3999 discipulo
982 3943 1089 3982 suo
1114 3944 1127 3983 :
1146 3928 1292 3991 Quid
1316 3928 1484 3984 sedes
1501 3928 1840 3984 nobiscum?

189 4018 333 4073 Ecce
374 4017 641 4073 eruditus
698 4034 760 4072 es
815 4017 883 4071 de
940 4016 1214 4071 omnibus
1266 4033 1394 4089 qua:
1455 4018 1590 4072 fecit
1642 4017 1836 4073 Jesus.

190 4109 244 4177 ᾗ.
305 4106 511 4179 Surge,
580 4105 779 4178 accipe
833 4105 1112 4178 Spiritum
1191 4110 1463 4161 sanctum
1544 4105 1840 4178 simulque

187 4194 618 4268 pontiﬁcatum,
676 4198 734 4250 et
784 4211 957 4267 perge
1016 4196 1087 4250 ad
1159 4196 1363 4251 urbem
1420 4212 1549 4266 quae
1604 4201 1842 4251 vocatur

191 4284 486 4340 Ravenna.
520 4284 682 4340 Ecce.
717 4282 982 4353 ItBeatus
1002 4283 1204 4340 Petrus
1231 4282 1535 4355 apostolus
1563 4284 1707 4339 dixit
1727 4284 1843 4340 dis-

188 4372 387 4445 cipulo
437 4388 544 4428 suo
568 4371 924 4444 Apollinari:
985 4374 1191 4446 Surge,
1249 4388 1425 4445 perge
1480 4373 1839 4438 Ravennam,

191 4460 512 4517 multitudo
543 4460 740 4534 populi
776 4461 856 4516 ibi
885 4466 1165 4528 moratur,
1223 4462 1473 4534 praedica
1503 4462 1588 4518 eis
1615 4461 1840 4534 baptis-

1947 3396 2285 3469 colloquens
2343 3394 2705 3470 angelorum,
2725 3413 2873 3468 quas
2903 3397 3204 3453 oll'erimus
3235 3397 3342 3453 tibi
3373 3400 3586 3455 oratio-

1948 3503 2072 3554 nes,
2105 3488 2162 3542 et
2192 3500 2391 3558 preces
2422 3483 2654 3557 suscipe
2679 3485 2964 3554 omnium,
2999 3489 3057 3541 et
3083 3487 3259 3542 redde
3281 3487 3590 3544 Salvatorii

1948 3584 2051 3648 pro
2072 3573 2242 3631 nobis
2273 3574 2581 3647 hymnum,
2618 3577 2682 3629 ut
2706 3573 2896 3631 salvos
2944 3591 3051 3630 nos
3082 3575 3274 3630 faciat.
3301 3576 3353 3644 ᾖ.
3387 3576 3590 3634 Exuite

1949 3681 2104 3730 eum,
2138 3667 2196 3719 et
2243 3664 2526 3719 caedentes
2551 3662 2762 3718 dicite:
2816 3663 3058 3735 Respice
3079 3663 3396 3720 etimmola
3425 3665 3539 3722 diis
3571 3684 3585 3735 ;

1950 3753 2045 3808 ille
2077 3757 2272 3809 autem
2304 3753 2663 3825 respondens
2695 3751 2840 3807 dixit
2873 3770 2885 3807 :
2919 3751 3286 3809 Christianus
3319 3770 3474 3820 sum,
3501 3753 3589 3809 fac

1950 3843 2105 3915 quod
2128 3842 2235 3896 vis.
2257 3841 2498 3911 ﬁUnus
2524 3845 2613 3896 est
2628 3841 2913 3897 Dominus
2934 3841 3088 3896 Deus
3122 3841 3454 3911 invisibilis,
3488 3860 3592 3915 per

1949 3948 2125 4003 quem
2157 3930 2443 3985 daemonia
2472 3929 2807 4000 ejiciuntur.
2841 3928 3231 3985 Christianus.
3262 3932 3320 3999 ri).
3358 3931 3473 3987 Iste
3502 3937 3592 3988 est

1950 4020 2221 4075 sacerdos
2240 4018 2470 4073 Domini
2493 4018 2593 4089 qui
2626 4019 2683 4073 in
2701 4018 2995 4073 mandatis
3009 4019 3137 4089 ejus
3153 4019 3469 4075 meditatur
3497 4020 3590 4076 die

1949 4126 2015 4164 ac
2038 4112 2345 4164 nocte.lste
2365 4105 2617 4161 directus
2643 4110 2731 4161 est
2771 4106 2843 4161 ab
2884 4105 3146 4178 apostolo
3180 4111 3346 4163 Petro
3366 4108 3588 4164 Raven-

1951 4214 2087 4254 nam
2121 4195 2431 4269 przedicare
2478 4195 2838 4267 baptismum
2885 4195 3257 4267 poenitentiae.
3293 4198 3346 4266 ᾗ.
3380 4197 3591 4254 Beatus

1948 4288 2058 4353 vir,
2089 4286 2190 4358 qui
2235 4301 2349 4341 non
2396 4284 2537 4341 abiit
2594 4285 2651 4339 in
2685 4283 2927 4340 consilio
2987 4284 3325 4357 impiorum.
3361 4287 3493 4342 Iste.
3528 4287 3587 4357 It.

1949 4375 2168 4430 Servivi
2220 4374 2371 4429 sicut
2414 4374 2604 4428 bonus
2641 4372 2808 4428 miles
2839 4362 3089 4442 Christo,
3132 4374 3342 4430 certavi
3373 4374 3592 4431 bonum

1950 4467 2266 4519 certamen.
2318 4461 2515 4517 Placui
2576 4461 2713 4528 Deo,
2772 4462 2873 4532 qui
2905 4478 2998 4517 me
3028 4462 3316 4533 probavit,
3347 4468 3405 4520 et
3434 4464 3595 4520 dedit

189 4567 357 4606 mum
387 4548 757 4623 paenitentiae,
794 4551 850 4605 in
879 4550 1281 4607 nomineJeSu.
1319 4553 1370 4619 Ῡ.
1404 4552 1545 4606 Ecce
1574 4550 1841 4607 eruditus
1953 4550 2095 4605 mihi
2127 4550 2414 4605 Dominus
2458 4566 2733 4605 coronam
2774 4549 2921 4604 vitae.
2955 4552 3009 4617 in
3044 4555 3267 4606 Bonum
3298 4556 3592 4608 certamen

190 4655 255 4696 es
287 4639 359 4695 de
383 4638 659 4695 omnibus
708 4656 837 4711 quae
886 4639 1021 4695 fecit
1067 4640 1259 4696 Jesus.
1306 4641 1509 4712 Surge.
1546 4642 1603 4709 Ii}.
1664 4644 1841 4707 Deus,
1874 4660 1921 4724 D
1953 4638 2427 4706 certavi,cursum
2455 4639 2881 4707 consummavi,
2907 4639 3082 4694 ﬁdem
3106 4639 3346 4695 servavi.
3370 4638 3589 4695 Placui.

192 4725 295 4799 qui
317 4743 433 4782 non
467 4725 853 4795 localiter,sed
889 4726 1105 4800 ubique.
1134 4732 1287 4795 es,tu
1318 4727 1642 4784 intromitte
1655 4728 1847 4801 cogni-

192 4815 416 4872 tionem
450 4815 580 4871 Filii
611 4816 697 4873 tui
732 4815 958 4872 Domini
991 4815 1245 4872 nostriin
1268 4816 1442 4872 istam
1467 4816 1841 4886 civitatemi.

194 4902 268 4960 Ut
293 4909 712 4977 cognoscentes
740 4904 944 4961 Jesum
994 4904 1206 4961 Filium
1236 4909 1426 4972 tuum,
1459 4921 1593 4961 cum
1632 4922 1845 4979 magno

194 4992 406 5049 affectu
437 4991 601 5048 locus
632 4993 776 5049 mihi
807 4993 1235 5066 praedicationis
1292 4994 1605 5049 tribuatur.
1662 4996 1748 5050 Tu
1784 4998 1842 5063 Ii).

192 5084 366 5149 Deus,
422 5080 525 5153 qui
580 5082 909 5155 cooperaris
966 5100 1097 5138 cum
1155 5083 1323 5138 Petro
1382 5083 1662 5155 magistro
1694 5102 1842 5153 meo,

196 5185 437 5242 operare
462 5173 521 5226 et
550 5187 806 5227 mecum.
842 5172 913 5228 Ut
943 5178 1300 5245 cognoscant
1330 5189 1537 5228 omnes
1565 5177 1621 5228 te
1653 5172 1846 5229 solum

194 5262 378 5315 Deum
402 5258 462 5313 in
495 5263 799 5317 atomum.
828 5262 1042 5333 iuDeus
1064 5263 1165 5334 qui
1192 5278 1305 5317 non
1320 5260 1707 5330 localiter,sed
1725 5263 1849 5318 ubi-

197 5364 330 5420 que.
366 5346 439 5404 Ut
457 5354 832 5422 cognoscant.

264 5439 327 5492 In
354 5437 591 5494 secundo
620 5441 886 5496 nocturno
906 5441 1224 5512 antiphona.
1284 5437 1432 5495 Cum
1489 5441 1851 5511 pervenisset

196 5525 404 5582 beatus
462 5525 819 5599 Apollinaris
850 5529 922 5585 ad
951 5530 1154 5586 urbem
1211 5532 1571 5593 Ravennam,
1633 5528 1851 5586 faciens

198 5614 434 5688 signum
466 5616 680 5688 crucis,
704 5621 1015 5690 susceptus
1038 5622 1127 5675 est
1156 5618 1215 5674 in
1245 5617 1488 5674 domum
1513 5616 1717 5672 militis
1742 5617 1851 5674 Ire-

198 5703 329 5764 τιεί.
360 5703 675 5783 Antiphone:
697 5711 847 5765 Deus
877 5706 977 5784 qui
1010 5707 1269 5785 operaria
1300 5724 1434 5767 cum
1467 5705 1635 5766 Petro
1666 5706 1850 5783 magi-

1956 4731 2015 4799 ιῆ.
2051 4727 2300 4784 Pulchra
2324 4726 2488 4794 facie,
2521 4731 2578 4782 et
2599 4727 2775 4783 alacri
2807 4727 2991 4797 vultu,
3020 4729 3185 4784 beate
3217 4727 3593 4800 Apollinaris,

1953 4834 2083 4873 ecce
2104 4833 2236 4871 oves
2262 4819 2371 4871 tuae
2395 4816 2467 4870 ad
2496 4820 2551 4870 te
2583 4816 2789 4871 devota
2817 4819 3009 4872 mente
3039 4819 3413 4884 concurrunt,
3446 4832 3595 4888 quas

1954 4906 2200 4963 Domino
2227 4903 2551 4976 acquisisti.
2586 4903 2926 4977 Deprecare,
2960 4921 3165 4978 precor
3194 4909 3395 4978 pastor
3424 4906 3592 4974 bone,

1954 5014 2059 5068 pro
2091 4995 2174 5051 eis
2194 4996 2396 5050 Jesum
2420 4993 2739 5049 Christum.
2767 4996 2819 5063 ᾖ.
2855 4995 2927 5050 Ut
2946 4994 3450 5068 digniel‘ﬁciamur
3470 5011 3598 5068 pro-

1956 5084 2341 5140 missionibus
2363 5084 2510 5154 ejus.
2551 5088 2886 5154 Deprecare.
2910 5084 3241 5140 Inlaudibus
3272 5086 3596 5157 antiphona.

1955 5174 2124 5240 Audi,
2156 5174 2367 5239 Judex,
2402 5173 2551 5244 quod
2583 5171 2711 5227 dico
2756 5171 3035 5228 viriliter:
3068 5172 3240 5229 Jesus
3271 5179 3393 5231 erat
3426 5176 3595 5244 Deus,

1957 5266 2014 5316 et
2042 5267 2130 5317 est
2162 5261 2221 5316 in
2252 5266 2535 5317 aeternum
2568 5277 2814 5316 manens
2844 5260 2903 5315 in
2936 5277 3175 5334 corpore
3202 5262 3445 5330 mundo,
3477 5262 3598 5335 pati

1959 5354 2154 5407 autem
2187 5367 2360 5405 carne
2388 5367 2492 5423 pro
2524 5349 2797 5406 omnibus
2824 5348 3028 5405 voluit.

2031 5441 2154 5495 Haec
2183 5443 2401 5495 tantum
2424 5438 2727 5512 antiphona
2773 5439 2842 5495 ad
2893 5438 3078 5495 laudes
3113 5438 3272 5511 hujus
3298 5440 3471 5512 o/ﬁcz’z’
3500 5440 3598 5496 ha-

1960 5528 2128 5585 betur.

2030 5617 2109 5672 Ad
2144 5615 2466 5672 Benedictus
2514 5617 2841 5688 antz'phona.
2897 5620 3296 5690 Praegravatus
3341 5617 3599 5688 pondere

1961 5707 2120 5782 ferri,
2177 5704 2309 5765 exul
2366 5704 2438 5764 ab
2498 5705 2639 5765 urbe
2693 5706 2967 5782 mittitur,
2999 5710 3056 5767 et
3112 5709 3246 5785 post
3276 5702 3600 5772 triennium
