3978 6444
402 472 517 541 967
1587 467 1774 537 SJEC.
1819 472 1901 537 XI
1944 474 1973 537 li

2244 521 2259 535 .
2304 475 2614 539 LITURG.

2299 608 2480 673 Quem
2508 608 2711 679 nequit
2740 612 2898 665 totus
2929 606 3205 681 cohibere
3234 611 3512 683 mundus,

2436 696 2670 753 Claudis
2700 697 2758 752 in
2790 697 2938 753 alvo.

2365 786 2548 850 Quem
2578 789 2842 841 tremunt
2868 787 3017 859 coeli,
3054 793 3325 846 metuunt
3353 790 3575 864 abyssi.

2298 872 2522 927 Laudat
2550 889 2813 952 occasus,
2845 879 3154 931 veneratur
3184 882 3347 935 ortus

2434 960 2685 1034 Stringis
2717 962 2775 1016 in
2809 961 2985 1018 ulnis.

2366 1051 2532 1103 Lacte
2563 1049 2823 1105 nutritus
2853 1049 2982 1106 cibo
3013 1049 3376 1125 angelorum,

2290 1134 2493 1192 Fertur
2518 1136 2775 1210 innuptae
2802 1138 3024 1211 gremio
3054 1139 3283 1212 puellae,

2288 1224 2393 1286 Qui
2424 1242 2533 1281 sua
2562 1225 2678 1285 late
2710 1226 2931 1283 ditione
2959 1230 3125 1284 terrae

2429 1314 2689 1371 Pondera
2713 1314 2909 1372 librat.

2358 1402 2444 1458 Sit
2468 1404 2645 1460 decus
2675 1422 2975 1462 summum
3007 1406 3133 1463 sine
3154 1408 3269 1466 {ine
3299 1407 3548 1476 Christo,

2287 1491 2462 1564 Virgo
2495 1509 2670 1564 quem
2703 1499 2905 1551 saneta
2933 1497 3136 1568 genuit
3166 1497 3372 1569 Maria,

2282 1580 2390 1642 Qui
2421 1581 2576 1637 Patri
2600 1598 2858 1656 compar,
2894 1582 3264 1658 Flaminique
3298 1591 3504 1645 sancto

401 609 474 665 ad
508 623 679 665 suam
710 608 973 664 sanctam
1033 604 1237 662 urbem
1300 604 1634 663 Ravennam
1693 606 2037 678 regreditur,
2069 607 2124 673 Α

399 689 576 772 quem
598 697 858 754 videntes
880 695 1195 752 Christiani
1228 713 1362 753 cum
1394 695 1606 771 gaudio
1636 699 2040 768 susceperunt.

400 788 482 843 Ad
498 788 742 859 primum
761 783 1345 857 antiphonaAngelus
1369 782 1601 839 Domini
1624 783 1859 839 beatum
1879 781 2045 853 Apol-

398 874 648 931 linarem
686 874 744 928 in
771 890 999 930 carcere
1029 873 1304 940 visitavit,
1334 872 1667 927 videntibus
1697 872 2042 928 custodibus

395 962 630 1033 cibavit,
662 964 719 1018 et
764 960 1131 1016 confortavit.
1182 961 1261 1015 Ad
1289 962 1513 1017 tertiam
1541 960 1860 1032 antiphona.
1896 961 2043 1016 Sus-

394 1067 617 1124 pensus
648 1051 709 1107 in
737 1049 985 1123 equuleo
1036 1049 1330 1105 clamabat
1388 1049 1597 1105 beatus
1644 1047 2037 1121 Apollinaris:

391 1139 707 1199 Dominum
740 1138 945 1194 Jesum
973 1136 1270 1194 Christum
1301 1142 1485 1194 Deum
1514 1154 1720 1193 verum
1751 1153 1879 1193 esse
1908 1152 2041 1192 con-

392 1228 580 1285 ﬁteor.
628 1227 709 1283 Ad
736 1235 947 1283 sextum
996 1226 1319 1299 antiphona.
1378 1226 1587 1283 Custos
1646 1230 1702 1280 et
1747 1229 2039 1297 protector

393 1321 611 1384 noster,
635 1316 877 1373 Domine
900 1314 1039 1371 Jesu
1068 1314 1497 1386 Christe,quem
1518 1315 1723 1370 beatus
1742 1312 2035 1385 Apollina-

390 1405 471 1462 ris
520 1404 805 1477 przedixit,
844 1402 1260 1469 benedicimus,
1308 1403 1595 1476 hymnum
1645 1401 1897 1457 dicimus
1930 1400 2036 1456 tibi

387 1496 735 1551 Deonostro.
765 1492 967 1548 Oratio.
1002 1491 1328 1553 Salutarem
1374 1491 1544 1548 nobis
1565 1491 1728 1549 dedit
1752 1489 2036 1546 hodierna

386 1584 478 1639 die
505 1582 658 1637 beati
706 1580 1063 1654 Apollinaris
1113 1581 1430 1637 sacerdotis
1463 1585 1519 1635 et
1549 1579 1822 1651 martyris
1856 1578 1939 1633 tui
1971 1578 2031 1633 in

383 1669 772 1740 tua,Domine,
789 1671 999 1727 virtute
1022 1671 1309 1727 confessio
1332 1668 1615 1738 laetitiam,
1640 1673 1852 1751 praesta
1873 1684 2030 1739 qum-
2284 1668 2507 1741 Regnat
2535 1670 2594 1725 in
2627 1689 2832 1727 ravum.
2866 1674 3068 1729 Amen.

384 1776 612 1828 sumus,
644 1758 1178 1823 utconversationis
1214 1759 1342 1830 ejus
1367 1757 1697 1815 imitatione
1713 1755 2033 1828 praedican-
2316 1774 2374 1812 IN
2413 1776 2808 1815 ASSUMPTIONE
2848 1779 3077 1819 suam:
3108 1780 3306 1820 manu:
3334 1781 3617 1833 vmsmrs.

383 1848 479 1916 da,
511 1853 568 1905 et
614 1846 1028 1904 intercessione
1056 1846 1162 1902 tibi
1202 1845 1416 1919 placita
1436 1838 1658 1918 jugiter
1688 1843 2028 1917 gloriemur.
2205 1846 2605 1904 lnvitatorz'um.
2649 1849 2803 1904 Odor
2857 1855 3017 1918 tuus,
3073 1857 3277 1909 sancta
3332 1853 3434 1910 Dei
3505 1854 3797 1925 Genitrix,

381 1937 474 1992 Ad
514 1953 715 1993 nonam
744 1936 1066 2008 antiphona.
1100 1937 1309 1993 Sancte
1338 1933 1710 2007 Apollinaris,
1757 1932 2027 1991 sacerdos
2056 1968 2105 2034 B
2140 1931 2292 2033 sicut
2319 1936 2462 1990 odor
2489 1936 2756 1995 balsami.
2790 1940 2965 2006 Quasi
2995 1939 3206 2013 lilium,
3232 1941 3315 1998 ita
3338 1943 3529 2013 ﬂores,
3562 1945 3663 2001 Dei
3693 1962 3797 2020 ge-

382 2029 439 2082 et
469 2028 690 2097 martyr
718 2023 953 2091 Christi,
987 2024 1300 2095 deprecare
1359 2040 1462 2095 pro
1494 2022 1662 2095 plebe
1693 2026 1815 2087 tua,
1850 2037 2027 2093 quam
2056 2021 2104 2034 ⁴’
2137 2021 2312 2078 nitrix
2341 2024 2534 2098 Virgo.

381 2131 450 2172 ex
479 2114 755 2187 gentibus
784 2110 1107 2185 acquisisti,
1143 2129 1249 2168 nos
1281 2116 1477 2168 autem
1514 2109 1769 2184 populus
1799 2114 1940 2166 tuus
1970 2114 2027 2166 et

378 2220 516 2260 oves
536 2200 729 2275 gregis
748 2200 858 2269 tui,
883 2200 1175 2257 intercede
1197 2217 1301 2272 pro
1324 2199 1495 2256 nobis
1513 2199 1653 2256 Filio
1673 2198 1790 2285 Dei.
1819 2197 2025 2254 Oratio.

379 2290 678 2347 Terribilis
712 2295 881 2355 Deus,
906 2291 961 2344 et
984 2288 1197 2344 invicta
1230 2288 1505 2344 fortitudo
1531 2305 1595 2343 ac
1619 2286 1794 2343 nimis
1812 2302 2023 2359 paven-

380 2380 455 2435 da
480 2380 757 2452 potestas,
776 2376 988 2449 largire
1015 2376 1184 2432 nobis
1199 2377 1350 2432 beati
1380 2374 2022 2461 Apollinarismartyris

378 2473 435 2522 et
464 2466 783 2523 sacerdotis
813 2465 895 2527 tui
931 2464 1199 2536 precibus
1224 2464 1516 2537 stipendia
1539 2463 1747 2520 salutis
1770 2467 2019 2528 aeternae,

379 2561 443 2612 ut
472 2560 634 2612 casta
662 2559 895 2628 pectora
944 2553 1275 2626 bajulautes
1323 2553 1527 2609 laudes
1557 2558 1668 2609 tum
1700 2551 2018 2608 clementia:

376 2644 851 2714 reieramus,ejus
875 2643 1158 2699 solemnia
1181 2643 1559 2699 celebrantes.
1582 2642 1665 2699 Ad
1684 2640 2019 2713 Magniﬁcat

375 2735 693 2807 antiphona.
723 2734 931 2813 Accipe
953 2732 1237 2805 Spiritum
1257 2736 1544 2798 sanctum,
1571 2729 1747 2788 simul
1781 2729 2014 2802 pontiﬁ-

376 2829 592 2880 catum.
626 2823 831 2895 Surge,
866 2837 1040 2895 perge
1072 2821 1430 2887 Ravonnam,
1465 2820 1781 2881 multitudo
1813 2817 2015 2890 populi

376 2911 455 2967 ibi
489 2914 770 2967 moratur.
834 2909 1087 2965 Praedica
1139 2909 1223 2964 eis
1277 2909 1506 2974 Jesum,
1567 2907 1720 2980 quod
1777 2923 1908 2965 vere
1941 2906 2017 2961 sit

377 2999 561 3054 Filius
592 2998 714 3052 Dei.

444 3105 506 3142 IN
544 3103 735 3143 NATALI
769 3100 961 3141 SANCTI
1016 3102 1267 3141 «EMYGDII
1308 3102 1558 3143 EPISCOPI
1598 3102 1664 3141 ΕΓ
1708 3100 2011 3141 MARTYRIS.

452 3175 537 3231 .4d
563 3173 896 3247 Magniﬁcat
924 3164 1241 3246 antiphona.
1277 3174 1320 3229 Ο
1343 3173 1607 3247 .Emygdi
1640 3177 1860 3246 martyr
1885 3172 2008 3245 glo-

375 3265 546 3331 riose,
572 3279 717 3336 quos
736 3263 795 3317 in
818 3261 1044 3318 Christo
1060 3262 1315 3335 genuisti
1336 3262 1485 3318 filios
1506 3266 1636 3317 tuos
1659 3261 2005 3333 sanguinem

376 3334 696 3417 fundendo,
726 3356 845 3416 tua,
881 3334 1240 3422 quaesumus,
1276 3350 1459 3409 oratio
1502 3349 1870 3406 commendet
1908 3366 2014 3404 nos
2045 3334 2087 3400 C

372 3440 776 3496 indesinenter
797 3443 929 3494 Deo.
964 3438 1277 3510 Antiphone
1312 3439 1382 3495 ad
1407 3438 1772 3494 Benedictus.
1804 3438 2010 3493 Sancte

372 3528 470 3585 Dei
501 3527 713 3602 praesul
764 3531 820 3582 et
880 3531 1100 3600 martyr
1150 3527 1434 3601 Emygdi,
1471 3528 1590 3600 qui,
1639 3525 2012 3583 occidentalis

377 3617 624 3673 Francia:
655 3615 943 3672 oriundus
976 3616 1219 3673 Romam
1244 3616 1851 3689 veniens,disponento
1874 3619 2009 3683 Deo,

372 3722 406 3761 a
435 3705 696 3762 Romano
729 3704 1001 3777 pontifice
1060 3705 1391 3771 destinatus
1440 3720 1502 3760 es
1558 3702 1901 3777 praedicator
1939 3703 2012 3759 ad

374 3792 720 3850 Esculanam
743 3792 969 3861 urbem,
992 3811 1096 3864 pro
1129 3793 1296 3850 nobis
1318 3793 1472 3867 apud
1497 3793 2009 3858 Deumintercede,

370 3898 518 3954 quos
537 3881 729 3938 verbis
761 3884 817 3937 et
866 3880 1165 3937 miraculis
1206 3882 1276 3937 ad
1309 3880 1666 3954 agnitionem
1698 3878 2013 3936 Christiani

375 3970 628 4027 nominis
656 3968 841 4026 fecisti
862 3970 1076 4025 venire.

440 4077 496 4115 ΙΝ
534 4074 735 4114 νισιιΙΑ
772 4073 1178 4114 ASSUMPT'ONIS
1235 4073 1460 4113 8ΑΝΟἸἮΞ
1499 4073 1694 4112 MARIE
1742 4072 2014 4114 VIRGINIS.

438 4148 517 4202 Ad
538 4163 784 4220 vesperas
806 4145 1127 4218 antiphona.
1153 4146 1335 4201 Maria
1362 4145 1559 4218 Virgo,
1594 4161 1825 4216 semper
1854 4143 2012 4201 laeta-

371 4242 588 4308 re,t1uze
620 4233 886 4291 meruisti
919 4232 1218 4289 Christum
1277 4237 1506 4305 portare
1562 4232 1691 4288 coeli
1752 4236 1809 4287 et
1848 4236 2012 4289 terrae

367 4323 750 4387 conditorem,
774 4320 912 4393 quia
933 4322 1003 4376 de
1022 4324 1123 4377 tuo
1147 4326 1308 4377 utero
1331 4320 1626 4394 protulisti
1659 4319 1863 4376 mundi
1885 4320 2011 4375 Sal-

365 4416 647 4483 vatorem.
663 4411 875 4465 Psalmi
902 4409 966 4463 dc
986 4411 1162 4466 Feria.

1068 4501 1331 4572 Hymnus.

474 4586 766 4643 Gaudium
798 4588 1004 4644 mundi
1039 4606 1184 4645 nova
1217 4588 1387 4645 stella
1417 4587 1568 4657 cmli,

470 4675 786 4733 Procreans
817 4676 1024 4746 solem,
1058 4678 1291 4751 pariens
1322 4682 1647 4752 parentem,
2040 4699 2087 4764 D

426 4772 431 4777 ’
473 4769 553 4822 Da
585 4783 826 4822 manum
859 4764 1067 4838 lapsis,
1098 4767 1183 4822 fer
1214 4784 1383 4839 opem
1436 4765 1694 4835 caducis,

422 4860 427 4869 ‘
730 4853 904 4926 Virgo
937 4853 1138 4909 Maria.
1160 4858 1163 4861 ’

545 4943 623 4997 Te
657 4948 767 4998 Deo
797 4943 1005 4998 factam
1036 4942 1223 5015 liquet
1254 4960 1382 4999 esse
1414 4942 1655 4999 scalam.

471 5030 770 5094 Quatenus
802 5047 1038 5087 summa
1070 5030 1213 5103 petit
1245 5031 1400 5087 altus
1424 5032 1562 5099 ima,

470 5118 589 5174 Nos
616 5119 685 5173 ad
721 5118 944 5174 excelsa
966 5120 1210 5175 rcmcari
1246 5121 1369 5176 coeli

722 5205 992 5263 Culmina
1022 5208 1192 5263 dona.

548 5293 626 5350 Te
652 5293 955 5351 beatorum
983 5296 1196 5354 chorus
1229 5298 1592 5371 angelorum,

474 5385 551 5440 Te
582 5384 1001 5456 prophetarum
1033 5391 1089 5441 et
1118 5389 1514 5460 apostolorum

471 5471 625 5528 Ordo
655 5471 952 5544 praelatum
985 5473 1096 5529 sibi
1130 5475 1314 5532 cernit
1336 5494 1514 5534 unam

420 5556 433 5567 ’
722 5562 861 5618 Post
889 5563 1191 5621 Deitatem.

549 5648 698 5704 Aula
729 5647 979 5706 omlestis
1011 5651 1275 5723 speciosa
1306 5654 1482 5727 regis,

477 5737 645 5801 Fulta
678 5737 933 5814 septenis
962 5740 1192 5817 Sophia:
1213 5741 1526 5817 columnis,

2828 2119 3088 2190 Hymnus.

2418 2204 2673 2261 Terrena
2701 2212 2913 2263 cuncta
2931 2207 3208 2281 jubilent,

2343 2294 2514 2348 Astra
2537 2292 2814 2351 laudibus
2845 2296 3134 2366 intonent,

2273 2379 2535 2453 Virginis
2566 2388 2699 2439 ante
2726 2383 3055 2440 thalamum

2272 2467 2516 2525 Carmen
2549 2470 2603 2525 al
2614 2476 2623 2524 t
2634 2477 2838 2528 ernent
2857 2473 3213 2531 dramatum.

2342 2556 2472 2613 Haec
2502 2558 2699 2632 Virgo,
2723 2560 2911 2619 Verbo
2937 2564 3195 2636 gravida,

2271 2644 2363 2700 Fit
2392 2647 2650 2718 paradisi
2675 2650 2880 2721 janua.

2268 2734 2401 2797 Quis
2433 2739 2616 2791 Deum
2648 2739 2871 2796 mundo
2904 2740 3175 2809 reddidit,

2266 2821 2484 2879 Caelum
2516 2825 2684 2882 nobis
2714 2828 2957 2899 aperuit.

2338 2911 2496 2967 Felix
2528 2913 2639 2969 ista
2668 2931 2953 2988 puerpera

2264 3000 2387 3055 Eva:
2421 3000 2543 3075 lege
2573 3003 2872 3061 liberrima

2262 3089 2535 3161 Concepit
2562 3090 2689 3147 sine
2717 3093 2891 3159 coitu,

2260 3176 2469 3233 Emisit
2496 3180 2717 3252 absque
2745 3182 2987 3253 gemitu.

2335 3267 2498 3322 Dives
2529 3268 2719 3325 Maria:
2740 3271 3059 3343 gremium,

2268 3353 2472 3413 Mundi
2494 3357 2737 3428 gestavit
2765 3360 3040 3431 pretium,

2263 3443 2386 3506 Quo
2417 3443 2753 3516 gloriemur
2768 3447 2974 3503 redimi

2263 3531 2462 3588 Soluto
2484 3533 2633 3606 jugo
2656 3535 2852 3591 debiti.

2334 3619 2518 3684 Quam
2549 3624 2739 3680 Patris
2770 3624 2973 3697 implet
3002 3626 3202 3698 Filius,

2263 3712 2512 3767 Sanctus
2540 3712 2853 3769 obumbrat
2881 3715 3154 3787 Spiritus,

2264 3797 2484 3853 Caelum
2517 3799 2665 3855 ﬁunt
2695 3801 3035 3858 castissima

2264 3889 2450 3941 Sacrae
2476 3886 2682 3959 puellae
2713 3888 2955 3946 viscera.

2338 3979 2487 4031 Laus
2521 3975 2645 4044 tibi,
2680 3976 2800 4033 Rex
2830 3977 3114 4038 citissime

2267 4062 2372 4125 Qui
2408 4066 2580 4118 natus
2602 4068 2689 4120 est
2711 4065 2781 4122 de
2810 4067 3046 4140 Virgine

2266 4149 2352 4204 Sit
2381 4149 2510 4206 laus
2543 4155 2599 4206 et
2639 4152 2915 4210 ineffabili

2265 4238 2443 4304 Patri,
2475 4244 2792 4314 sanctoque
2823 4242 3097 4302 Flamini.

2655 4332 2900 4402 Hymnus
2927 4334 2997 4389 ad
3026 4335 3235 4394 laudes.

2260 4414 2483 4473 Aurora
2512 4416 2669 4474 velut
2699 4418 2924 4493 fulgida

2262 4503 2350 4558 Ad
2384 4505 2507 4561 οωΙί
2541 4511 2696 4562 meat
2727 4508 3006 4567 culmina.

2261 4591 2325 4647 Et
2353 4593 2437 4649 sol
2470 4595 2653 4651 Maria
2684 4596 3006 4668 splendida.

2262 4681 2569 4753 Tanquam
2599 4683 2741 4742 luna
2770 4687 3184 4760 pulcherrima.

2335 4770 2553 4842 Regina
2578 4776 2782 4831 mundi
2814 4776 2987 4835 hodie

2262 4856 2563 4916 Thronum
2598 4866 2937 4923 conscendit
2965 4868 3186 4941 gloriae.

2266 4944 2436 5003 Illum
2459 4949 2629 5007 enixa
2650 4951 2881 5023 Filium,

2264 5034 2369 5099 Qui
2398 5040 2489 5093 est
2517 5042 2652 5095 ante
2682 5039 3011 5101 luciferum.

2333 5125 2654 5198 Assumpta
2683 5146 2860 5203 super
2880 5134 3140 5207 angelos,

2266 5212 2504 5270 Excedis
2534 5215 2935 5293 archangelos,

2264 5300 2485 5358 Cuncta
2503 5310 2837 5364 sanctorum
2871 5312 3078 5369 merita

2262 5389 2649 5448 Transcendit
2674 5412 2793 5451 una
2822 5397 3059 5455 femina.

2336 5480 2518 5545 Quem
2550 5481 2769 5545 foverat
2790 5485 2849 5541 in
2869 5489 3094 5559 gremio

2263 5567 2504 5624 Locarat
2536 5569 2595 5625 in
2624 5574 2924 5646 praesepio,

2264 5656 2430 5713 Nunc
2459 5675 2655 5733 regem
2689 5678 2866 5734 super
2895 5666 3095 5727 omnia

2266 5747 2455 5806 Patris
2484 5749 2641 5809 videt
2670 5750 2727 5808 in
2750 5751 2960 5831 gloria,
