3978 6476
161 345 294 420 969

274 465 279 472 ’
465 477 572 531 Pro
603 475 772 532 nobis
802 475 975 543 Virgo
1005 475 1299 543 virginum
1852 477 1905 543 Α

465 477 572 531 Pro
603 475 772 532 nobis
802 475 975 549 Virgo
1005 475 1299 549 virginum

352 567 543 621 Tuum
573 566 822 638 deposce
857 565 1089 632 Filium,

349 655 460 710 Per
490 671 668 725 quam
702 659 904 710 nostra
933 658 1274 725 susceperat

352 742 423 798 Et
451 759 561 798 sua
591 742 762 798 nobis
792 742 1134 814 praebuerat.

422 831 574 886 Laus
609 829 733 898 tibi,
769 831 888 886 Rex
918 829 1227 900 altissime,
1251 833 1358 886 etc.

447 937 505 974 ΙΝ
537 935 751 975 OCTAVA
781 936 1001 974 ΞΑΝΟΤᾹΞ
1031 935 1227 974 MARIE
1274 935 1545 974 VIRGINIS.

242 1007 558 1079 Antiphonti
592 1007 662 1062 ad
708 1007 1039 1076 Magni/irai.
1092 1005 1212 1060 Sub
1263 1011 1431 1060 tuum
1485 1004 1821 1076 praesidium

167 1096 572 1169 confugimus,
604 1095 706 1151 Dei
738 1095 1031 1161 Genitrix;
1061 1100 1326 1150 nostram
1357 1093 1821 1167 deprecationem

166 1201 245 1241 ne
264 1184 556 1256 despicias
581 1184 635 1238 in
663 1182 1131 1249 necessitatibus,
1156 1184 1255 1239 sed
1283 1200 1316 1238 a
1343 1183 1617 1255 periculis
1641 1183 1824 1238 libera

167 1290 282 1330 nos
314 1289 568 1344 semper,
598 1272 774 1344 Virgo
805 1271 1077 1344 gloriosa.
1109 1273 1314 1329 Ultima
1334 1273 1633 1344 antiphona
1651 1273 1824 1344 primi

163 1363 455 1417 Nocturni.
490 1362 553 1416 In
587 1359 746 1433 prole
778 1366 981 1424 mater,
1015 1361 1074 1415 in
1107 1365 1278 1432 partu
1309 1361 1489 1433 virgo,
1531 1362 1720 1433 gaude
1766 1365 1822 1416 et

161 1450 366 1506 laetare
397 1450 594 1522 Virgo,
629 1454 816 1505 mater
845 1449 1077 1504 Domini

591 1556 647 1593 IN
681 1555 876 1593 NATALI
909 1554 1092 1594 SANCTI
1128 1555 1386 1594 MARTINI.

667 1627 745 1682 Ad
774 1644 1022 1700 vesperas
1067 1628 1320 1699 hymnus.

453 1717 570 1772 Rex
599 1716 846 1781 Christe,
881 1716 1113 1771 Martini
1143 1716 1321 1771 decus

353 1805 456 1862 Hic
482 1804 613 1861 laus
640 1811 762 1872 tua,
797 1808 857 1860 tu
893 1803 1073 1872 illius,

351 1895 440 1950 Tn
471 1910 577 1951 nos
609 1897 668 1970 in
700 1894 807 1949 hoc
835 1897 893 1948 te
923 1893 1112 1949 colere

353 1983 596 2050 Quando
627 1983 823 2054 ipsum
854 1983 911 2036 in
945 1987 1002 2038 te
1033 1981 1242 2037 tribue.

422 2072 530 2136 Qui
561 2073 667 2128 das
699 2089 800 2143 per
829 2071 988 2126 orbis
1019 2070 1290 2126 cardines

353 2161 512 2226 Quod
547 2176 781 2233 gemma
814 2158 997 2231 fulget
1029 2158 1366 2230 praesulum,

339 2250 460 2320 .Da,
492 2266 639 2321 quos
669 2252 943 2321 premunt
973 2246 1156 2320 culpae
1189 2263 1412 2320 graves,

356 2337 553 2393 Solvat
582 2355 684 2410 per
713 2339 920 2410 ingens
951 2337 1248 2393 meritum.

452 2428 534 2482 En
568 2443 789 2499 pauper
817 2425 913 2481 hic
944 2430 1000 2481 et
1022 2426 1288 2481 modicus

351 2515 553 2572 Polum
585 2515 743 2571 dives
775 2514 1117 2587 ingreditur.

351 2604 486 2660 Coeli
519 2604 784 2660 cohortes
815 2601 1069 2671 obviant,

355 2693 614 2764 Linguae,
646 2691 855 2757 tribus,
889 2697 1093 2763 gentes
1123 2695 1313 2745 ovant.

451 2783 522 2837 Ut
550 2781 668 2836 vita
696 2781 876 2853 fulget
906 2781 1189 2836 transitus

349 2869 485 2926 Cceli
517 2875 570 2926 et
604 2887 736 2925 arvo
767 2869 1134 2942 splendidus,

349 2961 614 3015 Gaudere
645 2959 868 3014 cunctis
902 2958 1065 3030 pium
1097 2961 1204 3023 est,

346 3048 584 3104 Cunctis
615 3046 775 3103 salus
805 3048 883 3102 sit
907 3047 1027 3101 haec
1058 3047 1206 3102 dies.

448 3137 694 3192 Martiae
725 3153 831 3208 par
863 3134 1165 3208 apostolis,

353 3227 588 3282 Festum
620 3224 876 3281 colentes
903 3227 966 3278 tu
1000 3225 1144 3290 fove,

353 3314 460 3378 Qui
491 3314 678 3370 vivere
709 3312 1013 3385 discipulis
1047 3312 1154 3381 vis,

356 3403 422 3457 Et
451 3402 596 3458 mori
630 3417 745 3457 non
777 3402 1024 3473 respuis.

453 3491 561 3546 Fac
589 3506 762 3557 nunc,
796 3491 949 3561 quod
983 3488 1120 3544 olim
1153 3505 1438 3562 gesseras,

348 3581 514 3635 Nunc
543 3577 818 3650 praesules
850 3577 1124 3646 clariﬁca,

349 3670 508 3740 Auge
539 3667 718 3722 decus
749 3666 1016 3722 Ecclesiae

351 3757 610 3812 Fraudes
640 3755 822 3812 relide
851 3757 1098 3812 Satanae.

443 3844 549 3909 Qui
581 3850 669 3900 ter
699 3844 875 3900 chaos
907 3845 1219 3911 evisceras,

348 3934 572 3989 Mersos
599 3936 759 3987 reatu
788 3933 1026 3997 suscita,

346 4022 638 4077 Diviseras
671 4025 733 4076 ut
763 4021 1135 4090 chlamidem,

346 4111 462 4166 Nos
490 4109 667 4165 indue
689 4109 1004 4179 justitiam.

447 4197 520 4253 Ut
549 4196 817 4269 specialis
849 4197 1043 4269 gloriae

347 4286 648 4350 Quondam
677 4285 994 4341 recorderis
1026 4290 1159 4353 tuac,

347 4375 666 4431 Monastico
698 4392 851 4430 nunc
875 4375 1084 4430 ordini.

347 4465 478 4520 Jam
513 4480 658 4535 pene
692 4463 856 4534 lapso
889 4464 1151 4520 subveni.

422 4551 510 4608 Sit
538 4551 807 4606 Trinitati
843 4551 1048 4624 gloria,

351 4640 638 4697 Martinus
670 4646 734 4696 ut
764 4641 1069 4697 confessus
1099 4646 1188 4697 est
1213 4661 1224 4709 ;

351 4730 530 4802 Cujus
561 4730 736 4784 ﬁdem
769 4746 872 4801 per
901 4745 1096 4801 opera,

353 4819 414 4873 In
449 4833 556 4873 nos
587 4822 642 4873 et
670 4817 796 4889 ipse
827 4818 1075 4874 roboret.
1110 4821 1314 4874 Amen.

600 4923 654 4960 IN
687 4923 1057 4961 DEDICATIONE
1094 4924 1390 4962 ECCLESIIE.

671 4994 749 5049 Ad
779 5011 1023 5067 vesperas
1064 4995 1322 5066 hymnus.

281 5081 531 5147 Christe,
563 5087 905 5138 cunctorum
939 5085 1274 5140 dominator
1300 5084 1473 5152 alme,

279 5170 467 5226 Patris
497 5171 693 5226 reterni
724 5173 957 5243 genitus
989 5173 1061 5227 ab
1092 5188 1190 5227 ore

282 5258 625 5331 Supplicum
655 5264 808 5328 vota,
836 5261 1170 5333 pariterque
1202 5261 1487 5333 hymnum

731 5349 911 5405 Cerne
942 5351 1258 5422 benignus.

349 5439 531 5492 Cerne
563 5437 718 5508 quod
751 5454 921 5509 puro,
955 5439 1130 5504 Deus,
1159 5438 1217 5494 in
1249 5439 1468 5495 honore

281 5525 451 5582 Plebs
481 5528 582 5581 tua
613 5525 857 5598 supplex
889 5532 1126 5583 resonat
1155 5527 1212 5582 in
1247 5527 1400 5583 aula.

279 5616 489 5676 Annua
519 5615 690 5687 cujus
722 5616 970 5673 redeunt
997 5615 1240 5674 colenda

495 5741 760 5810 PATROL.
805 5741 948 5808 GLI.

1852 4578 1899 4643 D

972 338 1360 407 excaapr.
1405 338 1509 406 ax
1550 339 1780 446 conn.
1823 336 2140 448 tunae.
2187 339 2784 407 FONTAVELLAN.

3461 341 3582 459 97,9

2519 476 2803 546 Tempore
2831 475 2998 531 festa.

2111 564 2240 619 Ηωο
2271 564 2484 620 domus
2517 564 2624 618 rite
2653 562 2759 618 tibi
2791 563 3058 620 dedicata

2038 651 2328 719 Noscitur,
2362 652 2420 708 in
2455 669 2573 724 qua
2600 651 2853 724 populus
2892 655 3189 709 sacratum

1999 740 2007 750 '
2041 743 2260 812 Corpus
2291 740 2559 810 assumit,
2595 741 2762 807 bibit,
2797 745 2853 797 et
2883 741 3036 798 beati

2428 829 2745 902 Sanguinis
2774 831 3077 887 haustum.

2116 917 2257 973 Hinc
2291 919 2644 974 sacrosancti
2677 918 2877 975 latices
2906 923 3174 975 veternas

2040 1004 2287 1060 Diluunt
2317 1006 2541 1078 culpas,
2574 1007 2989 1080 perimuntque
3019 1025 3220 1074 noxas,

2040 1093 2366 1150 Chrismate
2396 1108 2528 1150 vero
2558 1111 2745 1168 genus
2774 1099 2841 1152 ut
2871 1101 3100 1152 creetur

2511 1185 3008 1242 Christicolarum.

2107 1273 2210 1328 Hic
2242 1273 2402 1329 salus
2434 1273 2625 1345 aagris,
2660 1273 2953 1330 medicina
2981 1274 3177 1340 fessis,

2038 1361 2258 1416 Lumen
2291 1362 2532 1428 orbatis,
2564 1361 2849 1434 veniaque
2879 1363 3098 1418 nostris

2037 1449 2241 1505 Fertur
2271 1450 2528 1517 offensis,
2555 1450 2732 1505 timor
2761 1455 2935 1523 atque
2969 1468 3184 1507 mceror

2507 1537 2752 1594 Pellitur
2781 1540 2994 1596 omnis.

2107 1626 2400 1682 Dzemonis
2431 1643 2584 1682 saava
2612 1627 2763 1698 perit
2790 1627 2886 1684 hic
2918 1629 3142 1701 rapina,

2037 1715 2309 1771 Pervicax
2338 1719 2667 1772 monstrum
2701 1720 2895 1788 pavet,
2924 1717 2984 1773 et
3011 1721 3237 1774 retenta

2032 1808 2286 1876 Corpora
2313 1803 2586 1876 linquens
2617 1805 2765 1878 fugit
2794 1805 2855 1860 in
2887 1809 3141 1863 remotas

2515 1893 2689 1950 Ocius
2719 1895 2980 1950 umbras.

2107 1979 2210 2035 Hic
2238 1981 2400 2038 locus
2433 1985 2642 2054 nempe
2671 1983 2962 2039 vocitatur

2032 2068 2182 2124 Aula
2212 2069 2388 2142 Regis
2421 2070 2638 2138 aeterni,
2672 2071 2941 2143 niveique
2969 2071 3121 2139 caeli,

2036 2158 2328 2230 Portaque
2359 2160 2489 2214 vitae
2519 2160 2771 2232 patriam
2802 2165 3066 2232 petentes

2516 2249 2740 2321 Accipit
2769 2265 2995 2305 omnes.

2109 2337 2302 2391 Turbo
2331 2353 2505 2408 quam
2531 2336 2730 2394 nullus
2761 2339 2970 2408 quatit,
3004 2343 3106 2395 aut
3134 2343 3415 2413 vagantes

2035 2425 2287 2480 Diruunt
2315 2427 2492 2492 venti,
2521 2431 2946 2498 penetrantque
2978 2427 3186 2495 nimbi,

2036 2514 2160 2568 Non
2192 2514 2325 2570 tetri
2359 2513 2515 2569 laedit
2544 2515 2745 2587 piceus
2777 2516 3031 2572 tenebris
3129 2511 3133 2516 ⁷

2463 2604 2744 2659 Tartarus
2775 2603 3040 2660 horrens.

2109 2693 2454 2756 Quaesumus
2484 2707 2640 2764 ergo,
2675 2692 2850 2760 Deus,
2883 2697 2948 2748 ut
2978 2709 3183 2750 sereno

2035 2781 2277 2835 Annuas
2304 2779 2469 2835 vultu
2501 2779 2754 2836 famulos
2781 2781 2996 2851 videre,

2038 2868 2143 2933 Qui
2175 2869 2259 2923 tui
2283 2885 2548 2926 summos
2579 2869 2876 2926 celebrant
2905 2886 3103 2926 amore

2511 2957 2734 3014 Gaudia
2762 2959 2987 3031 templi.

2109 3045 2280 3101 Nulla
2310 3063 2416 3102 nos
2445 3046 2573 3102 vitae
2607 3047 2870 3103 cruciant
2897 3045 3163 3116 molesta,

2036 3135 2164 3190 Sint
2191 3135 2316 3190 dies
2346 3135 2479 3203 laeti,
2515 3134 2872 3208 placidaeque
2903 3141 3126 3203 noctes,

2036 3223 2245 3279 Nullus
2271 3241 2338 3280 ex
2365 3223 2531 3280 nobis
2560 3229 2838 3296 pereunte
2869 3225 3088 3281 mundo

2258 3381 2266 3389 ε
2535 3314 2762 3368 Sentiat
2785 3313 2972 3385 ignes.

2107 3402 2207 3456 Hic
2239 3403 2384 3469 dies,
2418 3401 2476 3456 in
2511 3418 2626 3473 quo
2656 3400 2764 3455 tibi
2793 3405 3190 3458 consecratam

2033 3489 2331 3563 Conspicis
2361 3506 2523 3546 aram
2552 3488 2775 3545 tribuat
2804 3505 3056 3560 perenne

2034 3578 2325 3633 Gaudium
2355 3578 2546 3648 nobis,
2577 3577 2884 3650 vigeatque
2907 3577 3080 3651 longo

2511 3667 2814 3739 Temporis
2843 3683 2975 3723 usu.

2103 3755 2357 3812 Gloriam
2392 3770 2625 3810 summo
2654 3771 2998 3812 resonemus
3019 3755 3174 3811 Patri

2031 3845 2287 3900 Gloriam
2319 3845 2484 3912 Nato,
2519 3844 2851 3916 pariterque
2882 3848 3084 3901 sancto

2031 3933 2271 4006 Spiritui
2305 3933 2459 3991 dulci
2490 3932 2863 3989 modulemur
2890 3932 3109 4006 hymno

2375 4021 2516 4078 Esse
2546 4038 2648 4094 per
2678 4038 2885 4077 aevum.
2916 4027 3127 4078 Amen.

1925 4140 1987 4193 In
2016 4140 2162 4194 calce
2210 4138 2517 4209 supradicti
2565 4138 2827 4194 breviarii
2873 4139 3073 4210 legitur
3123 4139 3368 4210 ofﬁcium
3415 4139 3578 4209 beatae

2637 4211 2859 4267 Mariae.

1926 4316 2138 4354 INCIPIT
2163 4315 2433 4353 OFFICIUM
2487 4313 2679 4354 ΒΕΔΤΑΞ
2729 4316 2923 4354 MAPJE
2968 4316 3223 4356 VIRGINIS
3267 4315 3579 4356 SECUNDUM

1997 4386 2474 4426 CONSUETUDINEM
2518 4387 2914 4426 MONACHORUM
2960 4387 3303 4427 MONASTERII
3353 4381 3580 4428 εΑκσιἮ

1997 4458 2198 4496 CRUCIS
2228 4457 2425 4495 FONTIS
2454 4457 2778 4496 AVELLANE.

2001 4555 2078 4608 Ad
2105 4556 2460 4609 matutinum.
2496 4553 2760 4624 Domine,
2795 4556 2952 4612 labia
2983 4574 3115 4613 mea
3164 4558 3412 4629 aperies,
3467 4561 3577 4612 etc.

1928 4659 2099 4714 usque
2126 4642 2194 4697 ad
2225 4643 2497 4697 lectiones.
2523 4643 2919 4714 LccliOprima.
2947 4644 3160 4700 Sancta
3185 4644 3388 4712 Maria,
3405 4643 3581 4716 Virgo

1928 4731 2242 4804 virginum,
2295 4734 2482 4784 mater
2528 4734 2584 4784 et
2636 4730 2758 4785 tilia
2809 4732 2983 4804 Regis
3026 4747 3254 4804 regum,
3313 4729 3581 4787 omnium

1933 4827 2100 4876 tuum
2133 4819 2303 4874 nobis
2335 4818 2607 4890 impende
2657 4818 2957 4888 solatium,
3007 4824 3071 4874 ut
3123 4819 3371 4876 ccelestis
3420 4818 3584 4892 regni

1934 4925 2183 4964 meream
2196 4907 2485 4962 urhabere
2501 4907 2830 4977 praemium,
2845 4924 2978 4963 cum
3006 4907 3205 4964 electis
3226 4907 3328 4964 Dei
3341 4921 3584 4981 regnare

1932 4999 1990 5052 in
2015 5000 2382 5069 perpetuum.
2401 4997 2459 5064 ιῖ.
2476 4996 2545 5052 Ut
2565 4995 2720 5066 apud
2746 5013 2872 5052 nos.
2893 4998 3072 5053 Lectio
3093 4997 3349 5054 secunda.
3371 4997 3586 5069 Sancta

1930 5085 2132 5154 Maria,
2168 5085 2396 5156 piarum
2429 5082 2716 5156 piissima,
2751 5083 3043 5141 intercedc
3072 5103 3175 5158 pro
3206 5084 3397 5156 nobis,
3445 5101 3582 5142 san-

1931 5180 2157 5231 ctarum
2191 5172 2584 5238 sanctissima,
2620 5175 2684 5225 ut
2715 5188 2818 5243 per
2847 5177 2903 5228 te
2933 5178 3130 5230 sumat
3159 5178 3360 5230 nostra
3388 5189 3583 5246 preca-

1931 5263 2112 5330 mina,
2141 5261 2241 5333 qui
2267 5277 2372 5332 pro
2403 5259 2572 5314 nobis
2604 5262 2779 5314 natus
2812 5265 3016 5332 regnat
3041 5277 3220 5332 super
3248 5261 3484 5330 aethera,
3517 5266 3586 5318 ut

1931 5356 2034 5407 tua
2063 5351 2276 5423 pietate
2307 5348 2500 5405 deleat
2531 5352 2731 5403 nostra
2760 5349 3118 5420 peccamina.
3140 5351 3198 5419 ii).
3217 5348 3374 5407 Felix
3415 5366 3588 5406 nam-

1931 5458 2065 5514 que,
2098 5445 2205 5496 etc.
2251 5440 2430 5494 Lcctio
2477 5439 2656 5493 tertia.
2710 5439 2922 5493 Sancta
2970 5438 3071 5494 Dei
3121 5437 3407 5507 Genitrix,
3459 5453 3589 5509 qua

1931 5529 2104 5603 digne
2132 5526 2398 5583 meruisti
2432 5525 2734 5598 concipere
2764 5543 2939 5598 quem
2971 5530 3129 5582 totus
3172 5525 3332 5582 orbis
3379 5526 3591 5597 nequit

1931 5615 2442 5695 comprehendere,
2462 5631 2807 5688 qumsumus
2825 5619 2890 5673 ut
2907 5619 3008 5672 tuo
3030 5613 3359 5672 interventu
3385 5611 3589 5700 culpae

3187 5741 3269 5828 si
