3978 6358
391 398 505 462 971

1759 399 2072 468 MONUM.
2117 397 2432 466 LITUBG.

3672 402 3802 467 9'72

393 537 624 589 nostras
655 533 880 605 abluas,
913 553 1028 608 quo
1058 550 1371 610 perennem
1404 539 1602 594 sedem
1633 536 1826 612 glorias
1853 555 1954 611 per
1984 541 2038 593 te
2067 539 2120 605 Α
2152 536 2315 592 drus.
2335 536 2392 603 fe.
2419 535 2750 606 Adjuvabit.
2776 537 2829 606 it.
2851 535 3014 593 Sicut
3065 531 3320 610 myrrha.
3377 538 3582 595 Oratio.
3637 539 3800 597 Deus

392 622 677 694 redempti
740 639 1070 682 mereamur
1124 627 1424 695 scandere,
1487 627 1588 683 ubi
1641 643 1844 683 manes
1899 643 2034 682 cum

392 711 596 767 eodem
630 712 774 768 Filio
832 717 932 768 tuo
991 714 1138 770 sime
1193 717 1744 790 tempore.r%.Beata
1791 734 1875 783 es,
1924 719 2033 771 etc.

392 800 658 870 Hymnus.
693 801 769 857 Te
799 807 980 859 Deum
1012 803 1346 861 laudamus.
1384 807 1708 862 Vcrsicutus.
1750 805 2035 860 Dominus

387 887 710 944 vobiscum.
761 891 1077 963 Sequentia
1121 893 1307 948 sancti
1357 893 1652 967 Evangelii
1708 893 2032 950 secundum

387 976 620 1033 Lucam.
668 979 732 1034 In
765 979 865 1036 illo
913 985 1203 1054 tempore:
1255 983 1552 1055 Loquente
1601 985 1738 1040 Jesu
1789 983 1861 1039 ad
1910 986 2032 1038 tur-

388 1065 514 1134 bas,
547 1071 956 1138 etc.li.Amen.
989 1071 1066 1126 Te
1105 1071 1268 1127 decet
1314 1072 1465 1138 laus,
1517 1077 1625 1128 etc.
1676 1073 1755 1127 Ad
1807 1071 2034 1126 Benedi-

389 1163 503 1211 ctus
532 1159 857 1230 antiphona.
892 1159 1025 1222 Quae
1055 1164 1144 1215 est
1173 1161 1307 1231 ista,
1354 1178 1482 1233 quas
1531 1161 1833 1216 descendit
1881 1159 2036 1222 sicut

389 1261 600 1302 aurora
632 1263 1009 1320 consurgens,
1042 1247 1291 1320 pulchra
1320 1255 1386 1305 ut
1415 1249 1578 1318 luna,
1611 1249 1790 1305 electa
1829 1253 1892 1304 ut
1923 1249 2029 1317 sol,

387 1335 666 1390 terribilis
691 1341 753 1390 ut
780 1341 1106 1392 castrorum
1137 1337 1291 1394 acies
1323 1339 1633 1394 ordinata?
1679 1338 1850 1410 Kyrie
1895 1337 2032 1394 elei-

387 1440 516 1490 son,
549 1429 658 1480 etc.
702 1425 872 1481 Pater
923 1426 1648 1495 nos'ter.,i.Benedicamus
1697 1427 1922 1482 Patrem
1975 1431 2033 1482 et

385 1511 598 1566 Filium
629 1529 764 1567 cum
797 1517 1000 1568 sancto
1029 1513 1697 1586 Spiritu.r’€,.Laudemus
1727 1519 1784 1569 et
1826 1530 2028 1586 super-

384 1598 708 1656 exaltemus
739 1617 874 1656 eum
892 1600 949 1657 in
969 1601 1198 1658 saecula.
1221 1603 1273 1671 Ῡ.
1294 1603 1426 1658 Post
1444 1607 1702 1675 partum,
1723 1602 1920 1674 Virgo,
1945 1603 2030 1656 in-

380 1687 595 1744 violata
625 1689 1216 1760 permansistiJiDei
1263 1691 1541 1755 G-enitrix,
1587 1691 1878 1746 intercede
1925 1707 2028 1761 pro

381 1777 952 1847 nobis.,v.Mirabilis
1009 1779 1341 1850 Deus.ﬁ.ln
1403 1779 1624 1836 sanctis
1677 1780 2024 1846 suis.i'.Do-

378 1853 576 1921 minus
604 1865 926 1922 vobiscum.
949 1868 1068 1936 etEt
1095 1884 1254 1923 cum.

450 1955 654 2010 Oratio.
689 1955 844 2010 Deus
875 1957 1044 2027 cujus
1071 1973 1313 2012 munere
1343 1957 1685 2012 Trinitatem
1719 1957 1777 2011 in
1827 1973 2027 2028 perso-

378 2043 494 2110 nis,
523 2047 580 2098 et
611 2043 898 2100 Unitatem
933 2043 992 2098 in
1037 2043 1236 2100 divina
1283 2045 1613 2100 substantia
1659 2045 2024 2113 conﬁtemur,

383 2131 632 2186 concede
662 2131 972 2204 propitius,
997 2131 1192 2199 uthac
1215 2131 1373 2189 ﬁdeli
1393 2131 1572 2188 lorica
1602 2133 1812 2188 muniti
1836 2150 2025 2189 acun-

379 2220 488 2274 etis
518 2219 694 2274 etiam
725 2236 1058 2276 mereamur
1087 2219 1540 2277 adversitatibus
1573 2219 1824 2277 liberari.

450 2307 573 2362 Alia
602 2309 794 2364 oratio.
827 2307 1004 2376 Deus,
1038 2309 1138 2381 qui
1172 2307 1386 2364 Filium
1434 2313 1602 2364 tuum
1652 2311 1724 2364 ad
1777 2326 1882 2366 nos
1927 2326 2028 2382 per

377 2395 677 2468 Virginem
701 2395 980 2470 dignatus
997 2413 1058 2452 es
1083 2397 1334 2465 mittere,
1357 2398 1430 2452 da
1451 2397 1619 2453 nobis
1643 2399 1713 2454 ad
1743 2402 1798 2453 te
1819 2399 2024 2454 suifra-

378 2483 652 2556 gantibus
683 2485 944 2555 ejusdem
977 2486 1154 2541 beatas
1185 2485 1379 2542 Mariae
1411 2487 1682 2558 precibus
1704 2486 1926 2560 jugiter
1947 2487 2024 2542 fe-

381 2571 618 2628 stinare.

447 2661 575 2716 Alia
604 2664 798 2717 oratio.
831 2662 1130 2718 Auxilium
1165 2669 1332 2718 tuum
1363 2664 1554 2732 nobis,
1589 2663 1851 2734 Domine,
1903 2663 2022 2735 pla-

377 2753 544 2805 catus
575 2749 870 2820 impende,
901 2754 957 2804 et
982 2750 1376 2806 intercedente
1406 2751 1574 2807 beata
1603 2751 1705 2807 Dei
1745 2753 2024 2824 geui'trice

377 2837 563 2893 Maria
593 2853 724 2893 eum
757 2837 1034 2894 omnibus
1064 2839 1284 2894 sanctis
1313 2839 1454 2905 tuis,
1489 2840 1576 2894 fac
1607 2857 1714 2895 nos
1743 2841 1814 2896 ab
1862 2841 2021 2896 omni

377 2927 727 2981 adversitate
758 2925 1023 2994 liberari;
1045 2929 1102 2982 et
1131 2931 1344 2990 aeterna
1372 2927 1570 2984 laetitia
1599 2929 1872 3001 gaudere.
1916 2931 2024 2983 l‘er

375 3013 716 3082 Dominum,
747 3017 858 3068 etc.

448 3101 730 3172 Su/fragia
757 3102 826 3156 ad
863 3102 1212 3158 matutinum.
1266 3105 1594 3176 Antiphona.
1649 3105 1804 3161 Inter
1851 3109 2019 3162 natos

376 3188 712 3246 mulierum.
747 3191 797 3258 ᾖ.
834 3191 1040 3246 Justus
1097 3196 1162 3246 ut
1217 3193 1431 3264 palma.
1465 3195 1523 3264 ii).
1561 3193 1724 3250 Sicut
1785 3194 2015 3251 cedrus.

2059 1903 2106 1968 B

2150 625 2250 695 qui
2285 623 2452 680 nobis
2499 631 2714 680 sanctae
2757 625 3062 682 Trinitatis
3110 624 3453 698 mysterium
3501 625 3798 694 revelasti,

2143 712 2355 781 tribue,
2389 729 2754 784 quaesumus,
2788 714 3172 786 utquijamte
3189 713 3802 788 exfidecognovimus,

2147 817 2248 872 per
2277 800 2412 855 boni
2443 801 2638 873 operis
2667 807 2984 874 augmenta
3011 818 3366 859 crescamus.

2215 889 2337 944 Atia
2365 891 2559 946 oratio.
2591 889 2850 946 Concede
2880 907 3006 958 nos,
3041 907 3402 962 quaesumus,
3425 891 3801 966 omnipotens

2147 977 2316 1046 Deus,
2351 978 2531 1033 beatae
2565 977 2758 1033 Marias
2790 995 3021 1052 semper
3049 979 3292 1052 virginis
3313 981 3588 1052 precibus
3606 982 3800 1038 suble-

2141 1065 2284 1130 vari,
2317 1081 2420 1137 per
2448 1067 2618 1138 cujus
2652 1067 3002 1124 ineffabilem
3033 1071 3268 1140 partum
3289 1067 3617 1141 procurast‘i
3639 1069 3796 1126 salu-

2142 1153 2218 1208 tis
2248 1153 2518 1209 humanze
2550 1155 2898 1210 remedium.

2211 1241 2335 1296 Atia
2365 1244 2562 1298 oratio.
2583 1243 2859 1298 Omnium
2879 1248 3216 1307 sanctorum
3239 1249 3499 1312 tuorum,
3527 1247 3790 1315 Domine,

2142 1329 2565 1402 supplicatione
2597 1330 2885 1403 placatus,
2917 1331 3146 1387 veniam
3180 1333 3348 1390 nobis
3369 1333 3578 1405 tribue,
3611 1341 3670 1392 et
3701 1353 3790 1393 re-

2142 1417 2336 1472 media
2363 1418 2724 1489 sempiterna
2751 1420 3024 1475 concede.

2212 1505 2289 1560 Ad
2317 1523 2522 1561 nonum
2549 1508 2806 1579 hymnus.
2841 1507 2884 1562 Ο
2916 1507 3233 1580 singularis
3255 1509 3519 1577 Domina,
3543 1514 3655 1568 etc.
3678 1513 3788 1568 An-

2136 1595 2380 1665 tiphonti,
2407 1597 2631 1667 psalmi,
2657 1599 2707 1652 et
2738 1597 2894 1652 tactio
2925 1605 2986 1652 ut
3031 1597 3178 1668 apud
3223 1597 3618 1671 nos.Q.Elegit
3655 1616 3788 1657 eam

2139 1688 2311 1750 Deus,
2363 1684 2834 1756 e‘te.i7.Speciosa
2885 1684 3039 1740 facta
3084 1701 3167 1740 es.
3215 1685 3421 1742 Oratio.
3475 1691 3628 1744 Deus
3683 1688 3788 1760 qui

2135 1771 2500 1844 virginalem.

2207 1862 2330 1915 Atia
2360 1863 2553 1916 oratio.
2588 1860 2824 1934 Porrige
2857 1861 3046 1930 nobis,
3073 1865 3248 1930 Deus,
3275 1863 3572 1920 dexteram
3595 1869 3783 1934 tuam,

2135 1952 2192 2004 et
2221 1965 2324 2021 per
2352 1949 2830 2005 intercessionem
2857 1949 3039 2005 beatae
3073 1949 3264 2006 Maria
3291 1967 3524 2024 semper
3539 1951 3785 2026 virginis

2137 2041 2193 2090 et
2222 2037 2486 2092 omnium
2518 2042 2857 2092 sanctorum
2887 2042 3123 2092 tuorum
3151 2037 3433 2095 auxilium
3465 2039 3635 2096 nobis
3683 2058 3784 2098 su-

2136 2141 2324 2196 pernae
2355 2125 2587 2182 virtutis
2618 2126 2910 2198 impende.

2229 2214 2309 2269 Ad
2381 2231 2629 2286 vespcras
2701 2215 3036 2286 antiphona.
3113 2217 3260 2272 Ante
3327 2219 3548 2275 torum.
3617 2219 3748 2276 Psal
3768 2263 3781 2276 .

2137 2302 2310 2358 Dixit.
2352 2304 2662 2374 Antiphona
2701 2304 2878 2374 Aquae
2935 2301 3152 2360 multae.
3201 2305 3477 2362 Psatmus.
3530 2306 3784 2364 Laetatus

2135 2407 2290 2447 sum.
2329 2393 2656 2464 Antiphona.
2691 2395 2896 2464 Surge,
2921 2392 3140 2464 aquilo,
3169 2399 3226 2448 et
3238 2394 3392 2462 veni,
3416 2399 3633 2465 auster,
3659 2413 3785 2470 per-

2135 2479 2210 2534 fla
2241 2479 2474 2536 hortum
2507 2497 2724 2546 meum,
2753 2485 2810 2536 et
2857 2482 3040 2540 ﬂuent
3087 2487 3352 2538 aromata
3398 2481 3581 2539 illius.
3629 2485 3781 2542 Psat.

2133 2567 2257 2624 Nisi
2315 2569 2618 2626 Dominus.
2689 2571 3024 2642 Antipho-na.
3099 2571 3422 2638 Revertere,
3477 2579 3780 2632 revertere.

2130 2655 2280 2711 Psal.
2313 2657 2625 2726 Memento,
2662 2658 2922 2714 Domine.
2955 2658 3282 2730 Antiphona.
3307 2659 3368 2714 lu
3391 2659 3552 2732 prole
3575 2662 3783 2733 Mater,

2134 2743 2190 2798 in
2221 2751 2392 2816 partu
2422 2745 2619 2818 Virgo,
2651 2747 2840 2822 gaude
2871 2751 2930 2803 et
2959 2746 3172 2816 laetare,
3205 2749 3402 2822 Virgo,
3437 2754 3623 2806 mater
3670 2756 3782 2808 Do-

2131 2833 2298 2888 mini.
2331 2835 2460 2890 Psal
2511 2835 2708 2891 Lauda
2759 2835 3108 2892 Jerusalem.
3167 2837 3373 2893 Lectio:
3435 2839 3552 2911 Ego
3609 2842 3781 2912 quasi

2127 2921 2283 2988 vitis,
2315 2927 2425 2978 etc.
2447 2922 2784 2993 Ii.Exaltata
2810 2940 2873 2979 es
2905 2927 3108 2980 sancta
3136 2923 3235 2980 Dei
3283 2923 3560 2982 Genitrix.
3609 2930 3778 3000 Hym-

2126 3027 2250 3066 nus.
2283 3011 2460 3068 Sidus
2491 3012 2686 3068 Marias
2713 3011 3108 3085 splendidum,
3160 3016 3268 3068 etc.
3318 3013 3400 3069 Ad
3444 3015 3776 3087 Hagniﬁcat.

2127 3099 2307 3156 Maria
2335 3100 2516 3174 virgo,
2552 3117 2667 3156 non
2699 3104 2790 3156 est
2816 3101 2923 3156 tibi
2957 3101 3172 3158 similis
3203 3105 3340 3158 nata
3369 3103 3428 3158 in
3463 3106 3684 3162 mundo
3713 3107 3777 3162 in

2127 3187 2496 3258 mulieribus,
2529 3187 2746 3244 ﬂorens
2777 3193 2843 3244 ut
2871 3205 3025 3256 rosa,
3055 3187 3219 3245 olens
3248 3189 3402 3246 sicut
3427 3190 3640 3260 lilium,
3672 3211 3780 3251 ora

377 3278 582 3334 Oratio.
615 3279 768 3334 Beati
790 3279 1036 3336 Joannis
1057 3281 1352 3352 Baptistae,
1377 3298 1502 3350 nos,
1527 3299 1890 3354 quaesumus.
1913 3284 2018 3340 Do-
2045 3265 2090 3332 (ἶ
2127 3293 2230 3350 pPO
2257 3277 2425 3333 nobis
2457 3278 2610 3350 apud
2641 3281 2810 3333 tuum
2833 3276 3066 3332 Filium.
3091 3277 3280 3350 Kyrie.
3304 3282 3493 3336 Pater.
3515 3282 3573 3350 ιὶ).
3595 3281 3776 3339 Bene-

375 3367 552 3438 mine,
585 3371 694 3423 etc.
741 3368 1070 3440 Antiphona.
1123 3369 1328 3426 Petrus
1378 3371 1760 3442 apostolusj.
1780 3371 1844 3427 In
1892 3389 2016 3429 om-

374 3472 530 3512 nem.
557 3457 612 3526 ἰῇ.
635 3457 702 3510 Et
756 3455 814 3510 in
873 3457 1040 3513 lines.
1101 3457 1300 3514 Oratio.
1361 3459 1592 3527 Praesta,
1655 3476 2015 3531 quaesumus,

374 3543 742 3616 omnipotens
773 3545 948 3614 Deus,
983 3550 1047 3601 ut
1076 3545 1254 3603 nullis
1283 3563 1408 3616 nos,
1433 3552 1540 3604 etc.
1576 3548 1903 3620 Antiphone.
1937 3553 2020 3606 Da

372 3633 811 3706 pacem.i«.l“iat
842 3636 1050 3706 pani.
1070 3635 1138 3690 Et
1167 3636 1546 3692 abundantia.
1583 3637 1788 3694 Oratio.
1839 3638 2014 3708 Deus,

371 3739 406 3778 a
429 3739 545 3794 quo
571 3726 775 3778 sancta
803 3723 1112 3792 desideria,
1146 3729 1252 3779 etc.
1286 3725 1618 3796 Antiphona.
1643 3725 1798 3782 Justi
1833 3726 2016 3799 fulgo:

369 3810 910 3879 bunt.i‘.Mirabilis
958 3811 1132 3868 Deus.
1151 3814 1206 3882 li).
1225 3813 1287 3868 In
1338 3813 1558 3868 sanctis
1609 3814 1754 3869 suis.
1807 3815 2014 3870 Oratio.

267 3929 276 3937 -
367 3903 522 3954 Deus
553 3897 652 3970 qui
683 3915 789 3954 nos
819 3900 1114 3966 concedis,
1143 3905 1252 3956 etc.

437 3986 518 4040 Ad
538 3987 780 4058 primam
807 3988 1062 4060 hymnus.
1096 3989 1271 4043 Beata
1300 3988 1398 4044 Dei
1448 3989 1728 4057 Genitrix,
1781 3993 1914 4058 etc.,
1947 4007 2016 4046 eo:

367 4073 631 4146 Opm'ib-us
658 4076 714 4130 S.
747 4077 898 4131 Petri
927 4077 1202 4131 Damiani.
1239 4077 1566 4147 Antiphona.
1601 4077 1682 4131 Ex
1711 4081 1786 4144 te,
1833 4079 2012 4135 Maria

363 4163 546 4235 virgo.
578 4164 724 4218 Psat.
759 4164 972 4219 Beatus
997 4163 1084 4218 vir
1113 4163 1212 4235 qui
1246 4180 1360 4218 non
1410 4164 1569 4218 abiit.
1619 4166 1770 4220 Psat.
1826 4168 2014 4232 Quare

366 4252 746 4308 fremuerunt.
778 4253 926 4306 Psat.
961 4249 1225 4317 Domine,
1259 4266 1330 4306 ne
1352 4250 1408 4306 in
1430 4251 1516 4306 ira
1537 4256 1659 4308 tua.
1682 4255 2008 4326 Antiphona.

367 4341 446 4396 Ex
475 4345 552 4406 te,
584 4339 765 4396 Maria
795 4340 975 4411 virgo,
1011 4337 1292 4409 processit
1317 4342 1466 4394 Deus
1517 4343 1574 4395 et
1621 4341 1812 4410 homo,
1861 4342 2012 4416 lapis

369 4429 668 4485 abscissus
698 4432 788 4483 est
819 4428 888 4482 de
918 4432 976 4482 te
1007 4425 1272 4481 Christus
1301 4427 1522 4499 virgine
1552 4435 1810 4499 sanctus,
1834 4449 2010 4504 quem

367 4516 651 4589 propheta
678 4513 881 4570 Daniel
913 4513 1278 4586 praedixerat.
1313 4515 1506 4572 Lectio.
1541 4518 1609 4572 Et
1638 4519 1720 4574 sic
1746 4519 1804 4574 in
1848 4521 2008 4587 Sion,

371 4611 482 4662 etc.
505 4607 562 4673 ιῑ.
579 4602 891 4659 Benedicta
921 4601 1064 4694 tuin
1085 4601 1448 4694 mulieribus,
1475 4609 1582 4662 etc.
1599 4608 1783 4674 iaAve
1806 4609 2010 4676 Maria,
2040 4628 2090 4694 Β

370 4694 560 4766 gratia
593 4693 782 4764 plena,
814 4695 923 4746 etc.
961 4692 1162 4746 Oratio.
1196 4691 1380 4748 Beata:
1411 4698 1470 4749 et
1507 4695 1790 4767 gloriosae,
1825 4701 1935 4753 etc.

441 4782 568 4836 Alia
583 4781 778 4836 oratio.
803 4779 1036 4845 Tribue,
1060 4796 1420 4850 quaesumus,
1443 4782 1810 4856 omnipotens
1831 4783 2006 4852 Deus,

369 4873 606 4924 sanctos
636 4871 693 4922 et
722 4871 954 4923 sanctas
980 4872 1111 4924 tuas
1128 4869 1351 4942 jugiter
1378 4887 1543 4927 orare
1568 4888 1672 4944 pro
1713 4872 1904 4938 nobis,
1955 4877 2011 4928 et

369 4974 468 5012 eos
495 4955 811 5012 clementer
839 4955 1048 5011 audiri.
1081 4957 1186 5013 Per
1214 4959 1551 5024 Dominum,
1581 4963 1690 5014 etc.

439 5045 521 5100 Ad
549 5047 765 5100 tertiam
792 5045 1046 5118 hymnus.
1080 5047 1279 5116 Maria,
1331 5047 1508 5103 decus
1563 5048 1848 5114 omnium,
1901 5053 2008 5104 etc.

366 5134 696 5207 Antiphona.
728 5135 836 5191 Per
866 5140 941 5202 te,
976 5135 1156 5191 Maria
1190 5139 1370 5208 virgo.
1404 5137 1624 5192 Psalmi
1642 5145 1702 5191 ut
1723 5137 1868 5208 apud
1886 5155 2008 5194 nos.

366 5226 696 5296 Antiphonti.
733 5225 838 5280 Per
867 5230 940 5292 te,
975 5225 1157 5280 Maria
1189 5225 1371 5296 virgo,
1405 5221 1646 5294 impleta
1694 5229 1833 5280 sunt
1877 5243 2008 5298 pro-

367 5313 673 5386 phetarum
709 5316 968 5368 omnium
1004 5313 1310 5384 praeconia,
1341 5327 1466 5382 qum
1493 5310 1650 5366 dicta
1670 5319 1826 5381 sunt,
1852 5315 2009 5388 virgo

367 5402 700 5476 concepisti,
733 5403 893 5475 virgo
923 5400 1198 5474 genuisti.
1233 5401 1430 5455 Lectio.
1466 5399 1802 5457 Hrereditavi
1827 5402 1886 5458 in
1905 5420 2007 5476 po-

365 5490 524 5565 pulo,
555 5497 663 5547 etc.
683 5491 953 5562 Ii).Specie
985 5495 1102 5545 tua.
1125 5489 1504 5557 iuBenedicta
1533 5493 1614 5545 tu.

435 5581 514 5636 Ad
537 5585 750 5636 sartum
781 5580 1035 5652 hymnus.
1071 5576 1269 5646 Maria,
1302 5577 1586 5650 templum
1618 5579 1870 5650 Domini,
1893 5585 2004 5637 etc.

363 5668 676 5743 Antiphonti
704 5673 756 5730 et
781 5667 986 5747 psalmi
1008 5669 1068 5724 ut
1099 5665 1242 5739 apud
1271 5683 1390 5726 nos.
1438 5667 1638 5728 Lectio.
1687 5669 1865 5739 Quasi
1913 5685 2006 5729 ce-

2125 3365 2396 3422 dicamus
2425 3370 2654 3422 Patrem
2684 3370 2742 3422 et
2773 3365 3005 3436 Filium,
3037 3367 3218 3436 etei.
3237 3371 3641 3441 Postpartum,
3665 3375 3778 3428 etc.

2127 3455 2181 3522 ir.
2209 3451 2514 3510 Mirabilis.
3298 3508 3317 3521 ,
3565 3527 3572 3531 η

2199 3543 2402 3598 Oratio.
2434 3542 2816 3616 Omnipotens
2847 3542 3201 3614 sempiterne
3230 3547 3406 3616 Deus,
3433 3545 3536 3617 qui
3565 3547 3625 3601 in
3655 3547 3782 3602 Tri-

2127 3630 2306 3686 nitate
2336 3630 2636 3700 colendus,
2665 3635 2722 3686 et
2750 3631 2810 3686 in
2841 3630 3076 3688 Unitate
3099 3647 3164 3688 es
3184 3633 3538 3702 adorandus,
3561 3638 3620 3690 te
3639 3651 3782 3709 sup-

2126 3717 2306 3791 plices
2339 3736 2648 3776 exoramus
2681 3725 2744 3776 ut
2760 3721 3010 3777 mundes
3027 3721 3316 3793 pr0pitius
3339 3739 3436 3778 cor
3457 3726 3724 3778 nostrum
3741 3741 3779 3781 a

2123 3809 2280 3864 vitiis
2309 3813 2366 3864 et
2389 3807 2617 3882 replens
2647 3825 2754 3864 nos
2775 3809 3002 3882 jugiter
3031 3809 3438 3881 spiritualibus
3473 3811 3664 3868 donis.

2195 3897 2321 3952 Atia
2347 3899 2542 3954 oratio.
2572 3901 2750 3968 Deus,
2773 3898 2872 3970 qui
2900 3896 3114 3953 vitiata;
3141 3898 3343 3971 stirpis
3363 3899 3648 3972 originem
3671 3918 3780 3974 per

2123 3984 2426 4058 virginalis
2457 3985 2606 4041 uteri
2638 4001 2874 4058 reparas
2905 3983 3276 4058 dignitatem,
3310 3988 3560 4045 concede
3580 3991 3780 4062 propi-

2123 4075 2262 4140 tius,
2282 4079 2345 4129 ut
2361 4089 2507 4145 quos
2529 4073 2745 4146 proprii
2771 4077 2966 4130 reatus
2989 4072 3172 4130 moles
3191 4081 3416 4148 gravat,
3433 4075 3780 4134 intercessio

2121 4163 2301 4221 beatas
2333 4161 2430 4218 Dei
2463 4163 2763 4235 genitricis
2795 4162 3040 4218 attollat.

2194 4253 2315 4308 Atia
2345 4253 2538 4307 oratio.
2574 4250 2648 4306 Ut
2687 4251 2816 4318 tibi,
2870 4251 3136 4321 Domine,
3186 4251 3412 4325 placere
3453 4253 3776 4326 possimus,

2122 4340 2300 4396 beatas
2334 4339 2525 4396 Mariae
2548 4355 2782 4412 eemper
2801 4339 3042 4414 virginis
3065 4345 3123 4396 et
3141 4341 3408 4396 omnium
3430 4346 3772 4398 sanctorum

2122 4428 2392 4500 precibus
2421 4432 2479 4483 et
2509 4427 2736 4485 meritis
2766 4429 3132 4500 adjuvemur.

2193 4516 2472 4589 Suﬁragia
2502 4517 2573 4570 ad
2594 4532 2868 4588 vcsperas.
2896 4521 3054 4572 Inter
3071 4521 3260 4585 natos,
3283 4521 3394 4574 etc.
3421 4517 3652 4587 Justus,
3695 4519 3776 4576 si-

2120 4609 2220 4660 cut
2248 4605 2477 4660 cedrus.
2507 4604 2886 4660 Oratio.0mni
2895 4608 3102 4676 potens
3121 4604 3473 4678 sempiterne
3494 4610 3670 4676 Deus,
3694 4606 3776 4664 da

2121 4693 2392 4748 cordibus
2423 4692 2640 4748 nostris
2670 4691 2834 4749 illam
2867 4697 3104 4750 tuarum
3133 4694 3544 4750 rectitudinem
3593 4695 3777 4752 semi-

2121 4786 2336 4849 tarum,
2369 4797 2518 4852 quas
2545 4781 2752 4838 beatus
2771 4782 3032 4838 Joannes
3052 4781 3316 4854 Baptista
3335 4783 3394 4838 iu
3416 4783 3646 4840 deserto
3665 4801 3778 4840 vox

2121 4868 2430 4927 clamantis
2471 4869 2722 4926 edocuit.
2773 4870 3104 4943 Antiphona.
3156 4869 3404 4930 Gloriosi
3456 4871 3773 4944 principes.

2122 4959 2326 5014 Oratio.
2358 4958 2706 5032 Apostolicis
2738 4977 2866 5027 nos,
2896 4975 3258 5030 quaesumus,
3291 4959 3532 5015 Domine
3575 4960 3776 5016 beato-

2120 5065 2250 5102 rum
2280 5048 2430 5102 Petri
2463 5053 2520 5104 ct
2549 5047 2711 5103 Pauli
2742 5047 2941 5104 attolle
2968 5047 3279 5120 prasidiis,
3314 5051 3380 5104 ut
3408 5051 3628 5119 quanto
3661 5046 3777 5104 fra-

2119 5133 2353 5207 giliores
2369 5152 2598 5202 sumus,
2619 5139 2780 5191 tanto
2800 5133 3184 5192 validioribus
3201 5133 3436 5191 auxiliis
3448 5134 3772 5193 foveamur.

2119 5223 2446 5295 Antiphone.
2481 5229 2558 5279 De
2588 5239 2750 5296 pace,
2781 5231 2842 5280 ut
2865 5240 3053 5296 supra.
3863 5301 3866 5304 ξ

2188 5312 2268 5368 Ad
2287 5313 2721 5384 comptetorium.
2760 5313 2910 5382 Deus
2936 5311 2998 5366 in
3027 5311 3408 5382 adjutorium.
3460 5313 3610 5368 Psat.
3661 5311 3772 5368 Us-

2118 5417 2370 5473 quequo,
2401 5400 2662 5456 Domine.
2695 5400 2844 5455 Psat.
2874 5399 3036 5470 Smpe
3065 5405 3565 5472 expugnaverunt.
3616 5400 3770 5457 Psat.

2117 5490 2362 5547 Domine
2392 5507 2508 5546 non
2536 5493 2626 5545 est
2654 5486 2992 5543 exaltatum.

2817 5577 3064 5650 Hymnus

2291 5667 2474 5727 Enixa
2503 5669 2592 5726 est
2622 5680 2930 5743 puerpera.
