3978 6360
395 373 518 442 ατο

783 509 912 569 CAP.
939 508 979 568 Ι.
1003 542 1072 552 --
1091 509 1164 567 De
1194 511 1425 568 introitu
1451 510 1654 568 missae.

461 600 787 674 Presbyter,
820 616 954 656 cum
983 616 1047 656 se
1089 605 1258 673 parat
1296 601 1368 656 ad
1419 599 1682 664 missam,
1719 599 1889 670 juxta
1927 599 2046 654 Ro-

388 705 629 750 manam
647 689 1134 746 consuetudinem
1150 689 1422 746 decantat
1438 689 1544 744 hos
1560 687 1819 761 psalmos
1835 705 1848 744 :
1862 681 2050 757 'Quam

385 778 604 846 dilecta,
635 777 995 847 Beuedixisti,
1037 777 1273 843 lnclina,
1315 779 1562 846 Domine,
1611 777 1830 833 Credidi
1875 777 2044 848 (Psal.

389 883 618 936 uxxm,
674 882 898 934 Lxxxw,
960 883 1163 935 Lxxxv,
1211 867 1338 938 cxv)
1365 884 1379 934 ;
1407 865 1617 922 deinde
1647 875 1790 940 cha
1822 874 2047 936 ἐλέησον,

388 957 558 1013 Pater
580 961 782 1024 noster,
814 970 951 1010 cum
980 955 1252 1027 precibus
1277 959 1335 1012 et
1364 958 1624 1012 oratione
1648 973 1752 1029 pro
1776 957 2048 1028 peccatis,

391 1043 663 1102 videlicet
691 1047 758 1099 ut
784 1042 945 1100 intus
975 1047 1033 1099 et
1061 1044 1314 1100 exterius
1345 1061 1578 1101 summo
1609 1046 1895 1102 sacerdoti
1925 1045 2050 1118 pla-

395 1149 528 1190 cere
577 1131 789 1201 valeat,
819 1149 994 1205 quem
1024 1149 1158 1191 cum
1187 1133 1588 1190 sacratissima
1615 1133 1910 1190 oblatione
1940 1133 2052 1190 sibi

396 1220 796 1293 omnibusque
823 1219 1169 1277 Christianis
1201 1220 1430 1294 placare
1459 1222 1771 1279 desiderat.
1806 1223 2052 1278 Paratus

399 1312 596 1366 autem
626 1309 806 1366 intrat
834 1309 906 1364 ad
938 1308 1139 1378 altare,
1169 1313 1228 1365 et
1269 1309 1406 1366 facit
1433 1311 1882 1378 confessionem,
1916 1311 2056 1384 quia

397 1397 685 1470 scriptum
733 1401 852 1454 est:
885 1398 1113 1470 Sapiens
1141 1402 1424 1454 accusator
1470 1403 1549 1454 est
1575 1403 1666 1455 sui
1695 1401 1750 1456 in
1779 1401 2054 1472 principio

395 1486 578 1560 (Prov.
609 1486 748 1558 xu);
782 1488 840 1542 et
868 1485 1118 1558 antiquae
1145 1485 1293 1560 legis
1321 1489 1650 1544 sacerdotes
1673 1488 1928 1561 primum
1951 1507 2055 1563 pro

395 1592 480 1642 se,
513 1574 724 1631 deinde
753 1591 856 1647 pro
887 1573 1102 1648 populo
1133 1575 1340 1632 oll'erre
1369 1576 1522 1632 soliti
1555 1581 1721 1633 erant
1751 1579 1932 1648 (Hebr.
1952 1595 2053 1646 v11,

395 1666 520 1721 ιον.
551 1663 687 1734 xvx).
718 1661 960 1719 Interim
985 1667 1258 1720 cantatur
1281 1665 1600 1737 antiphona
1623 1667 1695 1722 ad
1723 1667 2054 1733 Introitum,

397 1768 525 1826 quas
555 1753 628 1808 ab
658 1751 900 1809 introitu
923 1753 1243 1810 sacerdotis
1264 1755 1338 1809 ad
1359 1753 1539 1811 altare
1569 1755 1678 1810 hoc
1701 1772 1912 1812 nomen
1937 1773 2058 1813 me-

399 1839 518 1898 ruit
545 1840 760 1938 habere
919 1840 1180 1941 Hanc‘ad
1229 1843 1538 1941 Introitum
1571 1843 1682 1900 dici
1712 1844 2058 1903 Coelestinus
2088 1875 2137 1941 Β

400 1945 574 2003 papa,
609 1928 671 1983 in
701 1927 906 1984 ordine
949 1929 1436 2002 quadragesimus
1483 1932 1748 2003 quintus,
1781 1933 2057 2002 instituit,

399 2032 540 2074 cum
563 2032 750 2089 usque
762 2017 834 2072 ad
850 2017 901 2089 ej
911 2034 980 2073 us
996 2020 1263 2090 tempora
1279 2021 1412 2074 ante
1429 2019 1780 2076 sacriﬁcium
1802 2021 2062 2095 Epistula

401 2107 638 2162 tantum
667 2105 832 2162 Pauli
863 2109 922 2162 et
949 2105 1313 2180 evangelium
1335 2107 1643 2182 legeretur.
1673 2110 1910 2166 Litanite
1931 2127 2059 2183 quae

400 2199 732 2266 sequuntur
757 2198 995 2267 propter
1023 2194 1154 2268 ipsa
1207 2195 1404 2252 Graeca
1449 2198 1624 2254 verba
1654 2215 1688 2254 a
1719 2199 1934 2256 Graecis
1967 2217 2058 2256 as-

398 2285 652 2357 sumpta
679 2284 1020 2340 creduntur.

397 2389 536 2448 CAP.
569 2389 638 2448 II.
661 2421 730 2433 —
753 2392 826 2447 De
853 2390 1051 2448 Gloria
1079 2391 1141 2448 in
1173 2391 1438 2463 excelsis,
1470 2401 1524 2450 et
1549 2393 1836 2452 Dominus
1867 2397 2060 2454 vobis-

1154 2479 1312 2520 cum.

469 2553 536 2607 In
557 2550 714 2607 omni
736 2551 884 2608 festo
901 2552 1055 2624 quod
1072 2551 1312 2624 plenum
1333 2553 1510 2611 habet
1525 2555 1804 2623 ofﬁcium,
1825 2562 2060 2630 excepto

397 2640 559 2698 intra
582 2640 910 2697 Adventum
941 2640 1196 2710 Domini,
1227 2645 1286 2698 et
1317 2643 1841 2716 Septuagesimum,
1875 2650 1932 2702 et
1963 2665 2061 2702 na-

398 2728 504 2786 tali
542 2729 970 2800 Innocentium,
1007 2734 1128 2785 tam
1173 2731 1477 2803 presbyter
1529 2750 1707 2806 quam
1751 2734 2062 2807 episcopus

405 2817 593 2875 Gloria
619 2819 684 2874 in
706 2819 931 2875 excelsis
953 2818 1176 2874 dicunt.
1197 2821 1361 2885 Quod
1382 2820 1561 2876 etiam
1584 2840 1888 2896 nunquam
1931 2830 2064 2898 post

402 2904 710 2963 meridiem
764 2905 982 2978 legitur
1036 2906 1372 2977 dicendum,
1427 2909 1541 2966 nisi
1599 2911 1660 2966 in
1719 2913 1893 2968 Coena
1950 2915 2062 2970 Do-

407 2993 555 3050 mini
603 2993 704 3068 (2),
755 2994 858 3050 ubi
903 2993 1162 3051 chrisma
1207 2996 1533 3068 conﬁcitur,
1588 3003 1647 3054 et
1695 3000 1756 3056 in
1795 3002 2063 3062 Sabbatis

403 3081 641 3139 Pascha
671 3085 728 3139 et
754 3083 1143 3140 Pentecostes.
1176 3084 1394 3142 Deinde
1424 3103 1630 3145 versus
1651 3090 1722 3144 ad
1755 3091 2059 3162 populum,

404 3171 589 3228 dicit:
647 3173 910 3229 Dominus
963 3174 1256 3230 vobiscum.
1317 3175 1760 3249 Respondetur:
1819 3181 1886 3235 Et
1937 3197 2063 3236 cum

400 3261 603 3334 spiritu
659 3264 771 3318 tuo.
816 3261 1150 3318 Notandum
1201 3279 1271 3320 ex
1325 3241 1666 3323 his-verbis
1703 3267 1900 3340 plures
1933 3286 2061 3328 esse
2091 3241 2135 3308 α

399 3349 612 3407 debere
628 3351 1048 3424 respondentes
1065 3355 1122 3408 et
1138 3369 1324 3410 unum
1337 3353 1714 3412 salutantem.
1734 3357 1896 3414 Sicut
1907 3359 2064 3416 enim

397 3437 594 3512 inepte
639 3441 1108 3512 responderetur,
1159 3443 1226 3499 Et
1263 3459 1389 3500 cum
1436 3447 1642 3518 spiritu
1687 3451 1884 3516 vestro,
1931 3465 2064 3505 cum

397 3543 554 3619 unus
582 3531 740 3586 esset
766 3529 1073 3597 salutator,
1127 3531 1214 3589 sic
1261 3533 1583 3607 incongrue
1615 3534 1908 3592 salutatur
1938 3555 2062 3619 per,

395 3618 658 3674 Dominus
683 3619 978 3692 vobiscum,
1011 3637 1147 3676 cum
1177 3637 1334 3679 unus
1364 3627 1598 3680 tantum
1628 3626 1785 3682 adsit
1813 3627 1902 3683 vel
1935 3618 2064 3684 nul-

396 3705 513 3763 lus.
543 3707 663 3764 Hoc
693 3707 898 3781 utique
943 3709 1272 3768 beatissimi
1321 3712 1521 3769 Patres
1551 3715 1876 3786 apostolici,
1908 3719 2060 3774 Ana-

399 3793 605 3864 cletus,
637 3797 740 3869 qui
771 3813 806 3852 a
831 3797 1000 3854 beato
1031 3798 1197 3856 Petro
1251 3800 1518 3873 quintus,
1571 3807 1629 3858 et
1657 3804 1846 3872 Soter,
1879 3805 1938 3861 in
1965 3823 2058 3862 or-

399 3883 536 3940 dine
564 3884 830 3940 decimus
848 3885 1080 3954 tertius,
1109 3888 1358 3944 decretis
1379 3889 1502 3946 suis
1527 3891 1846 3962 ﬁrmavere,
1875 3899 1939 3948 ut
1967 3911 2058 3950 sa-

400 3971 606 4029 cerdos
636 3987 868 4044 semper
893 3973 983 4029 vel
1024 3977 1234 4032 tertius
1281 3982 1456 4050 esset,
1488 3979 1630 4034 dum
1662 3981 1876 4037 missas
1908 3983 2056 4039 cele-

399 4060 618 4118 braret.
649 4061 960 4119 Zacharias
988 4066 1204 4133 autem,
1235 4065 1326 4120 vir
1353 4066 1728 4138 apostolicus,
1762 4069 1822 4124 in
1855 4071 2057 4129 ordine

399 4149 820 4224 nonagesimus
849 4149 1083 4221 tertius,
1137 4153 1442 4210 constituit
1498 4173 1570 4212 ne
1620 4157 1952 4215 sacerdotes
1981 4163 2052 4217 ad

398 4237 748 4296 celebranda
783 4239 1103 4297 missarum
1147 4241 1435 4300 solemnia
1465 4261 1600 4300 cum
1631 4245 1838 4302 baculo
1868 4247 2054 4306 intra~

397 4331 548 4396 rent,
581 4342 689 4383 nec
716 4326 902 4384 velato
933 4329 1121 4402 capite
1151 4329 1319 4387 altari
1369 4336 1644 4388 astarent.
1679 4335 1873 4390 Sancti
1907 4354 2050 4409 quo-

395 4431 512 4489 que
540 4415 740 4473 Patres
763 4415 824 4472 in
852 4417 1257 4477 Aurelianensi
1286 4420 1550 4490 concilio,
1584 4423 1836 4496 capitulo
1859 4426 2046 4495 tertio,

394 4503 829 4562 constituerunt
851 4510 919 4562 ut
945 4507 1018 4564 ad
1045 4508 1430 4566 salutationes
1459 4513 1777 4570 sacerdotis
1807 4531 1922 4571 non
1954 4535 2049 4573 so-

1774 372 2096 441 MONUM.
2134 372 2452 438 LITURG.

3709 367 3846 432 980

2077 509 2134 576 Α
2159 523 2370 574 sumus,
2405 505 2560 579 apud
2591 505 2865 563 Sanctam
2891 500 3268 562 Anastasiam
3307 518 3490 576 supra
3515 500 3840 560 collectam

2155 595 2354 670 populi
2377 595 2555 652 dicitu
2563 613 2608 664 r,
2630 595 2732 668 qui
2747 594 3058 652 stationem
3076 593 3233 666 apud
3248 592 3524 650 Sanctam
3539 591 3838 649 Sabinam

2156 686 2560 743 celebraturus
2593 690 2703 741 est.

2298 776 2431 832 CAP.
2468 775 2558 831 IV.
2595 805 2661 816 —
2685 776 2760 830 De
2793 757 3018 830 numero
3047 774 3364 831 orationum
3401 774 3462 828 in
3491 774 3685 829 missa.
3753 830 3758 835 ,

2229 865 2405 920 Juxta
2424 865 2756 920 Romanum
2801 863 3080 920 Ordinem
3114 862 3350 918 nonnisi
3383 879 3563 918 unam
3609 861 3845 918 oratio-

2159 970 2294 1010 nem
2317 957 2450 1008 ante
2470 952 2775 1008 lectionem
2796 951 2988 1008 dicere
3005 952 3307 1017 debemus,
3333 955 3397 1006 ut
3412 949 3748 1006 Amalarius
3771 949 3840 1004 in

2161 1042 2400 1114 prologo
2431 1042 2564 1097 libri
2594 1041 2688 1097 sui
2733 1041 2814 1096 De
2862 1040 3092 1110 ofﬁciis,
3147 1056 3210 1096 se
3257 1039 3330 1095 ab
3373 1039 3521 1112 ipsis
3546 1039 3844 1096 Romanis

2161 1130 2437 1187 didicisse
2467 1131 2700 1186 fatetur.
2737 1131 2851 1185 Hoc
2873 1129 3074 1201 utique
3095 1133 3154 1185 et
3175 1127 3470 1184 institutio
3495 1127 3840 1184 ofﬁciorum

2161 1219 2388 1292 exigere
2418 1218 2649 1275 videtur
2675 1221 2743 1274 ut
2787 1218 2942 1274 sicut
2987 1219 3060 1274 ad
3113 1235 3294 1274 unam
3345 1217 3614 1283 missam,
3646 1233 3842 1272 unam

2163 1313 2395 1365 tantum
2412 1308 2722 1365 lectionem
2737 1311 2796 1364 et
2811 1307 3176 1381 evangelium
3194 1306 3469 1380 legimus,
3482 1307 3624 1362 item
3641 1322 3841 1361 unum

2163 1397 2614 1466 introitum,imo
2631 1414 2816 1453 unum
2830 1397 3088 1453 officium
3105 1394 3842 1467 cantamus,nihilominus

2163 1491 2222 1543 et
2248 1503 2428 1542 unam
2482 1486 2810 1543 orationem
2861 1485 3146 1542 dicamus.
3201 1485 3312 1542 Sed
3367 1485 3476 1541 hoc
3499 1485 3625 1556 jam
3659 1492 3846 1555 pauci

2165 1577 2512 1645 observant;
2536 1577 2654 1632 imo
2676 1576 2874 1648 plures
2895 1576 2954 1631 in
2979 1579 3212 1631 tantum
3235 1574 3526 1630 orationes
3545 1571 3844 1644 multipli-

2166 1667 2322 1730 cant,
2351 1669 2419 1718 ut
2463 1663 2759 1720 auditores
2805 1679 2943 1718 suos
2995 1661 3105 1718 sibi
3157 1663 3419 1736 ingratos
3464 1660 3748 1728 efficiant,
3783 1664 3849 1716 et

2166 1751 2450 1825 pupulum
2469 1751 2566 1808 Dei
2591 1751 2787 1824 potius
2803 1755 3070 1808 avertant
3086 1767 3266 1824 quam
3281 1750 3352 1806 ad
3377 1749 3841 1806 sacriﬁcandum

2167 1841 2558 1899 illiciant.Hoc
2577 1845 2772 1896 autem
2797 1839 3252 1913 sapientioribus
3267 1839 3518 1894 multum
3537 1837 3842 1911 displicet,

2171 1933 2270 2005 qui
2314 1931 2420 1988 etsi
2445 1929 2760 2002 aliquando
2792 1929 3100 2002 antiquam
3132 1927 3530 1997 traditionem,
3561 1926 3694 1984 aliis
3719 1944 3846 1984 mo-

2168 2021 2500 2095 rigerando,
2533 2019 2844 2086 excedunt,
2876 2018 2936 2073 in
2967 2017 3098 2090 ipsa
3123 2021 3321 2074 tamen
3362 2033 3471 2073 sua
3497 2015 3844 2072 excessione

2170 2110 2410 2167 modum
2430 2113 2630 2166 tenere
2649 2111 2706 2164 et
2722 2107 2981 2180 aliquam
3003 2106 3288 2162 rationem
3306 2105 3604 2162 attendere
3623 2103 3840 2161 solent.

2170 2199 2335 2272 Unde
2364 2203 2422 2254 et
2447 2197 2507 2252 in
2538 2197 2742 2265 missa,
2774 2195 2882 2252 etsi
2916 2212 3032 2251 non
3063 2211 3292 2266 semper
3314 2211 3434 2250 una
3457 2197 3688 2250 tantum
3712 2209 3844 2250 ora.

2168 2289 2326 2344 tione
2349 2287 2468 2344 sint
2490 2286 2770 2351 contenti,
2793 2283 3193 2358 septenarium
3215 2287 3412 2340 tamen
3437 2298 3754 2338 numerum
3778 2281 3839 2336 in

2170 2375 2534 2433 orationibus
2563 2391 2693 2430 raro
2723 2373 3042 2430 excedunt:
3077 2387 3255 2444 quem
3287 2371 3493 2444 utique
3522 2387 3841 2426 numerum

2171 2483 2275 2522 nec
2306 2463 2611 2520 Dominica
2641 2462 2826 2518 oratio
2855 2461 3100 2530 excedit,
3125 2477 3252 2534 quae
3277 2476 3410 2516 cum
3437 2459 3578 2516 solis
3610 2463 3840 2532 septem

2125 2574 2139 2585 -
2170 2552 2550 2626 petitionibus
2571 2550 2770 2606 omnia
2785 2549 3010 2621 corpori
3029 2552 3087 2604 et
3107 2547 3316 2604 animas
3333 2546 3665 2604 necessaria
3685 2561 3846 2602 com-

2171 2641 2500 2716 prehendit.
2525 2641 2642 2696 Hoc
2663 2642 2860 2695 autem
2890 2653 3262 2710 summopere
3286 2635 3478 2693 solent
3503 2635 3838 2703 observare,

2173 2737 2238 2788 ut
2269 2731 2327 2786 in
2360 2730 2541 2786 missa
2573 2732 2670 2785 aut
2701 2744 2904 2794 unam,
2952 2730 3054 2783 aut
3100 2729 3240 2797 tres,
3286 2729 3389 2782 aut
3417 2723 3699 2798 quinque,
3733 2727 3840 2778 aut

2172 2827 2394 2892 septem
2425 2818 2718 2876 orationes
2747 2817 2965 2873 dicant.
3019 2815 3208 2871 Unam
3240 2818 3476 2888 propter
3504 2813 3834 2870 Romanam

2171 2908 2584 2976 traditionem;
2614 2910 2755 2974 tres,
2799 2905 2940 2978 quia
2990 2903 3276 2961 Dominus
3318 2905 3451 2960 ante
3494 2900 3836 2976 passionem

2172 3015 2342 3054 suam
2371 3001 2459 3052 ter
2487 3012 2686 3053 orasse
2708 2995 2958 3069 legitur;
2982 2993 3260 3066 quinque,
3289 2995 3526 3064 propter
3549 2989 3837 3064 quinque-

2171 3087 2447 3160 partitam
2469 3087 2599 3159 ejus
2621 3083 2975 3158 passionem,
3002 3085 3060 3138 in
3085 3083 3256 3154 cujus
3280 3078 3836 3137 commemoratione

2173 3176 2295 3233 haec
2343 3177 2548 3232 eadem
2605 3173 2968 3231 celebramus
3027 3170 3257 3239 ofﬁcia;
3318 3174 3564 3242 septem,
3609 3167 3751 3240 quia
3781 3172 3838 3224 et

2173 3263 2422 3338 apostoli
2435 3267 2656 3336 septem
2669 3261 2980 3335 petitiones
2994 3247 3304 3316 Dominica-3
3317 3255 3597 3314 orationis
3614 3257 3685 3312 ad
3701 3271 3840 3311 con-

2175 3354 2558 3410 secrationem
2614 3351 2952 3408 earumdem
2984 3347 3396 3422 mysteriorum
3429 3346 3839 3419 frequentasse

2175 3443 2470 3516 leguntur.
2503 3443 2567 3498 In
2587 3440 2895 3497 Nativitate
2919 3443 3116 3494 tamen
3155 3435 3383 3493 Domini
3412 3435 3484 3492 ad
3506 3435 3750 3490 missam
3775 3433 3838 3490 in

2174 3549 2366 3600 mane,
2401 3530 2649 3588 Romani
2679 3529 3001 3586 orationem
3023 3528 3095 3584 de
3112 3530 3317 3583 sancta
3345 3523 3657 3580 Anastasis
3679 3523 3838 3595 adji-

2173 3620 2356 3688 ciunt,
2390 3618 2529 3692 quia
2554 3617 2865 3675 stationem
2895 3615 2956 3672 in
2986 3613 3232 3672 ecclesia
3260 3613 3524 3686 ejusdem
3557 3610 3836 3684 martyris

2171 3709 2241 3766 ad
2275 3709 2541 3766 eamdem
2574 3707 2817 3763 missam
2850 3709 3053 3779 agunt.
3085 3705 3156 3759 Et
3202 3720 3309 3759 nos
3339 3718 3571 3774 quoque
3609 3699 3742 3758 illos
3771 3699 3834 3756 in

2167 3797 2269 3854 illa
2297 3797 2620 3870 adiectione
2658 3796 2979 3862 imitamur,
3030 3792 3164 3849 licet
3205 3809 3323 3848 non
3373 3792 3638 3847 eamdem
3669 3790 3834 3861 adje-

2169 3887 2380 3943 ctionis
2431 3885 2796 3942 occasionem
2849 3883 3066 3939 habere
3122 3882 3446 3936 videamur.
3511 3877 3833 3936 Rarissime

2167 3975 2406 4048 quidem
2439 3973 2836 4046 diligentiores
2867 3971 3196 4028 ofﬁciorum
3227 3969 3650 4038 observatores,-
3683 3966 3830 4024 alios

2165 4064 2224 4120 in
2256 4061 2618 4120 orationibus
2649 4077 2924 4117 numeros
2955 4059 3296 4122 admittunt,
3320 4056 3430 4112 nisi
3463 4059 3518 4112 et
3539 4071 3689 4128 quos
3717 4073 3829 4114 nos

2161 4171 2343 4226 supra
2373 4150 2722 4224 competenti
2753 4149 3030 4223 mysterio
3057 4147 3371 4220 insignitas
3403 4144 3751 4201 notavimus.

2392 4241 2528 4296 CAP.
2560 4239 2628 4295 V.
2661 4269 2730 4280 -—
2759 4240 2836 4295 De
2863 4239 3196 4294 authenticis
3226 4235 3590 4293 orationibus.

2231 4331 2393 4386 Alias
2424 4345 2658 4402 quoque
2688 4328 3003 4395 orationes,
3047 4327 3160 4382 nisi
3217 4323 3492 4396 antiquas
3523 4326 3580 4379 et
3609 4322 3826 4396 Grego-

2159 4421 2378 4487 rianas,
2412 4417 2757 4474 difﬁcillime
2789 4417 3129 4483 admittunt,
3163 4417 3364 4486 utpote
3409 4429 3555 4484 quas
3587 4411 3646 4466 in
3674 4411 3826 4467 anti-

2158 4509 2466 4582 quioribus
2484 4512 2540 4562 et
2555 4504 3056 4562 emendatioribus
3068 4500 3554 4560 Sacramentariis
3571 4499 3824 4558 maxime

393 4592 518 4650 lum
539 4593 734 4650 clerici
753 4597 811 4652 et
831 4599 945 4652 Deo
967 4597 1168 4664 dicati,
1187 4599 1286 4654 sed
1309 4602 1368 4655 et
1385 4600 1579 4658 omnis
1609 4601 1776 4674 plebs
1799 4621 2054 4664 consona
2086 4611 2130 4675 D
2160 4597 2484 4654 inveniunt.
2519 4596 2666 4652 Nam
2698 4599 2966 4650 octavum
2996 4593 3279 4650 Africanae
3301 4589 3608 4664 provinciis
3631 4589 3821 4646 conci-

391 4697 530 4740 voce
559 4685 928 4757 respondeat.

590 4773 726 4830 CAP.
761 4773 856 4830 III.
888 4805 958 4815 —
986 4775 1062 4831 De
1085 4777 1272 4848 prima
1301 4777 1360 4832 in
1390 4781 1555 4836 missa
1581 4785 1844 4838 oratione.

461 4861 740 4934 Sequitur
766 4863 951 4920 oratio
981 4881 1158 4936 quam
1190 4865 1504 4924 Collectam
1537 4869 1759 4940 dicunt,
1792 4889 1859 4928 eo
1890 4875 2045 4946 quod

393 4949 687 5018 sacerdos,
718 4951 820 5023 qui
849 4950 1139 5025 legatione
1167 4954 1432 5030 fungitur
1459 4975 1562 5030 pro
1589 4960 1802 5032 populo
1832 4962 1904 5016 ad
1941 4964 2044 5018 Do-

392 5035 622 5092 minum
653 5036 725 5108 (Il
753 5038 878 5095 Cor.
909 5039 987 5112 v),
1030 5041 1298 5099 omnium
1347 5044 1655 5116 petitiones
1685 5065 1754 5104 ea
1783 5050 2044 5106 oratione

391 5121 632 5211 colligat
659 5127 833 5198 atque
863 5127 1188 5186 concludat.
1222 5131 1336 5187 Illae
1360 5135 1560 5189 tamen
1591 5135 1882 5192 orationes
1913 5155 2042 5211 spe-

389 5209 597 5270 cialius
615 5211 876 5271 Collectaa
895 5219 1086 5274 vocari
1108 5219 1396 5290 videntur,
1421 5239 1549 5296 quas
1571 5225 1722 5296 apud
1749 5209 2042 5285 Romanos

387 5317 568 5373 super
593 5301 892 5360 collectam
925 5307 1122 5379 pepuli
1155 5309 1319 5378 ﬁunt,
1345 5311 1487 5367 dum
1511 5311 1896 5386 colligitur,ut
1918 5333 2042 5388 pro-

385 5389 554 5446 cedat
581 5391 653 5448 de
682 5409 803 5449 una
829 5394 1074 5453 ecclesia
1093 5397 1152 5453 in
1174 5397 1370 5468 aliam,
1395 5399 1468 5456 ad
1491 5400 1802 5458 stationem
1827 5402 2039 5459 facien-

382 5477 554 5547 dam;
588 5479 741 5537 utin
773 5480 971 5556 Capite
999 5485 1215 5558 Jejunii
1246 5487 1347 5545 illa
1373 5489 1594 5546 oratio:
1629 5489 1864 5548 Concede
1891 5507 2039 5564 qua:-

455 5586 534 5730 (lg
567 5588 662 5671 Sic
691 5590 869 5648 etiam
901 5593 1233 5651 Amalarius
1258 5613 1309 5653 c.
1340 5597 1377 5652 5
1405 5595 1508 5652 lib.
1538 5614 1625 5653 In.

476 5662 512 5714 2
564 5659 854 5730 VideZhac
881 5663 950 5721 de
982 5682 1042 5722 re
1073 5665 1241 5730 plura
1271 5683 1450 5730 supra
1479 5669 1625 5730 apud

2160 4687 2329 4756 lium,
2363 4685 2458 4742 cui
2483 4688 2724 4742 sanctus
2754 4683 3140 4756 Augustinus,
3171 4681 3290 4738 imo
3323 4677 3558 4736 ducenti
3589 4681 3646 4734 et
3676 4693 3820 4750 qua-

2158 4775 2482 4833 tuordecim
2513 4772 2699 4830 sancti
2727 4773 2924 4829 Patres
2955 4771 3367 4838 interfuerunt,
3399 4766 3652 4842 capitulo
3673 4767 3818 4824 duo-

2157 4865 2384 4921 decimo
2411 4864 2494 4920 ita
2522 4861 2828 4920 constituit
2857 4863 3090 4935 (Concil.
3114 4861 3652 4927 Milevitanum,can.
3689 4857 3776 4930 12)
3797 4877 3817 4914 :

2154 4954 2339 5010 Nullae
2361 4969 2564 5025 preces,
2597 4953 2682 5008 vel
2711 4954 3005 5020 orationes,
3046 4951 3130 5006 vel
3182 4950 3390 5014 missae,
3421 4947 3506 5003 rel
3530 4946 3814 5017 praefatio-

2151 5060 2270 5109 nes,
2292 5043 2375 5098 vel
2387 5041 2898 5106 commendationes,
2917 5041 3001 5096 vel
3020 5055 3219 5096 manus
3239 5037 3616 5110 impositiones
3633 5033 3820 5107 diean_

2151 5137 2262 5199 tur,
2285 5133 2402 5188 nisi
2421 5132 2482 5186 in
2501 5131 2732 5187 concilio
2750 5131 2962 5202 fuerint
2975 5129 3240 5202 probatae.
3264 5127 3410 5182 Item
3429 5123 3665 5181 tertium
3688 5125 3812 5183 Car.

2153 5221 2500 5294 thuginense
2531 5218 2866 5290 concilium,
2900 5218 2990 5274 cui
3025 5218 3165 5274 item
3187 5219 3429 5273 sanctus
3452 5211 3812 5287 Augustinus

2152 5308 2434 5368 interfuit.
2467 5307 2722 5380 capitulo
2752 5307 3025 5365 vicesimo
3055 5306 3226 5364 tertio
3251 5323 3264 5361 :
3296 5306 3491 5362 Nullus
3535 5301 3606 5358 ad
3635 5301 3813 5360 altare

2149 5404 2372 5456 Patrem
2396 5414 2500 5470 pro
2529 5399 2688 5466 Filio,
2719 5398 2802 5454 vel
2844 5399 3054 5454 Filium
3089 5411 3192 5470 pro
3233 5397 3401 5452 Patre
3429 5393 3690 5461 nominet,
3719 5391 3812 5448 sed

2146 5504 2360 5555 semper
2377 5487 2679 5543 orationem
2707 5488 2776 5544 ad
2804 5489 3024 5544 Patrem
3043 5485 3270 5558 dirigat,
3302 5501 3400 5541 nec
3427 5481 3671 5556 qualibet
3693 5494 3790 5535 om

564 5659 854 5733 Videihac
881 5663 950 5721 de
982 5682 1042 5722 re
1073 5665 1241 5739 plura
1271 5683 1450 5738 supra
1479 5669 1630 5740 apud
1665 5669 2016 5728 Damianum
2049 5671 2109 5728 in
2143 5671 2392 5727 tractatu
2416 5665 2719 5738 inscripto,
2745 5667 3006 5724 Dominus
3040 5667 3330 5723 vobiscum.
