3978 6454
210 375 332 443 θοι

1656 394 2180 464 MICROLOGUS.

3500 394 3622 461 98!

213 522 367 611 tione
387 522 582 611 utatur
602 520 715 579 nisi
724 520 972 595 probata.
989 522 1182 582 Oratio
1196 524 1434 597 quidem
1452 526 1524 583 ad
1543 526 1771 586 Patrem
1784 530 1867 586 di-
1893 534 1948 601 Α
1976 533 2303 591 saeculorum
2324 531 2505 593 altius
2533 534 2767 607 dicit,ut
2794 535 3097 611 praemissa
3119 533 3303 594 oratio
3325 550 3428 609 per
3448 534 3620 592 Amen

209 608 581 682 rigendaest,
605 612 777 683 juxta
788 613 1015 669 Domini
1034 617 1859 692 praeceptum,quidiscipulos

208 715 351 755 suos
369 698 451 756 ita
480 699 781 769 instruxit,
813 718 947 758 cum
968 720 1103 759 eum
1134 704 1576 777 interrogarent,
1611 708 1861 779 qualiter

205 804 375 844 orare
403 788 722 846 deberent:
778 791 914 846 Cum
941 793 1173 861 stabilis,
1225 793 1437 865 inquit,
1491 795 1561 850 ad
1590 798 1862 852 orandum

202 875 374 932 dicite
392 895 411 932 :
445 881 611 933 Pater
635 883 832 947 noster,
865 882 962 952 qui
989 897 1044 936 es
1074 884 1135 936 in
1163 883 1311 938 ccelts
1341 884 1548 954 (Matth.
1589 886 1690 956 x1),
1744 890 1852 942 etc.

457 967 568 1023 CAP
590 967 680 1023 Vl.
705 1000 774 1011 —
802 970 872 1025 De
897 972 1243 1027 conclusione
1271 974 1603 1028 orationum.

272 1057 699 1115 Concludimus
728 1061 920 1115 autem
949 1060 1269 1132 orationes,
1300 1062 1409 1116 Per
1436 1063 1731 1118 Dominum
1756 1080 1854 1120 no-

200 1153 404 1214 strum,
433 1147 706 1205 videlicet
735 1148 963 1206 Patrem
995 1151 1214 1206 orando
1244 1168 1251 1175 ·
1276 1167 1379 1221 per
1409 1150 1641 1218 Filium,
1680 1152 1855 1222 juxta

199 1238 471 1308 ejusdem
505 1236 635 1293 ﬁlii
666 1242 1039 1311 praeceptum,
1065 1239 1165 1311 qui
1197 1240 1258 1293 in
1279 1239 1587 1311 Evangelia
1618 1241 1700 1295 ita
1714 1259 1855 1313 prce-

198 1328 391 1403 cepit:
430 1331 604 1400 Usque
634 1327 788 1384 modo
834 1344 945 1384 non
978 1330 1193 1400 petistis
1214 1329 1511 1401 quidquam
1539 1332 1762 1386 Patrem
1792 1332 1852 1385 in

198 1421 426 1475 nomine
457 1434 579 1474 meo
599 1436 620 1480 ;
659 1420 849 1490 petite,
881 1426 932 1473 et
959 1418 1239 1489 accipietis
1262 1419 1446 1488 (Joan.
1485 1420 1622 1491 xvx).
1655 1419 1759 1483 Qui
1795 1423 1852 1474 et

198 1510 474 1566 effectum
500 1507 719 1564 nostris
745 1506 1146 1579 petitionibus,
1181 1507 1229 1561 si
1265 1507 1575 1579 peripsum
1612 1524 1848 1579 rogave-

197 1588 412 1663 rimus,
469 1596 777 1670 promittit,
830 1594 1030 1651 dicens
1080 1612 1094 1650 :
1156 1596 1522 1668 Quodcunque
1574 1599 1849 1668 petieritis

195 1690 422 1755 Patrem
452 1689 513 1743 in
534 1687 758 1741 nomine
792 1701 928 1750 meo,
960 1684 1113 1740 dabit
1131 1685 1279 1741 vobis
1302 1687 1483 1753 (Joan.
1510 1685 1649 1756 xw).
1684 1685 1848 1741 Unde

192 1781 255 1833 et
280 1776 573 1833 orationes
618 1773 921 1845 plurimas,
952 1773 1041 1828 vel
1090 1789 1237 1845 pene
1266 1790 1491 1839 omnes,
1526 1774 1668 1830 satis
1702 1791 1843 1830 con-

194 1882 340 1939 grue
358 1865 440 1920 ita
459 1863 869 1919 concludimus
893 1880 906 1919 :
932 1864 1038 1919 Per
1064 1864 1359 1918 Dominum
1384 1867 1655 1919 nostrum.
1692 1867 1840 1918 Pau-

192 1954 450 2012 cissimae
467 1952 621 2009 enim
647 1953 890 2023 [autem]
921 1951 1302 2008 inveniuntur
1332 1968 1459 2025 quae
1489 1969 1594 2024 pro
1620 1968 1846 2023 compe-

188 2044 380 2101 tentia
416 2058 627 2099 sensus
659 2040 773 2097 alia
822 2040 1193 2097 conclusione
1245 2040 1546 2097 ﬁniantur.
1601 2041 1675 2096 Ut
1703 2040 1840 2095 illa:

191 2136 429 2200 Pra’sta,
480 2147 805 2203 quaesumus,
853 2123 1192 2201 omnipotens
1232 2132 1389 2198 Deus,
1421 2139 1484 2187 ut
1523 2134 1686 2186 natus
1713 2130 1840 2185 Sal-

189 2227 367 2289 vator,
399 2226 511 2278 etc.
542 2222 647 2291 Qui
673 2229 849 2277 tecum
894 2222 1030 2276 vivit
1086 2228 1138 2276 et
1167 2224 1380 2289 regnat.
1429 2220 1573 2297 Item
1606 2224 1663 2275 et
1690 2219 1791 2274 il-la
1824 2237 1837 2274 :

192 2314 352 2382 Deus,
377 2313 532 2383 cujus
562 2311 740 2367 Filius
796 2311 855 2365 in
885 2310 1000 2364 alta
1054 2309 1333 2375 caelorum,
1385 2314 1491 2364 etc.
1547 2310 1840 2364 Dominum

188 2406 436 2459 nostrum
466 2403 645 2457 Iesum
674 2399 973 2469 Christum,
1027 2402 1125 2470 qui
1180 2407 1357 2453 tecum
1420 2400 1577 2462 vivit,
1629 2400 1736 2453 etc.
1775 2399 1836 2453 In

188 2490 454 2564 qualibet
511 2492 708 2544 autem
762 2487 1136 2544 conclusione
1209 2487 1835 2543 commemorationem

185 2582 404 2636 sancta
422 2577 726 2634 Trinitatis
749 2577 1057 2633 observare
1079 2575 1362 2641 solemus,
1389 2577 1561 2646 juxta
1584 2576 1739 2647 quod
1772 2576 1833 2630 in

184 2666 685 2726 emendatioribus
713 2665 1194 2722 Sacramentariis
1226 2681 1568 2737 expressum
1614 2665 1835 2720 inveni-

187 2756 528 2829 mus.[Adeo
549 2755 707 2811 enim
730 2754 915 2811 sancti
936 2758 1136 2810 Patres
1175 2754 1599 2810 invocationem
1621 2758 1833 2809 sancta:

185 2845 495 2903 Trinitatis
519 2845 575 2900 in
594 2844 956 2901 orationibus
977 2843 1096 2900 sive
1118 2842 1626 2899 benedictionibus
1641 2844 1836 2898 obser-

185 2936 423 3002 vabant,
458 2938 523 2989 ut
552 2950 655 2989 nec
705 2933 761 2988 in
796 2932 940 3005 ipsis
979 2931 1362 2988 sacramentis
1392 2931 1611 3003 aliquid
1644 2936 1831 2986 ratum

183 3028 765 3096 censerent,quorum
798 3022 1141 3077 confectioni
1169 3021 1455 3076 invocatio
1468 3026 1681 3076 sanctae
1700 3019 1830 3075 Tri-

187 3113 390 3170 nitatis
412 3113 712 3177 defuisset,
738 3117 803 3166 ut
833 3112 891 3166 in
926 3110 1106 3167 sacris
1138 3110 1654 3176 Paulianistarum,
1687 3126 1830 3180 quo-

182 3220 318 3259 rum
352 3208 410 3257 et
438 3200 799 3275 baptismum
833 3200 951 3256 sive
981 3198 1378 3256 ordinationes
1436 3199 1493 3253 in
1536 3197 1831 3253 conversis

1969 639 2005 678 a
2034 624 2248 696 populo
2275 625 2465 696 possit
2494 627 2849 682 confirmari.

2075 713 2213 769 esp.
2246 714 2394 771 VIII.
2421 747 2491 756 —
2530 718 2604 771 De
2632 716 2859 787 epistola
2906 716 2976 771 ad
3002 718 3229 771 missam
3258 714 3506 787 legenda.
3574 700 3585 713 '

2038 801 2191 858 Solis
2220 803 2683 861 subdiaconibus
2731 804 2885 861 inter
2913 804 3219 861 inferiores
3248 805 3467 877 gradus
3500 804 3614 859 Ro-

1965 907 2143 946 mana
2162 893 2477 948 auctoritas
2501 893 2766 949 concedit
2782 897 2866 963 ut,
2900 894 3080 950 sacris
3111 893 3369 949 vestibus
3396 893 3608 958 induti,

1965 979 2285 1052 Epistolam
2316 981 2513 1055 legant
2572 983 2643 1037 ad
2677 982 2943 1039 missam.
2977 983 3137 1048 Quod
3165 987 3360 1038 tamen
3388 999 3501 1037 non
3535 998 3606 1037 ex

1964 1085 2168 1125 eorum
2202 1070 2653 1140 consecratione,
2688 1072 2787 1128 sed
2849 1072 3045 1144 potius
3089 1089 3157 1127 ex
3213 1070 3611 1126 ecclesiastica

1963 1158 2341 1215 concessione
2382 1165 2725 1216 meruerunt
2754 1160 3034 1216 obtinere.
3070 1160 3236 1216 Unde
3264 1164 3321 1214 et
3349 1159 3607 1214 rationa-

1962 1245 2141 1303 bilius
2171 1264 2299 1305 esse
2328 1249 2559 1305 videtur
2588 1253 2653 1304 ut
2680 1249 2806 1321 ipse
2838 1250 3108 1305 sacerdos
3140 1248 3251 1305 sibi
3281 1248 3605 1321 Epistolam

1960 1335 2133 1408 legat,
2166 1354 2343 1409 quam
2389 1341 2453 1393 ut
2498 1337 2757 1410 aliquem
2798 1338 3059 1394 nondum
3093 1338 3453 1401 ordinatum,
3483 1337 3596 1393 sibi

1959 1425 2208 1481 asciscat
2238 1427 2307 1482 ad
2340 1426 2673 1499 legendum.
2732 1428 2878 1482 Nam
2939 1428 3146 1482 beatus
3202 1427 3537 1491 Hormisda,
3569 1442 3605 1481 a

1958 1518 2160 1570 sancto
2187 1515 2353 1571 Petro
2377 1516 2904 1588 quinquagesimus
2925 1516 3134 1572 tertius
3156 1532 3327 1588 papa,
3346 1514 3602 1587 capitulo

1956 1601 2147 1669 tertio,
2184 1602 2352 1659 illum
2409 1605 2665 1677 deponit,
2726 1604 3063 1677 quicunque
3122 1622 3236 1660 non
3267 1604 3598 1673 ordinatus,

1955 1690 2216 1746 cilicium
2251 1691 2503 1748 ordinati
2540 1693 2930 1764 usurpaverit,
2964 1693 3121 1764 quod
3148 1692 3349 1765 utique
3383 1708 3499 1747 non
3531 1709 3601 1747 ex

1955 1780 2411 1846 consecratione,
2471 1798 2578 1837 nec
2633 1798 2702 1837 ex
2731 1780 3126 1837 ecclesiastica
3171 1780 3598 1836 consuetudine

1954 1883 2216 1939 unquam
2251 1869 2592 1940 promeruit.
2653 1869 2920 1925 Canones
2970 1869 3148 1925 etiam
3180 1868 3348 1937 alios,
3381 1869 3496 1925 nisi
3523 1869 3597 1923 ad

1955 1956 2064 2011 hoc
2092 1957 2413 2024 ordinatos,
2471 1957 2529 2012 in
2590 1957 2833 2014 ecclesia
2891 1958 3102 2031 legere,
3134 1957 3222 2013 vel
3252 1957 3312 2012 in
3362 1957 3597 2029 publico

1955 2044 2223 2117 [pulpito]
2250 2045 2519 2117 psallere,
2577 2045 2666 2102 vel
2697 2047 2936 2102 Alleluia
2987 2048 3199 2113 dicere,
3255 2045 3346 2102 vel
3377 2044 3596 2102 alicubi

1951 2134 2295 2203 exorcizare,
2330 2136 2387 2188 in
2449 2136 2695 2191 diversis
2726 2135 2989 2191 conciliis
3032 2135 3404 2206 prohibuere.
3437 2133 3593 2190 Nihil

1952 2227 2149 2279 autem
2181 2225 2378 2280 obstat
2415 2224 2557 2296 quin
2617 2225 2892 2280 sacerdos
2944 2225 3005 2279 in
3038 2224 3223 2280 missa
3253 2224 3595 2280 inferiorum

1948 2313 2222 2367 ordinum
2255 2313 2463 2377 ofﬁcia,
2498 2314 2545 2367 si
2577 2330 2809 2369 necesse
2842 2312 3307 2385 fuerit,expleat;
3340 2329 3515 2385 quem
3537 2317 3595 2368 et

1948 2418 2152 2457 omnes
2182 2401 2486 2457 inferiores
2517 2398 2777 2457 obtinere
2808 2404 3056 2472 constat,
3091 2402 3189 2473 qui
3223 2404 3279 2456 et
3317 2401 3376 2455 in
3408 2400 3593 2456 missa

1947 2490 2130 2545 sacris
2154 2490 2414 2547 vestibus
2458 2495 2546 2545 est
2570 2490 2833 2556 indutus,
2886 2489 3012 2545 sine
3041 2489 3257 2561 quibus
3302 2490 3372 2544 ad
3406 2489 3589 2544 altare

1936 2580 2109 2650 juxta
2149 2580 2477 2635 Romanum
2528 2578 2863 2635 ministrare
2900 2595 3012 2634 non
3037 2578 3510 2634 debemus.Unde
3531 2581 3589 2633 et

1947 2667 2361 2739 congruentius
2376 2668 2391 2721 i
2399 2684 2500 2739 pse
2514 2668 2623 2723 sibi
2643 2667 2901 2723 officium
2915 2665 3587 2739 subdiaconi’repraasen-

1942 2759 2229 2828 tat,quam
2256 2757 2573 2829 quemlibet
2605 2758 3027 2823 inordinatum,
3059 2773 3163 2813 nec
3195 2756 3378 2813 sacris
3407 2757 3582 2812 vesti-

1943 2845 2053 2901 bus
2084 2845 2492 2912 indulum,hoc
2521 2846 2752 2919 explere
2782 2845 3099 2919 permittat.

1942 2933 2075 2989 CAP.
2102 2935 2197 2990 IX.
2249 2969 2317 2974 —
2356 2938 2429 2991 De
2459 2936 2736 3006 evangelio
2767 2938 2829 2991 in
2875 2952 2985 3007 qua
3001 2939 3156 3007 parte
3173 2938 3247 2990 sit
3273 2935 3579 3005 legendum.

2016 3023 2247 3079 Diaconi
2283 3040 2514 3095 quoque
2535 3024 2793 3080 ofﬁcium
2826 3024 2884 3079 in
2918 3022 3101 3079 missa
3130 3022 3586 3079 nibilominuset

1940 3111 2066 3182 ipse
2097 3113 2536 3169 convenientius
2567 3112 2835 3184 explebit,
2870 3128 3050 3183 quam
3081 3111 3234 3167 alius
3272 3112 3369 3183 qui
3399 3111 3582 3167 sacris

1938 3200 2198 3256 vestibus
2230 3218 2345 3256 non
2380 3201 2553 3257 fuerit
2580 3201 2843 3257 indutus.
2877 3202 3024 3257 Nam
3081 3200 3256 3257 etiam
3299 3201 3580 3257 diaconus

177 3293 447 3349 iteranda
489 3272 841 3346 censuerunt
873 3289 1101 3361 (Concil.
1134 3290 1360 3353 Niccen.,
1394 3304 1522 3343 can.
1562 3288 1645 3354 19,
1680 3291 1736 3342 et
1763 3303 1819 3342 vi
1856 3272 1899 3337 C
1937 3292 2199 3361 tempore
2227 3289 2538 3345 oblationis
2569 3295 2624 3345 et
2656 3289 3006 3345 lectionibus
3037 3289 3427 3346 albaindutus
3448 3306 3578 3346 esse

172 3381 450 3453 Synodus,
477 3396 604 3435 can.
636 3378 753 3451 97.]
783 3377 1099 3434 Sciendum
1130 3381 1324 3432 autem
1384 3375 1441 3430 in
1473 3374 1575 3430 illa
1606 3375 1821 3431 usitata

175 3468 575 3535 conclusione,
592 3469 700 3523 Per
726 3469 1019 3523 Dominum
1046 3470 1316 3530 nostrum,
1337 3465 1491 3536 quod
1525 3465 1825 3520 Romanus

175 3560 332 3615 Ordo
353 3562 411 3613 et
439 3555 855 3629 antiquissima
894 3554 1250 3626 exemplaria
1272 3570 1482 3609 nomen
1516 3552 1614 3608 Dei
1651 3553 1823 3608 inter-

180 3651 428 3721 ponunt,
443 3646 543 3702 ubi
574 3645 823 3701 dicitur:
855 3646 962 3713 Qui
977 3648 1152 3699 tecum
1180 3643 1315 3699 vivit
1342 3651 1393 3697 et
1418 3651 1612 3711 regnat
1640 3643 1822 3701 Deus:

180 3737 339 3809 quod
368 3740 568 3791 tamen
600 3734 864 3789 moderni
920 3736 1051 3805 post
1082 3747 1292 3787 nomen
1343 3730 1599 3803 Spiritus
1634 3729 1821 3785 sancti

180 3825 538 3897 subjungere
568 3821 855 3878 solent.Et
884 3821 1003 3876 hsce
1037 3821 1239 3892 utique
1261 3820 1623 3875 consuetudo
1646 3818 1821 3874 etiam

180 3913 337 3987 apud
369 3913 663 3968 Romanos
686 3926 1107 3983 usquequaque
1131 3908 1553 3973 adeoinvaluit,
1584 3912 1647 3963 ut
1678 3908 1828 3963 anti-

178 4019 308 4074 qua:
334 4000 668 4057 traditionis
721 3998 1014 4055 exsecutio
1065 3999 1191 4069 jam
1224 4014 1339 4053 non
1390 3997 1517 4052 sine
1548 3995 1826 4052 seandalo

172 4091 371 4147 locum
401 4090 617 4145 habere
637 4089 843 4161 possit,
879 4088 1034 4159 quod
1062 4089 1233 4157 juxta
1267 4084 1608 4157 Apostolum
1642 4085 1824 4158 (Rom.

177 4181 290 4251 xiv)
303 4184 362 4235 et
393 4177 766 4249 Evangelium
792 4176 1143 4248 (Matth.vm)
1166 4176 1224 4229 in
1246 4179 1364 4231 tam
1386 4174 1611 4230 levibus
1631 4175 1827 4230 causis

176 4285 416 4326 summo
446 4266 641 4323 studio
674 4266 927 4322 devitare
960 4265 1262 4321 debemus.

178 4374 313 4430 CAP.
346 4372 467 4430 νη.
510 4405 578 4413 -—
600 4374 799 4429 Iterum
830 4371 897 4427 de
925 4372 1268 4497 ctonclusione
1296 4388 1391 4427 seu
1411 4372 1828 4442 conﬁrmatione

841 4460 937 4497 ora
966 4460 1172 4497 zonam.

841 4460 1172 4499 orationum.

248 4533 585 4591 Secundum
603 4534 925 4589 Romanam
949 4531 1351 4589 auctoritatem
1372 4530 1594 4586 nullam
1620 4528 1829 4584 oratio-

1935 3377 2123 3441 debet,
2144 3380 2313 3449 juxta
2330 3379 2849 3450 quadragesimum
2872 3377 3131 3450 primum
3153 3377 3575 3450 Carthaginen-

1932 3466 2015 3523 sis
2047 3468 2273 3523 concilii
2307 3468 2496 3537 quarti
2527 3467 2873 3539 capitulum,
2897 3467 2991 3523 cui
3018 3472 3259 3523 sanctus
3289 3467 3572 3540 Augusti-

1933 3574 2064 3623 nus,
2099 3556 2218 3612 imo
2276 3556 2508 3611 ducenti
2571 3560 2795 3627 septem
2825 3560 2882 3612 et
2922 3558 3123 3612 decem
3152 3556 3338 3613 sancti
3373 3560 3572 3612 Patres

1933 3645 2342 3700 interfuerunt.
2373 3645 2547 3700 Juxta
2589 3645 2886 3701 decretum
2929 3644 3222 3701 Anastasii
3263 3660 3424 3717 papas
3457 3661 3572 3699 non

1933 3734 2168 3790 sedetur
2195 3735 2376 3789 donec
2410 3736 2529 3805 [pro
2558 3735 2722 3805 dum]
2754 3733 3117 3807 evangelium
3154 3733 3367 3805 legitur
3393 3752 3406 3801 ;
3447 3751 3575 3806 quas

1936 3822 2275 3889 reverentia,
2331 3828 2397 3877 ut
2451 3824 2634 3887 aiunt,
2695 3826 2753 3877 et
2791 3822 3123 3895 apostolica:
3152 3821 3386 3877 lectioni
3418 3821 3575 3893 apud

1935 3912 2162 3967 Graecos
2186 3911 2510 3967 exhibetur.
2544 3912 2833 3967 Diaconus
2866 3927 3000 3967 cum
3023 3910 3161 3983 legit
3188 3909 3574 3982 evangelium,

1931 4001 2096 4071 juxta
2127 4001 2455 4056 Romanum
2488 4000 2787 4066 Ordinem,
2850 4001 2908 4055 in
2941 4001 3191 4055 ambone
3228 3999 3305 4071 (3)
3338 3999 3581 4055 vertitur

1934 4090 2006 4144 ad
2034 4089 2362 4153 meridiem,
2390 4089 2486 4144 ubi
2550 4094 2608 4145 et
2638 4089 2886 4145 masculi
2920 4088 3275 4145 conveniunt
3306 4107 3320 4156 ;
3355 4104 3471 4143 non
3506 4086 3577 4142 ad

1934 4178 2291 4251 aquilonem,
2325 4178 2424 4233 ubi
2474 4178 2702 4233 feminae
2739 4178 3089 4233 consistunt.
3125 4177 3203 4231 Ad
3237 4175 3579 4249 pricipalem

1935 4268 2092 4323 enim
2140 4285 2341 4323 sexum
2400 4268 2607 4322 merito
2668 4268 2936 4333 vertitur,
2996 4265 3114 4332 cui,
3147 4269 3212 4321 ut
3269 4264 3581 4338 Apostolus

1932 4356 2504 4423 instituit,infirmior
2518 4373 2690 4411 sexus
2705 4357 2867 4411 domi
2889 4355 3294 4411 instituendus
3315 4352 3583 4409 commit-

1934 4445 2100 4500 titur.
2125 4446 2284 4509 Quod
2327 4449 2521 4499 autem
2555 4444 2875 4516 presbyteri
2900 4445 2971 4498 ad
2995 4442 3305 4515 legendum
3337 4458 3580 4513 evange-

1936 4532 2077 4587 lium
2104 4551 2213 4589 non
2244 4552 2305 4589 se
2326 4534 2395 4587 ad
2419 4532 2721 4587 meridiem
2738 4532 3252 4599 vertunt,bocideo
3276 4530 3583 4586 inolevisse

179 4640 314 4679 nem
337 4627 446 4679 Per
490 4639 614 4678 eum
656 4624 752 4695 qui
776 4629 1031 4678 venturus
1052 4624 1129 4677 est
1148 4620 1576 4688 concludimus,
1611 4619 1721 4673 nisi
1748 4617 1824 4673 sit
1862 4639 1904 4702 ῃ
1934 4621 2247 4689 credimus,
2283 4622 2421 4693 quia
2444 4638 2547 4676 nec
2570 4621 2723 4676 Ordo
2743 4620 2858 4675 illis
2881 4620 3155 4690 injunxit,
3194 4622 3258 4673 ut
3290 4618 3345 4672 in
3379 4620 3581 4674 ambo-

176 4710 559 4779 exorcismus,
582 4711 640 4766 in
665 4728 779 4784 quo
796 4710 1066 4767 diabolus
1081 4727 1185 4783 per
1215 4710 1480 4765 divinum
1505 4706 1827 4780 judicium,

174 4805 240 4856 ut
270 4817 307 4855 a
343 4804 609 4856 creatura
632 4799 733 4856 Dei
782 4799 1062 4866 discedat,
1096 4798 1458 4854 exorcizatur
1507 4796 1626 4852 sive
1657 4794 1823 4863 adju-

170 4894 357 4945 ratur.
390 4888 537 4945 Nam
563 4889 622 4943 in
670 4889 800 4945 aliis
815 4888 1200 4951 orationibus,
1235 4903 1382 4959 quas
1408 4902 1507 4958 per
1528 4886 1819 4941 Dominum

170 4982 422 5033 nostrum
442 4976 870 5046 concludimus,
888 4981 1138 5042 Patrem,
1158 4980 1223 5031 ut
1255 4975 1423 5030 nobis
1446 4991 1548 5047 per
1562 4989 1822 5028 amorem

170 5065 300 5123 Filii
323 5067 417 5123 sui
463 5066 788 5134 subveniat,
822 5066 1231 5139 imploramus.
1269 5065 1331 5120 In
1364 5062 1688 5119 exorcismo
1720 5078 1822 5117 au-

172 5160 292 5211 tem
306 5154 604 5211 diabolum
626 5173 725 5229 per
747 5156 848 5212 Dei
862 5154 1251 5227 judicium,ut
1272 5170 1344 5208 au
1355 5151 1829 5224 fugiat,increpa-

175 5244 557 5301 mus.0mnes
581 5252 775 5301 autem
800 5245 1249 5313 astantes,juxta
1275 5241 1578 5314 antiquam
1602 5245 1827 5295 sancto-

177 5350 309 5389 rum
332 5333 571 5389 Patrum
596 5334 994 5402 traditionem,
1024 5333 1084 5388 in
1109 5333 1341 5406 signum
1362 5329 1824 5387 conﬁrmationis

132 5408 139 5415 ’
176 5422 345 5479 Amen
365 5422 724 5495 subjungere
747 5423 980 5489 debent,
1000 5426 1065 5478 ut
1084 5436 1457 5478 communem
1477 5419 1824 5485 orationem,

175 5527 352 5584 quam
384 5510 659 5567 sacerdos
689 5528 794 5584 pro
824 5511 1102 5589 omnibus
1134 5509 1381 5566 Domino
1429 5508 1651 5576 libavit,
1688 5524 1827 5562 con-

168 5599 427 5657 ﬁrment.
462 5600 625 5657 Unde
681 5605 737 5656 et
765 5600 825 5655 in
856 5600 984 5673 ipsa
1016 5603 1239 5656 secreta
1271 5601 1377 5654 Per
1410 5597 1598 5653 omnia
1621 5597 1827 5652 saecula

235 5689 312 5762 (3)
353 5689 595 5745 Ambone
622 5692 790 5745 vocat
819 5689 974 5762 quod
1002 5689 1281 5761 pulpitum
1312 5687 1479 5760 prius
1508 5685 1677 5742 dixit.

1937 4727 2069 4766 nem
2102 4711 2172 4765 ad
2206 4710 2519 4782 legendum
2551 4709 2703 4764 sicut
2732 4708 3005 4763 diacones
3045 4706 3452 4771 escenderent,
3481 4705 3581 4761 ubi

1936 4800 2263 4854 necessario
2284 4799 2354 4854 ad
2382 4796 2678 4854 masculos
2706 4796 2901 4867 potius
2923 4810 3101 4866 quam
3124 4795 3195 4849 ad
3228 4793 3479 4848 feminas
3520 4809 3581 4849 se

1932 4892 2151 4944 vertere
2170 4888 2466 4942 deberent.
2502 4887 2644 4940 Nam
2662 4886 2832 4955 juxta
2853 4881 3312 4939 ecclesiasticam
3330 4896 3582 4937 consue-

1932 4976 2196 5031 tudinem
2232 4975 2297 5029 ad
2333 4974 2751 5047 altarelegunt,
2777 4970 2878 5028 ubi
2901 4970 3065 5027 nulla
3080 4970 3393 5027 diversitas
3417 4969 3582 5026 audi-

1934 5070 2129 5121 torum
2161 5064 2547 5136 approximat,
2608 5080 2735 5135 quze
2792 5061 3051 5135 legentes
3108 5059 3294 5133 magis
3326 5060 3385 5115 in
3424 5060 3582 5116 hanc

1935 5158 2155 5226 partem
2190 5170 2364 5225 quam
2392 5154 2448 5207 in
2478 5152 2648 5208 aliam
2674 5151 2930 5208 converti
2955 5149 3476 5223 exigat.Nusquam
3498 5148 3579 5203 ibi

1937 5242 2182 5308 femina},
2218 5243 2317 5297 sed
2360 5241 2465 5297 soli
2528 5241 2783 5313 religiosi
2815 5241 2887 5295 ad
2920 5239 3217 5295 dexteram
3249 5242 3308 5295 et
3337 5239 3408 5293 ad
3442 5238 3583 5293 sini-

1936 5335 2117 5386 stram
2153 5331 2574 5403 permittuntur
2605 5330 2865 5385 stare.Ad
2901 5328 3209 5385 sinistrum
3239 5345 3375 5383 vero
3397 5344 3581 5382 cornu

1936 5419 2137 5477 altaris
2152 5420 2369 5475 habent
2398 5418 2638 5487 librum,
2674 5435 2807 5473 cum
2840 5416 3045 5491 legunt
3073 5416 3458 5489 evangelium,
3492 5413 3583 5469 vel

1937 5526 2071 5565 cum
2098 5508 2520 5567 saerilicant.ut
2551 5508 2609 5561 in
2624 5508 2827 5562 dextra
2856 5510 3020 5578 parte
3049 5506 3168 5561 sint
3196 5502 3583 5575 expeditiores

1936 5599 2007 5654 ad
2065 5597 2468 5668 suscipiendas
2526 5595 2869 5664 oblationes,
2933 5594 3052 5651 sive
3116 5594 3187 5649 ad
3219 5590 3584 5647 conficienda
