3978 6362
393 370 482 425 ξί-

368 440 489 543 9333

1716 451 2054 543 MONUM.
2096 432 2414 519 LITURG.

3655 400 3811 517 est“

372 544 576 639 altaris
608 574 1163 641 sacramenta.Unde
1182 584 1254 642 ad
1270 584 1603 658 aquilonem
1629 587 1816 660 magis
1831 604 2010 660 quam
2124 589 2267 645 dum
2287 587 2626 662 legitur,ubi
2644 586 2892 645 dicitur:
2917 582 3780 661 Accipiensethuncpraeclarum
3814 626 3819 629 ι

373 670 446 728 ad
472 669 776 737 meridiem
796 673 945 730 versi
961 673 1391 740 videntur,cum
1408 676 2015 750 annuntiantevange-

370 758 541 826 lium.
573 758 718 817 Hinc
734 761 931 835 itaque
948 762 1192 835 [utique]
1224 762 1324 819 illa
1369 766 1671 837 usurpatio
1701 766 2013 823 emersisse

371 847 620 919 videtur,
654 853 721 907 ut
773 849 951 909 etiam
983 851 1257 909 diacones
1284 853 1345 908 in
1374 854 1643 922 amboue,
1675 859 1880 911 contra
1910 855 2016 910 Ro-

373 952 621 1003 manum
652 938 1018 1007 Ordinem,se
1048 945 1279 997 vertant
1307 942 1377 998 ad
1411 942 1765 1015 aquilonem,
1789 943 2014 1015 potius-
2100 999 2106 1004 .

375 1042 583 1099 quese
611 1028 687 1084 ad
714 1032 943 1101 partem
974 1029 1326 1086 feminarum
1375 1048 1551 1103 quam
1613 1032 2012 1089 masculorum

372 1117 595 1173 vertere
624 1122 1097 1185 non-vereantur.
1152 1120 1286 1185 Quae
1344 1121 1649 1193 usurpatio
1700 1123 1826 1193 jam
1871 1123 2013 1178 adeo

375 1202 653 1271 inolevit,
669 1210 735 1261 ut
757 1207 912 1278 apud
949 1206 1257 1278 plerosque
1278 1208 1445 1279 quasi
1466 1225 1569 1280 pro
1591 1209 1796 1266 ordine
1818 1213 2014 1266 tenea-

373 1295 492 1351 tur.
550 1294 660 1357 Sed
708 1294 846 1367 quia
897 1294 1223 1353 certissime
1279 1300 1482 1353 contra
1523 1297 1786 1354 ordinem
1816 1302 1905 1354 est
1960 1302 2018 1354 et

374 1379 749 1451 inhonesta,a
762 1382 1231 1456 diligentioribus
1255 1385 1478 1440 ordinis
1496 1387 1890 1444 servatoribus
1902 1403 2018 1443 me-

375 1469 488 1531 rito
514 1471 822 1537 refutatur.
855 1472 1008 1528 Ordo
1028 1489 1261 1546 quoque
1286 1474 1559 1546 praecepit
1587 1481 1670 1543 ut,
1706 1475 1804 1547 qui
1835 1474 2019 1532 lectu-

374 1575 477 1621 rus
506 1562 597 1617 est
625 1560 1014 1636 evangelium,
1045 1578 1279 1619 crucem
1311 1562 1423 1619 sibi
1463 1564 1641 1620 faciat
1690 1565 1749 1620 in
1807 1565 2014 1634 fronte,

374 1647 664 1718 videlicet,
687 1649 862 1721 juxta
888 1652 1309 1723 Augustinum,
1370 1652 1429 1708 in
1461 1654 1598 1709 sede
1645 1653 1831 1725 ipsius
1856 1670 2020 1710 vere-

378 1730 1053 1807 ouudiae,ut,eliminata
1099 1741 1258 1796 omni
1290 1742 1660 1810 verecundia,
1704 1759 1838 1798 eum
1868 1744 2019 1815 Apo-

378 1825 529 1889 stolo
548 1826 721 1898 (Rom.
750 1827 912 1899 1)non
926 1828 1232 1885 erubescat
1244 1831 1317 1885 de
1336 1829 1644 1903 Evangelia
1676 1831 2020 1903 Christi,qui

2121 678 2364 733 calicem.
2397 677 2468 732 Et
2522 675 2604 731 ibi
2638 694 2650 732 :
2684 678 2792 732 Per
2828 684 3028 747 ipsum,
3088 679 3139 733 et
3193 693 3320 731 cum
3351 677 3489 747 ipso,
3550 680 3608 749 et
3662 677 3776 735 hoc

2121 766 2368 821 fortasse
2394 765 2525 821 ideo
2556 765 2696 838 quia
2724 766 2953 820 cautius
3001 765 3227 821 levatur
3247 764 3775 838 sine'operimento

2122 871 2300 925 quam
2326 859 2656 925 coopertus.
3528 886 3534 892 -
3602 898 3605 901 λ

2229 946 2360 998 CAP.
2388 943 2478 999 XI.
2503 974 2572 984 ——
2601 943 2742 1011 Quid
2769 958 2933 1015 super
2957 943 3230 999 oblatione
3252 944 3326 998 sit
3344 942 3655 999 dicendum.

2194 1031 2529 1103 Composita
2547 1036 2742 1099 autem
2757 1031 3049 1088 oblatione
3066 1031 3126 1087 in
3149 1031 3485 1100 altari,dicit
3501 1032 3775 1090 sacerdos

2124 1120 2276 1179 hanc
2304 1120 2633 1176 orationem
2659 1122 2832 1192 juxta
2846 1119 3213 1177 Gallicanum
3261 1120 3582 1177 Ordinem:
3622 1123 3777 1190 Veni,

2123 1210 2492 1280 sanctiﬁcator
2531 1212 2893 1281 omnipotens,
2943 1213 3144 1265 aeterne
3187 1214 3353 1278 Deus,
3403 1210 3627 1266 benedic
3673 1210 3775 1266 hoc

2122 1299 2458 1368 sacriﬁcium
2514 1302 2607 1354 tuo
2662 1300 2881 1354 nomini
2905 1302 3305 1370 prmparatum.
3358 1301 3465 1355 Per
3495 1298 3776 1355 Christum

2124 1388 2418 1443 Dominum
2445 1395 2714 1443 nostrum.
2750 1386 2969 1443 Deinde
3026 1392 3159 1443 ante
3189 1385 3395 1443 altare.
3422 1386 3767 1455 inclinatus,
3874 1446 3885 1455 ,

2127 1475 2282 1533 dicat
2302 1475 2453 1532 hanc
2476 1476 2821 1546 orationem,
2854 1493 2968 1532 non
3001 1492 3070 1531 ex
3096 1474 3294 1547 aliquo
3318 1475 3544 1543 ordine,
3577 1476 3679 1534 sed
3702 1492 3774 1531 ex

2127 1563 2527 1621 ecclesiastica
2546 1562 2971 1639 consuetudine
2996 1581 3008 1618 :
3032 1566 3282 1635 Suscipe,
3305 1569 3499 1620 sancta
3513 1565 3774 1631 Trinitas,

2127 1654 2269 1710 hanc
2296 1654 2646 1721 oblationem,
2679 1670 2848 1725 quam
2875 1654 2978 1708 tibi
3023 1655 3304 1726 offerimus
3358 1654 3419 1707 in
3446 1654 3780 1709 memoriam

2126 1743 2424 1808 Passionis,
2440 1743 2887 1811 Resurrectionis,
2904 1742 3266 1807 Ascensionis,
3288 1746 3396 1796 etc.
3420 1743 3555 1807 Quae
3570 1741 3777 1813 utique

2128 1831 2312 1888 oratio
2333 1847 2367 1886 a
2385 1829 2854 1903 diligentioribus
2881 1830 3102 1886 ordinis
3140 1834 3198 1886 et
3216 1830 3603 1904 comprobatae
3628 1846 3774 1886 con-

378 1930 445 1971 ae
473 1914 682 2021 in‘ﬁne
701 1915 775 2021 de
825 1915 930 2021 illo
957 1916 1329 1973 erubiturum
1358 1918 1646 1990 praedixit,
1679 1919 2018 1992 quicunque
2053 1956 2099 2021 B
2131 1918 2461 1976 suetudinis
2482 1918 2974 1987 observatoribus,
3008 1922 3129 1974 tam
3152 1935 3256 1992 pro
3287 1918 3774 2021 defunctisquam

378 2016 513 2061 eum
533 2002 649 2071 hic,
675 2002 764 2061 vel
784 2004 961 2060 verba
981 2006 1317 2076 ejuscoram
1338 2006 1676 2064 hominibus
1696 2008 2015 2066 erubuerit.

377 2091 574 2151 Faciat
593 2092 769 2151 etiam
812 2092 925 2149 sibi
957 2094 1017 2151 in
1037 2099 1268 2166 pectore
1288 2111 1619 2162 crucem,ne
1650 2097 1850 2169 aliqua
1879 2114 2016 2171 sug-

378 2179 567 2254 gestio
585 2180 807 2238 diaboli
826 2198 964 2239 eum
998 2182 1300 2256 impediat,
1333 2184 1430 2256 qui
1463 2202 1608 2257 puro
1640 2187 1812 2242 corde
1843 2188 2022 2243 Evan-

375 2268 595 2342 gelium
615 2269 717 2337 Dei
736 2272 1088 2329 annuntiare
1114 2272 1323 2330 valeat.
1357 2274 1666 2347 Presbyter
1704 2292 1837 2331 eum
1877 2275 2020 2348 legit

378 2357 770 2431 evangelium,
801 2360 1062 2417 Romano
1092 2378 1255 2419 more
1299 2361 1594 2435 planetam
1621 2364 1681 2419 in
1712 2365 2017 2421 dexterum

375 2446 888 2516 levathumerum,
920 2455 988 2505 ut
1004 2450 1338 2523 expeditum
1362 2469 1424 2508 se
1444 2452 1690 2509 terrenis
1711 2454 2018 2510 affectibus

375 2553 508 2601 esse
521 2537 881 2599 demonstret
903 2540 976 2595 ad
997 2539 1759 2612 evangelizandum.Eadem
1782 2559 2019 2615 quoque

374 2625 603 2689 ratione
616 2631 676 2684 et
701 2628 1097 2697 diaconi,cum
1125 2629 1348 2703 legunt,
1381 2629 1676 2703 planetam
1707 2635 1936 2687 tantum
1960 2632 2017 2686 in

377 2715 622 2777 sinistro
650 2716 898 2779 humero
927 2719 1469 2790 ponerevidentur.
1516 2720 1657 2775 Item
1719 2721 2019 2776 Romanus

377 2802 535 2860 Ordo
555 2804 819 2877 praecipit
840 2809 907 2860 ut
940 2805 1250 2862 incensum
1271 2823 1504 2879 semper
1531 2809 1819 2880 praecedat
1847 2825 2017 2865 evan-

377 2890 622 2965 gelium,
652 2908 788 2955 cum
833 2893 907 2949 ad
936 2893 1117 2950 altare
1136 2894 1256 2950 sive
1279 2894 1339 2951 in
1370 2896 1679 2952 ambonem
1710 2902 2016 2971 portatur;

379 2996 500 3041 non
514 2983 727 3043 autem.
739 2982 1005 3043 concedit
1022 2986 1087 3039 ut
1101 2982 1317 3041 oblatio
1339 2982 1400 3039 in
1423 2983 1587 3040 altari
1617 2985 2017 3057 thuriﬁcetur;

381 3069 542 3141 quod
561 3073 618 3127 et
652 3070 987 3133 Amalarius
1033 3071 1097 3131 in
1118 3071 1359 3146 prologo
1381 3072 1518 3129 libri
1550 3075 1642 3130 sui
1675 3075 1756 3131 De
1786 3075 2018 3142 ofﬁciis,

382 3157 677 3221 Romanos
706 3159 959 3221 devitarc
984 3160 1216 3229 fatetur,
1251 3163 1519 3234 quamvis
1562 3165 1733 3219 modo
1775 3181 1809 3219 a
1838 3164 2022 3237 pluri-

380 3249 519 3318 bus,-
548 3247 676 3307 imo.
695 3264 844 3322 pene
871 3249 947 3306 ab
976 3250 1252 3307 omnibus
1282 3255 1618 3324 usurpetur.

488 3338 622 3395 CAP.
654 3335 720 3399 Χ.
738 3367 806 3378 -
828 3339 904 3395 De
921 3337 1193 3397 oblatione
1236 3341 1295 3394 in
1326 3341 1495 3396 altari
1523 3342 1908 3413 componemla.

453 3426 643 3485 Finito
672 3426 996 3500 evangelio,
1023 3427 1227 3484 statim
1255 3432 1342 3486 est
1375 3430 1758 3499 oﬂ‘erendum,
1792 3433 1935 3488 dum
1963 3436 2021 3489 et

381 3516 680 3576 oﬁ'erenda
701 3514 952 3585 canitur,
1008 3533 1137 3588 quae
1195 3534 1408 3574 nomen
1467 3519 1538 3575 de
1568 3517 1857 3577 oblatione
1888 3538 2019 3578 mu-

381 3604 769 3681 tuavit.,Nam.
799 3604 1002 3662 ordine
1032 3609 1385 3679 praepostero
1442 3608 1714 3681 deinceps
1759 3610 2020 3679 otl‘ertur,

382 3697 697 3768 postquam
729 3694 790 3750 in
818 3693 988 3753 altari
1046 3695 1349 3767 proposita
1403 3696 1697 3755 oblatione
1753 3701 2023 3757 sacerdos

382 3783 666 3858 populum
694 3781 963 3846 hortatur
992 3784 1064 3840 ad
1095 3786 1406 3842 orandum.
1441 3787 2026 3846 SanctusAlexander

382 3872 804 3946 papa,quintus
824 3889 860 3928 a
878 3873 1047 3931 beato
1068 3876 1258 3941 Petro,
1272 3874 1578 3932 constituit
1598 3881 1662 3931 ut
1691 3877 1861 3947 panis
1893 3882 2022 3934 tan-

380 3965 514 4018 tum
559 3963 619 4017 et
642 3959 847 4035 vinum
894 3977 1049 4033 aqua
1104 3963 1347 4019 mistum
1381 3964 1439 4020 in
1474 3964 1762 4020 sacriﬁcio
1794 3967 2022 4022 Domini

375 4049 673 4118 offeratur,
731 4049 872 4121 quia
923 4050 992 4106 de
1021 4050 1202 4107 latere
1230 4052 1462 4109 Domini
1504 4053 1747 4125 sanguis
1780 4057 1839 4108 et
1869 4071 2024 4126 aqua

371 4137 552 4196 simul
575 4138 977 4211 proﬂuxerunt
1000 4158 1013 4207 ;
1033 4141 1188 4197 unde
1219 4141 1794 4214 sanctusCyprianus
1840 4142 2015 4214 (epist.

363 4227 633 4287 adﬁxcil
679 4228 745 4286 de
793 4245 1027 4287 sacram.
1089 4231 1301 4303 salicis)
1337 4247 1351 4284 :
1399 4230 1526 4285 «In
1559 4229 1759 4298 calice,
1795 4230 2016 4304 inquit,

362 4316 669 4376 Dominico
691 4332 846 4390 aqua
872 4318 1007 4376 vino
1029 4321 1232 4376 deesse
1257 4336 1375 4375 non
1412 4319 1602 4387 debet,
1638 4336 1711 4375 ne
1740 4321 2014 4394 populus,

363 4406 466 4480 qui
495 4423 601 4479 per
627 4423 844 4480 aquam
889 4408 1063 4481 juxta
1091 4407 1483 4481 Apocalypsin
1542 4407 1936 4481 signiﬁcatur,
1982 4429 2016 4469 a

363 4495 600 4554 Christo
629 4500 940 4571 separatus
970 4513 1103 4555 esse
1139 4496 1423 4551 videatur.
1454 4517 1482 4546 »
1517 4495 1603 4551 Ita
1632 4500 1825 4553 autem
1844 4500 2015 4571 juxta

367 4585 705 4643 Romanum
736 4586 1004 4643 ordinem
1033 4584 1095 4639 in
1126 4582 1295 4640 altari
1326 4585 1729 4656 componenda
1758 4594 1917 4656 sunt,
1949 4593 2015 4645 ut

2129 2005 2526 2079 provivissola
2542 2006 2963 2079 frequentatur,
2991 2006 3091 2079 qui
3123 2006 3233 2062 etsi
3266 2006 3564 2063 multoties
3588 2004 3774 2078 pluri-

2128 2113 2358 2153 morum
2381 2096 2790 2153 consuetudini
2809 2097 3037 2164 cedant,
3060 2096 3358 2169 superﬂua
3386 2101 3582 2153 tamen
3603 2113 3774 2154 sum-

2128 2202 2363 2259 mepere
2374 2186 2650 2245 devitant.
2673 2186 2976 2243 Romanus
2994 2189 3187 2241 tamen
3210 2185 3362 2241 Ordo
3391 2183 3613 2240 nullam
3643 2202 3774 2242 ora-

2129 2274 2348 2330 tionem
2400 2273 2657 2330 instituit
2710 2278 2844 2347 post
2891 2274 3249 2330 offerendam
3282 2276 3416 2351 ante
3457 2277 3768 2331 secretam.

2127 2363 2369 2419 Erectus
2391 2366 2586 2420 autem
2608 2363 2907 2435 presbyter
2925 2361 3210 2436 populum
3232 2362 3499 2418 hortatur
3514 2362 3588 2419 ad
3604 2379 3773 2419 oran-

2129 2450 2355 2518 dum,et
2384 2450 2511 2524 ipse
2540 2455 2673 2523 post
2722 2450 2948 2507 ﬁnitam
2998 2453 3305 2521 secretam,
3364 2450 3767 2523 praefationem

2128 2539 2354 2596 orditur
2404 2540 2466 2595 in
2526 2540 2842 2611 Canonem,
2894 2540 2953 2596 in
2986 2556 3103 2613 qua
3130 2556 3520 2612 supernorum
3551 2540 3766 2597 civium

2128 2628 2362 2686 ordines
2384 2628 2592 2684 merito
2608 2632 3127 2701 connumerantur,
3147 2628 3288 2700 quia
3310 2627 3532 2685 eisdem
3554 2632 3771 2702 myste-
3840 2680 3849 2695 ,

2129 2717 2232 2772 riis
2249 2734 2375 2789 quae
2388 2717 2468 2773 ibi
2481 2718 3067 2789 conﬁciuntur,juxta
3084 2717 3519 2774 attestationem
3541 2720 3775 2774 sancto-

2130 2824 2263 2863 rum
2282 2806 2837 2873 Patrum,interesse
2857 2807 3198 2863 creduntur.
3229 2806 3387 2862 Unde
3403 2811 3460 2862 et
3479 2822 3550 2861 an
3558 2805 3782 2879 gelicus

2129 2895 2407 2968 hymnus,
2441 2894 2499 2950 id
2519 2899 2628 2963 est,
2648 2895 2902 2962 Sanctus,
2930 2899 3169 2962 sanctus,
3201 2898 3439 2961 sanctus,
3464 2894 3775 2968 subsequi-

2130 2988 2191 3041 tu
2199 3001 2428 3056 r,quem
2440 2985 2648 3041 beatus
2658 2983 2856 3040 Sixtus
2869 2984 3102 3057 papa,in
3121 2983 3323 3040 ordine
3338 2988 3781 3052 octavus,eons-

2131 3072 2294 3130 tituit
2308 3077 2372 3128 ut
2386 3076 2521 3129 ante
2535 3072 2887 3132 sacriﬁcium
2905 3072 3391 3129 diceretur.Hunc
3413 3076 3608 3128 autem
3620 3073 3787 3145 bym-

2132 3179 2273 3218 num
2296 3166 2353 3218 et
2373 3161 2506 3234 ipse
2527 3162 2799 3218 sacerdos
2821 3178 2956 3217 cum
2980 3160 3112 3218 aliis
3126 3161 3454 3218 necessario
3501 3161 3675 3218 debet
3691 3162 3779 3217 di-

2131 3267 2285 3319 cere,
2319 3268 2391 3307 ne
2411 3250 2672 3323 seipsum
2694 3267 2804 3307 sua
2824 3266 2994 3324 prece
3010 3250 3280 3306 videatur
3301 3250 3701 3323 privasse,qui
3724 3255 3784 3307 et

2048 3323 2092 3392 C
2131 3356 2269 3399 suas
2295 3356 2463 3396 voces
2512 3343 2570 3395 et
2627 3323 2877 3396 aliorum
2907 3339 3189 3413 angelicis
3217 3337 3492 3395 laudibus
3545 3339 3778 3395 admitti

2131 3428 2476 3501 deprecatus
2504 3432 2594 3485 est
2608 3427 2667 3483 in
2685 3428 3044 3501 praefatione.
3064 3427 3240 3483 Juxta
3261 3427 3590 3484 Romanum
3608 3428 3777 3484 Ordi-

2130 3533 2266 3572 nem
2288 3533 2593 3588 nunquam
2615 3514 2859 3572 missam
2876 3516 3139 3591 [missas]
3158 3517 3381 3588 absque
3396 3515 3619 3573 lumine
3631 3516 3782 3574 cele-

2131 3605 2412 3662 bramus:
2446 3616 2559 3661 non
2579 3605 2783 3677 utique
2813 3605 2885 3660 ad
2904 3604 3282 3677 depellendus
3312 3606 3604 3673 tenebras,
3638 3624 3776 3662 eum

2133 3694 2212 3751 sit
2239 3694 2397 3751 clara
2426 3693 2572 3762 dies,
2606 3694 2708 3750 sed
2762 3694 2957 3766 potius
3015 3694 3075 3748 in
3107 3699 3310 3767 typum
3344 3693 3503 3749 illius
3531 3692 3779 3750 luminis

2133 3785 2305 3855 cujus
2331 3786 2701 3839 sacramenta
2729 3782 2809 3837 ibi
2831 3782 3335 3851 conﬁcimus,sine
3351 3799 3468 3855 quo
3493 3786 3549 3838 et
3579 3783 3639 3838 in
3661 3798 3780 3839 me-

2133 3872 2280 3929 ridie
2312 3871 2682 3945 palpabimus
2710 3874 2776 3926 ut
2803 3871 2863 3927 in
2894 3876 3085 3927 nocte.

2223 4003 2227 4007 ι
2274 3962 2409 4018 CAP.
2441 3961 2560 4017 ΧΙΙ.
2601 3992 2669 4000 --
2715 3960 2860 4031 Quid
2905 3964 3129 4016 auctum
3170 3962 3243 4016 sit
3282 3962 3343 4016 in
3394 3960 3627 4015 Canone.

2202 4050 2535 4107 Orationem
2548 4066 2727 4122 quam
2745 4048 3185 4118 Canonem,sive
3206 4049 3778 4120 Actionem,propter

2128 4139 2455 4213 regularem
2485 4142 2985 4195 sacramentorum
3034 4137 3451 4194 confectionem
3509 4138 3773 4194 Romano

2128 4246 2290 4285 more
2319 4227 2705 4300 appellamus,
2739 4227 2872 4299 quis
2905 4226 3316 4298 composuerit,
3340 4229 3536 4298 aperte
3551 4242 3664 4280 non
3687 4224 3773 4282 le-

2126 4319 2344 4392 gimus,
2377 4316 2491 4372 nisi
2534 4317 2689 4389 quod
2743 4317 2801 4371 S.
2834 4317 3158 4389 Gregorius
3190 4316 3508 4389 quemdam
3534 4314 3772 4372 schola-

2127 4408 2341 4464 sticum
2372 4405 2533 4461 illam
2565 4406 2967 4478 composuisse
3024 4408 3289 4462 testatur.
3347 4404 3533 4460 Multa
3570 4409 3771 4461 tamen

2126 4497 2315 4554 eidem
2348 4494 2565 4551 Canoni
2597 4510 2633 4549 a
2661 4494 2882 4551 sanctis
2913 4494 3185 4551 Patribus
3244 4496 3466 4550 inserta
3494 4493 3771 4567 legimus,

2127 4586 2281 4643 sicut
2302 4602 2337 4641 a
2355 4588 2559 4640 sancto
2578 4583 2969 4641 Alexandrino
3016 4600 3183 4657 papa,
3218 4583 3277 4639 in
3309 4583 3512 4639 ordine
3539 4582 3771 4655 quinto,

367 4673 566 4732 oblata
594 4676 660 4747 [i.
693 4690 742 4731 e.
801 4672 1018 4744 hostia]
1076 4671 1139 4727 in
1176 4671 1463 4745 corporali
1521 4674 1732 4747 posita,
1763 4676 1911 4732 calix
1938 4678 2011 4734 ad
2042 4692 2090 4757 ι)
2119 4672 2648 4748 ipsiuS-Dominicae
2679 4673 2972 4744 passionis
2990 4672 3469 4729 commemoratio
3500 4670 3774 4726 interseri

367 4762 641 4819 dextrum
671 4761 829 4821 latus
858 4759 1063 4818 oblatae
1122 4764 1394 4832 ponatur,
1449 4763 1618 4835 quasi
1657 4765 2010 4837 sanguinem

367 4850 598 4908 Domini
615 4852 1021 4923 suscepturus,
1045 4865 1221 4922 quem
1257 4850 1328 4906 de
1349 4848 1529 4908 latere
1555 4853 1853 4910 Dominico
1874 4871 2011 4926 pro-

368 4938 607 4996 ﬂuxisse
616 4937 1087 4996 credimus.Nam
1100 4936 1359 4995 oblatam
1372 4939 1491 4996 sive
1503 4958 1712 5013 panem
1733 4943 1793 4997 in
1807 4959 2008 4999 verum

364 5025 580 5085 Christi
606 5033 840 5098 corpus,
874 5026 1029 5083 sicut
1048 5030 1106 5083 et
1128 5026 1328 5083 vinum
1351 5027 1410 5083 in
1435 5029 1784 5101 sanguinem
1817 5031 2008 5086 Domi-

366 5114 569 5170 nicam
600 5113 862 5187 converti
889 5132 1004 5172 non
1037 5114 1399 5173 dubitamus.
1433 5117 1637 5174 Solent
1667 5123 1863 5175 autem
1886 5135 2012 5191 pre-

365 5201 751 5275 sbyteri,dum
771 5203 897 5260 sine
920 5204 1204 5261 ministris
1218 5206 1491 5275 oﬂ‘eruut,
1521 5207 1788 5279 deposita
1816 5208 2011 5264 oblata

364 5291 427 5348 in
452 5288 620 5347 altari
651 5295 919 5363 patenum
952 5293 1309 5351 abscondere
1340 5296 1450 5352 sub
1480 5295 1788 5367 corporali,
1823 5300 1879 5352 et
1902 5297 2010 5353 for-

364 5383 522 5438 tasse
550 5379 680 5437 ideo
711 5380 848 5455 quia
863 5383 1032 5455 juxta
1053 5382 1330 5440 Ordinem
1345 5384 1650 5457 acolythus
1681 5386 1851 5441 debet
1878 5402 2006 5441 eam

362 5474 561 5528 tenere
594 5468 912 5527 involutam
968 5471 1121 5527 inter
1162 5473 1635 5530 sacriﬁcandum.
1668 5474 2009 5547 Cooperitur

363 5562 597 5634 quoque
621 5558 775 5616 calix
801 5577 917 5617 non
949 5563 1068 5617 tam
1100 5577 1279 5619 causa
1306 5563 1569 5635 mysterii
1610 5580 1788 5635 quam
1819 5569 2009 5620 caute-

361 5649 452 5717 lae,
510 5665 697 5723 usque
752 5650 896 5706 dum
957 5649 1120 5705 ﬁnito
1171 5650 1402 5705 Canone
1451 5649 1713 5707 dicitur:
1759 5652 2002 5723 Oremus,

361 5740 651 5811 Praeceptis
677 5739 1015 5796 salutaribus
1073 5738 1290 5795 moniti.
1326 5736 1760 5810 Discooperitur
1786 5744 2003 5812 tamen,

2114 4762 2525 4836 jubetur.ltem
2554 4765 2794 4818 sanctus
2815 4762 3130 4834 Gregorius
3149 4778 3302 4835 papa
3319 4760 3546 4832 primus
3570 4777 3584 4815 :
3609 4760 3775 4815 Dies-

2119 4868 2221 4924 que
2239 4853 2451 4908 nostros
2467 4850 2528 4906 in
2549 4854 2645 4906 tua
2673 4866 2807 4922 pace
2819 4851 3097 4923 disponas,
3130 4866 3317 4921 usque
3348 4851 3453 4904 Per
3487 4848 3777 4903 Christum

2116 4942 2411 4996 Dominum
2428 4943 2696 4995 nostrum.
2740 4939 2808 4994 Et
2828 4955 3080 5013 magnus
3122 4938 3234 4994 Leo
3260 4957 3273 4994 :
3309 4938 3567 4993 Sanctum
3594 4938 3772 4992 sacri-

2118 5030 2326 5099 ﬁcium,
2341 5028 2757 5084 immaculatam
2777 5028 3033 5094 hostium,
3058 5028 3117 5083 in
3135 5028 3367 5083 Canone
3391 5025 3768 5082 addiderunt.

2118 5116 2709 5191 Item[idem]quoque
2730 5116 3042 5189 Gregorius
3057 5115 3421 5172 Dominicam
3439 5113 3770 5171 orationem

2118 5223 2179 5262 se
2200 5205 2418 5261 Canoni
2441 5205 2726 5276 adjecisse
2751 5205 2808 5259 in
2833 5206 3098 5278 Registro
3127 5221 3234 5261 suo
3275 5203 3486 5260 asserit
3510 5203 3770 5276 (Regislr.

2118 5294 2219 5351 lib.
2245 5311 2340 5362 vn,
2367 5311 2457 5366 ep.
2481 5295 2571 5361 63,
2622 5296 2694 5349 ad
2718 5296 2985 5352 Joannem
3014 5293 3470 5365 Syracusanum),
3502 5290 3602 5347 ubi
3634 5291 3769 5363 qui-

2117 5384 2367 5440 busdam
2402 5383 2538 5439 inde
2571 5384 3106 5453 murmurantibus,
3140 5383 3350 5440 humili
3384 5379 3773 5455 responsione

2116 5470 2837 5539 satisfecit,ineonveniens
2859 5489 2986 5530 esse
3012 5489 3279 5529 asserens
3305 5470 3568 5527 utoratio
3586 5485 3771 5542 quam

2115 5561 2503 5618 scholasticus
2533 5561 3055 5635 composuitsuper
3079 5561 3434 5617 oblationem
3450 5559 3774 5623 diceretur,

2114 5655 2170 5707 et
2190 5649 2846 5724 illapraetermitteretur
2883 5668 3062 5723 quam
3086 5650 3197 5724 ipsi
3231 5647 3480 5724 apostoli
3503 5665 3571 5707 ex
3602 5646 3776 5717 insti-

2111 5740 2337 5799 tutione
2367 5738 2670 5796 Dominica
2698 5740 2758 5797 in
2791 5740 3150 5797 confectione
3181 5739 3524 5797 earumdem
3575 5750 3777 5793 saera-
