3978 6442
183 388 311 502 es

1634 412 2163 509 MleaOLers.

3481 418 3601 504 986

183 576 527 641 mentorum
546 572 798 633 usitasse
817 575 1191 635 crederentur
1206 576 1586 647 [creduntur].
1601 580 1667 632 In
1685 593 1847 632 sum-
1876 578 1931 642 Α
1959 573 2548 648 libet[quorumlibet]
2569 579 2904 632 sanctorum
2926 573 3169 632 nomina
3186 572 3601 633 internumera—

188 664 311 721 mis
334 680 576 736 quoque
602 664 1016 722 festivitatibus
1063 665 1330 737 quaedam
1378 665 1597 722 Canoni
1638 665 1697 721 in
1746 665 1845 722 illo

187 750 342 821 loco,
386 751 490 808 ubi
535 752 756 809 dicitur
803 752 1293 823 Communicantes,
1344 751 1433 810 vel
1480 759 1640 811 Hauc
1676 757 1848 826 igitur

188 840 1002 915 obtaiionemﬁnterponimue,
1022 859 1148 915 qua:
1179 846 1374 899 tamen
1406 860 1474 899 ex
1502 843 1845 916 antiquiori-

187 929 307 985 bus
336 932 395 985 et
413 929 910 986 emendatioribus
924 931 1407 988 Sacramentariis
1424 931 1848 1005 interponenda

190 1033 324 1075 esse
353 1016 692 1093 didicimus,
723 1018 993 1075 videlicet
1038 1019 1096 1075 in
1146 1019 1455 1075 Nativitate
1500 1020 1752 1088 Domini,
1785 1021 1845 1077 in

190 1105 547 1179 Epiphania,
582 1107 641 1162 in
671 1107 861 1177 Coena,
897 1108 956 1164 in
997 1108 1241 1176 Pascha,
1276 1109 1333 1163 in
1381 1110 1753 1177 Ascensione,
1787 1110 1845 1165 in

192 1195 556 1255 Pentecoste.
593 1196 962 1269 [Hujusmodi
993 1197 1464 1270 interpositiones
1495 1197 1756 1255 efﬁciunt
1786 1203 1849 1255 ut

193 1282 368 1349 illud,
402 1284 893 1354 Communieantes,
922 1286 1184 1357 apertius
1214 1303 1317 1358 per
1346 1303 1428 1351 se,
1462 1288 1629 1360 quasi
1662 1288 1720 1343 in
1753 1305 1846 1344 ca-

192 1372 417 1430 tholica
446 1373 859 1431 communione
888 1380 1213 1445 manentes,
1241 1375 1846 1448 intelligamus,quam

193 1462 271 1519 ad
301 1462 788 1535 subsequentium
806 1468 1141 1521 sanctorum
1156 1465 1626 1521 communionem
1652 1466 1847 1538 ipsum

193 1550 756 1620 referamus.]Nimis
777 1556 971 1609 autem
1001 1553 1378 1608 temerarium
1411 1554 1848 1621 videtur_utnos

194 1638 398 1711 aliqua
426 1639 646 1697 Canoni
674 1641 745 1696 ad
774 1645 1040 1698 nostrum
1074 1641 1308 1697 libitum
1341 1642 1709 1714 adjiciamus,
1735 1643 1849 1699 nisi

195 1744 325 1800 quae
355 1745 390 1785 a
417 1729 637 1797 sanctis
664 1730 937 1785 Patribus
967 1731 1213 1801 adjecta,
1246 1731 1333 1786 vel
1365 1731 1693 1801 adjicienda
1721 1750 1849 1789 esse

193 1816 619 1888 cognovimus;
670 1819 958 1891 praecipue
1012 1837 1145 1875 cum
1207 1821 1358 1875 inter
1408 1821 1566 1893 ipsos
1617 1827 1849 1878 sanctos

193 1904 396 1960 Patres
423 1903 570 1961 nulli
600 1903 820 1977 aliquid
851 1907 1139 1978 adjecisse
1167 1907 1458 1981 legantur,
1491 1910 1603 1965 nisi
1654 1910 1750 1982 qui
1794 1915 1850 1965 et

192 1992 517 2065 apostolica
545 1994 890 2051 auctoritate
911 1996 1139 2067 praediti
1172 1997 1279 2053 hoc
1308 1999 1493 2055 facere
1512 2005 1845 2071 potuerunt.

192 2080 501 2154 Optimum
532 2098 670 2155 ergo
711 2082 940 2143 videtur
970 2088 1031 2141 ut
1085 2086 1142 2140 in
1193 2085 1301 2141 hac
1347 2104 1523 2142 causa
1566 2088 1849 2144 terminos

193 2174 536 2227 nostrorum
565 2174 798 2243 patrum
829 2189 943 2227 non
976 2175 1457 2245 excedamus,nec
1488 2194 1595 2232 nos
1624 2182 1851 2249 aposto-

194 2257 324 2315 licae
353 2259 718 2316 auctoritatis
735 2277 867 2317 reos
897 2262 1245 2330 efficiamus,
1280 2264 1350 2336 si,
1380 2266 1534 2336 quod
1569 2266 1676 2321 soli
1710 2284 1846 2339 apo-

194 2347 418 2406 stolicae
464 2348 797 2405 auctoritati
842 2350 1142 2423 competit,
1174 2352 1465 2409 Canonem
1510 2354 1728 2411 nostris
1759 2355 1850 2410 in-

192 2437 679 2509 terpositionibus
709 2444 1088 2511 augmentare
1117 2458 1567 2512 praesumamus.

327 2524 464 2581 ΟΑΡ.
490 2525 636 2582 XIII.
669 2558 737 2568 —
769 2527 910 2597 Quid
932 2531 1269 2602 superﬂuum
1302 2532 1373 2586 sit
1402 2534 1463 2587 in
1490 2531 1723 2588 Conone.

273 2615 651 2686 Interponere
670 2616 825 2671 enim
842 2617 1028 2672 solent
1045 2618 1283 2689 quidam
1308 2619 1387 2675 ibi
1405 2637 1545 2677 suas
1560 2620 1852 2678 orationes

199 2702 302 2760 ubi
332 2703 547 2759 dicitur
574 2722 587 2759 :
620 2705 902 2776 Memento,
934 2708 1180 2777 Domine,
1212 2708 1571 2779 famulorum,
1603 2711 1851 2781 famula-

198 2807 453 2864 rumque,
484 2796 543 2849 et
570 2798 705 2861 ante
752 2796 1368 2853 commemorationem
1416 2798 1848 2856 defunctorum.

199 2880 351 2943 Item
383 2884 517 2953 post
534 2898 745 2939 nomen
760 2882 982 2939 domini
1003 2902 1163 2958 papas
1186 2887 1307 2943 sive
1337 2887 1849 2961 propriiepiscopi,

197 2968 488 3041 adjiciunt
519 2988 531 3027 :
565 2973 633 3028 Et
656 2974 907 3031 omnibus
935 2974 1251 3032 orthodoxis
1298 2980 1459 3047 atque
1486 2978 1772 3036 catholicae
1799 2984 1853 3035 et

196 3059 510 3130 apostolica
539 3060 669 3129 ﬁdei
694 3062 1021 3129 cultoribus,
1055 3064 1155 3119 sed
1186 3065 1502 3137 superfluo.
1529 3067 1676 3122 Nam
1700 3068 1851 3125 Ordo

118 3170 129 3179 ·
198 3147 399 3204 statim
445 3147 507 3203 in
556 3150 824 3221 sequenti
876 3168 1068 3220 versu,
1124 3153 1223 3208 ubi
1268 3154 1528 3211 dicitur:
1571 3157 1847 3223 Memento,

196 3236 446 3306 Domine,
488 3238 829 3308 famulorum
856 3241 1322 3313 famularumque,
1366 3244 1535 3299 nobis
1585 3246 1851 3302 concedit

1958 681 2018 719 re
2031 680 2368 736 possumus.
2396 665 2589 721 Etboc
2611 665 2785 721 etiam
2804 665 3126 722 notandum
3160 665 3316 738 quod
3343 681 3601 742 personae

1956 752 2323 824 praelatorum
2344 758 2400 810 et
2412 754 2808 825 subjectorum
2822 752 2881 809 in
2896 753 3126 811 Canone
3137 754 3600 828 distinguuntur.

1960 840 2063 896 Ubi
2093 841 2247 896 enim
2277 840 2498 896 domini
2527 841 2826 914 apostolici
2858 841 2977 897 sive
3007 842 3262 915 episcopi
3293 844 3475 900 nostri
3507 836 3605 901 no?

1958 945 2091 984 men
2140 931 2522 997 assumimus,
2568 931 2639 986 de
2690 929 2945 1003 praelatis
2993 947 3167 1005 agere.
3206 932 3493 989 videmur.
3526 938 3604 990 De

1956 1017 2238 1090 subjectis
2266 1036 2399 1075 vero
2428 1019 2625 1075 statim
2643 1019 2702 1073 in
2724 1018 2989 1090 sequenti
3008 1020 3601 1095 versumbidicimusf:

1957 1107 2238 1174 Memento,
2304 1108 2551 1173 Domine,
2610 1108 2949 1179 famulorum
2987 1110 3436 1182 famularumque
3477 1116 3605 1167 tua-

1956 1197 2250 1251 rumJtem
2283 1195 2605 1252 illudzﬂane
2632 1198 2805 1267 igitur
2833 1196 3164 1252 oblationem
3191 1201 3467 1256 servitutis
3482 1218 3606 1259 nos-

1958 1292 2062 1340 trae
2092 1284 2162 1339 de
2196 1284 2451 1356 praelatis
2482 1290 2668 1341 sonat.
2701 1285 2846 1340 Nam
2881 1286 3034 1357 quod
3087 1287 3353 1358 sequitur
3384 1305 3396 1342 :
3432 1289 3533 1345 Sed
3559 1297 3609 1346 et

1958 1382 2165 1428 cuncta:
2194 1374 2875 1445 fiunilia’.tuae,subjectos
2890 1374 3573 1442 videturintimare.ltem
3593 1397 3605 1435 :

1962 1462 2110 1519 Unde
2135 1466 2185 1518 et
2214 1478 2495 1531 memores,
2521 1464 2764 1531 Domine,
2797 1479 2896 1518 nos
2922 1466 3070 1519 servi
3095 1466 3198 1531 tui,
3228 1465 3300 1521 de
3331 1466 3605 1538 praelatis,

1958 1554 2015 1606 et
2044 1549 2184 1605 illud
2219 1569 2231 1606 :
2268 1552 2368 1607 Sed
2398 1559 2449 1607 et
2474 1552 2625 1624 plebs
2661 1556 2758 1607 tua
2785 1560 2993 1617 sancta,
3028 1552 3099 1608 de
3130 1542 3410 1624 subjectis
3439 1571 3609 1629 agere

1960 1655 2075 1694 non
2108 1638 2432 1695 dubitatur.

2137 1726 2272 1783 CAP.
2305 1728 2449 1784 XIV.
2485 1760 2549 1769 —
2580 1731 2653 1784 De
2679 1724 2852 1800 signis
2889 1747 3051 1803 super
3077 1732 3428 1789 oblationem.

2031 1815 2109 1871 De
2140 1817 2327 1889 signis
2359 1822 2553 1873 autem
2586 1834 2712 1890 quae
2746 1835 2923 1891 super
2953 1817 3609 1880 oblationcmadiversis

1883 1944 1928 2009 Β
1959 1905 2183 1960 diverse
2216 1907 2498 1969 ﬁunt,nos
2528 1906 2599 1993 ab
2618 1906 2936 1978 apostolica
2962 1908 3098 1964 sede
3112 1908 3485 2009 potissimum
3501 1911 3610 1967 for-

1958 2011 2116 2049 mam
2166 2011 2397 2049 sumere
2449 1986 2830 2063 decrevimus,
2864 1996 3018 2052 unde
3056 1997 3234 2053 totius
3266 1992 3607 2055 Christianae

1958 2080 2262 2154 religionis
2295 2082 2558 2141 ordinem
2592 2087 2647 2139 et
2678 2084 2962 2156 originem
2994 2087 3615 2157 suscepimus.Namet

1958 2170 2044 2225 illi
2077 2171 2202 2225 sedi
2235 2176 2433 2227 nostro
2466 2177 2727 2244 tempore
2751 2172 2921 2227 talem
2960 2172 3111 2229 Deus
3137 2176 3611 2247 gubernatorem,

1960 2261 2306 2328 reverendae,
2344 2261 2909 2333 inquam,memorize
2941 2261 3285 2335 Gregorium
3303 2263 3379 2337 (4)
3399 2280 3609 2337 papam

1959 2347 2368 2420 imposuit,qui
2393 2350 2501 2403 sub
2528 2348 2724 2405 decem
2739 2349 2861 2405 suis
2889 2351 3612 2426 antecessoribus,apuero

1961 2438 2154 2492 Romae
2187 2438 2444 2492 nutritus
2476 2441 2533 2491 et
2562 2436 2847 2502 eruditus,
2876 2453 3079 2493 omnes
3111 2439 3461 2511 apostolicae
3494 2445 3611 2506 tra-

1960 2525 2211 2581 ditiones
2242 2524 2691 2598 diligentissime
2723 2525 3109 2599 investigavit,
3146 2532 3203 2582 et
3234 2527 3611 2601 investigatas

1961 2613 2396 2670 studiosissime
2442 2612 2501 2668 in
2535 2617 2731 2669 actum
2766 2614 2975 2670 referre
3003 2615 3243 2671 curavit.
3279 2606 3444 2672 Hunc
3472 2632 3610 2692 ergo

1961 2702 2256 2757 doctorem
2290 2701 2570 2775 religione
2615 2707 2673 2758 et
2702 2704 3046 2758 auctoritate
3077 2704 3457 2776 praecipuum,
3494 2706 3610 2762 imo

1960 2780 2340 2863 apostolicam
2370 2790 2745 2847 traditionem
2764 2806 2869 2864 per
2898 2792 3091 2863 ipsum
3124 2792 3182 2847 in
3200 2785 3611 2852 consecrandis

1962 2870 2254 2953 mysteriis
2285 2879 2656 2952 potissimum
2687 2881 2902 2936 imitari
2936 2874 3489 2939 decrevimus.Sicut
3505 2900 3613 2941 nos

1960 2969 2074 3041 ipsi
2105 2986 2204 3041 per
2234 2968 2431 3042 ipsum
2481 2975 2536 3025 et
2584 2987 2686 3043 per
2728 2970 3069 3043 episcopum
3103 2971 3200 3043 qui
3234 2986 3368 3027 eum
3400 2970 3614 3028 imitati

1961 3048 2775 3132 sunt,accepimus,imparem
2809 3076 3121 3115 numerum
3153 3074 3384 3133 semper
3409 3060 3467 3116 in
3487 3056 3610 3118 dis-

1961 3147 2302 3218 pensatione
2335 3148 2638 3220 signorum
2653 3148 3192 3220 superoblationem
3209 3149 3610 3222 observamus,

1959 3235 2227 3292 videlicet
2270 3252 2449 3292 unam
2482 3252 2736 3304 crucem,
2769 3236 2854 3292 vel
2897 3242 3038 3304 tres,
3078 3237 3166 3293 vel
3219 3238 3481 3310 quinque
3527 3240 3611 3295 fa-

198 3328 266 3381 nt
292 3325 560 3382 omnium
590 3326 852 3383 vivorum
884 3312 1433 3401 commemoi-emug,
1467 3350 1849 3407 quoscunque
1880 3312 1922 3379 C
1962 3324 2250 3393 ciendo,et
2278 3324 2388 3381 hoc
2419 3326 2621 3397 utique
2648 3342 2761 3381 non
2794 3325 2919 3380 sine
2950 3325 3090 3381 certi
3120 3341 3295 3381 causa
3326 3327 3609 3399 mysterii.

198 3413 579 3471 voluerimus.
613 3416 756 3472 Item
806 3422 936 3489 post
986 3436 1171 3491 pauca
1214 3421 1441 3477 addunt
1474 3439 1485 3478 :
1517 3429 1628 3479 Pro
1658 3426 1855 3495 quibus

197 3503 302 3559 tibi
328 3504 633 3575 offerimus,
656 3520 791 3560 cum
823 3505 884 3561 in
914 3508 1344 3579 antiquioribus
1375 3514 1431 3566 et
1458 3511 1853 3568 veraeioribus

198 3590 705 3661 Sacramentariis,
739 3611 855 3650 non
898 3594 1011 3651 nisi
1044 3598 1154 3653 sub
1203 3599 1375 3654 tertia
1422 3616 1673 3672 persona
1715 3602 1851 3658 olfe-

199 3685 395 3737 rentes
425 3679 509 3735 ibi
551 3681 797 3755 [scripti]
848 3684 1233 3755 reperiantur.
1271 3687 1412 3743 Item
1445 3688 1524 3743 ibi
1555 3706 1568 3743 :
1611 3690 1759 3746 Unde
1801 3699 1853 3747 et

198 3785 484 3838 memores,
508 3771 754 3837 Domine,
789 3788 884 3828 nos
916 3775 1001 3829 tui
1028 3778 1193 3843 servi,
1224 3776 1595 3833 Nativitatem
1624 3779 1847 3834 Domini

198 3862 680 3926 commemorant,
713 3876 847 3915 cum
872 3860 1044 3931 juxta
1074 3864 1417 3935 Apostolum
1468 3866 1527 3919 in
1558 3867 1850 3937 ejusmodi

197 3946 484 4013 sacriﬁcio
515 3964 633 4004 non
653 3947 1027 4007 Nativitatem
1053 3951 1307 4022 Domini,
1324 3955 1423 4009 sed
1456 3960 1703 4011 mortem
1722 3957 1851 4027 ejus

197 4036 552 4103 annuntiare
579 4036 919 4095 debeamus.
937 4039 1099 4094 Unde
1125 4044 1181 4096 et
1210 4046 1452 4098 sanctus
1482 4044 1848 4113 Ambrosius,

195 4123 257 4179 in
284 4123 455 4181 libris
485 4125 1027 4184 Saerameutorum:
1063 4152 1089 4179 ‹‹
1126 4130 1617 4204 Quotiescunque,
1635 4134 1847 4206 inquit,

197 4214 438 4270 offertur
467 4214 844 4285 sacriﬁcium,
881 4234 1040 4273 mors
1070 4218 1327 4291 Domini,
1362 4223 1711 4279 resurrectio
1742 4229 1850 4279 Do-

201 4301 637 4374 mini,ascensio
654 4304 886 4361 Domini
903 4305 1327 4378 significatur.»
1351 4311 1515 4375 Quod
1539 4316 1596 4368 et
1610 4317 1851 4369 sanctus
1884 4352 1891 4362 ρ

195 4391 561 4465 Augustinus
591 4409 700 4450 sua
734 4396 1104 4451 attestatione
1136 4397 1462 4454 conﬁrmat.
1487 4400 1851 4474 Quapropter

196 4485 253 4538 et
280 4497 389 4545 nos
419 4480 501 4537 ibi
530 4485 759 4539 tantum
788 4483 1849 4555 passionis,resurrectionisetascen-

198 4567 382 4651 sionis
411 4570 771 4642 passionem,
804 4575 1289 4631 resurrectionem
1320 4579 1377 4632 et
1422 4578 1847 4650 ascensionem]

196 4661 1047 4735 commemoramusﬂzeeergo
1062 4663 1259 4720 omnia
1280 4682 1406 4736 quae
1430 4683 1537 4723 nos
1566 4667 1849 4738 adjectiva
1880 4683 1926 4749 Β

196 4747 546 4818 notavimus,
581 4748 677 4805 ille
708 4750 907 4823 procul
932 4751 1109 4807 dubio
1141 4753 1439 4826 superﬂua
1471 4758 1528 4811 et
1556 4757 1851 4814 eradenda

186 4835 500 4907 judicabit,
533 4838 871 4912 quicunque
911 4840 1273 4913 antiquiores
1315 4846 1372 4898 et
1419 4845 1844 4903 emendatiores

195 4923 697 4984 Sacramentarios
726 4928 1037 5001 diligenter
1060 4930 1397 5003 inspexerit.
1424 4932 1738 4989 Sciendum
1758 4940 1847 4992 est

195 5017 389 5073 autem
423 5016 580 5088 quod
622 5016 886 5074 Romana
928 5020 1247 5076 auctoritas
1299 5021 1541 5077 nomina
1587 5022 1849 5080 vivorum

196 5102 460 5160 ﬁdelium
490 5103 958 5164 internumerare
987 5108 1290 5180 permittit,
1316 5110 1418 5164 ubi
1449 5110 1664 5166 dicitur
1698 5130 1711 5168 :
1739 5114 1851 5170 Me-

194 5196 395 5258 mento,
416 5194 668 5261 Domine,
697 5196 1037 5267 famulorum
1060 5198 1507 5270 famularumque
1524 5215 1547 5261 ;
1579 5199 1852 5257 similiter

197 5284 253 5337 et
281 5282 717 5353 defunctorum,
751 5284 852 5341 ubi
884 5286 1097 5342 iterum
1126 5287 1341 5343 dicitur
1364 5305 1376 5343 :
1400 5289 1663 5345 Memento
1685 5291 1853 5346 etiam

152 5372 253 5425 ‘et
276 5385 483 5428 eorum
513 5373 1050 5431 nomina.Aliorum
1084 5392 1214 5431 vero
1244 5380 1579 5432 sanctorum
1605 5378 1846 5434 nomina

196 5472 584 5516 annumerare
615 5477 731 5517 non
762 5461 1189 5530 debemus,nisi
1224 5479 1370 5535 quos
1404 5464 1460 5518 in
1491 5463 1724 5520 Canone
1754 5464 1843 5519 in-

193 5547 461 5604 venimus
487 5549 817 5622 antiquitus
845 5550 1192 5625 descriptos,
1226 5556 1464 5625 excepto
1495 5556 1648 5626 post,
1680 5554 1848 5610 Pater

189 5637 456 5706 noster,in
487 5635 589 5694 illa
616 5639 878 5697 oratione
906 5640 1008 5697 ubi
1030 5641 1196 5713 juxta
1226 5641 1492 5699 ordinem
1524 5646 1846 5715 quantum-

257 5726 332 5797 (4)
366 5726 714 5799 Gregorium
743 5728 865 5786 VII.

1964 3414 2108 3469 Nam
2142 3414 2196 3468 in
2235 3410 2349 3469 una
2377 3415 2436 3469 ct
2467 3415 2677 3483 tribus,
2708 3429 2890 3479 unum
2925 3417 2981 3468 et
3008 3413 3229 3470 trinum
3261 3419 3443 3470 Deum
3479 3415 3613 3471 inti—

1965 3502 2286 3557 mamus.In
2320 3502 2580 3575 quinque
2595 3505 2789 3558 autem
2809 3502 3353 3575 quinquepartitam
3378 3504 3609 3559 Domini

1962 3590 2295 3664 passionem
2329 3589 2962 3663 signiﬁcamusMerito
2992 3592 3392 3663 autemimpar
3412 3608 3614 3648 nume-

1964 3696 2064 3734 rus
2093 3679 2151 3734 in
2185 3679 2593 3736 ecclesiasticis
2624 3680 2833 3735 ofﬁciis
2861 3679 3430 3752 frequentatur,quia
3460 3678 3613 3735 nun-

1962 3784 2141 3840 quam
2174 3767 2233 3823 in
2265 3768 2381 3824 duo
2412 3768 2659 3839 mqualia
2689 3768 2912 3823 unitate
2943 3767 3294 3840 impediente
3312 3768 3611 3840 dividitur,

1961 3859 2113 3914 sicut
2142 3857 2337 3913 unitas
2363 3862 2574 3913 sanctas
2603 3846 2872 3913 Ecclesiae
2905 3856 3240 3912 nullatenus
3258 3872 3387 3912 eam
3418 3856 3477 3913 in
3494 3858 3612 3913 duo

1962 3947 2146 4003 secari
2184 3946 2423 4019 patitur.
2471 3948 2531 4001 In
2573 3946 2779 4019 primis
2829 3945 2928 4001 ubi
2977 3944 3237 4002 dicitur:
3284 3948 3412 4004 [tam
3447 3947 3609 4016 dona,

1966 4037 2082 4092 haec
2134 4052 2388 4103 munera,
2450 4035 2564 4090 ham
2618 4042 2804 4091 sancta
2857 4036 3148 4106 sacriﬁcia,
3212 4039 3330 4091 tres
3381 4041 3612 4091 tantum

1960 4141 2161 4181 cruces
2193 4141 2370 4198 super
2400 4142 2611 4197 panem
2641 4125 2914 4181 etvinum
2931 4124 3321 4180 communiter
3341 4124 3611 4195 facimus,

1961 4230 2065 4270 nec
2099 4231 2359 4287 unquam
2392 4231 2649 4288 pancma
2679 4214 3612 4287 caliceseparamusinconsigna-

1958 4303 2135 4371 tione,
2169 4303 2282 4360 nisi
2317 4302 2414 4359 ubi
2465 4292 2778 4376 separatim
2831 4304 3212 4360 nominantur
3256 4303 3315 4358 in
3359 4304 3609 4359 Canens.

1962 4393 2045 4448 Ita
2070 4397 2263 4448 autem
2298 4393 2394 4448 illa
2425 4394 2819 4449 communiter
2846 4393 3253 4466 signamus,ut
3274 4396 3614 4466 erecta’pars

1959 4481 2168 4549 crucis,
2200 4486 2428 4537 tantum
2463 4498 2639 4553 super
2669 4498 2901 4554 panem,
2936 4486 3271 4537 transversa
3301 4486 3494 4537 autem
3523 4497 3617 4538 su-

1958 4586 2061 4642 per
2092 4569 2329 4625 calicem
2372 4570 2771 4641 protendatur.
2805 4569 2949 4624 Nam
3001 4573 3190 4624 erecta
3239 4585 3375 4641 pars
3422 4570 3613 4625 crucis

1960 4675 2171 4730 corpus
2204 4658 2569 4714 Dominicum
2599 4657 2913 4726 sustinuit;
2944 4661 3279 4712 transversa
3311 4658 3611 4731 autemip-

1959 4747 2084 4804 sius
2099 4747 2337 4803 brachia
2353 4746 2825 4803 distendit.Unde
2843 4745 3071 4801 etCalix
3084 4762 3337 4817 congrue
3350 4746 3460 4801 sub
3478 4747 3612 4802 bra-

1958 4836 2088 4892 chio
2121 4837 2249 4908 ejus
2280 4835 2615 4904 collocatur,
2648 4835 2818 4908 quasi
2851 4835 2922 4890 de
2951 4834 3130 4889 latere
3163 4834 3460 4891 Dominico
3477 4850 3611 4891 san-

1963 4926 2198 4999 guinem
2230 4925 2461 4982 Domini
2513 4930 2917 4998 suscepturus.
2953 4924 3099 4979 Cum
3130 4924 3383 4980 dicimus
3417 4943 3430 4981 :
3464 4918 3615 4981 Hanc

1962 5017 2138 5085 igitur
2173 5017 2521 5082 oblationem,
2554 5033 2743 5089 usque
2776 5015 2845 5071 ad
2894 5013 3079 5071 altare
3129 5013 3508 5084 inclinamur,
3541 5016 3613 5072 ad

1962 5105 2257 5178 exemplar
2286 5104 2628 5177 Cbristi,qui
2662 5122 2723 5161 se
2753 5103 3083 5160 humiliavit
3103 5121 3207 5177 pro
3239 5105 3408 5161 nobis
3428 5120 3614 5178 usque

1962 5196 2033 5250 ad
2060 5199 2307 5251 mortem
2342 5194 2553 5250 erucis.
2579 5194 2766 5250 Erecti
2797 5200 2993 5250 autem
3021 5211 3155 5249 cum
3185 5193 3439 5250 dicimus
3465 5209 3478 5249 :
3511 5196 3612 5250 Be-

1962 5284 2250 5352 nedictum,
2283 5285 2925 5355 ascriptam,ratam,trcs
2957 5300 3157 5339 cruces
3190 5299 3368 5356 super
3391 5287 3616 5340 utrum-

1962 5390 2075 5446 que
2107 5374 2284 5429 simul
2318 5372 2585 5429 facimus.
2618 5373 2743 5428 Non
2794 5374 2949 5428 enim
3000 5372 3093 5428 hic
3133 5371 3258 5428 sola
3289 5372 3483 5428 oblata
3535 5371 3611 5429 si-

1961 5463 2196 5537 gnanda
2254 5466 2361 5531 est,
2419 5466 2484 5517 ut
2540 5462 2784 5534 quidam
2844 5461 3086 5530 iaciunt,
3136 5461 3237 5517 sed
3298 5464 3614 5533 utrumque

1961 5552 2227 5625 signatur
2256 5551 2317 5607 in
2347 5549 2661 5607 oblatione.
2710 5551 2857 5607 Nam
2907 5551 3195 5623 sequitur.
3227 5552 3288 5604 ut
3331 5550 3487 5605 nobis
3515 5549 3614 5620 ﬁat

1960 5658 2156 5714 corpus
2198 5647 2249 5697 et
2276 5641 2525 5711 sanguis,
2559 5641 2931 5709 subauditur,
2964 5640 3087 5696 hmc
3118 5636 3351 5695 oblatio.
3384 5637 3453 5694 Et
3498 5637 3610 5696 hoc
