3976 6380
372 349 491 418 987

1744 349 2060 420 MONUM.
2101 351 2419 422 LITURG.

371 506 507 548 cum
537 486 770 558 dicitur,
804 493 1017 564 quarta
1040 507 1181 549 crux
1219 507 1397 566 super
1441 508 1674 566 panem,
1706 497 1764 550 et
1811 494 2018 567 quinta
2045 489 2102 557 Α
2130 492 2190 548 in
2219 493 2430 550 Christi
2463 499 2648 554 morte
2677 496 2963 572 redempti
2993 503 3153 569 sunt,
3183 503 3242 560 et
3272 500 3334 560 in
3364 500 3594 560 Christo
3624 502 3781 561 hanc

371 597 548 653 super
576 579 818 636 calicem
850 581 1165 654 separatim
1194 581 1809 656 imponitur.Congrue
1821 587 2016 640 autem

370 669 536 742 prius
565 673 686 726 tres
715 671 944 726 tantum
989 687 1190 727 cruces
1216 687 1394 744 super
1421 674 1736 744 utrumque
1773 673 2018 729 fecimus

371 757 680 826 [facimus],
715 757 850 814 licet
889 758 1150 832 quinque
1199 776 1366 816 voces
1416 760 1486 816 ad
1535 760 1706 834 signa
1752 761 2018 816 facienda

365 845 808 920 zequipollentes
833 847 1206 907 haberemus.
1234 847 1294 904 id
1321 852 1430 915 est,
1461 849 1809 906 Benedictum
1837 852 2014 906 ascri-

361 942 535 1008 ptarr,
568 939 770 1004 ratam,
804 937 1210 1002 rationabilem,
1239 939 1640 1009 acceptabilem,
1663 937 1932 994 videlicet
1951 943 2017 994 ut

365 1025 705 1098 quinarium
737 1041 1049 1081 numerum
1084 1043 1199 1082 non
1233 1027 1728 1094 excederemus,et
1747 1027 2010 1098 quintam

363 1130 598 1170 crucem
627 1131 805 1186 super
833 1113 1074 1170 calicem
1105 1114 1272 1185 quasi
1321 1115 1511 1186 quinti
1558 1115 1813 1171 vulneris
1855 1115 2012 1170 indi-

362 1203 673 1271 cem,unde
701 1203 942 1276 sanguis
958 1201 1652 1274 proﬁuxit,competenter
1664 1205 2007 1260 faceremus.

441 1308 576 1364 ΟΑΡ.
608 1309 723 1364 XV.
757 1341 825 1349 —
858 1313 934 1365 De
962 1310 1268 1380 acceptione
1296 1309 1593 1365 oblationis
1621 1311 1682 1365 in
1709 1326 1924 1366 manus.

430 1414 650 1470 Deinde
679 1415 849 1486 panis
878 1415 936 1470 in
965 1432 1175 1470 manus
1191 1415 1558 1488 accipitur,et
1587 1419 1901 1488 antequam
1926 1433 2008 1472 re-

357 1507 612 1576 ponatur
641 1501 702 1558 in
731 1502 1472 1570 altare,benedicitur.ltem
1494 1509 1553 1560 et
1581 1503 1729 1560 calix
1750 1503 2007 1562 elevatus

355 1596 490 1648 ante
511 1591 933 1664 depositionem
945 1591 1478 1648 benedicitur.Nam
1501 1597 1558 1648 et
1577 1591 1704 1665 ipse
1721 1593 2006 1650 Dominus

352 1681 414 1738 in
428 1681 740 1755 Evangelia
753 1685 1072 1754 utrumque
1085 1681 1299 1754 legitur
1309 1681 1678 1739 benedixisse
1690 1687 2004 1755 antequam

353 1769 675 1826 dimitteret
703 1787 736 1826 e
765 1771 1320 1843 manibus.Accepta
1347 1771 1505 1826 enim
1538 1771 1597 1826 in
1620 1771 1894 1828 manibus
1913 1772 2005 1828 be-

352 1858 598 1926 nedixit,
630 1862 834 1929 postea
863 1857 1168 1930 discipulis
1201 1858 1361 1914 dedit
1391 1859 1596 1930 (Matth.
1629 1860 1804 1932 xxvr).

352 1947 454 2002 ubi
481 1946 698 2002 dicitur
729 1962 743 2000 :
777 1947 1020 2001 Hostiam
1062 1963 1284 2018 puram,
1314 1946 1547 2004 hostiam
1591 1953 1857 2015 sanctam,
1899 1949 2000 2004 ho-

350 2035 526 2091 stiam
553 2033 1109 2097 immaculatam,tres
1140 2048 1342 2089 cruces
1373 2050 1552 2106 super
1580 2037 1898 2106 utrumque
1928 2035 2000 2091 si-

352 2123 476 2178 mul
509 2121 778 2190 facimus,
811 2121 951 2194 quia
999 2125 1055 2176 et
1086 2125 1404 2194 utrumque
1447 2121 1621 2178 simul
1670 2123 1727 2178 in
1777 2124 1995 2180 eisdem

351 2210 545 2268 verbis
575 2209 980 2283 intelligimus.
1011 2211 1287 2275 Quartam
1319 2215 1517 2267 autem
1560 2227 1790 2268 crucem
1821 2229 2000 2285 super

350 2315 584 2373 panem,
615 2303 673 2355 et
715 2299 981 2372 quintam
1031 2315 1209 2372 super
1244 2299 1483 2356 calicem
1516 2301 1831 2373 separatim
1864 2301 1994 2357 inﬁ-

349 2389 566 2463 gimus,
585 2385 795 2444 iterum
827 2389 1175 2461 sanguinem
1199 2388 1566 2445 Dominicum
1593 2389 1664 2446 de
1695 2389 1873 2447 latere
1893 2391 1997 2447 Do-

350 2477 565 2534 minico
593 2477 990 2551 proﬂuentem,
1010 2477 1406 2550 designantes.

397 2585 530 2641 CAP.
559 2583 701 2638 XVI.
736 2615 802 2624 —
831 2585 906 2638 De
933 2586 1446 2667 commemoratione
1487 2587 1786 2642 Dominicze
1809 2603 1939 2660 pas-

1071 2669 1262 2710 διοηιδ.

415 2761 746 2818 Notandum
781 2763 978 2816 autem
1009 2778 1114 2834 per
1141 2763 1329 2817 totum
1361 2763 1655 2818 Canonem
1684 2763 1993 2822 Dominicis

345 2849 641 2924 passionis
669 2850 1284 2906 commemorationem
1322 2850 1698 2922 potissimum
1742 2853 1990 2924 actitari,

340 2942 513 3013 juxta
535 2937 766 2994 Domini
800 2941 1153 3009 praeceptum
1183 2935 1243 2992 in
1265 2939 1575 3011 Evangelio
1595 2957 1608 2995 :
1629 2940 1990 3014 Haecﬁnquit,

350 3028 768 3100 quotiescunque
821 3027 1080 3097 feceritis,
1128 3028 1188 3081 in
1245 3029 1356 3082 mei
1411 3029 1736 3084 memoriam
1781 3032 1994 3102 facietis

351 3115 560 3190 (Matth.
611 3130 778 3182 xxv1;
831 3115 956 3170 Luc.
1002 3115 1140 3185 xu);
1191 3119 1248 3170 et
1295 3115 1442 3170 illud
1492 3117 1798 3188 Apostoli:
1851 3121 1990 3189 Quo-

349 3207 662 3276 tiescunque
710 3203 808 3260 hoc
832 3205 1195 3276 sumpseritis,
1242 3210 1468 3262 mortem
1515 3208 1740 3263 Domini
1767 3225 1988 3265 annun-
2020 3219 2064 3286 (ς

345 3293 554 3351 tiabitis
582 3293 630 3366 (1
653 3295 778 3351 Cor.
806 3294 884 3365 x).
917 3292 1079 3349 Unde
1105 3297 1162 3348 et
1190 3293 1315 3367 ipse
1357 3295 1630 3352 sacerdos
1668 3312 1772 3369 per
1798 3301 1987 3354 totum

344 3383 637 3440 Canonem
669 3381 728 3438 in
758 3383 1110 3456 expansione
1158 3399 1440 3439 manuum
1473 3401 1586 3442 non
1619 3389 1740 3441 tam
1774 3389 1989 3443 mentis

343 3471 711 3528 devotionem
742 3488 918 3544 quam
949 3471 1160 3529 Christi
1193 3473 1590 3530 extensionem
1613 3475 1672 3530 in
1701 3493 1872 3532 cruce
1891 3477 1988 3532 de-

341 3561 556 3633 signat,
580 3560 752 3633 juxta
784 3559 928 3616 illud
963 3577 976 3616 :
1023 3563 1274 3633 Expandi
1324 3579 1522 3618 manus
1559 3579 1708 3620 meas
1737 3572 1848 3621 tota
1875 3565 1982 3622 die.

339 3651 464 3724 (Isa.
498 3650 775 3722 va).Non
808 3666 944 3722 ergo
966 3650 1132 3724 digiti
1167 3656 1308 3706 sunt
1335 3651 1716 3709 contrahendi
1734 3670 1984 3727 semper,

337 3743 403 3794 ut
431 3739 669 3810 quidam
704 3755 818 3810 prae
852 3739 1034 3794 nimia
1077 3739 1304 3796 cautela
1352 3740 1593 3796 faciunt.
1627 3741 1777 3799 Male
1827 3743 1984 3800 enim

335 3828 490 3884 cauti
523 3844 754 3895 sumus,
785 3827 834 3882 si
879 3827 1174 3884 Christum
1204 3828 1422 3884 imitari
1469 3847 1840 3903 summopere
1869 3849 1984 3888 non

337 3915 664 3972 studemus.
683 3915 796 3970 Con
804 3931 1018 3987 gruum
1032 3931 1168 3989 ergo
1181 3920 1346 3972 estut
1363 3934 1496 3972 man
1506 3935 1576 3973 us
1586 3920 1987 3991 expendamus

335 4004 490 4060 infra
516 4002 951 4070 Canonem,hoc
968 4006 1165 4059 tamen
1197 4005 1502 4061 observato
1531 4023 1603 4062 ne
1625 4006 1764 4079 quid
1785 4007 1986 4081 digitis

336 4091 1350 4165 tangamuspraeterDominicorpus.
1383 4095 1713 4150 Notandum
1754 4113 1985 4170 quoque

335 4181 396 4237 in
426 4181 554 4254 ipso
584 4179 818 4236 Canone
842 4180 1178 4252 quinquies,
1213 4197 1316 4254 per
1343 4181 1638 4238 Christum
1670 4183 1983 4242 Dominum

336 4273 626 4337 nostrum,
651 4267 853 4324 haberi
869 4286 882 4337 ;
901 4267 1029 4324 etin
1049 4269 1180 4340 ipsa
1191 4269 1461 4342 quinaria
1479 4271 1848 4330 conclusione
1869 4291 1981 4332 non

334 4359 654 4429 incongrue
685 4357 1016 4428 quinariam
1031 4357 1264 4414 Domini
1281 4357 1738 4417 vulnerationem
1755 4361 1984 4420 intima-

335 4444 720 4517 ri.Presbyter
747 4448 942 4501 autem
973 4462 1187 4502 manus
1212 4461 1342 4500 raro
1373 4447 1665 4504 remittere
1695 4449 1981 4519 solet,nisi

335 4549 472 4591 cum
503 4532 830 4590 necessario
859 4535 1222 4607 propositam
1253 4534 1604 4593 oblationem
1644 4538 1984 4598 benedicere

335 4621 838 4694 debet.Presbyter
861 4627 920 4678 et
949 4621 1414 4678 humiliationem
1449 4625 1675 4680 Domini
1702 4643 1889 4700 usque
1908 4629 1982 4683 ad

337 4727 589 4782 crucem,
614 4716 680 4766 ut
708 4711 1284 4784 praediximus,nobis
1313 4709 1693 4780 indicat,cum
1710 4732 1772 4772 se
1795 4731 1982 4788 usque

336 4801 410 4857 ad
441 4800 622 4856 altare
653 4798 914 4867 inclinat,
945 4800 1189 4856 dicendo
1224 4816 1236 4857 :
1272 4802 1418 4857 Hanc
1459 4819 1585 4875 ergo
1627 4805 1980 4862 oblationem.

336 4889 547 4946 Statim
573 4888 730 4944 enim
781 4889 838 4942 in
883 4889 1265 4961 sequentibus
1297 4893 1550 4950 narratio
1581 4897 1653 4950 de
1687 4895 1986 4952 Dominica

337 4977 610 5051 passione
639 4976 963 5047 ordinatur,
995 4979 1166 5050 cujus
1192 4983 1366 5053 typus
1383 4998 1570 5055 usque
1599 4984 1671 5039 ad
1701 4984 1983 5056 Supplices

334 5069 388 5123 te
435 5081 708 5138 rogamus,
747 5066 1107 5123 observatur.
1160 5068 1242 5124 Ibi
1289 5069 1554 5128 videlicet
1601 5073 1874 5129 sacerdos
1922 5091 1984 5130 se

330 5156 505 5228 juxta
532 5153 713 5210 altare
738 5153 1050 5222 inclinans,
1084 5157 1382 5216 Christum
1414 5160 1471 5215 in
1503 5178 1674 5217 cruce
1703 5160 1982 5219 inclinato

337 5243 528 5316 capite
556 5243 829 5316 spiritum
863 5245 1170 5303 tradidisse
1197 5248 1507 5322 significat.

371 5351 378 5356 ’
409 5368 536 5424 Cip.
565 5367 733 5424 XVII.
765 5399 835 5409 —
860 5370 938 5426 De
963 5375 1468 5432 commemoratione
1496 5377 1836 5432 mortuorum
1864 5386 1916 5434 et

459 5440 691 5513 reliquis
719 5439 1074 5498 observantiis
1104 5461 1270 5518 usque
1300 5447 1359 5501 in
1390 5449 1557 5519 ﬁnem
1584 5449 1846 5504 Cononis.

409 5546 544 5603 Post
574 5549 820 5604 mortem
850 5549 1060 5606 Christi
1079 5550 1136 5606 in
1160 5568 1329 5609 cruce
1345 5555 1822 5611 commemoratio
1835 5572 1984 5614 mor-

331 5639 570 5691 tuorum
601 5637 998 5711 subsequitur,
1030 5642 1168 5712 quia
1199 5658 1303 5696 nec
1335 5641 1584 5698 aliorum
1615 5648 1981 5702 mortuorum

337 5725 787 5800 [defunctorum]
817 5729 1292 5786 commemoratio
1323 5731 1549 5804 agenda
1577 5736 1688 5806 est,
1718 5733 1832 5792 nisi
1880 5736 1982 5810 qui

2129 581 2308 638 vitam
2341 583 2788 643 finierunt.Cum
2813 592 3010 646 autem
3025 591 3296 648 sacerdos
3315 608 3516 649 vocem
3539 592 3780 660 exaltat,

2128 670 2516 729 dicens:Nobis
2535 691 2747 747 quoque
2764 679 3152 750 peccatoribus,
3172 681 3578 738 centurionem
3607 681 3780 738 illum

2127 759 2396 832 designat
2441 763 2541 833 qui
2583 763 2710 820 visa
2757 770 2946 822 morte
2991 767 3210 825 Christi
3253 786 3456 826 vocem
3481 770 3779 837 exultavit,

2125 848 2370 905 dicendo
2407 868 2419 905 :
2461 853 2588 908 Vere
2615 854 2790 908 Filius
2819 855 2918 912 Dei
2946 864 3064 912 erat
3091 858 3212 912 iste.
3234 858 3376 914 Tres
3405 875 3540 916 vero
3571 875 3780 918 cruces

2125 953 2302 1008 super
2325 954 2536 1011 corpus
2566 944 2624 996 et
2651 943 2997 1015 sanguinem
3029 946 3424 1003 communiter
3453 946 3609 1013 facit,
3636 965 3776 1005 cum

2124 1024 2264 1080 dicit
2297 1044 2310 1082 :
2341 1027 2680 1100 Sanctiﬁcas,
2727 1032 2994 1102 viviﬁcas,
3045 1034 3332 1100 benedicis,
3380 1036 3441 1091 in
3489 1035 3774 1094 honorem

2123 1119 2335 1170 sanctis
2368 1116 2907 1176 Trinitatis.Postea
2917 1137 3051 1177 cum
3064 1139 3302 1196 corpore
3314 1124 3619 1181 Dominico
3635 1142 3777 1198 qua-

2119 1206 2254 1258 tuor
2283 1221 2486 1261 cruces
2515 1223 2694 1279 super
2741 1208 2980 1265 calicem
3033 1210 3302 1280 facimus,
3334 1213 3580 1270 dicendo
3616 1231 3630 1269 :
3663 1216 3775 1270 Per

2120 1293 2302 1363 ipsum
2353 1298 2404 1350 et
2449 1311 2575 1351 cum
2603 1297 2718 1367 ipso
2765 1301 2817 1352 et
2856 1299 2912 1353 in
2944 1300 3082 1369 ipso,
3113 1303 3170 1354 et
3203 1300 3471 1371 quintam
3497 1301 3556 1358 in
3587 1300 3772 1359 latere

2119 1381 2609 1452 calicis,videlicet
2630 1385 2842 1442 iterum
2870 1385 3084 1444 vulnus
3109 1388 3342 1444 Domini
3363 1389 3560 1446 lateris
3581 1389 3770 1464 signi-

2119 1469 2536 1528 ﬁcando.Unde
2565 1477 2623 1528 et
2653 1473 2893 1530 calicem
2909 1491 2976 1531 ex
2996 1477 3198 1532 eodem
3218 1476 3398 1533 latere
3418 1494 3552 1534 cum
3572 1477 3772 1535 oblata

2114 1560 2415 1632 tangimus
2419 1561 2444 1632 j
2455 1565 2591 1616 uxta
2603 1563 2931 1618 Romanum
2945 1564 3418 1622 Ordinem.Multi
3435 1570 3632 1623 tamen
3645 1571 3768 1625 tres

2115 1651 2346 1703 tantum
2379 1665 2580 1706 cruces
2611 1667 2788 1722 super
2817 1651 3058 1708 calicem
3079 1657 3138 1710 et
3166 1654 3312 1710 duas
3341 1655 3401 1710 in
3433 1653 3616 1712 latere
3635 1657 3769 1727 ejus

2114 1735 2463 1804 faciunt;sed
2495 1737 2722 1794 videtur
2752 1739 3160 1813 incongruum,
3178 1759 3310 1798 cum
3340 1742 3610 1800 Christus
3631 1743 3766 1799 nul-

1837 1823 2004 1928 igeg’
2034 1853 2082 1918 Β
2113 1823 2248 1928 lum.
2268 1824 2482 1882 vulnus
2512 1826 2571 1927 in
2598 1826 2776 1928 latere
2805 1828 3078 1928 habuerit
3105 1830 3224 1928 nisi
3248 1833 3763 1928 unum.S_e_d-reve-

2110 1915 2300 1970 rendae
2319 1915 2612 1972 memoriae.
2630 1916 2946 1989 Gregorius
2961 1935 3110 1991 papa
3123 1919 3348 1986 fecit,ut
3359 1920 3761 1993 pradiximus,

2109 2003 2264 2074 quod
2298 2003 2505 2060 beatus
2532 2004 2848 2062 Anselmus
2880 2007 3160 2063 Lucensis
3177 2008 3487 2082 episcopus
3512 2008 3594 2066 ita
3608 2009 3763 2066 abeo

2108 2107 2170 2147 se
2200 2091 2477 2149 didicisse
2511 2097 2758 2150 testatus
2791 2099 2902 2154 est.
2935 2099 2993 2151 et
3021 2095 3130 2152 hoc
3159 2096 3243 2152 ita
3287 2113 3520 2170 semper
3557 2099 3762 2155 obser-

2107 2180 2279 2248 vavit,
2304 2181 2592 2254 nobisque
2620 2183 2822 2239 itidem
2852 2185 3282 2241 observandum
3311 2186 3652 2244 ﬁrmissime
3675 2187 3762 2244 in-

2106 2268 2527 2326 culcavit.Cum
2557 2271 2830 2328 dicimus:
2847 2277 2956 2328 Per
2982 2275 3169 2330 omnia
3191 2275 3393 2330 secula
3411 2276 3755 2345 saeculorum,

2105 2373 2318 2430 corpus
2349 2375 2484 2415 cum
2515 2359 2693 2416 calice
2713 2360 3270 2430 levamus,etstatim
3303 2363 3362 2420 in
3393 2364 3562 2421 altari
3587 2365 3760 2438 depo-

2106 2446 2220 2504 sita
2246 2447 2793 2520 cooperimuszQuia
2822 2453 2880 2506 et
2907 2450 3125 2522 Joseph
3157 2469 3370 2524 corpus
3383 2453 3754 2511 Dominicum

2105 2537 2176 2592 de
2205 2553 2376 2594 cruce
2415 2536 2640 2606 levavit,
2675 2542 2732 2594 et
2774 2539 2833 2594 in
2883 2539 3150 2611 sepulcro
3197 2540 3529 2612 depositum
3561 2541 3755 2614 lapide

2104 2625 2420 2698 cooperuit.
2465 2626 2781 2700 Hucusque
2825 2627 2973 2684 calix
3020 2645 3124 2701 pro
3173 2629 3401 2686 cautela
3446 2635 3754 2704 coopertus

2102 2713 2708 2788 videbatur,deinceps
2721 2720 2918 2771 autem
2933 2717 3121 2790 magis
3133 2733 3236 2788 pro
3259 2717 3536 2791 mysterio
3548 2735 3752 2792 coope-

2104 2801 2274 2870 ritur,
2303 2802 2444 2875 quia
2475 2803 2626 2860 sicut
2657 2803 2922 2860 Christus
2956 2808 3075 2860 tres
3104 2805 3230 2861 dies
3261 2806 3320 2860 in
3349 2805 3618 2880 sepulcro
3644 2809 3754 2863 fuit

2103 2895 2432 2964 coepertus,
2484 2892 2564 2948 ita
2614 2897 2672 2949 et
2717 2910 2823 2950 nos
2879 2910 3092 2966 corpus
3139 2893 3372 2951 Domini
3415 2899 3473 2952 et
3511 2893 3751 2953 calicem

2102 2979 2832 3054 cooperimus,usquedum
2854 2985 2974 3038 tres
2990 2983 3267 3040 articulos
3297 2984 3576 3041 orationis
3597 3001 3754 3042 com-

2103 3066 2390 3140 pleamus,
2424 3069 2640 3142 quippe
2667 3070 3063 3142 praefationem
3099 3071 3416 3129 Dominicis
3446 3073 3750 3142 orationis,

2101 3160 2158 3212 et
2187 3157 2373 3229 ipsam
2407 3158 2768 3216 Dominicam
2800 3159 3206 3228 orationem,et
3225 3159 3385 3217 illam
3403 3178 3532 3233 quae
3553 3163 3751 3235 sequi-

2101 3249 2216 3313 tur,
2249 3263 2374 3319 quae
2405 3246 2654 3304 embolis
2691 3247 3000 3305 Dominicis
3043 3248 3324 3306 orationis
3353 3255 3748 3323 nuncupatur.

2095 3334 2272 3391 Juxta
2299 3335 2630 3392 Romanum
2665 3337 2930 3393 ordinem
2962 3354 3096 3394 cum
3123 3338 3369 3394 dicitur:
3392 3341 3468 3396 Et
3495 3340 3566 3395 ab
3595 3343 3751 3398 omni

2090 3425 2502 3496 perturbatione
2528 3425 2944 3498 securi,accipit
2970 3426 3417 3484 archidiaconus
3447 3445 3481 3484 a
3510 3427 3748 3486 subdia-

2095 3529 2240 3570 cono
2267 3518 2538 3586 patenam
2572 3515 2813 3583 nudam,
2833 3531 3011 3586 quam
3041 3515 3348 3589 acolythus
3375 3516 3744 3574 tenuitinvo-

2094 3602 2301 3668 lutam,
2333 3601 2657 3659 osculatam
2689 3603 2790 3658 dat
2810 3603 2912 3659 uni
2943 3619 3014 3659 ex
3037 3603 3381 3661 diaconibus
3406 3605 3750 3673 tenendam,

2095 3693 2168 3748 ad
2199 3691 2650 3748 contractionem
2695 3690 2754 3746 in
2787 3707 2856 3748 ea
2903 3691 3247 3748 faciendam.
3281 3693 3446 3750 Unde
3474 3695 3753 3752 sacerdos

2096 3781 2223 3837 sine
2253 3779 2524 3836 ministro
2553 3779 2894 3836 sacrificans
2923 3781 2995 3836 ad
3025 3781 3504 3838 eumdemloeum
3533 3799 3662 3840 eam
3677 3785 3752 3840 de

2095 3869 2497 3942 subcorporali
2529 3869 2935 3925 absconditam
2967 3871 3236 3936 resumit,
3256 3873 3315 3926 et
3341 3869 3664 3927 osculatam
3690 3873 3748 3928 in

2095 3958 2263 4014 altari
2294 3958 2551 4030 deponit,
2586 3962 2650 4014 ut
2698 3957 2950 4014 hostiam
3001 3957 3060 4012 in
3103 3974 3172 4014 ea
3219 3959 3570 4032 confringet.
3603 3963 3750 4017 Cum

2093 4051 2288 4103 autem
2320 4046 2490 4103 dicit:
2523 4048 2632 4102 Per
2661 4047 2949 4104 Dominum
2978 4047 3478 4120 nostrum,rumpit
3493 4047 3752 4106 hostiam

2093 4151 2162 4192 ex
2199 4138 2398 4192 dextro
2448 4135 2625 4192 latere
2649 4135 2821 4207 juxta
2868 4135 3144 4192 Ordinem
3195 4137 3266 4192 ad
3317 4135 3751 4210 designandam

2093 4223 2381 4280 Dominici
2431 4223 2632 4280 lateris
2679 4223 3141 4296 percussionem.
3192 4223 3414 4280 Deinde
3460 4225 3749 4296 majorem

2093 4317 2317 4385 partem
2341 4311 2399 4368 in
2433 4312 2549 4368 duo
2579 4311 2915 4384 confringit,
2940 4316 3004 4368 ut
3032 4317 3152 4368 tres
3181 4311 3478 4384 portiones
3518 4312 3589 4369 de
3619 4330 3749 4370 cor-

2091 4417 2232 4472 pore
2262 4399 2565 4456 Dominico
2587 4399 2814 4456 efﬁcere
2829 4399 3186 4472 possit.Nam
3202 4417 3382 4456 unam
3397 4400 3456 4456 in
3477 4400 3747 4472 calicem,

2093 4488 2356 4545 faciendo
2403 4504 2658 4556 crucem,
2703 4488 2934 4545 mittere
2981 4489 3172 4556 debet,
3223 4504 3358 4544 cum
3405 4487 3594 4545 dicit:
3625 4491 3752 4548 PM:

2011 4586 2059 4651 ι)
2089 4578 2311 4634 Domini
2322 4579 2397 4632 sit
2419 4593 2632 4648 semper
2643 4577 3016 4648 vobiscum,ad
3033 4575 3466 4650 designandum
3483 4579 3750 4651 corporis

2091 4669 2150 4722 et
2177 4667 2384 4722 animae
2416 4665 2889 4737 coniunctionem
2942 4665 3003 4722 in
3043 4664 3466 4722 resurrectione
3507 4666 3750 4724 Christi.

2091 4755 2347 4812 Alteram
2379 4772 2513 4811 vero
2541 4754 2669 4827 ipse
2697 4755 3001 4828 presbyter
3025 4755 3356 4812 necessario
3382 4753 3586 4825 sumit,
3611 4761 3751 4813 ante

2092 4843 2291 4901 calicis
2323 4843 3024 4916 participationemJuxta
3039 4841 3408 4899 Dominicam
3427 4842 3752 4901 institutio-

2093 4952 2248 4992 nem.
2270 4933 2524 4990 Tertiam
2557 4936 2754 4988 autem
2785 4931 3314 4989 communicaturis
3342 4931 3463 4988 sive
3491 4931 3750 4990 inﬁrmis

2093 5023 2424 5080 necessario
2452 5019 2830 5088 dimittit,nec
2861 5019 2972 5076 hoc
3002 5019 3206 5094 utique
3237 5020 3365 5078 sine
3394 5019 3534 5076 certi
3565 5035 3752 5078 causa

2094 5108 2708 5185 mysterii.Tripliciter
2721 5107 2878 5165 enim
2899 5126 3112 5183 corpus
3133 5107 3744 5182 Dominiintelligitur:

2091 5217 2278 5258 unum
2331 5199 2486 5272 quod
2519 5198 2839 5254 resurrexit
2867 5215 2903 5254 a
2953 5199 3225 5265 mortuis,
3252 5197 3410 5270 quod
3449 5197 3750 5270 signiﬁcat

2093 5289 2378 5364 particula
2423 5289 2482 5343 in
2514 5287 2867 5362 sanguinem
2897 5287 3116 5356 missa;
3149 5285 3333 5354 aliud,
3365 5284 3521 5358 quod
3551 5284 3749 5344 adhuc

2091 5379 2230 5436 vivit
2259 5378 2319 5434 in
2348 5382 2524 5447 terra,
2544 5375 2944 5450 signiﬁcatum
2974 5392 3079 5450 per
3106 5372 3457 5448 particulam
3488 5390 3525 5430 a
3547 5389 3746 5432 sacer-

2092 5469 2224 5524 dote
2253 5467 2689 5538 consumptam;
2713 5463 2974 5530 tertium,
2998 5463 3154 5536 quod
3175 5463 3306 5534 jam
3335 5459 3653 5533 requiescit
3681 5462 3746 5520 in

2092 5557 2341 5626 Christo,
2373 5555 2529 5628 quod
2559 5557 2617 5610 et
2645 5571 2681 5610 a
2709 5552 2880 5610 tertia
2908 5550 3193 5626 particula
3225 5551 3285 5606 in
3316 5547 3487 5606 altari
3517 5556 3751 5610 servata

2091 5653 2224 5722 apte
2255 5647 2558 5719 ﬁguratur,
2589 5659 2770 5716 quam
2817 5641 3093 5699 viaticum
3134 5638 3511 5698 morientium
3543 5640 3749 5714 appel-

2090 5738 2211 5796 lare
2242 5736 2514 5795 solemus.
