3976 6368
1660 378 2191 447 MICROLOGUS.

3511 380 3633 448 790

293 516 430 570 ω.
462 509 663 569 XVIII.
696 543 765 552 —
799 511 875 569 De
902 511 1075 591 Panis
1117 511 1389 583 fractione
1417 521 1470 569 et
1497 516 1870 571 communica-
1898 516 1965 583 Α,
1983 520 2219 590 sumpto
2246 532 2485 590 corpore
2509 517 2831 586 Dominica,
2865 533 2899 574 a
2943 513 3142 574 calicis
3192 515 3633 591 participatione

961 585 1125 640 tione.

292 692 432 748 Post
459 691 888 747 immissionem
911 695 1107 747 autem
1136 692 1309 764 panis
1339 690 1399 746 in
1427 691 1871 763 calicem,juxta

216 782 557 839 Romanum
606 780 905 848 Ordinem,
939 779 1081 835 dicit
1119 780 1392 836 sacerdos
1439 780 1550 835 sub
1600 780 1865 837 silentio:

212 873 341 927 Fiat
379 871 683 926 commistio
721 878 774 925 et
821 872 1150 925 consecratio
1199 871 1439 941 corporis
1484 877 1534 925 et
1578 872 1870 940 sanguinis

214 961 444 1017 Domini
469 960 647 1015 nostri
663 960 785 1015 Jesu
820 958 1038 1013 Christi.
1062 958 1270 1013 Beatus
1299 957 1667 1014 Innocentius
1698 976 1868 1031 papa,

214 1048 279 1104 in
309 1048 517 1105 ordine
547 1047 1035 1120 quadragesimus
1057 1047 1318 1119 quintus,
1341 1047 1646 1103 constituit
1668 1064 1870 1119 pacem

217 1137 345 1194 dari
378 1141 513 1209 post
553 1135 975 1193 confectionem
1022 1140 1543 1192 sacramentorum.
1594 1142 1738 1191 Cum
1771 1154 1870 1209 pa-

221 1242 349 1283 cem
381 1226 618 1293 damus,
660 1224 850 1280 dicere
889 1224 1175 1279 solemus:
1229 1227 1349 1280 Pax
1383 1233 1577 1280 tecum.
1613 1226 1870 1298 Respon-

221 1314 345 1372 sio:
378 1317 599 1370 Etcum
625 1315 827 1387 spiritu
854 1317 965 1369 tuo.
998 1315 1261 1387 Congrue
1303 1317 1498 1369 autem
1549 1331 1661 1386 pax
1701 1315 1874 1369 datur

219 1408 355 1461 ante
388 1402 888 1468 communionem,
923 1402 1061 1475 quia
1082 1401 1376 1474 judicium
1417 1401 1527 1458 sibi
1559 1404 1876 1458 manducet

217 1497 278 1550 et
306 1492 458 1549 bibit
486 1491 824 1565 quicunque
855 1508 969 1547 non
1003 1491 1166 1564 prius
1198 1491 1361 1547 fratri
1413 1508 1519 1547 suo
1548 1492 1873 1564 repaciﬁca-

217 1586 340 1650 tus,
375 1580 814 1638 communicare
850 1580 1309 1654 praesumpserit.
1343 1580 1581 1653 Sergius
1612 1598 1779 1654 papa,
1814 1582 1874 1636 in

222 1670 432 1729 ordine
461 1669 854 1742 octogesimus
882 1673 1099 1738 sextus,
1133 1669 1591 1726 constituitutin
1616 1675 1877 1742 tempore

221 1756 637 1814 confractionis
668 1757 953 1813 Dominici
987 1757 1247 1829 corporis
1291 1759 1474 1830 Agnus
1534 1760 1633 1813 Dei
1662 1776 1695 1813 a
1724 1757 1874 1813 clero

220 1851 278 1903 et
305 1846 527 1920 populo
550 1847 910 1902 decantetur.
945 1845 1231 1902 Videlicet
1257 1850 1321 1901 ut
1351 1845 1449 1901 ille
1479 1847 1650 1902 nobis
1683 1847 1878 1919 prepi-

219 1935 422 2002 tietur,
455 1936 627 2007 cujus
675 1951 885 2008 corpus
918 1934 998 1989 ibi
1047 1934 1333 2007 confringi
1371 1934 1638 1992 videmus
1664 1941 1721 1991 et
1750 1952 1873 1990 cre-

224 2024 447 2081 dimus.
486 2025 660 2081 Facta
701 2030 896 2080 autem
947 2023 1358 2092 confractione,
1410 2025 1623 2080 debent
1674 2041 1877 2080 omnes

226 2112 685 2182 communicare,
718 2113 951 2176 interim
982 2130 1116 2169 cum
1151 2119 1206 2169 et
1234 2114 1558 2186 antiphona
1588 2118 1877 2184 cantatur,

227 2218 358 2275 qua:
388 2203 463 2259 de
492 2203 903 2259 communione
936 2218 1148 2257 nomen
1173 2203 1481 2270 mutuavit,
1517 2202 1607 2257 cui
1639 2207 1695 2258 et
1725 2201 1877 2275 psal-

227 2307 365 2348 mus
394 2292 767 2368 subjungend
779 2309 849 2347 us
878 2295 966 2346 est
988 2308 1118 2347 cum
1147 2291 1335 2347 Gloria
1362 2293 1538 2357 Patri,
1572 2291 1620 2347 si
1645 2308 1880 2347 necesse

228 2380 425 2436 fuerit.
458 2378 773 2437 Sciendum
803 2384 1001 2435 autem
1022 2380 1287 2435 eamdem
1319 2378 1714 2451 Antiphonem
1738 2396 1880 2435 sem-

228 2485 335 2542 per
355 2469 630 2525 eumdem
652 2468 948 2542 psalmum
979 2484 1113 2523 cum
1138 2468 1383 2523 Introitu
1417 2468 1651 2537 habere,
1685 2469 1733 2524 si
1765 2486 1880 2525 non

231 2557 410 2613 habet
437 2557 738 2630 proprium
757 2575 826 2612 ex
847 2574 962 2629 quo
986 2559 1221 2629 sumpta
1240 2556 1522 2612 videatur.
1549 2557 1883 2613 Orationem

235 2662 417 2719 quam
434 2644 699 2702 inclinati
715 2646 990 2714 dicimus,
1014 2650 1331 2717 antequam
1354 2646 1883 2715 communicemus,

234 2752 351 2792 non
373 2751 445 2791 ex
464 2735 688 2803 ordine,
713 2734 817 2790 sed
839 2751 906 2790 ex
931 2734 1339 2807 religiosorum
1368 2735 1681 2791 traditione
1714 2736 1890 2792 habe-

237 2840 394 2892 mus,
427 2816 653 2880 scilicet
680 2823 832 2879 hanc
856 2841 868 2879 :
903 2825 1129 2879 Domine
1156 2826 1310 2880 Iesus
1340 2823 1566 2889 Christe,
1585 2827 1680 2897 qui
1706 2842 1775 2880 ea:
1805 2843 1889 2881 vo-

241 2913 454 2968 luntate
480 2913 684 2967 Patris.
712 2911 856 2967 Item
881 2916 938 2967 et
966 2911 1111 2968 illud
1138 2928 1150 2968 :
1186 2913 1390 2985 Corpus
1413 2921 1465 2969 et
1491 2916 1775 2985 sanguinis
1794 2916 1889 2970 Do-

244 3003 393 3057 mini
420 3002 595 3056 nostri
638 3002 762 3057 Jesu
792 3000 1012 3068 Christi,
1073 2996 1227 3073 quod
1275 3000 1527 3058 dicimus
1575 3018 1710 3058 cum
1760 3002 1890 3058 aliis

244 3088 670 3146 Eucharisliam
715 3088 1145 3145 distribuimus.
1206 3090 1355 3145 Sunt
1409 3094 1466 3145 et
1508 3088 1632 3145 alia:
1695 3091 1890 3146 multa:

245 3177 541 3234 orationes
569 3194 718 3250 quas
747 3177 984 3250 quidem
1008 3179 1079 3233 ad
1106 3194 1305 3250 pacem
1328 3183 1383 3234 et
1414 3180 1889 3236 communionem

1978 621 2040 660 se
2069 605 2433 661 abstinerent
2462 606 2561 677 (6).
2609 607 2757 663 Nam
2788 611 2845 662 et
2876 607 2999 679 ipse
3043 607 3102 661 in
3151 607 3355 662 eodem
3402 606 3631 662 decreto

1978 694 2223 749 asserit:
2259 716 2288 743 «
2340 695 2691 767 Hujusmodi
2722 698 3225 752 sacramentorum
3274 694 3481 751 divisio
3508 695 3632 749 sine

1978 783 2183 853 grandi
2218 782 2520 855 sacrilegio
2546 784 2845 856 provenire
2874 800 2988 839 non
3014 784 3241 856 poterit.
3265 806 3291 832 »
3315 784 3634 855 Postquam

1979 887 2183 926 omnes
2214 873 2792 938 communicaverint,
2845 872 2986 928 dicit
3016 872 3290 928 sacerdos
3322 872 3474 928 hanc
3505 889 3633 928 ora-

1980 960 2201 1016 tionem
2251 962 2360 1017 sub
2411 960 2666 1028 silentio,
2704 963 2879 1032 juxta
2931 962 3260 1017 Romanum
3310 960 3636 1017 Ordinem:

1980 1048 2131 1118 Quod
2178 1065 2268 1105 ore
2314 1052 2664 1112 sumpsimus.
2712 1052 2838 1116 Qua
2887 1051 3074 1119 ﬁnita,
3126 1049 3394 1121 sequitur
3446 1049 3632 1105 oratio

1981 1136 2099 1193 sive
2130 1138 2420 1194 orationes
2470 1143 2603 1211 post
2650 1139 3128 1194 communionem
3178 1137 3459 1203 dicendae,
3509 1155 3634 1210 qua:

1981 1227 2184 1283 eodem
2221 1244 2463 1283 numero
2494 1231 2552 1282 et
2589 1227 2793 1283 ordine
2838 1228 3202 1283 orationibus
3250 1231 3384 1283 ante
3432 1226 3635 1283 lectio-

1982 1332 2137 1384 nem,
2197 1316 2316 1371 sive
2363 1333 2467 1388 pro
2527 1321 2749 1372 secreta
2802 1320 2935 1371 ante
2984 1315 3380 1389 praefationem
3437 1316 3636 1384 dictis,

1980 1403 2197 1459 debent
2227 1405 2594 1476 respondere.
2630 1405 2763 1468 Qua:
2811 1405 3013 1477 utique
3050 1406 3343 1461 orationes
3394 1423 3509 1461 non
3532 1422 3636 1478 pro

1981 1491 2073 1547 his
2099 1492 2197 1565 qui
2218 1492 2707 1549 communicaturi
2732 1498 2890 1562 sunt,
2926 1495 3026 1550 sed
3051 1494 3289 1566 quijam
3312 1495 3638 1550 communi-

1982 1586 2276 1649 caverunt,
2318 1582 2489 1653 juxta
2540 1582 2952 1655 proprietatem
3004 1584 3095 1637 sui
3148 1582 3401 1639 nominis
3433 1587 3634 1657 agunt.

1981 1671 2130 1743 Ergo
2179 1676 2237 1725 et
2279 1675 2413 1726 ante
2461 1671 2621 1743 ipsas
2666 1671 3100 1727 communicare
3153 1689 3267 1728 non
3317 1671 3636 1746 negligant,

1985 1758 2323 1830 quicunque
2371 1760 2712 1815 earumdem
2758 1760 3089 1815 orationum
3120 1760 3524 1816 benedictione
3556 1762 3638 1817 fo-

1982 1848 2102 1903 veri
2130 1847 2481 1903 desiderant.
2514 1848 2616 1903 His
2662 1849 2743 1902 ita
2788 1847 2989 1915 ﬁnitis,
3025 1849 3437 1921 subsequitur:
3469 1850 3639 1905 Bene-

1987 1936 2232 1992 dicamus
2284 1938 2537 2003 Domino,
2572 1935 2690 1993 vel:
2738 1939 2814 1993 Ite
2855 1939 3024 1993 missa
3053 1941 3172 1993 est:
3213 1939 3262 1993 si
3307 1941 3504 1994 tamen
3535 1937 3640 1994 ali-

1988 2025 2144 2097 quod
2188 2026 2405 2080 festum
2439 2025 2633 2092 fuerit,
2676 2026 2830 2097 quod
2864 2026 3050 2083 Gloria
3076 2029 3137 2081 in
3164 2028 3411 2088 excelsis.
3431 2027 3644 2083 habere

1988 2113 2269 2170 debuerit.
2323 2115 2698 2187 Respondent
2755 2132 2994 2171 omnes:
3054 2117 3159 2171 Deo
3216 2118 3426 2185 gratias
3471 2116 3645 2188 juxta

1991 2203 2359 2276 Apostolum,
2394 2221 2498 2275 pro
2530 2203 2756 2259 collatis
2788 2203 3087 2261 beneﬁciis
3133 2205 3353 2276 gratias
3384 2209 3642 2277 agentes.

2134 2293 2266 2347 ΟΑρ.
2301 2292 2409 2347 ΧΧ.
2443 2324 2508 2332 -
2541 2294 2803 2364 Repetitio
2834 2309 2868 2348 a
2896 2295 3272 2365 superioribus
3302 2295 3500 2350 missae.

2064 2381 2136 2435 Ut
2158 2386 2353 2435 autem
2378 2398 2410 2435 ει
2428 2380 2827 2453 superioribus
2845 2380 3273 2452 aliquantulum
3292 2366 3642 2454 repetamus,

1996 2474 2304 2542 postquam
2338 2470 2609 2525 sacerdos
2627 2460 3111 2525 resurrectionem
3132 2470 3362 2525 Domini
3396 2487 3498 2543 per
3513 2487 3649 2527 con-

1987 2558 2352 2629 junctionem
2387 2558 2644 2630 corporis
2676 2561 2733 2613 et
2781 2558 3088 2630 sanguinis
3119 2557 3351 2613 Domini
3397 2560 3644 2615 denota-

1995 2647 2161 2713 verit,
2206 2647 2633 2718 subsequenter
2682 2645 2856 2702 etiam
2907 2663 3111 2719 pacem
3169 2647 3383 2720 populo
3442 2649 3647 2706 offerre

1997 2735 2188 2803 debet,
2225 2734 2377 2790 sicut
2407 2740 2463 2791 et
2492 2734 2759 2791 Christus
2798 2740 2929 2807 post
2959 2736 3441 2792 resurrectionem
3472 2737 3658 2793 disci-v

1998 2823 2154 2896 pulis
2180 2822 2318 2879 suis-
2336 2840 2536 2895 pacem
2559 2823 2790 2890 obtulit,
2815 2822 3047 2880 dicens:
3080 2827 3203 2880 Pas:
3230 2826 3399 2881 vobis.
3425 2826 3647 2883 Fractio

2000 2912 2333 2977 oblationis,
2368 2912 2529 2968 illam
2575 2912 2744 2969 nobis
2775 2914 3121 2969 fractioncm
3162 2914 3332 2986 panis
3366 2914 3646 2984 insinuat,

2001 3018 2177 3073 quam
2211 3001 2493 3057 Dominus
2536 3006 2668 3073 post
2717 3002 3201 3058 resurrectionem
3252 3020 3421 3059 suam
3453 3020 3649 3061 coram

2001 3089 2308 3163 discipulis
2343 3090 2494 3145 fecit.
2528 3091 2992 3147 Communicatio
3023 3091 3223 3163 populi
3256 3080 3458 3166 typum
3488 3092 3649 3150 illius

2007 3180 2250 3234 convivii
2291 3179 2460 3251 gerit,
2503 3181 2655 3251 quod
2697 3196 2812 3235 non
2853 3180 3031 3235 semel
3072 3181 3358 3237 Dominus
3396 3186 3530 3254 post
3565 3199 3651 3239 re-

244 3266 535 3340 privatam
565 3267 973 3338 frequentant:
1021 3267 1122 3323 sed
1154 3266 1558 3339 diligentiores
1598 3269 1890 3341 antiquio-
1922 3263 1965 3328 C
2004 3268 2424 3323 surrectionem
2458 3285 2627 3324 suam
2676 3285 2809 3323 cum
2859 3267 3162 3339 discipulis
3206 3268 3407 3325 iniisse
3437 3270 3652 3343 legitur

243 3371 377 3411 rum
407 3352 792 3411 traditionum
841 3356 1243 3412 observatores
1295 3373 1401 3412 nos
1456 3357 1511 3412 in
1550 3357 1891 3429 hujusmodi

243 3442 488 3516 privatis
538 3442 900 3499 orationibus
948 3444 1216 3499 brevitati
1267 3445 1501 3501 studere
1545 3447 1888 3514 docuerunt,

241 3532 557 3605 potiusque
586 3531 835 3604 publicis
883 3534 1154 3605 precibus
1186 3534 1244 3588 in
1276 3534 1464 3589 ofﬁcio
1497 3534 1690 3590 missae
1722 3551 1889 3590 occu-

240 3621 367 3694 pari
396 3620 724 3677 voluerunt.
756 3621 903 3676 Nam
937 3621 1141 3677 beatus
1162 3622 1531 3678 Innocentius
1564 3640 1733 3695 papa,
1754 3625 1891 3679 scri-

242 3710 390 3766 bens
421 3713 624 3766 sancto
652 3710 979 3783 Augustino
1000 3715 1057 3765 et
1084 3710 1316 3767 Aurelio
1343 3712 1653 3784 episcopis,
1681 3712 1893 3768 asserit

240 3799 396 3871 quod
427 3816 534 3855 nos
564 3798 697 3871 plus
716 3799 1131 3855 communibus
1153 3805 1209 3855 et
1229 3799 1479 3872 publicis
1499 3817 1674 3872 quam
1696 3799 1892 3874 singu-

237 3887 466 3944 laribus
496 3891 552 3943 et
581 3886 820 3959 privatis
850 3887 1212 3944 orationibus
1237 3889 1513 3960 prolicere
1546 3890 1888 3962 poterimus.

493 3977 626 4032 CAP.
656 3977 797 4032 XIX.
831 4008 898 4019 —
940 3982 1017 4033 De
1045 3978 1269 4033 vitanda
1300 3980 1639 4035 intinctione.

310 4065 438 4120 Non
465 4070 555 4121 est
581 4068 778 4121 autem
811 4065 1216 4122 authenticum
1239 4068 1391 4138 quod
1415 4068 1656 4138 quidam
1680 4085 1891 4141 corpus

239 4153 474 4210 Domini
506 4154 831 4227 intingunt,
881 4159 937 4209 et
987 4153 1299 4210 intinctam
1332 4172 1434 4226 pro
1467 4156 1890 4227 complementa

236 4241 674 4299 communionis
693 4242 909 4315 populo
930 4242 1312 4298 distribuunt.
1335 4244 1481 4299 Nam
1502 4245 1655 4299 Ordo
1679 4246 1889 4301 Roma-

239 4347 352 4387 nus
383 4330 753 4400 contradicit,
802 4331 943 4403 quia
990 4337 1048 4387 et
1095 4332 1152 4386 in
1189 4332 1497 4388 Parasceve
1542 4333 1742 4389 vinum
1774 4352 1889 4391 non

238 4422 668 4488 consecratum,
721 4436 856 4475 cum
888 4419 1189 4476 Dominica
1230 4421 1491 4477 oratione
1520 4425 1576 4478 et
1603 4423 1888 4479 Dominici

235 4506 500 4581 corporis
529 4508 895 4565 immissione
902 4510 926 4581 j
938 4510 1072 4565 ubet
1088 4526 1429 4566 consecrare
1442 4511 1541 4582 (5),
1557 4515 1620 4566 ut
1638 4513 1889 4584 populus

234 4596 408 4697 plene
437 4597 630 4670 possit
669 4598 1123 4698 communicare.
1159 4600 1321 4663 Quod
1356 4600 1558 4671 utique
1590 4602 1885 4673 superfluo
1915 4633 1963 4698 D

235 4685 597 4759 preciperet,
650 4686 699 4743 si
747 4686 1062 4743 intinctum
1110 4688 1477 4743 Dominicum
1512 4706 1547 4744 a
1574 4688 1752 4760 priori
1793 4690 1885 4746 die

233 4790 450 4848 corpus
474 4778 820 4842 servaretur,
853 4779 910 4831 et
937 4775 1021 4855 ita
1041 4776 1350 4831 intinctam
1381 4776 1594 4849 populo
1625 4779 1696 4834 ad
1729 4794 1885 4834 com-

235 4863 664 4920 municandum
677 4864 945 4920 sufﬁcere
958 4864 1268 4921 videretur.
1285 4864 1478 4921 Julius
1492 4883 1723 4939 quoque
1737 4885 1888 4941 papa

232 4952 295 5007 in
327 4951 530 5008 ordine
558 4952 901 5026 trigesimus
924 4958 1142 5019 sextus,
1174 4953 1464 5026 episcopis
1495 4955 1722 5027 .‘Egypti
1745 4957 1886 5012 scri-

231 5041 402 5107 bens,
435 5041 778 5114 hujusmodi
801 5042 1207 5098 intinctionem
1242 5042 1476 5115 penitus
1508 5044 1797 5116 prohibet,
1831 5050 1888 5101 et

233 5144 503 5188 seorsum
533 5147 769 5203 panem,
801 5135 859 5186 et
889 5148 1154 5187 seorsum
1193 5131 1458 5197 calicem,
1480 5133 1651 5204 juxta
1685 5133 1882 5189 Domi-

232 5217 425 5273 nicam
442 5217 893 5288 institutionem,
909 5220 1197 5276 sumenda
1220 5220 1406 5275 docet.
1424 5219 1585 5276 Unde
1608 5225 1665 5277 et
1680 5222 1886 5279 beatus

233 5306 567 5384 tﬁclasius
606 5324 758 5381 papa
785 5307 846 5363 in
895 5309 1099 5365 ordine
1148 5308 1677 5381 quinquagesimus
1731 5328 1883 5367 unus

231 5394 749 5468 [quadragesimus
795 5399 1009 5469 nonus]
1058 5398 1320 5453 scribens
1367 5399 1723 5469 quibusdam
1756 5401 1884 5473 epi-

229 5484 447 5557 scopis,
479 5486 973 5543 excommunicari
1024 5484 1154 5542 illos
1198 5487 1493 5559 praecepit,
1546 5487 1884 5561 quicunque

324 5610 381 5680 5)
409 5609 563 5666 Ordo
586 5610 885 5684 Romanus
908 5629 1020 5667 non
1034 5627 1374 5681 consecrare,
1408 5613 1507 5668 sed
1539 5616 1885 5684 sancti/icere

229 5679 425 5747 habet,
458 5685 515 5736 et
545 5682 777 5754 proprie
798 5683 868 5739 ad
902 5699 1057 5750 rem;
1083 5700 1219 5739 nam
1245 5679 1448 5739 vinum
1481 5684 1541 5739 in
1573 5679 1883 5743 Parasceve

235 5768 351 5808 non
380 5759 778 5825 consecratur,
810 5754 910 5811 sed
943 5755 1342 5812 sanctiﬁcatur
1372 5756 1587 5827 injectu
1621 5759 1880 5830 corporis

2004 3356 2155 3428 (Luc.
2188 3360 2382 3424 xx1v.).
2410 3357 2524 3411 llos
2549 3354 2722 3411 etiam
2754 3359 2886 3427 post
2908 3354 3182 3411 ultimum
3206 3357 3531 3414 convivium
3576 3359 3649 3414 ab

2001 3444 2086 3500 eis
2116 3445 2485 3499 discessurus
2516 3444 2575 3498 in
2598 3443 2830 3511 ccelum,
2867 3444 3182 3513 benedixit,
3208 3445 3360 3500 sicut
3387 3450 3446 3502 et
3465 3464 3650 3503 sacer-

2002 3534 2109 3589 dos
2139 3533 2422 3605 populum
2456 3549 2590 3588 cum
2608 3532 2867 3589 oratione
2900 3537 3029 3604 post
3046 3534 3523 3593 communionem
3554 3537 3651 3593 be-

2001 3622 2235 3690 nedieit,
2269 3621 2535 3677 videlicet
2555 3622 2682 3692 jam
2731 3622 2844 3678 cito
2887 3622 3256 3679 discessurus
3303 3624 3374 3679 ab
3424 3641 3511 3692 eo,
3553 3625 3647 3681 cui

2001 3716 2194 3766 tamen
2255 3710 2441 3783 prius,
2502 3715 2567 3765 ut
2615 3710 2737 3782 ipse
2794 3710 3075 3777 discedat,
3123 3728 3226 3782 per
3252 3716 3333 3767 [te
3362 3715 3531 3769 missa
3570 3720 3647 3771 est

2002 3799 2325 3863 denuntiat,
2358 3799 2417 3853 in
2469 3799 2715 3872 ﬁguram
2763 3798 3126 3872 angelorum,
3170 3799 3270 3872 qui
3319 3801 3645 3875 discipulis,

2003 3888 2337 3945 discedente
2364 3888 2609 3943 Domino
2654 3888 2725 3943 ab
2757 3888 2864 3955 eis,
2908 3887 3217 3944 dixerunt:
3263 3891 3375 3946 Viri
3405 3890 3646 3958 Galilwi,

2002 3979 2132 4049 quid
2160 3980 2316 4034 statis
2347 3980 2669 4050 aspicientes
2711 3978 2768 4032 in
2800 3978 3037 4034 malum?
3079 3978 3377 4051 etreliqua
3406 3980 3540 4051 (Act.
3570 3981 3647 4053 1.)

2000 4068 2122 4131 Quo
2154 4067 2374 4131 audito,
2408 4065 2679 4138 discipuli
2729 4067 3037 4143 adorantes
3068 4066 3404 4135 Dominum,
3432 4070 3647 4126 reversi

2001 4161 2141 4211 sunt
2171 4156 2229 4211 in
2261 4155 2622 4211 Hierusalem
2673 4172 2807 4210 cum
2853 4156 3065 4228 gaudio
3119 4172 3351 4228 magno,
3412 4157 3564 4213 sicut
3592 4163 3649 4214 et

2000 4244 2274 4317 populus,
2308 4245 2490 4300 relata
2520 4245 2636 4300 Deo
2667 4246 2988 4318 gratiarum
3020 4244 3268 4312 actione,
3299 4246 3369 4301 ad
3413 4246 3648 4319 propria

2001 4350 2134 4388 cum
2165 4334 2377 4405 gaudio
2410 4333 2733 4390 revertitur.

2161 4425 2294 4478 CAP.
2328 4422 2473 4477 XXI.
2507 4453 2574 4463 —
2605 4423 2678 4478 De
2710 4422 3076 4478 benedictione
3099 4430 3221 4493 post
3246 4425 3489 4480 missam.

1996 4574 2001 4577 τ
2071 4510 2240 4565 Prius
2272 4514 2465 4565 tamen
2513 4512 2584 4565 ab
2633 4510 2904 4582 episcopo
2947 4511 3329 4578 benedicitur,
3362 4512 3411 4566 si
3440 4514 3643 4583 adest;

1999 4599 2091 4655 sin
2146 4603 2362 4667 autem,
2414 4617 2449 4655 a
2496 4601 2831 4672 presbytero
2888 4598 2989 4670 qui
3045 4599 3258 4654 missas
3315 4599 3643 4672 celebravit,

1996 4686 2265 4758 quamvis
2299 4686 2503 4742 beatus
2534 4687 2821 4741 Damasus
2846 4702 2995 4757 papa
3017 4685 3124 4741 hoc
3145 4686 3500 4758 presbyteris
3527 4704 3644 4744 non

1996 4776 2171 4832 licere
2201 4776 2375 4840 dicat,
2408 4775 2507 4831 ubi
2531 4776 2602 4831 de
2632 4791 2780 4830 vana
2796 4774 3340 4846 cborepiscoporum
3366 4777 3647 4847 supersti-

1996 4865 2153 4921 tione
2183 4869 2409 4931 tractat,
2445 4863 2492 4920 si
2526 4869 2718 4920 tamen
2752 4880 2859 4919 nos
2891 4862 3249 4919 mendositas
3296 4864 3644 4937 exemplaris

1996 4971 2112 5009 non
2134 4953 2355 5010 fefellit.
2379 4953 2486 5008 Sed
2503 4970 2753 5026 magnus
2766 4952 2877 5007 Leo
2895 4968 3046 5024 papa
3075 4956 3131 5007 ct
3153 4952 3356 5008 beatus
3376 4952 3644 5011 Gelasius

1994 5059 2166 5116 papa,
2199 5044 2327 5114 ejus
2358 5058 2746 5109 successores,
2782 5043 2838 5097 in
2867 5040 3274 5097 ecclesiasticis
3306 5030 3516 5100 officiis
3546 5060 3644 5117 ap-

1993 5132 2181 5205 prime
2211 5130 2444 5200 eruditi,
2478 5130 2537 5186 in
2586 5131 2833 5187 decretis
2864 5131 3009 5198 suis,
3051 5130 3149 5186 ubi
3191 5130 3644 5204 diligentissime

1995 5221 2136 5294 quid
2170 5221 2522 5293 presbyteris
2555 5219 2747 5288 liccat,
2793 5220 3002 5293 quidve
3053 5237 3166 5275 non
3199 5218 3391 5289 liceat,
3424 5221 3640 5278 descri-

1994 5312 2160 5377 bunt,
2194 5308 2530 5365 nullatenus
2561 5309 2676 5364 illis
2718 5309 3183 5366 benedictionem
3226 5310 3337 5371 nisi
3369 5310 3641 5384 episcopo

1993 5403 2296 5473 prmsente,
2328 5398 2706 5454 interdicunt.
2736 5398 2947 5456 Beatus
2978 5416 3210 5472 quoque
3232 5398 3639 5472 Hieronymus,

1994 5491 2207 5546 sancta:
2239 5488 2511 5543 Romanae
2539 5486 2805 5544 Ecclesia:
2837 5486 3154 5544 cardinalis
3186 5486 3505 5558 presbyter,
3538 5487 3639 5559 qui

1992 5611 2246 5670 Domini.

2064 5683 2302 5810 (32%;?
2335 5682 2451 5809 csit8
2484 5700 2619 5741 vera
2649 5700 2816 5741 mens
2853 5683 3064 5744 Gelasii
3095 5682 3424 5752 verborum,
3458 5682 3638 5742 habes

1991 5757 2051 5813 in
2078 5756 2303 5828 Algero,
2335 5770 2385 5809 c.
2417 5756 2472 5810 8.
