3976 6380
311 384 424 470 ύθί

1680 380 1995 468 mortem.
2040 392 2359 468 tirone.

3599 396 3731 465 992

311 536 422 599 sub
452 541 621 599 beato
652 544 900 597 Damaso
930 543 988 597 et
1024 543 1157 613 post
1183 536 1377 612 ipsum
1408 552 1603 611 usque
1623 532 1696 594 ad
1723 536 1950 593 Sixtum
1979 536 2035 603 Α
2065 537 2286 608 absque
2315 533 2471 609 gravi
2490 530 2769 590 seandalo
2789 549 2824 590 a
2848 531 3204 608 presbyteris
3224 532 3284 590 in
3301 529 3518 608 populo
3538 533 3719 609 inter-

312 624 708 688 s'uccessorem
739 631 888 702 ejus,
911 628 1321 686 ecclesiasticis
1345 626 1626 684 institutis
1657 625 1960 682 studiosis-

313 718 834 793 simeinvigilavit:
869 719 1014 791 ipse,
1048 719 1310 791 inquam,
1345 715 1576 773 Rustico
1595 714 1957 772 Narbonensi

311 807 581 881 episcopo
613 809 684 864 de
727 806 1139 863 ecclesiasticis
1170 804 1473 862 ordinibus
1512 804 1794 872 scribens,
1828 818 1956 875 pre-

312 898 577 969 sbyteros
608 911 640 952 a
667 895 1073 952 benedictione
1103 910 1280 969 super
1309 894 1591 969 populum
1622 909 1739 949 non
1769 892 1957 966 prohi-

312 985 537 1041 bendos
567 1002 695 1041 esse
727 985 966 1041 asserit:
1007 1008 1028 1034 α
1083 985 1166 1049 Si,
1210 983 1423 1057 inquit,
1466 983 1768 1056 presbyter
1795 981 1956 1047 Chri-

312 1077 469 1130 Stum
496 1077 820 1140 consecrat,
843 1088 976 1129 cum
1012 1073 1071 1129 in
1103 1072 1307 1129 altario
1337 1072 1437 1128 Dei
1469 1075 1836 1127 sacramenta
1863 1070 1958 1125 be-

311 1162 549 1229 nedicit,
582 1161 918 1218 benedicere
964 1160 1244 1234 populum
1279 1178 1394 1217 non
1433 1160 1623 1228 debet,
1656 1159 1756 1230 qui
1788 1157 1955 1213 Chri-

313 1254 467 1307 stum
500 1249 716 1306 meruit
743 1249 1160 1305 consecrare?»
1194 1249 1261 1304 Et
1292 1253 1424 1320 post
1451 1263 1666 1320 pauca:
1702 1269 1729 1296 «
1762 1245 1952 1301 Hocin

311 1338 570 1395 ecclesiis
600 1338 717 1394 tuis
748 1336 917 1410 [suis]
948 1336 1270 1409 presbyteri
1303 1336 1535 1403 faciant,
1560 1335 1713 1407 quod
1737 1335 1954 1402 Romae,

309 1427 429 1483 sive
460 1428 615 1499 quod
649 1426 709 1481 in
756 1425 1007 1490 Oriente,
1053 1419 1207 1497 quod
1247 1425 1304 1479 in
1333 1423 1543 1490 Africa,
1579 1424 1734 1496 quod
1766 1422 1825 1478 in
1858 1422 1956 1478 Hi-

309 1515 535 1588 spania,
570 1514 723 1587 quod
749 1515 808 1569 in
842 1513 1159 1581 Britannia,
1192 1513 1347 1586 quod
1382 1513 1439 1567 in
1470 1512 1674 1579 Gallia,
1709 1511 1861 1584 quod
1894 1511 1955 1565 in

308 1604 583 1661 omnibus
612 1603 754 1660 locis
778 1603 876 1659 ubi
906 1602 1212 1658 humilitas
1246 1605 1587 1675 perseverat.
1608 1601 1685 1656 Ex
1705 1600 1799 1656 his
1819 1617 1956 1672 ergo

308 1693 594 1764 conjicere
626 1708 946 1764 possumus
988 1691 1223 1747 beatum
1260 1696 1573 1746 Damasum
1602 1705 1812 1762 papam
1842 1689 1957 1744 bu-

300 1780 565 1854 jusmodi
608 1779 1072 1837 benedictionem
1123 1778 1477 1852 presbyteris
1525 1776 1810 1845 illicitam,
1859 1780 1959 1833 aut

308 1871 541 1943 penitus
586 1887 703 1925 non
751 1869 987 1937 dixisse,
1038 1874 1142 1925 aut
1191 1868 1239 1923 si
1287 1868 1451 1936 dixit,
1502 1865 1954 1923 ecclesiasticam
1988 1897 2036 1963 Β

308 1954 505 2014 tamen
539 1959 1023 2015 consuetudinem
1044 1957 1103 2012 in
1116 1957 1226 2013 hoc
1254 1956 1647 2029 praevaluisse,
1672 1956 1961 2028 praecipue

310 2060 443 2102 cum
466 2045 662 2118 ipsius
689 2047 864 2102 verba
884 2046 967 2102 ita
992 2044 1220 2119 poesint
1240 2044 1485 2117 intelligi
1508 2047 1574 2099 ut
1594 2045 1959 2117 presbyteros

309 2135 541 2191 doceret
586 2135 741 2207 quod
782 2135 866 2191 eis
896 2135 1065 2207 quasi
1098 2151 1166 2190 ex
1196 2133 1429 2207 proprio
1461 2132 1652 2189 ofﬁcio
1677 2146 1959 2204 usurpare

308 2240 424 2282 non
455 2222 1037 2298 liceret,quod[quid]
1068 2224 1154 2280 eis
1183 2223 1255 2279 ab
1276 2221 1591 2296 episcOpali
1613 2222 1959 2278 auctoritate

309 2312 545 2370 concedi
572 2329 744 2386 posse
778 2329 891 2368 non
935 2311 1295 2386 ignorarent.
1334 2311 1429 2368 Sic
1459 2310 1613 2367 enim
1647 2310 1957 2367 confirma-

308 2401 388 2458 tio
433 2401 859 2475 neophytorum
914 2402 1149 2475 penitus
1202 2406 1472 2474 separata
1518 2404 1608 2456 est
1652 2401 1722 2455 ab
1767 2400 1957 2456 ofﬁcio

309 2490 823 2565 presbyterorum:
876 2506 1053 2563 quam
1106 2493 1304 2547 tamen
1368 2494 1606 2545 sanctus
1645 2488 1956 2561 Gregorius

308 2597 462 2653 papa
488 2579 713 2652 primus
734 2578 1090 2652 quibusdam
1122 2578 1475 2652 presbyteris
1505 2578 1864 2634 concessisse
1883 2576 1959 2632 le-

308 2666 816 2742 legitur,scribens
827 2668 1109 2724 Januario
1122 2667 1449 2723 Calaritano
1463 2666 1753 2740 episcopo:
1771 2688 1797 2715 ‹‹
1816 2665 1957 2721 Item

296 2761 367 2814 ‘et
396 2758 852 2829 susceptionem,
867 2756 1273 2829 paenitentiam
1296 2772 1411 2812 non
1434 2772 1503 2811 ex
1531 2770 1641 2811 sua
1661 2769 1960 2811 consecra-

308 2847 490 2913 tione,
532 2845 631 2903 s‘ed
681 2863 750 2902 ex
779 2845 1187 2918 episcoporum
1238 2844 1610 2900 concessione
1641 2842 1959 2916 presbyteri

309 2932 524 2991 habere
555 2937 911 2990 meruerunt.
946 2934 1109 2999 Quod
1136 2932 1304 2989 illum
1335 2948 1451 2989 non
1472 2930 1690 3000 latebit,
1710 2931 1956 3004 quicun-

311 3038 425 3096 que
472 3019 736 3079 ordinem
785 3021 1239 3078 consecrationis
1290 3034 1516 3088 eorum,
1566 3021 1688 3076 sive
1742 3024 1959 3077 statuta

311 3113 650 3168 sanctorum
699 3111 960 3178 Patrum,
1003 3110 1312 3183 diligenter
1341 3109 1676 3182 inspexerit.
1733 3128 1760 3159 ››
1810 3111 1957 3182 Aga-

310 3199 519 3255 lhense
569 3214 801 3270 quoque
849 3197 1161 3255 concilium
1212 3197 1466 3271 capitulo
1504 3197 1958 3271 quadragesimo
1996 3260 2001 3271 ε

2068 624 2220 681 mitti
2239 623 2647 698 [praetermitti]
2670 623 2872 695 possit,
2899 623 3011 679 nisi
3037 624 3182 679 forte
3213 621 3535 695 apostolica
3550 622 3719 679 sedes

2067 712 2411 785 generaliter
2438 716 2495 767 et
2525 712 2880 784 synodaliter
2899 711 3208 785 prohibere
3230 710 3504 768 voluerit.

2151 802 2285 856 CAP.
2308 801 2476 857 XXII.
2509 830 2577 841 —-
2610 798 2751 870 Quid
2781 801 3026 857 sacerdos
3053 805 3183 873 agat
3208 805 3335 873 post
3362 800 3636 856 missam?

2139 890 2346 946 Finitis
2389 890 2666 945 omnibus
2697 889 2998 946 osculatur
3038 890 3312 946 sacerdos
3370 889 3723 965 [presbyter]

2067 978 2270 1045 altare,
2304 978 2541 1034 dicens:
2594 980 2817 1035 Placeat
2862 980 3182 1046 tibi,sancta
3214 979 3471 1035 Trinitas.
3505 970 3726 1035 Deinde

2067 1068 2249 1123 sacris
2279 1067 2539 1124 vestibus
2589 1082 2652 1123 se
2699 1083 2939 1134 exuens,
2975 1070 3174 1123 cantat
3203 1067 3489 1140 hymnum
3545 1065 3723 1123 trium

2066 1162 2404 1229 puerorum,
2420 1156 2589 1228 juxta
2602 1156 2756 1228 quod
2784 1159 2981 1229 patres
3013 1154 3074 1211 in
3088 1154 3370 1210 Toletano
3394 1150 3636 1210 concilio
3666 1171 3727 1210 1v

2065 1246 2446 1301 decreverunt
2511 1262 2641 1317 cap.
2700 1244 2790 1305 44.
2850 1242 3119 1299 videlicet
3174 1247 3240 1297 ut
3306 1241 3724 1299 examinationi

2066 1333 2395 1405 subjaceret
2423 1334 2759 1406 quicunque
2808 1333 3082 1389 sacerdos
3128 1331 3403 1388 eumdem
3435 1325 3721 1403 hymnum

2066 1426 2199 1494 post
2227 1423 2471 1478 missam
2501 1422 2692 1478 dicere
2736 1419 3075 1494 negligeret.
3109 1418 3410 1477 Psalmum
3442 1434 3673 1493 quoque
3702 1435 3721 1476 :

2064 1511 2304 1567 Laudate
2333 1510 2623 1567 Dominum
2652 1512 2712 1565 in
2730 1511 2933 1566 sanctis
2954 1511 3072 1582 ejus
3104 1509 3163 1564 in
3187 1503 3510 1580 gratian
3544 1508 3721 1564 actio-

2067 1612 2201 1655 nem
2234 1599 2620 1672 subjungens,
2655 1615 2790 1655 cum
2836 1600 3003 1655 Pater
3029 1606 3233 1664 noster,
3267 1600 3324 1653 et
3351 1596 3620 1653 versibus
3651 1598 3723 1652 ad

2067 1689 2172 1744 hoc
2226 1688 2714 1761 competentibus,
2774 1687 3069 1742 concludit
3125 1703 3252 1742 eam
3298 1700 3432 1741 eum
3465 1685 3727 1742 Oratione

2069 1775 2196 1831 illa:
2231 1778 2370 1831 Deus
2398 1777 2494 1847 qui
2533 1776 2710 1831 tribus
2737 1777 2949 1849 pueris.
2985 1772 3303 1829 Sciendum
3334 1775 3531 1829 autem
3556 1772 3731 1844 juxta

2067 1866 2300 1921 decreta
2351 1864 2695 1937 pontiﬁcum
2744 1863 2900 1936 quod
2932 1863 3268 1936 presbytero
3319 1855 3604 1918 non‘licet
3632 1864 3727 1917 bo-

2070 1969 2192 2009 ram
2224 1954 2515 2026 episcOpo,
2567 1951 2679 2007 nisi
2715 1968 2781 2008 eo
2805 1950 3073 2024 jubente,
3126 1948 3215 2007 vel
3250 1947 3600 2018 sacrificare,
3633 1949 3725 2006 vel

2069 2041 2349 2115 populum
2398 2041 2763 2107 benedicere,
2806 2039 2893 2095 vel
2944 2040 3218 2109 salutare,
3270 2037 3360 2094 vel
3408 2036 3723 2095 exhortari.

2073 2129 2232 2187 u'nde
2256 2147 2391 2186 cum
2422 2127 2565 2203 legit
2591 2128 2955 2202 evangelium
2991 2144 3185 2184 coram
3223 2126 3518 2200 episcopo,
3551 2127 3729 2183 bene-

2065 2219 2375 2275 dictionem
2409 2219 2557 2291 petit
2590 2216 2661 2274 ab
2694 2233 2782 2274 eo.
2837 2217 2982 2274 Item
3035 2232 3171 2273 cum
3222 2214 3346 2273 vult
3374 2211 3724 2283 sacrificare,

2064 2307 2307 2364 inclinat
2355 2324 2417 2363 se
2465 2307 2739 2379 episcopo
2789 2322 2893 2378 pro
2944 2303 3340 2373 concessione,
3390 2305 3494 2379 qui
3543 2300 3722 2361 etiam

2066 2413 2200 2453 cum
2231 2394 2445 2468 populo
2479 2391 2816 2464 inclinatur,
2850 2410 2955 2467 pro
2988 2394 3197 2450 ultima
3225 2390 3648 2450 benedictione.

2101 2484 2234 2541 CAP.
2265 2482 2455 2541 XXIII.
2488 2516 2557 2526 ——
2586 2482 2773 2539 Brevis
2800 2483 3092 2557 descriptio
3114 2481 3446 2540 celebrandae
3473 2482 3681 2540 missae".

2135 2572 2421 2646 Presbyter
2473 2589 2597 2628 cum
2652 2589 2710 2628 se
2756 2579 2923 2645 parat
2978 2570 3049 2627 ad
3102 2573 3350 2638 missam,
3411 2572 3472 2627 in
3509 2571 3719 2643 primis

2063 2666 2249 2718 cantat
2274 2664 2547 2734 psalmos:
2581 2660 2767 2728 Quam
2800 2658 3032 2728 dilecta,
3066 2657 3440 2727 Benedixisti,
3473 2654 3718 2728 Inclina,

2065 2750 2295 2808 Credidi
2326 2753 2581 2823 propter.
2616 2748 2818 2805 Deinde
2841 2748 3017 2822 Kyrie
3038 2747 3281 2817 eleison,
3316 2746 3484 2804 Pater
3497 2746 3720 2816 noster,

2065 2839 2136 2896 Et
2166 2855 2237 2895 ne
2265 2854 2372 2895 nos
2402 2839 2666 2907 inducas,
2687 2840 2855 2894 Vers.
2880 2837 2999 2911 Ego
3029 2835 3167 2906 dixi,
3187 2836 3453 2892 Domine.
3477 2834 3724 2915 Conver-

2066 2934 2208 2996 tere,
2246 2928 2509 2996 Domine,
2542 2926 2669 2983 Fiat
2716 2925 3139 2994 misericordia,
3186 2918 3546 2996 Sacerdetes,
3576 2922 3722 2980 Pro-

2064 3022 2248 3074 tector
2272 3020 2472 3072 noster
2492 3015 2706 3089 aspice,
2732 3014 2999 3085 Domine,
3034 3010 3262 3071 exaudi.
3302 3013 3513 3071 Oratio.
3544 3013 3726 3069 Aufer

2067 3123 2102 3162 a
2133 3106 2320 3174 nobis,
2355 3102 2618 3173 Domine,
2647 3104 2988 3176 iniquitates
3007 3108 3238 3160 nostras
3259 3100 3317 3159 et
3345 3102 3584 3175 peccata
3612 3117 3720 3157 no-

2069 3199 2209 3264 stra,
2243 3199 2308 3250 ut
2338 3208 2671 3250 mereamur
2699 3193 2863 3266 puris
2894 3192 3194 3249 mentibus
3238 3190 3500 3248 introire.
3540 3191 3679 3246 Atia
3701 3209 3720 3245 :

313 3287 521 3360 quarto
552 3262 1013 3343 benedictionem
1066 3276 1244 3360 super
1282 3262 1574 3360 pupulum
1605 3262 1959 3359 presbyteris
1989 3262 2033 3330 (ἶ
2068 3262 2337 3341 Actiones
2369 3287 2599 3339 nostras
2622 3262 2987 3354 quis-sumus,
3018 3280 3284 3347 Domine,
3318 3284 3375 3336 et
3406 3278 3722 3353 aspirando

311 3372 616 3449 prohibere
645 3374 892 3443 videtur,
926 3377 1027 3432 sed
1064 3376 1215 3433 hanc
1246 3374 1702 3449 prohibitionem
1734 3374 1805 3430 de
1836 3373 1957 3446 epi-

312 3463 531 3537 scopali
558 3468 791 3520 tantum
806 3464 1209 3521 benedictione
1225 3464 1437 3521 factam
1463 3463 1921 3536 interpretantur
1943 3480 1956 3523 :

310 3559 437 3625 'quae
468 3554 672 3626 utique
698 3548 1024 3610 benedictio
1046 3555 1219 3624 juxta
1246 3553 1540 3610 decimum
1563 3557 1832 3609 octavum
1853 3550 1963 3607 To-

310 3638 490 3698 letani
549 3641 778 3700 c'oncilii
821 3643 1145 3716 capitulum
1194 3643 1292 3715 (7),
1342 3646 1399 3698 et
1436 3640 1867 3698 attestationem
1899 3640 1957 3695 S.

236 3800 245 3801 ί
312 3731 628 3806 Augustini
655 3732 727 3787 ad
777 3730 1091 3788 Paulinum
1122 3731 1487 3805 episcopum,
1518 3734 1666 3785 'ante
1696 3745 1960 3786 commu-

312 3820 549 3876 nionem
604 3820 824 3892 populo
884 3836 919 3876 a
968 3819 1107 3876 solis
1156 3819 1448 3892 episcopis
1505 3820 1677 3875 debet
1731 3816 1959 3890 [solet]

311 3908 595 3982 impendi.
626 3907 688 3965 Si
721 3907 854 3980 quis
876 3924 1010 3965 vero
1034 3906 1140 3965 hoc
1170 3909 1242 3965 de
1264 3909 1371 3964 bac
1402 3908 1531 3982 ipsa
1558 3907 1963 3964 benedictione

312 3998 386 4053 de
418 4013 535 4069 qua
564 3997 795 4070 agimus
826 3997 1048 4052 dictum
1096 3998 1403 4069 putaverit,
1445 3996 1735 4052 sententia
1762 4000 1961 4052 tamen

314 4083 688 4158 provincialis
717 4084 947 4141 concilii
974 4090 1096 4141 tam
1126 4085 1382 4159 generali
1407 4083 1810 4141 ecclesiasticae
1833 4100 1965 4141 con-

312 4172 611 4231 suetudini
644 4173 1023 4245 praejudicare
1050 4190 1164 4230 non
1195 4174 1425 4247 poterit.
1459 4174 1591 4230 Ideo
1622 4178 1817 4230 autem
1848 4173 1962 4230 hu-

307 4262 576 4334 jusmodi
606 4261 929 4317 benedictio
961 4262 1210 4318 fortasse
1249 4261 1576 4335 antiquitus
1610 4262 1964 4335 presbyteris

316 4349 626 4405 interdicta
647 4355 736 4405 est
771 4349 911 4423 quia
939 4354 998 4407 et
1039 4351 1110 4407 ad
1142 4349 1468 4424 episcopale
1497 4348 1755 4408 ofﬁcium
1781 4351 1964 4424 perti—

316 4454 454 4495 nere
473 4437 807 4511 videbatur,
832 4443 891 4496 et
919 4440 1313 4496 ecclesiastico
1338 4440 1657 4496 'conventui
1698 4440 1963 4496 nondum

314 4524 459 4585 adeo
490 4528 820 4585 necessaria
869 4530 1272 4602 reputabatur.
1305 4530 1452 4585 Nam
1493 4529 1601 4585 soli
1635 4528 1963 4586 communi-

2067 3373 2339 3448 praeveni,
2370 3376 2429 3428 et
2458 3370 2790 3444 adjuvando
2811 3385 3184 3443 prosequere,
3208 3373 3275 3424 ut
3294 3372 3502 3426 cuncta
3523 3371 3727 3424 nostra

2067 3461 2328 3536 operatio
2357 3476 2460 3533 per
2502 3464 2558 3515 te
2604 3473 2836 3531 semper
2870 3457 3134 3531 incipiat,
3187 3463 3246 3515 et
3275 3472 3380 3531 per
3426 3462 3483 3513 te
3535 3460 3727 3531 erepta

2067 3552 2328 3607 finiatur.
2363 3549 2469 3605 Per
2503 3549 2820 3605 Dominum
2871 3551 3164 3615 nostrum,
3216 3550 3326 3603 etc.
3356 3549 3601 3617 Paratus
3624 3561 3727 3602 atc-

2068 3644 2203 3709 tem,
2252 3641 2398 3694 venit
2443 3638 2515 3694 ad
2565 3638 2760 3705 altare,
2811 3637 3036 3693 dicens:
3083 3636 3304 3708 Antiph.
3364 3632 3620 3692 lntroibo
3651 3632 3726 3690 ad

2070 3729 2250 3786 altare
2273 3726 2393 3784 Dei.
2432 3726 2636 3782 Psalm.
2667 3725 2874 3782 Judica
2904 3736 3021 3788 me,
3053 3728 3224 3792 Deus,
3257 3728 3314 3780 et
3343 3724 3630 3780 discerne.
3663 3725 3741 3780 Et

2067 3819 2202 3891 facit
2230 3817 2644 3888 confessionem.
2677 3814 2970 3871 Conﬁteor
3003 3812 3120 3869 Deo
3152 3811 3561 3885 omnipotenti,
3592 3810 3727 3869 istis

2070 3906 2288 3964 sanctis
2318 3909 2374 3961 et
2400 3904 2679 3960 omnibus
2708 3903 2930 3959 sanctis
2960 3907 3019 3958 et
3055 3902 3185 3969 tibi,
3220 3901 3565 3974 frater,quia
3586 3916 3728 3973 pec-

2070 3994 2193 4052 cavi
2222 3994 2283 4049 in
2317 3991 2691 4066 cogitatione,
2724 3991 2784 4046 in
2828 3990 3144 4057 locutione,
3163 3989 3232 4046 in
3260 4005 3458 4063 opere,
3512 3989 3572 4045 in
3599 3989 3729 4063 pol-

2067 4082 2291 4141 lutione
2339 4080 2555 4138 mentis
2605 4085 2663 4137 et
2711 4080 2993 4153 corporis.
3045 4076 3182 4135 Ideo
3228 4094 3437 4153 precor
3486 4082 3568 4148 te,
3626 4095 3732 4135 ora

2068 4189 2176 4247 pro
2206 4187 2318 4228 me.

2144 4260 2489 4318 Misereatur
2517 4260 2601 4316 tui
2624 4259 2994 4332 omnipotens
3023 4259 3197 4327 Deus,
3238 4262 3300 4315 et
3333 4252 3594 4315 dimittat
3612 4256 3731 4316 tibi

2072 4350 2271 4408 omnia
2298 4352 2536 4423 peccata
2556 4353 2681 4416 tua,
2700 4347 2914 4406 liberet
2928 4352 2983 4404 te
3015 4349 3086 4405 ab
3110 4347 3270 4405 omni
3286 4347 3472 4417 malo,
3507 4350 3563 4403 et
3592 4363 3731 4404 con-

2071 4439 2265 4495 firmet
2293 4442 2351 4496 te
2380 4439 2440 4494 in
2487 4437 2648 4495 omni
2675 4454 2849 4512 opere
2878 4437 3055 4507 bono,
3088 4442 3148 4494 et
3176 4438 3463 4511 perducat
3490 4452 3599 4495 nos
3627 4453 3731 4511 pa-

2071 4528 2214 4584 riter
2240 4528 2413 4584 Jesus
2463 4527 2730 4584 Christus
2759 4526 2941 4584 Filius
2972 4526 3073 4584 Dei
3119 4527 3233 4583 vivi
3258 4527 3319 4584 in
3348 4525 3531 4584 vitam
3560 4530 3734 4584 aeter-

315 4620 518 4673 cantes
539 4617 885 4673 confectioni
900 4620 1401 4674 sacramentorum
1421 4619 1749 4691 antiquitus
1781 4618 1961 4673 inter-
1992 4631 2040 4697 Β
2070 4632 2228 4674 nam.
2253 4619 2457 4673 Amen.
2479 4617 2911 4691 Indulgentiam
2934 4620 2992 4674 et
3019 4616 3432 4674 remissionem
3452 4615 3726 4673 omnium

314 4709 518 4763 erant:
553 4706 770 4779 quibus
814 4712 871 4764 et
910 4707 1094 4764 oratio
1141 4711 1274 4781 post
1303 4707 1797 4776 communionem,
1833 4722 1961 4779 quas

310 4801 420 4868 “pro
451 4794 591 4851 solis
622 4797 1196 4853 communicantibus
1227 4796 1494 4853 instituta
1513 4801 1621 4865 est,
1652 4812 1757 4869 pro
1787 4794 1962 4852 bene-

312 4878 569 4942 dictione
597 4886 786 4958 p0tuit
817 4887 1172 4943 satisfacere.
1200 4887 1367 4958 Apud
1406 4887 1718 4942 modernos
1744 4887 1962 4952 autem,

312 4978 451 5029 "cum
477 4974 604 5045 jam
616 4974 869 5047 populus
892 4973 1327 5032 communicare
1341 4980 1615 5045 cessaret,
1636 4990 1741 5029 nec
1766 4976 1962 5029 tamen

312 5066 354 5118 'a
383 5054 596 5117 divinis
626 5064 922 5134 mysteriis
953 5080 1015 5120 se
1046 5064 1434 5133 subtraheret,
1467 5061 1798 5120 necessario
1828 5076 1964 5133 per-

313 5148 571 5206 missum
601 5154 691 5207 cst
720 5155 785 5206 u't
816 5169 849 5207 a
878 5154 1215 5227 presbytero
1246 5153 1707 5215 benediceretur,
1738 5166 1810 5206 ne
1838 5154 1961 5206 tam

316 5239 721 5295 benedictione
740 5256 917 5312 quam
940 5243 1351 5300 communione
1383 5243 1644 5316 privatus
1665 5239 1963 5296 discedere

316 5327 632 5386 videretur.
682 5329 813 5385 Sive
861 5335 1053 5387 autem
1106 5349 1173 5387 ea
1202 5332 1504 5388 occasione
1549 5330 1668 5386 sive
1715 5328 1829 5385 alia
1857 5329 1967 5385 hoc

317 5416 671 5492 presbyteris
702 5420 1136 5492 permitteretur
1164 5421 1234 5477 ab
1252 5419 1572 5494 episcopis,
1594 5419 1747 5475 adeo
1766 5423 1966 5475 tamen

319 5507 379 5563 in
415 5522 588 5565 usum
612 5508 739 5581 jam
766 5516 1188 5585 usquequaque
1218 5508 1466 5576 devenit,
1500 5511 1565 5566 ut
1593 5518 1967 5583 nequaquam

2072 4710 2445 4780 peccatorum
2469 4711 2806 4764 nostrorum
2827 4706 3055 4771 tribuat
3080 4706 3251 4763 nobis
3280 4705 3655 4779 omnipotens
3676 4709 3737 4762 et

2072 4795 2405 4853 misericors
2430 4796 2746 4853 Dominus.
2780 4799 2984 4854 Amen.

2145 4886 2282 4941 Cum
2333 4886 2579 4943 sacerdos
2607 4888 2808 4959 accipit
2858 4887 3212 4952 oblationem,
3245 4884 3421 4941 dicit:
3453 4876 3733 4956 Accepta-

2072 4973 2189 5031 bile
2246 4974 2323 5031 sit
2395 4973 2783 5047 omnipotenti
2835 4973 2953 5032 Deo
3013 4973 3369 5031 sacrificium
3440 4976 3733 5029 nostrum.

2073 5063 2279 5120 Deinde
2302 5064 2471 5119 calice
2498 5066 2561 5119 in
2607 5064 2780 5120 altari
2823 5064 2893 5120 ad
2928 5063 3215 5120 dexteram
3262 5063 3456 5119 oblatae
3494 5061 3737 5134 deposito

2072 5148 2247 5210 dicit:
2268 5152 2433 5221 Veni,
2466 5151 2862 5210 sanctificator
2881 5152 3272 5227 omnipotens,
3294 5155 3527 5213 aeterna:
3555 5144 3734 5222 Deus,

2073 5239 2315 5297 benedic
2356 5240 2464 5297 hoc
2494 5240 2848 5298 sacrificium
2888 5245 2989 5299 tuo
3033 5240 3261 5298 nomini
3310 5244 3733 5315 praeparatum.

2074 5330 2183 5385 Per
2212 5328 2532 5397 Christum,
2586 5332 2694 5387 etc.
2726 5335 2792 5388 Et
2835 5333 3136 5389 iiwtinatus
3166 5339 3292 5389 ante
3316 5330 3516 5397 altare,
3557 5328 3692 5386 dicit
3714 5347 3736 5386 :

2074 5417 2340 5492 Suscipe,
2390 5423 2596 5477 sancta
2638 5419 2924 5492 Trinitas,
2955 5421 3113 5485 hanc,
3140 5420 3521 5490 oblationem,
3552 5428 3738 5492 quam

2072 5504 2183 5564 tibi
2213 5507 2514 5565 offerimus
2548 5508 2608 5565 in
2631 5511 2980 5568 memoriam
3010 5510 3327 5585 passionis,
3356 5507 3737 5567 resurrectio-

393 5688 467 5763 (7)
500 5668 681 5747 Hodie
717 5692 906 5748 exstat
933 5690 1029 5750 hic
1056 5705 1241 5748 canon
1273 5703 1440 5747 num.
1484 5690 1574 5748 30.
1595 5688 1752 5747 Citat
1770 5690 1967 5746 tamen
2005 5698 2142 5746 eum
2163 5686 2477 5746 Gratianus
2506 5687 2676 5746 titulo
2708 5705 2759 5747 c.
2789 5690 2877 5746 44.
