  <div class='ocr_page' id='page_1' title='image "/cluster/home/n/w/nwhite01/storage/ocr_20150623/151/umn.31951002477444s/599.png"; bbox 0 0 3976 6366; ppageno 0'>
   <div class='ocr_carea' id='block_1_1' title="bbox 247 417 366 486">
    <p class='ocr_par' dir='ltr' id='par_1_1' title="bbox 247 417 366 486">
     <span class='ocr_line' id='line_1_1' title="bbox 247 417 366 486; baseline 0 -3"><span class='ocrx_word' id='word_1_1' title='bbox 247 417 366 486; x_wconf 74' lang='lat'><strong>995</strong></span> 
     </span>
    </p>
   </div>
   <div class='ocr_carea' id='block_1_2' title="bbox 1615 413 2292 488">
    <p class='ocr_par' dir='ltr' id='par_1_2' title="bbox 1615 413 2292 488">
     <span class='ocr_line' id='line_1_2' title="bbox 1615 413 2292 488; baseline -0.006 -3"><span class='ocrx_word' id='word_1_2' title='bbox 1615 417 1930 488; x_wconf 85' lang='lat' dir='ltr'>MONUM.</span> <span class='ocrx_word' id='word_1_3' title='bbox 1977 413 2292 486; x_wconf 75' lang='lat' dir='ltr'>LITURG.</span> 
     </span>
    </p>
   </div>
   <div class='ocr_carea' id='block_1_3' title="bbox 3546 414 3670 480">
    <p class='ocr_par' dir='ltr' id='par_1_3' title="bbox 3546 414 3670 480">
     <span class='ocr_line' id='line_1_3' title="bbox 3546 414 3670 480; baseline -0.016 0"><span class='ocrx_word' id='word_1_4' title='bbox 3546 414 3670 480; x_wconf 83' lang='lat'><strong>996</strong></span> 
     </span>
    </p>
   </div>
   <div class='ocr_carea' id='block_1_4' title="bbox 245 539 3667 628">
    <p class='ocr_par' dir='ltr' id='par_1_4' title="bbox 245 539 3667 628">
     <span class='ocr_line' id='line_1_4' title="bbox 245 539 3667 628; baseline -0.001 -18"><span class='ocrx_word' id='word_1_5' title='bbox 245 559 360 610; x_wconf 70' lang='lat' dir='ltr'>tua:</span> <span class='ocrx_word' id='word_1_6' title='bbox 389 553 599 626; x_wconf 87' lang='lat' dir='ltr'>adjuti,</span> <span class='ocrx_word' id='word_1_7' title='bbox 631 556 689 610; x_wconf 89' lang='lat' dir='ltr'>et</span> <span class='ocrx_word' id='word_1_8' title='bbox 719 559 998 628; x_wconf 83' lang='lat' dir='ltr'>apeccato</span> <span class='ocrx_word' id='word_1_9' title='bbox 1012 551 1446 628; x_wconf 88' lang='lat' dir='ltr'>simussemper</span> <span class='ocrx_word' id='word_1_10' title='bbox 1473 555 1637 611; x_wconf 90' lang='lat' dir='ltr'>liberi</span> <span class='ocrx_word' id='word_1_11' title='bbox 1671 557 1893 628; x_wconf 84' lang='lat' dir='ltr'>(hicpa-</span> <span class='ocrx_word' id='word_1_12' title='bbox 1927 557 1984 622; x_wconf 78' lang='grc' dir='ltr'><strong>Α</strong></span> <span class='ocrx_word' id='word_1_13' title='bbox 2013 572 2148 610; x_wconf 90' lang='lat' dir='ltr'>cum</span> <span class='ocrx_word' id='word_1_14' title='bbox 2181 571 2297 611; x_wconf 91' lang='lat' dir='ltr'>non</span> <span class='ocrx_word' id='word_1_15' title='bbox 2331 553 2567 609; x_wconf 91' lang='lat' dir='ltr'>aliunde</span> <span class='ocrx_word' id='word_1_16' title='bbox 2597 551 2710 608; x_wconf 82' lang='lat' dir='ltr'>nisi</span> <span class='ocrx_word' id='word_1_17' title='bbox 2737 569 2805 608; x_wconf 89' lang='lat' dir='ltr'>ex</span> <span class='ocrx_word' id='word_1_18' title='bbox 2853 539 2983 624; x_wconf 85' lang='lat' dir='ltr'>ejus</span> <span class='ocrx_word' id='word_1_19' title='bbox 3031 539 3414 624; x_wconf 68' lang='lat' dir='ltr'>praeceSsione</span> <span class='ocrx_word' id='word_1_20' title='bbox 3461 551 3667 607; x_wconf 88' lang='lat' dir='ltr'>eadem</span> 
     </span>
    </p>
   </div>
   <div class='ocr_carea' id='block_1_5' title="bbox 249 643 1897 720">
    <p class='ocr_par' dir='ltr' id='par_1_5' title="bbox 249 643 1897 720">
     <span class='ocr_line' id='line_1_5' title="bbox 249 643 1897 720; baseline 0 -21"><span class='ocrx_word' id='word_1_21' title='bbox 249 653 430 700; x_wconf 84' lang='lat' dir='ltr'>tenam</span> <span class='ocrx_word' id='word_1_22' title='bbox 469 645 744 720; x_wconf 73' lang='lat' dir='ltr'>accipiat,</span> <span class='ocrx_word' id='word_1_23' title='bbox 774 648 826 699; x_wconf 87' lang='lat' dir='ltr'>et</span> <span class='ocrx_word' id='word_1_24' title='bbox 885 645 1186 700; x_wconf 83' lang='lat' dir='ltr'>osculatam</span> <span class='ocrx_word' id='word_1_25' title='bbox 1235 645 1489 717; x_wconf 79' lang='lat' dir='ltr'>deponat)</span> <span class='ocrx_word' id='word_1_26' title='bbox 1548 650 1604 701; x_wconf 90' lang='lat' dir='ltr'>et</span> <span class='ocrx_word' id='word_1_27' title='bbox 1635 645 1706 700; x_wconf 84' lang='lat' dir='ltr'>ab</span> <span class='ocrx_word' id='word_1_28' title='bbox 1737 643 1897 700; x_wconf 87' lang='lat' dir='ltr'>omni</span> 
     </span>
    </p>
   </div>
   <div class='ocr_carea' id='block_1_6' title="bbox 246 733 1903 806">
    <p class='ocr_par' dir='ltr' id='par_1_6' title="bbox 246 733 1903 806">
     <span class='ocr_line' id='line_1_6' title="bbox 246 733 1903 806; baseline 0 -18"><span class='ocrx_word' id='word_1_29' title='bbox 246 733 684 805; x_wconf 80' lang='lat' dir='ltr'>perturbatione</span> <span class='ocrx_word' id='word_1_30' title='bbox 714 733 922 788; x_wconf 88' lang='lat' dir='ltr'>securi.</span> <span class='ocrx_word' id='word_1_31' title='bbox 957 734 1054 789; x_wconf 75' lang='lat' dir='ltr'>Hic</span> <span class='ocrx_word' id='word_1_32' title='bbox 1081 750 1276 805; x_wconf 83' lang='lat' dir='ltr'>corpus</span> <span class='ocrx_word' id='word_1_33' title='bbox 1294 750 1458 806; x_wconf 84' lang='lat' dir='ltr'>super</span> <span class='ocrx_word' id='word_1_34' title='bbox 1483 737 1685 806; x_wconf 80' lang='lat' dir='ltr'>patena</span> <span class='ocrx_word' id='word_1_35' title='bbox 1708 735 1766 788; x_wconf 86' lang='lat' dir='ltr'>in</span> <span class='ocrx_word' id='word_1_36' title='bbox 1791 735 1903 789; x_wconf 86' lang='lat' dir='ltr'>tria</span> 
     </span>
    </p>
   </div>
   <div class='ocr_carea' id='block_1_7' title="bbox 244 821 1899 887">
    <p class='ocr_par' dir='ltr' id='par_1_7' title="bbox 244 821 1899 887">
     <span class='ocr_line' id='line_1_7' title="bbox 244 821 1899 887; baseline 0 -11"><span class='ocrx_word' id='word_1_37' title='bbox 244 821 473 887; x_wconf 78' lang='lat' dir='ltr'>dividat,</span> <span class='ocrx_word' id='word_1_38' title='bbox 507 821 724 877; x_wconf 85' lang='lat' dir='ltr'>dicens:</span> <span class='ocrx_word' id='word_1_39' title='bbox 763 821 864 877; x_wconf 90' lang='lat' dir='ltr'>Per</span> <span class='ocrx_word' id='word_1_40' title='bbox 879 823 1193 878; x_wconf 89' lang='lat' dir='ltr'>Dominum</span> <span class='ocrx_word' id='word_1_41' title='bbox 1209 827 1478 879; x_wconf 89' lang='lat' dir='ltr'>nostrum</span> <span class='ocrx_word' id='word_1_42' title='bbox 1509 823 1711 878; x_wconf 89' lang='lat' dir='ltr'>Jesum</span> <span class='ocrx_word' id='word_1_43' title='bbox 1735 821 1899 878; x_wconf 90' lang='lat' dir='ltr'>Chri-</span> 
     </span>
    </p>
   </div>
   <div class='ocr_carea' id='block_1_8' title="bbox 246 909 1898 983">
    <p class='ocr_par' dir='ltr' id='par_1_8' title="bbox 246 909 1898 983">
     <span class='ocr_line' id='line_1_8' title="bbox 246 909 1898 983; baseline -0.001 -17"><span class='ocrx_word' id='word_1_44' title='bbox 246 915 426 982; x_wconf 84' lang='lat' dir='ltr'>stum,</span> <span class='ocrx_word' id='word_1_45' title='bbox 458 925 647 980; x_wconf 82' lang='lat' dir='ltr'>usque,</span> <span class='ocrx_word' id='word_1_46' title='bbox 681 926 786 982; x_wconf 89' lang='lat' dir='ltr'>per</span> <span class='ocrx_word' id='word_1_47' title='bbox 815 909 1016 966; x_wconf 81' lang='lat' dir='ltr'>omnia</span> <span class='ocrx_word' id='word_1_48' title='bbox 1044 909 1257 967; x_wconf 67' lang='lat' dir='ltr'>saecula</span> <span class='ocrx_word' id='word_1_49' title='bbox 1277 910 1648 967; x_wconf 71' lang='lat' dir='ltr'>saeculorum.</span> <span class='ocrx_word' id='word_1_50' title='bbox 1673 913 1898 983; x_wconf 82' lang='lat' dir='ltr'>Respon,</span> 
     </span>
    </p>
   </div>
   <div class='ocr_carea' id='block_1_9' title="bbox 243 999 1897 1071">
    <p class='ocr_par' dir='ltr' id='par_1_9' title="bbox 243 999 1897 1071">
     <span class='ocr_line' id='line_1_9' title="bbox 243 999 1897 1071; baseline -0.002 -14"><span class='ocrx_word' id='word_1_51' title='bbox 243 1003 446 1058; x_wconf 88' lang='lat' dir='ltr'>Amen.</span> <span class='ocrx_word' id='word_1_52' title='bbox 484 1001 580 1056; x_wconf 88' lang='lat' dir='ltr'>Hic</span> <span class='ocrx_word' id='word_1_53' title='bbox 607 1000 773 1056; x_wconf 90' lang='lat' dir='ltr'>etiam</span> <span class='ocrx_word' id='word_1_54' title='bbox 807 999 1030 1054; x_wconf 81' lang='lat' dir='ltr'>tertiam</span> <span class='ocrx_word' id='word_1_55' title='bbox 1071 1006 1289 1071; x_wconf 84' lang='lat' dir='ltr'>partem</span> <span class='ocrx_word' id='word_1_56' title='bbox 1318 1002 1379 1054; x_wconf 87' lang='lat' dir='ltr'>in</span> <span class='ocrx_word' id='word_1_57' title='bbox 1419 1001 1648 1055; x_wconf 80' lang='lat' dir='ltr'>calicem</span> <span class='ocrx_word' id='word_1_58' title='bbox 1695 999 1897 1064; x_wconf 80' lang='lat' dir='ltr'>mittat,</span> 
     </span>
    </p>
   </div>
   <div class='ocr_carea' id='block_1_10' title="bbox 241 1087 1898 1160">
    <p class='ocr_par' dir='ltr' id='par_1_10' title="bbox 241 1087 1898 1160">
     <span class='ocr_line' id='line_1_10' title="bbox 241 1087 1898 1160; baseline -0.005 -12"><span class='ocrx_word' id='word_1_59' title='bbox 241 1093 460 1148; x_wconf 84' lang='lat' dir='ltr'>dicens:</span> <span class='ocrx_word' id='word_1_60' title='bbox 493 1095 611 1146; x_wconf 87' lang='lat' dir='ltr'>Pax</span> <span class='ocrx_word' id='word_1_61' title='bbox 640 1087 872 1144; x_wconf 86' lang='lat' dir='ltr'>Domini</span> <span class='ocrx_word' id='word_1_62' title='bbox 917 1087 994 1144; x_wconf 91' lang='lat' dir='ltr'>sit</span> <span class='ocrx_word' id='word_1_63' title='bbox 1023 1104 1255 1160; x_wconf 80' lang='lat' dir='ltr'>semper</span> <span class='ocrx_word' id='word_1_64' title='bbox 1296 1088 1618 1144; x_wconf 85' lang='lat' dir='ltr'>vobiscum.</span> <span class='ocrx_word' id='word_1_65' title='bbox 1667 1093 1898 1160; x_wconf 84' lang='lat' dir='ltr'>Bespon.</span> 
     </span>
    </p>
   </div>
   <div class='ocr_carea' id='block_1_11' title="bbox 243 1176 1896 1254">
    <p class='ocr_par' dir='ltr' id='par_1_11' title="bbox 243 1176 1896 1254">
     <span class='ocr_line' id='line_1_11' title="bbox 243 1176 1896 1254; baseline -0.004 -18"><span class='ocrx_word' id='word_1_66' title='bbox 243 1182 313 1236; x_wconf 90' lang='lat' dir='ltr'>Et</span> <span class='ocrx_word' id='word_1_67' title='bbox 343 1195 477 1234; x_wconf 90' lang='lat' dir='ltr'>cum</span> <span class='ocrx_word' id='word_1_68' title='bbox 509 1177 723 1254; x_wconf 80' lang='lat' dir='ltr'>spiritu</span> <span class='ocrx_word' id='word_1_69' title='bbox 780 1180 898 1232; x_wconf 91' lang='lat' dir='ltr'>tuo.</span> <span class='ocrx_word' id='word_1_70' title='bbox 937 1177 1005 1232; x_wconf 87' lang='lat' dir='ltr'>Et</span> <span class='ocrx_word' id='word_1_71' title='bbox 1047 1176 1330 1247; x_wconf 82' lang='lat' dir='ltr'>subjungit</span> <span class='ocrx_word' id='word_1_72' title='bbox 1357 1179 1664 1232; x_wconf 82' lang='lat' dir='ltr'>orationem</span> <span class='ocrx_word' id='word_1_73' title='bbox 1695 1178 1896 1231; x_wconf 85' lang='lat' dir='ltr'>istam:</span> 
     </span>
    </p>
   </div>
   <div class='ocr_carea' id='block_1_12' title="bbox 241 1263 1898 1336">
    <p class='ocr_par' dir='ltr' id='par_1_12' title="bbox 241 1263 1898 1336">
     <span class='ocr_line' id='line_1_12' title="bbox 241 1263 1898 1336; baseline -0.002 -13"><span class='ocrx_word' id='word_1_74' title='bbox 241 1269 371 1323; x_wconf 85' lang='lat' dir='ltr'>Fiat</span> <span class='ocrx_word' id='word_1_75' title='bbox 399 1265 729 1322; x_wconf 82' lang='lat' dir='ltr'>commistio</span> <span class='ocrx_word' id='word_1_76' title='bbox 753 1269 810 1320; x_wconf 91' lang='lat' dir='ltr'>et</span> <span class='ocrx_word' id='word_1_77' title='bbox 825 1265 1185 1320; x_wconf 89' lang='lat' dir='ltr'>consecratio</span> <span class='ocrx_word' id='word_1_78' title='bbox 1215 1264 1475 1336; x_wconf 88' lang='lat' dir='ltr'>corporis</span> <span class='ocrx_word' id='word_1_79' title='bbox 1505 1269 1564 1320; x_wconf 90' lang='lat' dir='ltr'>et</span> <span class='ocrx_word' id='word_1_80' title='bbox 1591 1263 1898 1336; x_wconf 77' lang='lat' dir='ltr'>sanguinis</span> 
     </span>
    </p>
   </div>
   <div class='ocr_carea' id='block_1_13' title="bbox 241 1351 1893 1425">
    <p class='ocr_par' dir='ltr' id='par_1_13' title="bbox 241 1351 1893 1425">
     <span class='ocr_line' id='line_1_13' title="bbox 241 1351 1893 1425; baseline -0.003 -14"><span class='ocrx_word' id='word_1_81' title='bbox 241 1355 473 1411; x_wconf 87' lang='lat' dir='ltr'>Domini</span> <span class='ocrx_word' id='word_1_82' title='bbox 507 1351 687 1409; x_wconf 72' lang='lat' dir='ltr'>noetri</span> <span class='ocrx_word' id='word_1_83' title='bbox 729 1353 866 1409; x_wconf 89' lang='lat' dir='ltr'>Jesu</span> <span class='ocrx_word' id='word_1_84' title='bbox 915 1352 1126 1409; x_wconf 77' lang='lat' dir='ltr'>Christi</span> <span class='ocrx_word' id='word_1_85' title='bbox 1181 1353 1606 1425; x_wconf 91' lang='lat' dir='ltr'>accipientibus</span> <span class='ocrx_word' id='word_1_86' title='bbox 1635 1353 1805 1408; x_wconf 86' lang='lat' dir='ltr'>nobis</span> <span class='ocrx_word' id='word_1_87' title='bbox 1835 1352 1893 1406; x_wconf 90' lang='lat' dir='ltr'>in</span> 
     </span>
    </p>
   </div>
   <div class='ocr_carea' id='block_1_14' title="bbox 240 1441 1896 1512">
    <p class='ocr_par' dir='ltr' id='par_1_14' title="bbox 240 1441 1896 1512">
     <span class='ocr_line' id='line_1_14' title="bbox 240 1441 1896 1512; baseline -0.001 -14"><span class='ocrx_word' id='word_1_88' title='bbox 240 1444 417 1498; x_wconf 89' lang='lat' dir='ltr'>vitam</span> <span class='ocrx_word' id='word_1_89' title='bbox 447 1446 746 1498; x_wconf 83' lang='lat' dir='ltr'>aeternam.</span> <span class='ocrx_word' id='word_1_90' title='bbox 778 1443 980 1496; x_wconf 83' lang='lat' dir='ltr'>Amen.</span> <span class='ocrx_word' id='word_1_91' title='bbox 1015 1443 1080 1496; x_wconf 81' lang='lat' dir='ltr'>Et</span> <span class='ocrx_word' id='word_1_92' title='bbox 1098 1443 1336 1496; x_wconf 85' lang='lat' dir='ltr'>osculato</span> <span class='ocrx_word' id='word_1_93' title='bbox 1378 1443 1552 1497; x_wconf 81' lang='lat' dir='ltr'>altari</span> <span class='ocrx_word' id='word_1_94' title='bbox 1579 1441 1670 1496; x_wconf 88' lang='lat' dir='ltr'>dat</span> <span class='ocrx_word' id='word_1_95' title='bbox 1704 1457 1896 1512; x_wconf 89' lang='lat' dir='ltr'>pacem</span> 
     </span>
    </p>
   </div>
   <div class='ocr_carea' id='block_1_15' title="bbox 237 1529 1894 1602">
    <p class='ocr_par' dir='ltr' id='par_1_15' title="bbox 237 1529 1894 1602">
     <span class='ocr_line' id='line_1_15' title="bbox 237 1529 1894 1602; baseline -0.002 -14"><span class='ocrx_word' id='word_1_96' title='bbox 237 1533 462 1597; x_wconf 81' lang='lat' dir='ltr'>astanti,</span> <span class='ocrx_word' id='word_1_97' title='bbox 495 1533 578 1586; x_wconf 85' lang='lat' dir='ltr'>ita</span> <span class='ocrx_word' id='word_1_98' title='bbox 605 1529 791 1584; x_wconf 82' lang='lat' dir='ltr'>dicens</span> <span class='ocrx_word' id='word_1_99' title='bbox 818 1545 831 1583; x_wconf 91' lang='lat'><strong>:</strong></span> <span class='ocrx_word' id='word_1_100' title='bbox 869 1529 981 1585; x_wconf 90' lang='lat' dir='ltr'>Pax</span> <span class='ocrx_word' id='word_1_101' title='bbox 1012 1534 1225 1586; x_wconf 85' lang='lat' dir='ltr'>tecum.</span> <span class='ocrx_word' id='word_1_102' title='bbox 1263 1532 1488 1602; x_wconf 84' lang='lat' dir='ltr'>Respon.</span> <span class='ocrx_word' id='word_1_103' title='bbox 1508 1534 1574 1586; x_wconf 85' lang='lat' dir='ltr'>Et</span> <span class='ocrx_word' id='word_1_104' title='bbox 1602 1546 1738 1586; x_wconf 92' lang='lat' dir='ltr'>cum</span> <span class='ocrx_word' id='word_1_105' title='bbox 1768 1531 1894 1602; x_wconf 86' lang='lat' dir='ltr'>spi-</span> 
     </span>
    </p>
   </div>
   <div class='ocr_carea' id='block_1_16' title="bbox 240 1619 1892 1692">
    <p class='ocr_par' dir='ltr' id='par_1_16' title="bbox 240 1619 1892 1692">
     <span class='ocr_line' id='line_1_16' title="bbox 240 1619 1892 1692; baseline -0.001 -16"><span class='ocrx_word' id='word_1_106' title='bbox 240 1621 356 1676; x_wconf 91' lang='lat' dir='ltr'>ritu</span> <span class='ocrx_word' id='word_1_107' title='bbox 393 1624 489 1676; x_wconf 87' lang='lat' dir='ltr'>tuo</span> <span class='ocrx_word' id='word_1_108' title='bbox 515 1638 528 1675; x_wconf 91' lang='lat'><strong>:</strong></span> <span class='ocrx_word' id='word_1_109' title='bbox 562 1619 864 1675; x_wconf 83' lang='lat' dir='ltr'>Inclinatus</span> <span class='ocrx_word' id='word_1_110' title='bbox 892 1627 1076 1674; x_wconf 89' lang='lat' dir='ltr'>autem</span> <span class='ocrx_word' id='word_1_111' title='bbox 1100 1619 1234 1676; x_wconf 88' lang='lat' dir='ltr'>dicit</span> <span class='ocrx_word' id='word_1_112' title='bbox 1261 1623 1558 1692; x_wconf 82' lang='lat' dir='ltr'>antequam</span> <span class='ocrx_word' id='word_1_113' title='bbox 1584 1621 1892 1676; x_wconf 83' lang='lat' dir='ltr'>communi-</span> 
     </span>
    </p>
   </div>
   <div class='ocr_carea' id='block_1_17' title="bbox 237 1707 1892 1780">
    <p class='ocr_par' dir='ltr' id='par_1_17' title="bbox 237 1707 1892 1780">
     <span class='ocr_line' id='line_1_17' title="bbox 237 1707 1892 1780; baseline -0.001 -15"><span class='ocrx_word' id='word_1_114' title='bbox 237 1714 316 1765; x_wconf 88' lang='lat' dir='ltr'>cet</span> <span class='ocrx_word' id='word_1_115' title='bbox 341 1727 353 1764; x_wconf 92' lang='lat'>:</span> <span class='ocrx_word' id='word_1_116' title='bbox 387 1708 626 1764; x_wconf 91' lang='lat' dir='ltr'>Domine</span> <span class='ocrx_word' id='word_1_117' title='bbox 653 1707 794 1764; x_wconf 83' lang='lat' dir='ltr'>Jesu</span> <span class='ocrx_word' id='word_1_118' title='bbox 829 1707 1078 1775; x_wconf 81' lang='lat' dir='ltr'>Christe,</span> <span class='ocrx_word' id='word_1_119' title='bbox 1115 1709 1216 1780; x_wconf 87' lang='lat' dir='ltr'>qui</span> <span class='ocrx_word' id='word_1_120' title='bbox 1239 1707 1539 1765; x_wconf 81' lang='lat' dir='ltr'>voluntate</span> <span class='ocrx_word' id='word_1_121' title='bbox 1563 1709 1776 1774; x_wconf 86' lang='lat' dir='ltr'>Patris,</span> <span class='ocrx_word' id='word_1_122' title='bbox 1801 1724 1892 1764; x_wconf 91' lang='lat' dir='ltr'>co-</span> 
     </span>
    </p>
   </div>
   <div class='ocr_carea' id='block_1_18' title="bbox 238 1795 1890 1870">
    <p class='ocr_par' dir='ltr' id='par_1_18' title="bbox 238 1795 1890 1870">
     <span class='ocr_line' id='line_1_18' title="bbox 238 1795 1890 1870; baseline -0.001 -16"><span class='ocrx_word' id='word_1_123' title='bbox 238 1802 512 1870; x_wconf 87' lang='lat' dir='ltr'>operante</span> <span class='ocrx_word' id='word_1_124' title='bbox 561 1796 780 1868; x_wconf 87' lang='lat' dir='ltr'>Spiritu</span> <span class='ocrx_word' id='word_1_125' title='bbox 843 1800 1068 1865; x_wconf 88' lang='lat' dir='ltr'>sancto,</span> <span class='ocrx_word' id='word_1_126' title='bbox 1127 1813 1230 1868; x_wconf 84' lang='lat' dir='ltr'>per</span> <span class='ocrx_word' id='word_1_127' title='bbox 1285 1799 1536 1852; x_wconf 89' lang='lat' dir='ltr'>mortem</span> <span class='ocrx_word' id='word_1_128' title='bbox 1597 1795 1890 1870; x_wconf 90' lang='lat' dir='ltr'>propriam</span> 
     </span>
    </p>
   </div>
   <div class='ocr_carea' id='block_1_19' title="bbox 238 1883 1968 1984">
    <p class='ocr_par' dir='ltr' id='par_1_19' title="bbox 238 1883 1968 1984">
     <span class='ocr_line' id='line_1_19' title="bbox 238 1883 1968 1984; baseline -0.001 -42"><span class='ocrx_word' id='word_1_129' title='bbox 238 1887 527 1958; x_wconf 83' lang='lat' dir='ltr'>mundum</span> <span class='ocrx_word' id='word_1_130' title='bbox 557 1884 886 1956; x_wconf 78' lang='lat' dir='ltr'>viviﬁCasti,</span> <span class='ocrx_word' id='word_1_131' title='bbox 936 1883 1120 1940; x_wconf 89' lang='lat' dir='ltr'>libera</span> <span class='ocrx_word' id='word_1_132' title='bbox 1152 1901 1244 1940; x_wconf 90' lang='lat' dir='ltr'>me</span> <span class='ocrx_word' id='word_1_133' title='bbox 1297 1901 1400 1956; x_wconf 90' lang='lat' dir='ltr'>per</span> <span class='ocrx_word' id='word_1_134' title='bbox 1428 1884 1538 1941; x_wconf 87' lang='lat' dir='ltr'>hoc</span> <span class='ocrx_word' id='word_1_135' title='bbox 1586 1902 1890 1941; x_wconf 87' lang='lat' dir='ltr'>sacrosan-</span> <span class='ocrx_word' id='word_1_136' title='bbox 1919 1919 1968 1984; x_wconf 84' lang='lat' dir='ltr'><strong>B</strong></span> 
     </span>
    </p>
   </div>
   <div class='ocr_carea' id='block_1_20' title="bbox 238 1971 1889 2046">
    <p class='ocr_par' dir='ltr' id='par_1_20' title="bbox 238 1971 1889 2046">
     <span class='ocr_line' id='line_1_20' title="bbox 238 1971 1889 2046; baseline -0.001 -16"><span class='ocrx_word' id='word_1_137' title='bbox 238 1979 400 2030; x_wconf 91' lang='lat' dir='ltr'>ctum</span> <span class='ocrx_word' id='word_1_138' title='bbox 431 1989 646 2045; x_wconf 87' lang='lat' dir='ltr'>corpus</span> <span class='ocrx_word' id='word_1_139' title='bbox 678 1977 736 2028; x_wconf 88' lang='lat' dir='ltr'>et</span> <span class='ocrx_word' id='word_1_140' title='bbox 764 1971 1114 2046; x_wconf 84' lang='lat' dir='ltr'>sanguinem</span> <span class='ocrx_word' id='word_1_141' title='bbox 1145 1978 1315 2028; x_wconf 88' lang='lat' dir='ltr'>tuum</span> <span class='ocrx_word' id='word_1_142' title='bbox 1347 1973 1418 2029; x_wconf 89' lang='lat' dir='ltr'>ab</span> <span class='ocrx_word' id='word_1_143' title='bbox 1467 1973 1744 2030; x_wconf 90' lang='lat' dir='ltr'>omnibus</span> <span class='ocrx_word' id='word_1_144' title='bbox 1773 1973 1889 2030; x_wconf 88' lang='lat' dir='ltr'>ini-</span> 
     </span>
    </p>
   </div>
   <div class='ocr_carea' id='block_1_21' title="bbox 239 2059 1889 2136">
    <p class='ocr_par' dir='ltr' id='par_1_21' title="bbox 239 2059 1889 2136">
     <span class='ocr_line' id='line_1_21' title="bbox 239 2059 1889 2136; baseline -0.001 -18"><span class='ocrx_word' id='word_1_145' title='bbox 239 2062 568 2136; x_wconf 88' lang='lat' dir='ltr'>quitatibus</span> <span class='ocrx_word' id='word_1_146' title='bbox 597 2061 765 2128; x_wconf 89' lang='lat' dir='ltr'>meis,</span> <span class='ocrx_word' id='word_1_147' title='bbox 797 2063 854 2117; x_wconf 91' lang='lat' dir='ltr'>et</span> <span class='ocrx_word' id='word_1_148' title='bbox 881 2059 971 2116; x_wconf 80' lang='lat' dir='ltr'>fac</span> <span class='ocrx_word' id='word_1_149' title='bbox 1003 2077 1096 2116; x_wconf 92' lang='lat' dir='ltr'>me</span> <span class='ocrx_word' id='word_1_150' title='bbox 1127 2061 1542 2118; x_wconf 70' lang='lat' dir='ltr'>tuisinhterere</span> <span class='ocrx_word' id='word_1_151' title='bbox 1571 2061 1889 2134; x_wconf 87' lang='lat' dir='ltr'>mandatis,</span> 
     </span>
    </p>
   </div>
   <div class='ocr_carea' id='block_1_22' title="bbox 237 2149 1888 2224">
    <p class='ocr_par' dir='ltr' id='par_1_22' title="bbox 237 2149 1888 2224">
     <span class='ocr_line' id='line_1_22' title="bbox 237 2149 1888 2224; baseline -0.001 -16"><span class='ocrx_word' id='word_1_152' title='bbox 237 2157 296 2208; x_wconf 90' lang='lat' dir='ltr'>et</span> <span class='ocrx_word' id='word_1_153' title='bbox 325 2169 358 2207; x_wconf 89' lang='lat' dir='ltr'>a</span> <span class='ocrx_word' id='word_1_154' title='bbox 387 2154 442 2206; x_wconf 89' lang='lat' dir='ltr'>te</span> <span class='ocrx_word' id='word_1_155' title='bbox 474 2149 871 2222; x_wconf 87' lang='lat' dir='ltr'>nunquam_in</span> <span class='ocrx_word' id='word_1_156' title='bbox 904 2154 1256 2222; x_wconf 90' lang='lat' dir='ltr'>perpetuum</span> <span class='ocrx_word' id='word_1_157' title='bbox 1287 2150 1563 2224; x_wconf 89' lang='lat' dir='ltr'>separari.</span> <span class='ocrx_word' id='word_1_158' title='bbox 1615 2151 1722 2216; x_wconf 87' lang='lat' dir='ltr'>Qui</span> <span class='ocrx_word' id='word_1_159' title='bbox 1753 2167 1888 2206; x_wconf 93' lang='lat' dir='ltr'>cum</span> 
     </span>
    </p>
   </div>
   <div class='ocr_carea' id='block_1_23' title="bbox 241 2237 1886 2311">
    <p class='ocr_par' dir='ltr' id='par_1_23' title="bbox 241 2237 1886 2311">
     <span class='ocr_line' id='line_1_23' title="bbox 241 2237 1886 2311; baseline 0 -15"><span class='ocrx_word' id='word_1_160' title='bbox 241 2241 437 2307; x_wconf 85' lang='lat' dir='ltr'>Patre,</span> <span class='ocrx_word' id='word_1_161' title='bbox 475 2243 582 2295; x_wconf 88' lang='lat' dir='ltr'>etc.</span> <span class='ocrx_word' id='word_1_162' title='bbox 618 2239 751 2294; x_wconf 84' lang='lat' dir='ltr'>Cum</span> <span class='ocrx_word' id='word_1_163' title='bbox 776 2237 1064 2294; x_wconf 72' lang='lat' dir='ltr'>distribuit</span> <span class='ocrx_word' id='word_1_164' title='bbox 1085 2239 1498 2311; x_wconf 78' lang='lat' dir='ltr'>eucharistiam,</span> <span class='ocrx_word' id='word_1_165' title='bbox 1529 2239 1663 2295; x_wconf 86' lang='lat' dir='ltr'>dicit</span> <span class='ocrx_word' id='word_1_166' title='bbox 1692 2257 1704 2296; x_wconf 90' lang='lat'>:</span> <span class='ocrx_word' id='word_1_167' title='bbox 1753 2241 1886 2296; x_wconf 90' lang='lat' dir='ltr'>Cor-</span> 
     </span>
    </p>
   </div>
   <div class='ocr_carea' id='block_1_24' title="bbox 236 2327 1889 2402">
    <p class='ocr_par' dir='ltr' id='par_1_24' title="bbox 236 2327 1889 2402">
     <span class='ocr_line' id='line_1_24' title="bbox 236 2327 1889 2402; baseline 0 -18"><span class='ocrx_word' id='word_1_168' title='bbox 236 2346 350 2402; x_wconf 90' lang='lat' dir='ltr'>pus</span> <span class='ocrx_word' id='word_1_169' title='bbox 378 2332 436 2384; x_wconf 90' lang='lat' dir='ltr'>et</span> <span class='ocrx_word' id='word_1_170' title='bbox 464 2327 704 2400; x_wconf 87' lang='lat' dir='ltr'>sanguis</span> <span class='ocrx_word' id='word_1_171' title='bbox 733 2327 962 2382; x_wconf 89' lang='lat' dir='ltr'>Domini</span> <span class='ocrx_word' id='word_1_172' title='bbox 987 2327 1174 2384; x_wconf 90' lang='lat' dir='ltr'>nostri</span> <span class='ocrx_word' id='word_1_173' title='bbox 1200 2328 1337 2385; x_wconf 88' lang='lat' dir='ltr'>Jesu</span> <span class='ocrx_word' id='word_1_174' title='bbox 1369 2327 1583 2384; x_wconf 90' lang='lat' dir='ltr'>Christi</span> <span class='ocrx_word' id='word_1_175' title='bbox 1625 2329 1889 2401; x_wconf 90' lang='lat' dir='ltr'>proﬁciat</span> 
     </span>
    </p>
   </div>
   <div class='ocr_carea' id='block_1_25' title="bbox 236 2417 1890 2488">
    <p class='ocr_par' dir='ltr' id='par_1_25' title="bbox 236 2417 1890 2488">
     <span class='ocr_line' id='line_1_25' title="bbox 236 2417 1890 2488; baseline -0.001 -14"><span class='ocrx_word' id='word_1_176' title='bbox 236 2418 343 2474; x_wconf 89' lang='lat' dir='ltr'>tibi</span> <span class='ocrx_word' id='word_1_177' title='bbox 373 2417 432 2472; x_wconf 91' lang='lat' dir='ltr'>in</span> <span class='ocrx_word' id='word_1_178' title='bbox 462 2417 642 2473; x_wconf 86' lang='lat' dir='ltr'>vitam</span> <span class='ocrx_word' id='word_1_179' title='bbox 665 2420 966 2472; x_wconf 67' lang='lat' dir='ltr'>aeternam.</span> <span class='ocrx_word' id='word_1_180' title='bbox 993 2419 1190 2472; x_wconf 85' lang='lat' dir='ltr'>Amen.</span> <span class='ocrx_word' id='word_1_181' title='bbox 1221 2419 1513 2488; x_wconf 85' lang='lat' dir='ltr'>Postquam</span> <span class='ocrx_word' id='word_1_182' title='bbox 1539 2433 1724 2474; x_wconf 90' lang='lat' dir='ltr'>omnes</span> <span class='ocrx_word' id='word_1_183' title='bbox 1751 2434 1890 2474; x_wconf 86' lang='lat' dir='ltr'>com-</span> 
     </span>
    </p>
   </div>
   <div class='ocr_carea' id='block_1_26' title="bbox 235 2503 1888 2578">
    <p class='ocr_par' dir='ltr' id='par_1_26' title="bbox 235 2503 1888 2578">
     <span class='ocr_line' id='line_1_26' title="bbox 235 2503 1888 2578; baseline -0.001 -17"><span class='ocrx_word' id='word_1_184' title='bbox 235 2507 676 2574; x_wconf 85' lang='lat' dir='ltr'>municaverunt,</span> <span class='ocrx_word' id='word_1_185' title='bbox 709 2503 882 2559; x_wconf 77' lang='lat' dir='ltr'>dicit:</span> <span class='ocrx_word' id='word_1_186' title='bbox 914 2505 1074 2570; x_wconf 90' lang='lat' dir='ltr'>Quod</span> <span class='ocrx_word' id='word_1_187' title='bbox 1115 2521 1214 2560; x_wconf 92' lang='lat' dir='ltr'>ore</span> <span class='ocrx_word' id='word_1_188' title='bbox 1261 2505 1648 2577; x_wconf 88' lang='lat' dir='ltr'>sumpsimus,</span> <span class='ocrx_word' id='word_1_189' title='bbox 1698 2505 1888 2578; x_wconf 91' lang='lat' dir='ltr'>(pura)</span> 
     </span>
    </p>
   </div>
   <div class='ocr_carea' id='block_1_27' title="bbox 237 2593 1888 2667">
    <p class='ocr_par' dir='ltr' id='par_1_27' title="bbox 237 2593 1888 2667">
     <span class='ocr_line' id='line_1_27' title="bbox 237 2593 1888 2667; baseline -0.001 -15"><span class='ocrx_word' id='word_1_190' title='bbox 237 2599 432 2652; x_wconf 89' lang='lat' dir='ltr'>mente</span> <span class='ocrx_word' id='word_1_191' title='bbox 460 2593 786 2667; x_wconf 86' lang='lat' dir='ltr'>capiamus,</span> <span class='ocrx_word' id='word_1_192' title='bbox 821 2597 878 2651; x_wconf 88' lang='lat' dir='ltr'>et</span> <span class='ocrx_word' id='word_1_193' title='bbox 907 2593 978 2649; x_wconf 90' lang='lat' dir='ltr'>de</span> <span class='ocrx_word' id='word_1_194' title='bbox 1017 2610 1260 2649; x_wconf 90' lang='lat' dir='ltr'>munere</span> <span class='ocrx_word' id='word_1_195' title='bbox 1297 2593 1604 2666; x_wconf 88' lang='lat' dir='ltr'>temporali</span> <span class='ocrx_word' id='word_1_196' title='bbox 1655 2594 1755 2650; x_wconf 90' lang='lat' dir='ltr'>ﬁat</span> <span class='ocrx_word' id='word_1_197' title='bbox 1785 2611 1888 2651; x_wconf 92' lang='lat' dir='ltr'>no-</span> 
     </span>
    </p>
   </div>
   <div class='ocr_carea' id='block_1_28' title="bbox 236 2681 1890 2754">
    <p class='ocr_par' dir='ltr' id='par_1_28' title="bbox 236 2681 1890 2754">
     <span class='ocr_line' id='line_1_28' title="bbox 236 2681 1890 2754; baseline 0.001 -16"><span class='ocrx_word' id='word_1_198' title='bbox 236 2683 328 2739; x_wconf 91' lang='lat' dir='ltr'>bis</span> <span class='ocrx_word' id='word_1_199' title='bbox 357 2681 683 2739; x_wconf 89' lang='lat' dir='ltr'>remedium</span> <span class='ocrx_word' id='word_1_200' title='bbox 699 2681 1144 2754; x_wconf 90' lang='lat' dir='ltr'>sempiternum.</span> <span class='ocrx_word' id='word_1_201' title='bbox 1168 2684 1354 2738; x_wconf 84' lang='lat' dir='ltr'>Finita</span> <span class='ocrx_word' id='word_1_202' title='bbox 1369 2684 1559 2747; x_wconf 81' lang='lat' dir='ltr'>missa,</span> <span class='ocrx_word' id='word_1_203' title='bbox 1590 2683 1743 2739; x_wconf 86' lang='lat' dir='ltr'>dicit:</span> <span class='ocrx_word' id='word_1_204' title='bbox 1769 2682 1890 2739; x_wconf 90' lang='lat' dir='ltr'>Pla-</span> 
     </span>
    </p>
   </div>
   <div class='ocr_carea' id='block_1_29' title="bbox 235 2769 1887 2842">
    <p class='ocr_par' dir='ltr' id='par_1_29' title="bbox 235 2769 1887 2842">
     <span class='ocr_line' id='line_1_29' title="bbox 235 2769 1887 2842; baseline 0 -14"><span class='ocrx_word' id='word_1_205' title='bbox 235 2777 362 2828; x_wconf 90' lang='lat' dir='ltr'>ceat</span> <span class='ocrx_word' id='word_1_206' title='bbox 391 2771 518 2838; x_wconf 89' lang='lat' dir='ltr'>tibi,</span> <span class='ocrx_word' id='word_1_207' title='bbox 533 2769 1390 2842; x_wconf 86' lang='lat' dir='ltr'>sanctaTrinitas,obsequium</span> <span class='ocrx_word' id='word_1_208' title='bbox 1410 2771 1710 2827; x_wconf 90' lang='lat' dir='ltr'>servitutis</span> <span class='ocrx_word' id='word_1_209' title='bbox 1723 2789 1887 2836; x_wconf 79' lang='lat' dir='ltr'>meae,</span> 
     </span>
    </p>
   </div>
   <div class='ocr_carea' id='block_1_30' title="bbox 235 2858 1885 2932">
    <p class='ocr_par' dir='ltr' id='par_1_30' title="bbox 235 2858 1885 2932">
     <span class='ocr_line' id='line_1_30' title="bbox 235 2858 1885 2932; baseline 0 -16"><span class='ocrx_word' id='word_1_210' title='bbox 235 2866 293 2916; x_wconf 91' lang='lat' dir='ltr'>et</span> <span class='ocrx_word' id='word_1_211' title='bbox 321 2864 537 2932; x_wconf 68' lang='lat' dir='ltr'>praesta</span> <span class='ocrx_word' id='word_1_212' title='bbox 565 2865 632 2914; x_wconf 91' lang='lat' dir='ltr'>ut</span> <span class='ocrx_word' id='word_1_213' title='bbox 659 2859 769 2915; x_wconf 91' lang='lat' dir='ltr'>hoc</span> <span class='ocrx_word' id='word_1_214' title='bbox 800 2858 1179 2923; x_wconf 86' lang='lat' dir='ltr'>sacriﬁcium,</span> <span class='ocrx_word' id='word_1_215' title='bbox 1211 2859 1369 2930; x_wconf 91' lang='lat' dir='ltr'>quod</span> <span class='ocrx_word' id='word_1_216' title='bbox 1399 2859 1586 2915; x_wconf 91' lang='lat' dir='ltr'>oculis</span> <span class='ocrx_word' id='word_1_217' title='bbox 1611 2864 1727 2916; x_wconf 65' lang='lat' dir='ltr'>tua:</span> <span class='ocrx_word' id='word_1_218' title='bbox 1763 2877 1885 2916; x_wconf 89' lang='lat' dir='ltr'>ma-</span> 
     </span>
    </p>
   </div>
   <div class='ocr_carea' id='block_1_31' title="bbox 227 2945 1889 3020">
    <p class='ocr_par' dir='ltr' id='par_1_31' title="bbox 227 2945 1889 3020">
     <span class='ocr_line' id='line_1_31' title="bbox 227 2945 1889 3020; baseline -0.001 -14"><span class='ocrx_word' id='word_1_219' title='bbox 227 2949 466 3020; x_wconf 88' lang='lat' dir='ltr'>jestatis</span> <span class='ocrx_word' id='word_1_220' title='bbox 497 2964 602 3019; x_wconf 89' lang='lat' dir='ltr'>ego</span> <span class='ocrx_word' id='word_1_221' title='bbox 635 2946 871 3019; x_wconf 82' lang='lat' dir='ltr'>indigne</span> <span class='ocrx_word' id='word_1_222' title='bbox 910 2945 1117 3012; x_wconf 90' lang='lat' dir='ltr'>obtuli,</span> <span class='ocrx_word' id='word_1_223' title='bbox 1177 2945 1324 3002; x_wconf 90' lang='lat' dir='ltr'>mihi</span> <span class='ocrx_word' id='word_1_224' title='bbox 1353 2950 1410 3002; x_wconf 90' lang='lat' dir='ltr'>et</span> <span class='ocrx_word' id='word_1_225' title='bbox 1464 2948 1738 3004; x_wconf 90' lang='lat' dir='ltr'>omnibus</span> <span class='ocrx_word' id='word_1_226' title='bbox 1787 2966 1889 3020; x_wconf 91' lang='lat' dir='ltr'>pro</span> 
     </span>
    </p>
   </div>
   <div class='ocr_carea' id='block_1_32' title="bbox 236 3033 1886 3110">
    <p class='ocr_par' dir='ltr' id='par_1_32' title="bbox 236 3033 1886 3110">
     <span class='ocr_line' id='line_1_32' title="bbox 236 3033 1886 3110; baseline -0.001 -17"><span class='ocrx_word' id='word_1_227' title='bbox 236 3037 453 3110; x_wconf 88' lang='lat' dir='ltr'>quibus</span> <span class='ocrx_word' id='word_1_228' title='bbox 481 3035 628 3090; x_wconf 89' lang='lat' dir='ltr'>illud</span> <span class='ocrx_word' id='word_1_229' title='bbox 662 3033 869 3102; x_wconf 90' lang='lat' dir='ltr'>obtuli,</span> <span class='ocrx_word' id='word_1_230' title='bbox 903 3037 958 3090; x_wconf 87' lang='lat' dir='ltr'>te</span> <span class='ocrx_word' id='word_1_231' title='bbox 1008 3034 1343 3102; x_wconf 86' lang='lat' dir='ltr'>miserante,</span> <span class='ocrx_word' id='word_1_232' title='bbox 1390 3035 1468 3090; x_wconf 88' lang='lat' dir='ltr'>sit</span> <span class='ocrx_word' id='word_1_233' title='bbox 1495 3036 1886 3109; x_wconf 89' lang='lat' dir='ltr'>propitiabile,</span> 
     </span>
    </p>
   </div>
   <div class='ocr_carea' id='block_1_33' title="bbox 237 3124 1886 3190">
    <p class='ocr_par' dir='ltr' id='par_1_33' title="bbox 237 3124 1886 3190">
     <span class='ocr_line' id='line_1_33' title="bbox 237 3124 1886 3190; baseline 0.001 -9"><span class='ocrx_word' id='word_1_234' title='bbox 237 3128 345 3181; x_wconf 90' lang='lat' dir='ltr'>Per</span> <span class='ocrx_word' id='word_1_235' title='bbox 375 3124 696 3190; x_wconf 90' lang='lat' dir='ltr'>Christum,</span> <span class='ocrx_word' id='word_1_236' title='bbox 757 3128 864 3178; x_wconf 91' lang='lat' dir='ltr'>etc.</span> <span class='ocrx_word' id='word_1_237' title='bbox 896 3127 1117 3180; x_wconf 75' lang='lat' dir='ltr'>Exuens</span> <span class='ocrx_word' id='word_1_238' title='bbox 1173 3141 1231 3180; x_wconf 90' lang='lat' dir='ltr'>se</span> <span class='ocrx_word' id='word_1_239' title='bbox 1260 3125 1492 3180; x_wconf 80' lang='lat' dir='ltr'>vestibus</span> <span class='ocrx_word' id='word_1_240' title='bbox 1535 3128 1703 3182; x_wconf 74' lang='lat' dir='ltr'>sacris</span> <span class='ocrx_word' id='word_1_241' title='bbox 1731 3126 1886 3183; x_wconf 87' lang='lat' dir='ltr'>dicit.</span> 
     </span>
    </p>
   </div>
   <div class='ocr_carea' id='block_1_34' title="bbox 237 3205 1888 3279">
    <p class='ocr_par' dir='ltr' id='par_1_34' title="bbox 237 3205 1888 3279">
     <span class='ocr_line' id='line_1_34' title="bbox 237 3205 1888 3279; baseline 0 -9"><span class='ocrx_word' id='word_1_242' title='bbox 237 3217 442 3271; x_wconf 82' lang='lat' dir='ltr'>Psatm.</span> <span class='ocrx_word' id='word_1_243' title='bbox 481 3205 808 3269; x_wconf 82' lang='lat' dir='ltr'>Benedicite</span> <span class='ocrx_word' id='word_1_244' title='bbox 825 3212 1308 3279; x_wconf 88' lang='lat' dir='ltr'>omnia,Laudate</span> <span class='ocrx_word' id='word_1_245' title='bbox 1337 3213 1642 3269; x_wconf 88' lang='lat' dir='ltr'>Dominum</span> <span class='ocrx_word' id='word_1_246' title='bbox 1671 3215 1725 3270; x_wconf 89' lang='lat' dir='ltr'>in</span> <span class='ocrx_word' id='word_1_247' title='bbox 1755 3232 1888 3270; x_wconf 86' lang='lat' dir='ltr'>san-</span> 
     </span>
    </p>
   </div>
   <div class='ocr_carea' id='block_1_35' title="bbox 2014 640 3672 700">
    <p class='ocr_par' dir='ltr' id='par_1_35' title="bbox 2014 640 3672 700">
     <span class='ocr_line' id='line_1_35' title="bbox 2014 640 3672 700; baseline -0.003 0"><span class='ocrx_word' id='word_1_248' title='bbox 2014 644 2319 700; x_wconf 89' lang='lat' dir='ltr'>Dominica</span> <span class='ocrx_word' id='word_1_249' title='bbox 2341 659 2552 698; x_wconf 89' lang='lat' dir='ltr'>nomen</span> <span class='ocrx_word' id='word_1_250' title='bbox 2585 646 2642 697; x_wconf 90' lang='lat' dir='ltr'>ct</span> <span class='ocrx_word' id='word_1_251' title='bbox 2662 641 2921 698; x_wconf 82' lang='lat' dir='ltr'>ofﬁcium</span> <span class='ocrx_word' id='word_1_252' title='bbox 2937 641 3218 697; x_wconf 86' lang='lat' dir='ltr'>obtineat.</span> <span class='ocrx_word' id='word_1_253' title='bbox 3239 641 3350 696; x_wconf 87' lang='lat' dir='ltr'>Sed</span> <span class='ocrx_word' id='word_1_254' title='bbox 3385 644 3441 696; x_wconf 90' lang='lat' dir='ltr'>et</span> <span class='ocrx_word' id='word_1_255' title='bbox 3458 640 3672 696; x_wconf 88' lang='lat' dir='ltr'>Junior</span> 
     </span>
    </p>
   </div>
   <div class='ocr_carea' id='block_1_36' title="bbox 2011 729 3670 806">
    <p class='ocr_par' dir='ltr' id='par_1_36' title="bbox 2011 729 3670 806">
     <span class='ocr_line' id='line_1_36' title="bbox 2011 729 3670 806; baseline -0.001 -19"><span class='ocrx_word' id='word_1_256' title='bbox 2011 732 2326 806; x_wconf 84' lang='lat' dir='ltr'>Gregorius</span> <span class='ocrx_word' id='word_1_257' title='bbox 2356 748 2528 804; x_wconf 90' lang='lat' dir='ltr'>papa,</span> <span class='ocrx_word' id='word_1_258' title='bbox 2561 729 2826 786; x_wconf 90' lang='lat' dir='ltr'>scribens</span> <span class='ocrx_word' id='word_1_259' title='bbox 2873 729 2945 786; x_wconf 91' lang='lat' dir='ltr'>de</span> <span class='ocrx_word' id='word_1_260' title='bbox 2995 729 3361 786; x_wconf 87' lang='lat' dir='ltr'>ordinatione</span> <span class='ocrx_word' id='word_1_261' title='bbox 3419 729 3670 801; x_wconf 88' lang='lat' dir='ltr'>[ordine]</span> 
     </span>
    </p>
   </div>
   <div class='ocr_carea' id='block_1_37' title="bbox 2013 815 3667 890">
    <p class='ocr_par' dir='ltr' id='par_1_37' title="bbox 2013 815 3667 890">
     <span class='ocr_line' id='line_1_37' title="bbox 2013 815 3667 890; baseline -0.001 -16"><span class='ocrx_word' id='word_1_262' title='bbox 2013 819 2198 875; x_wconf 90' lang='lat' dir='ltr'>sancti</span> <span class='ocrx_word' id='word_1_263' title='bbox 2231 817 2510 875; x_wconf 86' lang='lat' dir='ltr'>Bonifacii</span> <span class='ocrx_word' id='word_1_264' title='bbox 2537 817 2959 890; x_wconf 85' lang='lat' dir='ltr'>archiepiscopi</span> <span class='ocrx_word' id='word_1_265' title='bbox 3010 817 3081 872; x_wconf 90' lang='lat' dir='ltr'>ad</span> <span class='ocrx_word' id='word_1_266' title='bbox 3133 815 3667 890; x_wconf 88' lang='lat' dir='ltr'>Moguntiacenses,</span> 
     </span>
    </p>
   </div>
   <div class='ocr_carea' id='block_1_38' title="bbox 2011 905 3667 980">
    <p class='ocr_par' dir='ltr' id='par_1_38' title="bbox 2011 905 3667 980">
     <span class='ocr_line' id='line_1_38' title="bbox 2011 905 3667 980; baseline -0.001 -17"><span class='ocrx_word' id='word_1_267' title='bbox 2011 908 2286 980; x_wconf 77' lang='lat' dir='ltr'>praecepit</span> <span class='ocrx_word' id='word_1_268' title='bbox 2317 911 2380 962; x_wconf 92' lang='lat' dir='ltr'>ut</span> <span class='ocrx_word' id='word_1_269' title='bbox 2400 906 2689 964; x_wconf 87' lang='lat' dir='ltr'>ordinatio</span> <span class='ocrx_word' id='word_1_270' title='bbox 2704 923 2834 978; x_wconf 86' lang='lat' dir='ltr'>quae</span> <span class='ocrx_word' id='word_1_271' title='bbox 2855 906 3085 978; x_wconf 88' lang='lat' dir='ltr'>jejunio</span> <span class='ocrx_word' id='word_1_272' title='bbox 3103 905 3298 962; x_wconf 88' lang='lat' dir='ltr'>Martii</span> <span class='ocrx_word' id='word_1_273' title='bbox 3331 905 3667 974; x_wconf 89' lang='lat' dir='ltr'>ascribitur,</span> 
     </span>
    </p>
   </div>
   <div class='ocr_carea' id='block_1_39' title="bbox 2011 995 3667 1068">
    <p class='ocr_par' dir='ltr' id='par_1_39' title="bbox 2011 995 3667 1068">
     <span class='ocr_line' id='line_1_39' title="bbox 2011 995 3667 1068; baseline 0 -18"><span class='ocrx_word' id='word_1_274' title='bbox 2011 996 2066 1050; x_wconf 90' lang='lat' dir='ltr'>in</span> <span class='ocrx_word' id='word_1_275' title='bbox 2101 997 2370 1068; x_wconf 85' lang='lat' dir='ltr'>ingressu</span> <span class='ocrx_word' id='word_1_276' title='bbox 2386 995 2854 1068; x_wconf 75' lang='lat' dir='ltr'>Quadragesima:</span> <span class='ocrx_word' id='word_1_277' title='bbox 2883 1011 3017 1051; x_wconf 90' lang='lat' dir='ltr'>cum</span> <span class='ocrx_word' id='word_1_278' title='bbox 3037 995 3240 1051; x_wconf 89' lang='lat' dir='ltr'>eodem</span> <span class='ocrx_word' id='word_1_279' title='bbox 3253 995 3481 1066; x_wconf 89' lang='lat' dir='ltr'>jejunio</span> <span class='ocrx_word' id='word_1_280' title='bbox 3510 1011 3667 1052; x_wconf 89' lang='lat' dir='ltr'>sem-</span> 
     </span>
    </p>
   </div>
   <div class='ocr_carea' id='block_1_40' title="bbox 2010 1083 3666 1158">
    <p class='ocr_par' dir='ltr' id='par_1_40' title="bbox 2010 1083 3666 1158">
     <span class='ocr_line' id='line_1_40' title="bbox 2010 1083 3666 1158; baseline 0 -17"><span class='ocrx_word' id='word_1_281' title='bbox 2010 1101 2113 1156; x_wconf 88' lang='lat' dir='ltr'>per</span> <span class='ocrx_word' id='word_1_282' title='bbox 2141 1085 2485 1142; x_wconf 91' lang='lat' dir='ltr'>celebretur.</span> <span class='ocrx_word' id='word_1_283' title='bbox 2519 1084 2903 1142; x_wconf 89' lang='lat' dir='ltr'>Beatissimus</span> <span class='ocrx_word' id='word_1_284' title='bbox 2935 1101 3170 1158; x_wconf 89' lang='lat' dir='ltr'>quoque</span> <span class='ocrx_word' id='word_1_285' title='bbox 3202 1085 3314 1140; x_wconf 91' lang='lat' dir='ltr'>Leo</span> <span class='ocrx_word' id='word_1_286' title='bbox 3344 1101 3498 1158; x_wconf 87' lang='lat' dir='ltr'>papa</span> <span class='ocrx_word' id='word_1_287' title='bbox 3543 1083 3666 1158; x_wconf 88' lang='lat' dir='ltr'>pri-</span> 
     </span>
    </p>
   </div>
   <div class='ocr_carea' id='block_1_41' title="bbox 2009 1171 3664 1246">
    <p class='ocr_par' dir='ltr' id='par_1_41' title="bbox 2009 1171 3664 1246">
     <span class='ocr_line' id='line_1_41' title="bbox 2009 1171 3664 1246; baseline 0.002 -18"><span class='ocrx_word' id='word_1_288' title='bbox 2009 1190 2162 1241; x_wconf 91' lang='lat' dir='ltr'>mus,</span> <span class='ocrx_word' id='word_1_289' title='bbox 2183 1173 2242 1228; x_wconf 90' lang='lat' dir='ltr'>in</span> <span class='ocrx_word' id='word_1_290' title='bbox 2274 1189 2541 1230; x_wconf 89' lang='lat' dir='ltr'>sermone</span> <span class='ocrx_word' id='word_1_291' title='bbox 2553 1175 2625 1229; x_wconf 91' lang='lat' dir='ltr'>de</span> <span class='ocrx_word' id='word_1_292' title='bbox 2634 1175 2863 1246; x_wconf 89' lang='lat' dir='ltr'>jejunio</span> <span class='ocrx_word' id='word_1_293' title='bbox 2893 1174 3128 1246; x_wconf 90' lang='lat' dir='ltr'>septimi</span> <span class='ocrx_word' id='word_1_294' title='bbox 3146 1171 3390 1241; x_wconf 88' lang='lat' dir='ltr'>mensis,</span> <span class='ocrx_word' id='word_1_295' title='bbox 3415 1189 3664 1231; x_wconf 87' lang='lat' dir='ltr'>vernum</span> 
     </span>
    </p>
   </div>
   <div class='ocr_carea' id='block_1_42' title="bbox 1998 1261 3660 1334">
    <p class='ocr_par' dir='ltr' id='par_1_42' title="bbox 1998 1261 3660 1334">
     <span class='ocr_line' id='line_1_42' title="bbox 1998 1261 3660 1334; baseline 0.001 -18"><span class='ocrx_word' id='word_1_296' title='bbox 1998 1261 2292 1334; x_wconf 83' lang='lat' dir='ltr'>jejunium</span> <span class='ocrx_word' id='word_1_297' title='bbox 2325 1263 2383 1318; x_wconf 91' lang='lat' dir='ltr'>in</span> <span class='ocrx_word' id='word_1_298' title='bbox 2416 1263 2896 1334; x_wconf 87' lang='lat' dir='ltr'>Quadragesima,</span> <span class='ocrx_word' id='word_1_299' title='bbox 2918 1262 3184 1318; x_wconf 69' lang='lat' dir='ltr'>mstivum</span> <span class='ocrx_word' id='word_1_300' title='bbox 3205 1261 3264 1318; x_wconf 89' lang='lat' dir='ltr'>in</span> <span class='ocrx_word' id='word_1_301' title='bbox 3298 1265 3660 1332; x_wconf 87' lang='lat' dir='ltr'>Pentecoste,</span> 
     </span>
    </p>
   </div>
   <div class='ocr_carea' id='block_1_43' title="bbox 2006 1350 3662 1424">
    <p class='ocr_par' dir='ltr' id='par_1_43' title="bbox 2006 1350 3662 1424">
     <span class='ocr_line' id='line_1_43' title="bbox 2006 1350 3662 1424; baseline 0.001 -18"><span class='ocrx_word' id='word_1_302' title='bbox 2006 1350 2349 1408; x_wconf 86' lang='lat' dir='ltr'>autumnale</span> <span class='ocrx_word' id='word_1_303' title='bbox 2381 1352 2439 1406; x_wconf 92' lang='lat' dir='ltr'>in</span> <span class='ocrx_word' id='word_1_304' title='bbox 2471 1351 2720 1424; x_wconf 87' lang='lat' dir='ltr'>septimo</span> <span class='ocrx_word' id='word_1_305' title='bbox 2753 1367 2952 1408; x_wconf 90' lang='lat' dir='ltr'>mense</span> <span class='ocrx_word' id='word_1_306' title='bbox 2973 1351 3386 1408; x_wconf 89' lang='lat' dir='ltr'>celebrandum</span> <span class='ocrx_word' id='word_1_307' title='bbox 3414 1367 3543 1408; x_wconf 91' lang='lat' dir='ltr'>esse</span> <span class='ocrx_word' id='word_1_308' title='bbox 3566 1351 3662 1408; x_wconf 91' lang='lat' dir='ltr'>de.</span> 
     </span>
    </p>
   </div>
   <div class='ocr_carea' id='block_1_44' title="bbox 2006 1439 3660 1514">
    <p class='ocr_par' dir='ltr' id='par_1_44' title="bbox 2006 1439 3660 1514">
     <span class='ocr_line' id='line_1_44' title="bbox 2006 1439 3660 1514; baseline 0.002 -19"><span class='ocrx_word' id='word_1_309' title='bbox 2006 1440 2316 1496; x_wconf 90' lang='lat' dir='ltr'>nuntiavit.</span> <span class='ocrx_word' id='word_1_310' title='bbox 2353 1441 2492 1498; x_wconf 87' lang='lat' dir='ltr'>Item</span> <span class='ocrx_word' id='word_1_311' title='bbox 2516 1441 2722 1496; x_wconf 88' lang='lat' dir='ltr'>beatus</span> <span class='ocrx_word' id='word_1_312' title='bbox 2734 1439 2999 1497; x_wconf 88' lang='lat' dir='ltr'>Gelasius</span> <span class='ocrx_word' id='word_1_313' title='bbox 3016 1456 3168 1514; x_wconf 88' lang='lat' dir='ltr'>papa</span> <span class='ocrx_word' id='word_1_314' title='bbox 3193 1440 3252 1495; x_wconf 85' lang='lat' dir='ltr'>in</span> <span class='ocrx_word' id='word_1_315' title='bbox 3267 1439 3660 1498; x_wconf 85' lang='lat' dir='ltr'>decretalibus</span> 
     </span>
    </p>
   </div>
   <div class='ocr_carea' id='block_1_45' title="bbox 2005 1527 3662 1602">
    <p class='ocr_par' dir='ltr' id='par_1_45' title="bbox 2005 1527 3662 1602">
     <span class='ocr_line' id='line_1_45' title="bbox 2005 1527 3662 1602; baseline 0 -18"><span class='ocrx_word' id='word_1_316' title='bbox 2005 1529 2151 1595; x_wconf 89' lang='lat' dir='ltr'>suis,</span> <span class='ocrx_word' id='word_1_317' title='bbox 2183 1528 2436 1601; x_wconf 89' lang='lat' dir='ltr'>capitulo</span> <span class='ocrx_word' id='word_1_318' title='bbox 2469 1529 2898 1600; x_wconf 74' lang='lat' dir='ltr'>tl,constituit,</span> <span class='ocrx_word' id='word_1_319' title='bbox 2929 1533 2993 1585; x_wconf 92' lang='lat' dir='ltr'>ut</span> <span class='ocrx_word' id='word_1_320' title='bbox 3009 1527 3662 1602; x_wconf 80' lang='lat' dir='ltr'>ordinationespresby-</span> 
     </span>
    </p>
   </div>
   <div class='ocr_carea' id='block_1_46' title="bbox 2003 1617 3662 1690">
    <p class='ocr_par' dir='ltr' id='par_1_46' title="bbox 2003 1617 3662 1690">
     <span class='ocr_line' id='line_1_46' title="bbox 2003 1617 3662 1690; baseline 0.002 -18"><span class='ocrx_word' id='word_1_321' title='bbox 2003 1621 2260 1674; x_wconf 90' lang='lat' dir='ltr'>terorum</span> <span class='ocrx_word' id='word_1_322' title='bbox 2291 1621 2348 1673; x_wconf 90' lang='lat' dir='ltr'>et</span> <span class='ocrx_word' id='word_1_323' title='bbox 2376 1618 2776 1683; x_wconf 88' lang='lat' dir='ltr'>diaconorum,</span> <span class='ocrx_word' id='word_1_324' title='bbox 2809 1635 2924 1674; x_wconf 87' lang='lat' dir='ltr'>non</span> <span class='ocrx_word' id='word_1_325' title='bbox 2950 1618 3064 1673; x_wconf 91' lang='lat' dir='ltr'>nisi</span> <span class='ocrx_word' id='word_1_326' title='bbox 3095 1617 3270 1674; x_wconf 89' lang='lat' dir='ltr'>certis</span> <span class='ocrx_word' id='word_1_327' title='bbox 3295 1618 3662 1690; x_wconf 85' lang='lat' dir='ltr'>temporibus</span> 
     </span>
    </p>
   </div>
   <div class='ocr_carea' id='block_1_47' title="bbox 2003 1705 3662 1779">
    <p class='ocr_par' dir='ltr' id='par_1_47' title="bbox 2003 1705 3662 1779">
     <span class='ocr_line' id='line_1_47' title="bbox 2003 1705 3662 1779; baseline 0.002 -18"><span class='ocrx_word' id='word_1_328' title='bbox 2003 1707 2164 1772; x_wconf 89' lang='lat' dir='ltr'>ﬁant,</span> <span class='ocrx_word' id='word_1_329' title='bbox 2199 1707 2416 1779; x_wconf 90' lang='lat' dir='ltr'>quippe</span> <span class='ocrx_word' id='word_1_330' title='bbox 2447 1707 2508 1762; x_wconf 92' lang='lat' dir='ltr'>in</span> <span class='ocrx_word' id='word_1_331' title='bbox 2532 1707 2764 1778; x_wconf 88' lang='lat' dir='ltr'>jejunio</span> <span class='ocrx_word' id='word_1_332' title='bbox 2796 1706 2988 1778; x_wconf 89' lang='lat' dir='ltr'>quarti</span> <span class='ocrx_word' id='word_1_333' title='bbox 3021 1711 3081 1762; x_wconf 89' lang='lat' dir='ltr'>et</span> <span class='ocrx_word' id='word_1_334' title='bbox 3109 1705 3342 1778; x_wconf 89' lang='lat' dir='ltr'>septimi</span> <span class='ocrx_word' id='word_1_335' title='bbox 3359 1709 3418 1763; x_wconf 90' lang='lat' dir='ltr'>et</span> <span class='ocrx_word' id='word_1_336' title='bbox 3445 1707 3662 1764; x_wconf 91' lang='lat' dir='ltr'>decimi</span> 
     </span>
    </p>
   </div>
   <div class='ocr_carea' id='block_1_48' title="bbox 2003 1794 3661 1868">
    <p class='ocr_par' dir='ltr' id='par_1_48' title="bbox 2003 1794 3661 1868">
     <span class='ocr_line' id='line_1_48' title="bbox 2003 1794 3661 1868; baseline 0.002 -18"><span class='ocrx_word' id='word_1_337' title='bbox 2003 1795 2246 1862; x_wconf 89' lang='lat' dir='ltr'>mensis,</span> <span class='ocrx_word' id='word_1_338' title='bbox 2278 1794 2334 1849; x_wconf 87' lang='lat' dir='ltr'>id</span> <span class='ocrx_word' id='word_1_339' title='bbox 2371 1798 2459 1851; x_wconf 90' lang='lat' dir='ltr'>est</span> <span class='ocrx_word' id='word_1_340' title='bbox 2487 1795 2670 1860; x_wconf 90' lang='lat' dir='ltr'>Junii,</span> <span class='ocrx_word' id='word_1_341' title='bbox 2706 1795 3067 1868; x_wconf 90' lang='lat' dir='ltr'>Septembris</span> <span class='ocrx_word' id='word_1_342' title='bbox 3097 1799 3272 1868; x_wconf 90' lang='lat' dir='ltr'>atque</span> <span class='ocrx_word' id='word_1_343' title='bbox 3302 1795 3661 1864; x_wconf 90' lang='lat' dir='ltr'>Decembris,</span> 
     </span>
    </p>
   </div>
   <div class='ocr_carea' id='block_1_49' title="bbox 2002 1882 3664 1956">
    <p class='ocr_par' dir='ltr' id='par_1_49' title="bbox 2002 1882 3664 1956">
     <span class='ocr_line' id='line_1_49' title="bbox 2002 1882 3664 1956; baseline 0.002 -18"><span class='ocrx_word' id='word_1_344' title='bbox 2002 1899 2228 1938; x_wconf 91' lang='lat' dir='ltr'>necnon</span> <span class='ocrx_word' id='word_1_345' title='bbox 2260 1883 2317 1938; x_wconf 91' lang='lat' dir='ltr'>in</span> <span class='ocrx_word' id='word_1_346' title='bbox 2352 1882 3048 1955; x_wconf 89' lang='lat' dir='ltr'>quadragesimalisinitii</span> <span class='ocrx_word' id='word_1_347' title='bbox 3068 1882 3318 1954; x_wconf 87' lang='lat' dir='ltr'>jejunio,</span> <span class='ocrx_word' id='word_1_348' title='bbox 3350 1883 3507 1956; x_wconf 89' lang='lat' dir='ltr'>quod</span> <span class='ocrx_word' id='word_1_349' title='bbox 3535 1901 3664 1956; x_wconf 87' lang='lat' dir='ltr'>pro-</span> 
     </span>
    </p>
   </div>
   <div class='ocr_carea' id='block_1_50' title="bbox 2000 1970 3659 2045">
    <p class='ocr_par' dir='ltr' id='par_1_50' title="bbox 2000 1970 3659 2045">
     <span class='ocr_line' id='line_1_50' title="bbox 2000 1970 3659 2045; baseline 0.001 -18"><span class='ocrx_word' id='word_1_350' title='bbox 2000 1971 2089 2027; x_wconf 92' lang='lat' dir='ltr'>cul</span> <span class='ocrx_word' id='word_1_351' title='bbox 2123 1971 2302 2027; x_wconf 91' lang='lat' dir='ltr'>dubio</span> <span class='ocrx_word' id='word_1_352' title='bbox 2333 1971 2526 2027; x_wconf 88' lang='lat' dir='ltr'>Martii</span> <span class='ocrx_word' id='word_1_353' title='bbox 2587 1970 2958 2044; x_wconf 85' lang='lat' dir='ltr'>intelligitur.</span> <span class='ocrx_word' id='word_1_354' title='bbox 3008 1970 3260 2028; x_wconf 88' lang='lat' dir='ltr'>Videsne</span> <span class='ocrx_word' id='word_1_355' title='bbox 3315 1987 3453 2045; x_wconf 85' lang='lat' dir='ltr'>ergo</span> <span class='ocrx_word' id='word_1_356' title='bbox 3480 1989 3659 2045; x_wconf 89' lang='lat' dir='ltr'>quam</span> 
     </span>
    </p>
   </div>
   <div class='ocr_carea' id='block_1_51' title="bbox 2001 2060 3660 2134">
    <p class='ocr_par' dir='ltr' id='par_1_51' title="bbox 2001 2060 3660 2134">
     <span class='ocr_line' id='line_1_51' title="bbox 2001 2060 3660 2134; baseline 0.001 -18"><span class='ocrx_word' id='word_1_357' title='bbox 2001 2064 2195 2132; x_wconf 90' lang='lat' dir='ltr'>aperte</span> <span class='ocrx_word' id='word_1_358' title='bbox 2227 2060 2384 2116; x_wconf 91' lang='lat' dir='ltr'>idem</span> <span class='ocrx_word' id='word_1_359' title='bbox 2407 2060 2702 2132; x_wconf 90' lang='lat' dir='ltr'>jejunium</span> <span class='ocrx_word' id='word_1_360' title='bbox 2733 2077 2870 2116; x_wconf 90' lang='lat' dir='ltr'>cum</span> <span class='ocrx_word' id='word_1_361' title='bbox 2901 2060 3265 2116; x_wconf 87' lang='lat' dir='ltr'>ordinatione</span> <span class='ocrx_word' id='word_1_362' title='bbox 3306 2077 3415 2117; x_wconf 90' lang='lat' dir='ltr'>sua</span> <span class='ocrx_word' id='word_1_363' title='bbox 3455 2061 3660 2134; x_wconf 58' lang='lat' dir='ltr'>prima;</span> 
     </span>
    </p>
   </div>
   <div class='ocr_carea' id='block_1_52' title="bbox 1999 2147 3657 2220">
    <p class='ocr_par' dir='ltr' id='par_1_52' title="bbox 1999 2147 3657 2220">
     <span class='ocr_line' id='line_1_52' title="bbox 1999 2147 3657 2220; baseline 0.002 -17"><span class='ocrx_word' id='word_1_364' title='bbox 1999 2147 2507 2220; x_wconf 83' lang='lat' dir='ltr'>Quadragesimali</span> <span class='ocrx_word' id='word_1_365' title='bbox 2538 2149 2918 2205; x_wconf 61' lang='lat' dir='ltr'>hebdomadas</span> <span class='ocrx_word' id='word_1_366' title='bbox 2961 2147 3314 2216; x_wconf 86' lang='lat' dir='ltr'>ascribatur,</span> <span class='ocrx_word' id='word_1_367' title='bbox 3366 2165 3502 2206; x_wconf 90' lang='lat' dir='ltr'>cum</span> <span class='ocrx_word' id='word_1_368' title='bbox 3533 2154 3657 2206; x_wconf 88' lang='lat' dir='ltr'>tam</span> 
     </span>
    </p>
   </div>
   <div class='ocr_carea' id='block_1_53' title="bbox 1999 2237 3659 2312">
    <p class='ocr_par' dir='ltr' id='par_1_53' title="bbox 1999 2237 3659 2312">
     <span class='ocr_line' id='line_1_53' title="bbox 1999 2237 3659 2312; baseline 0 -18"><span class='ocrx_word' id='word_1_369' title='bbox 1999 2239 2302 2311; x_wconf 88' lang='lat' dir='ltr'>signauter</span> <span class='ocrx_word' id='word_1_370' title='bbox 2329 2237 3028 2310; x_wconf 86' lang='lat' dir='ltr'>Quadragesimalisinitii</span> <span class='ocrx_word' id='word_1_371' title='bbox 3033 2238 3330 2310; x_wconf 90' lang='lat' dir='ltr'>jejunium</span> <span class='ocrx_word' id='word_1_372' title='bbox 3362 2238 3659 2312; x_wconf 81' lang='lat' dir='ltr'>cognomi-</span> 
     </span>
    </p>
   </div>
   <div class='ocr_carea' id='block_1_54' title="bbox 2000 2325 3660 2400">
    <p class='ocr_par' dir='ltr' id='par_1_54' title="bbox 2000 2325 3660 2400">
     <span class='ocr_line' id='line_1_54' title="bbox 2000 2325 3660 2400; baseline 0.002 -18"><span class='ocrx_word' id='word_1_373' title='bbox 2000 2331 2170 2382; x_wconf 89' lang='lat' dir='ltr'>netur</span> <span class='ocrx_word' id='word_1_374' title='bbox 2193 2325 2222 2380; x_wconf 66' lang='grc' dir='ltr'>τ</span> <span class='ocrx_word' id='word_1_375' title='bbox 2252 2325 2370 2382; x_wconf 87' lang='lat' dir='ltr'>Hoc</span> <span class='ocrx_word' id='word_1_376' title='bbox 2402 2333 2598 2382; x_wconf 88' lang='lat' dir='ltr'>autem</span> <span class='ocrx_word' id='word_1_377' title='bbox 2615 2326 2850 2382; x_wconf 89' lang='lat' dir='ltr'>initium</span> <span class='ocrx_word' id='word_1_378' title='bbox 2867 2326 3358 2400; x_wconf 67' lang='lat' dir='ltr'>Quadragesimaa,</span> <span class='ocrx_word' id='word_1_379' title='bbox 3381 2344 3497 2384; x_wconf 88' lang='lat' dir='ltr'>non</span> <span class='ocrx_word' id='word_1_380' title='bbox 3520 2345 3660 2386; x_wconf 77' lang='lat' dir='ltr'>aea.</span> 
     </span>
    </p>
   </div>
   <div class='ocr_carea' id='block_1_55' title="bbox 1997 2414 3656 2490">
    <p class='ocr_par' dir='ltr' id='par_1_55' title="bbox 1997 2414 3656 2490">
     <span class='ocr_line' id='line_1_55' title="bbox 1997 2414 3656 2490; baseline 0.002 -20"><span class='ocrx_word' id='word_1_381' title='bbox 1997 2415 2116 2487; x_wconf 91' lang='lat' dir='ltr'>pite</span> <span class='ocrx_word' id='word_1_382' title='bbox 2139 2414 2373 2486; x_wconf 90' lang='lat' dir='ltr'>jejunii,</span> <span class='ocrx_word' id='word_1_383' title='bbox 2407 2415 2507 2470; x_wconf 89' lang='lat' dir='ltr'>sed</span> <span class='ocrx_word' id='word_1_384' title='bbox 2539 2432 2573 2470; x_wconf 93' lang='lat' dir='ltr'>a</span> <span class='ocrx_word' id='word_1_385' title='bbox 2603 2415 2985 2488; x_wconf 89' lang='lat' dir='ltr'>subsequenti</span> <span class='ocrx_word' id='word_1_386' title='bbox 3004 2415 3656 2490; x_wconf 88' lang='lat' dir='ltr'>Dominicaestcompu-</span> 
     </span>
    </p>
   </div>
   <div class='ocr_carea' id='block_1_56' title="bbox 1997 2503 3650 2578">
    <p class='ocr_par' dir='ltr' id='par_1_56' title="bbox 1997 2503 3650 2578">
     <span class='ocr_line' id='line_1_56' title="bbox 1997 2503 3650 2578; baseline 0.002 -20"><span class='ocrx_word' id='word_1_387' title='bbox 1997 2503 2268 2560; x_wconf 89' lang='lat' dir='ltr'>tandum.</span> <span class='ocrx_word' id='word_1_388' title='bbox 2301 2504 2447 2559; x_wconf 89' lang='lat' dir='ltr'>Nam</span> <span class='ocrx_word' id='word_1_389' title='bbox 2479 2505 2794 2576; x_wconf 87' lang='lat' dir='ltr'>quamvisa</span> <span class='ocrx_word' id='word_1_390' title='bbox 2823 2504 3012 2577; x_wconf 89' lang='lat' dir='ltr'>capite</span> <span class='ocrx_word' id='word_1_391' title='bbox 3021 2504 3234 2576; x_wconf 90' lang='lat' dir='ltr'>jejunii</span> <span class='ocrx_word' id='word_1_392' title='bbox 3266 2522 3371 2578; x_wconf 91' lang='lat' dir='ltr'>pro</span> <span class='ocrx_word' id='word_1_393' title='bbox 3392 2505 3650 2577; x_wconf 87' lang='lat' dir='ltr'>quodam</span> 
     </span>
    </p>
   </div>
   <div class='ocr_carea' id='block_1_57' title="bbox 1997 2591 3653 2666">
    <p class='ocr_par' dir='ltr' id='par_1_57' title="bbox 1997 2591 3653 2666">
     <span class='ocr_line' id='line_1_57' title="bbox 1997 2591 3653 2666; baseline 0 -17"><span class='ocrx_word' id='word_1_394' title='bbox 1997 2591 2424 2666; x_wconf 88' lang='lat' dir='ltr'>complemento</span> <span class='ocrx_word' id='word_1_395' title='bbox 2445 2592 2980 2664; x_wconf 87' lang='lat' dir='ltr'>Quadragesimalis</span> <span class='ocrx_word' id='word_1_396' title='bbox 3012 2591 3378 2649; x_wconf 76' lang='lat' dir='ltr'>abstinentiae</span> <span class='ocrx_word' id='word_1_397' title='bbox 3409 2593 3653 2666; x_wconf 90' lang='lat' dir='ltr'>incipia-</span> 
     </span>
    </p>
   </div>
   <div class='ocr_carea' id='block_1_58' title="bbox 1999 2681 3656 2754">
    <p class='ocr_par' dir='ltr' id='par_1_58' title="bbox 1999 2681 3656 2754">
     <span class='ocr_line' id='line_1_58' title="bbox 1999 2681 3656 2754; baseline 0 -16"><span class='ocrx_word' id='word_1_398' title='bbox 1999 2699 2196 2750; x_wconf 91' lang='lat' dir='ltr'>mus,a</span> <span class='ocrx_word' id='word_1_399' title='bbox 2225 2681 2606 2754; x_wconf 85' lang='lat' dir='ltr'>subsequenti</span> <span class='ocrx_word' id='word_1_400' title='bbox 2626 2685 2823 2738; x_wconf 88' lang='lat' dir='ltr'>tamen</span> <span class='ocrx_word' id='word_1_401' title='bbox 2846 2681 3168 2750; x_wconf 89' lang='lat' dir='ltr'>Dominica,</span> <span class='ocrx_word' id='word_1_402' title='bbox 3186 2683 3356 2754; x_wconf 83' lang='lat' dir='ltr'>juxta</span> <span class='ocrx_word' id='word_1_403' title='bbox 3385 2681 3656 2738; x_wconf 89' lang='lat' dir='ltr'>assertio-</span> 
     </span>
    </p>
   </div>
   <div class='ocr_carea' id='block_1_59' title="bbox 1999 2769 3654 2844">
    <p class='ocr_par' dir='ltr' id='par_1_59' title="bbox 1999 2769 3654 2844">
     <span class='ocr_line' id='line_1_59' title="bbox 1999 2769 3654 2844; baseline 0 -18"><span class='ocrx_word' id='word_1_404' title='bbox 1999 2789 2132 2828; x_wconf 89' lang='lat' dir='ltr'>nem</span> <span class='ocrx_word' id='word_1_405' title='bbox 2163 2771 2350 2827; x_wconf 88' lang='lat' dir='ltr'>sancti</span> <span class='ocrx_word' id='word_1_406' title='bbox 2381 2769 2676 2826; x_wconf 86' lang='lat' dir='ltr'>Ambrosii</span> <span class='ocrx_word' id='word_1_407' title='bbox 2709 2774 2766 2827; x_wconf 92' lang='lat' dir='ltr'>et</span> <span class='ocrx_word' id='word_1_408' title='bbox 2797 2770 2984 2827; x_wconf 90' lang='lat' dir='ltr'>sancti</span> <span class='ocrx_word' id='word_1_409' title='bbox 3023 2770 3284 2844; x_wconf 82' lang='lat' dir='ltr'>Gregorii</span> <span class='ocrx_word' id='word_1_410' title='bbox 3314 2775 3371 2827; x_wconf 90' lang='lat' dir='ltr'>et</span> <span class='ocrx_word' id='word_1_411' title='bbox 3404 2769 3654 2827; x_wconf 89' lang='lat' dir='ltr'>aliorum</span> 
     </span>
    </p>
   </div>
   <div class='ocr_carea' id='block_1_60' title="bbox 1998 2858 3656 2937">
    <p class='ocr_par' dir='ltr' id='par_1_60' title="bbox 1998 2858 3656 2937">
     <span class='ocr_line' id='line_1_60' title="bbox 1998 2858 3656 2937; baseline 0.001 -22"><span class='ocrx_word' id='word_1_412' title='bbox 1998 2865 2339 2916; x_wconf 86' lang='lat' dir='ltr'>sanctorum</span> <span class='ocrx_word' id='word_1_413' title='bbox 2374 2861 2634 2926; x_wconf 88' lang='lat' dir='ltr'>Patrum,</span> <span class='ocrx_word' id='word_1_414' title='bbox 2666 2859 3189 2932; x_wconf 88' lang='lat' dir='ltr'>Quadragesimam</span> <span class='ocrx_word' id='word_1_415' title='bbox 3219 2858 3452 2933; x_wconf 87' lang='lat' dir='ltr'>proprie</span> <span class='ocrx_word' id='word_1_416' title='bbox 3492 2876 3656 2937; x_wconf 90' lang='lat' dir='ltr'>exor-</span> 
     </span>
    </p>
   </div>
   <div class='ocr_carea' id='block_1_61' title="bbox 1998 2948 3656 3022">
    <p class='ocr_par' dir='ltr' id='par_1_61' title="bbox 1998 2948 3656 3022">
     <span class='ocr_line' id='line_1_61' title="bbox 1998 2948 3656 3022; baseline 0.001 -18"><span class='ocrx_word' id='word_1_417' title='bbox 1998 2949 2216 3004; x_wconf 89' lang='lat' dir='ltr'>dimur.</span> <span class='ocrx_word' id='word_1_418' title='bbox 2251 2948 2488 3004; x_wconf 89' lang='lat' dir='ltr'>Nullum</span> <span class='ocrx_word' id='word_1_419' title='bbox 2523 2952 2719 3005; x_wconf 89' lang='lat' dir='ltr'>autem</span> <span class='ocrx_word' id='word_1_420' title='bbox 2777 2953 3140 3005; x_wconf 88' lang='lat' dir='ltr'>commoveat</span> <span class='ocrx_word' id='word_1_421' title='bbox 3197 2949 3352 3021; x_wconf 91' lang='lat' dir='ltr'>quod</span> <span class='ocrx_word' id='word_1_422' title='bbox 3393 2951 3656 3022; x_wconf 86' lang='lat' dir='ltr'>tempore</span> 
     </span>
    </p>
   </div>
   <div class='ocr_carea' id='block_1_62' title="bbox 1999 3037 3656 3111">
    <p class='ocr_par' dir='ltr' id='par_1_62' title="bbox 1999 3037 3656 3111">
     <span class='ocr_line' id='line_1_62' title="bbox 1999 3037 3656 3111; baseline 0.001 -17"><span class='ocrx_word' id='word_1_423' title='bbox 1999 3038 2229 3094; x_wconf 87' lang='lat' dir='ltr'>Henrici</span> <span class='ocrx_word' id='word_1_424' title='bbox 2263 3037 2890 3110; x_wconf 87' lang='lat' dir='ltr'>sccundiimperatoris</span> <span class='ocrx_word' id='word_1_425' title='bbox 2904 3038 3213 3094; x_wconf 88' lang='lat' dir='ltr'>duodecim</span> <span class='ocrx_word' id='word_1_426' title='bbox 3244 3037 3656 3111; x_wconf 89' lang='lat' dir='ltr'>episcopi,Mo-</span> 
     </span>
    </p>
   </div>
   <div class='ocr_carea' id='block_1_63' title="bbox 1999 3125 3656 3200">
    <p class='ocr_par' dir='ltr' id='par_1_63' title="bbox 1999 3125 3656 3200">
     <span class='ocr_line' id='line_1_63' title="bbox 1999 3125 3656 3200; baseline 0.001 -18"><span class='ocrx_word' id='word_1_427' title='bbox 1999 3126 2212 3200; x_wconf 66' lang='lat' dir='ltr'>guntiae</span> <span class='ocrx_word' id='word_1_428' title='bbox 2244 3126 2602 3200; x_wconf 88' lang='lat' dir='ltr'>congregati,</span> <span class='ocrx_word' id='word_1_429' title='bbox 2631 3125 2798 3182; x_wconf 91' lang='lat' dir='ltr'>aliter</span> <span class='ocrx_word' id='word_1_430' title='bbox 2857 3127 2928 3184; x_wconf 89' lang='lat' dir='ltr'>de</span> <span class='ocrx_word' id='word_1_431' title='bbox 2958 3127 3068 3183; x_wconf 93' lang='lat' dir='ltr'>hoc</span> <span class='ocrx_word' id='word_1_432' title='bbox 3101 3127 3331 3198; x_wconf 90' lang='lat' dir='ltr'>jejunio</span> <span class='ocrx_word' id='word_1_433' title='bbox 3377 3127 3656 3184; x_wconf 90' lang='lat' dir='ltr'>statuisse</span> 
     </span>
    </p>
   </div>
   <div class='ocr_carea' id='block_1_64' title="bbox 2000 3215 3655 3288">
    <p class='ocr_par' dir='ltr' id='par_1_64' title="bbox 2000 3215 3655 3288">
     <span class='ocr_line' id='line_1_64' title="bbox 2000 3215 3655 3288; baseline 0.001 -18"><span class='ocrx_word' id='word_1_434' title='bbox 2000 3215 2290 3288; x_wconf 86' lang='lat' dir='ltr'>leguntur.</span> <span class='ocrx_word' id='word_1_435' title='bbox 2319 3216 2462 3270; x_wconf 91' lang='lat' dir='ltr'>Cum</span> <span class='ocrx_word' id='word_1_436' title='bbox 2479 3216 2636 3270; x_wconf 90' lang='lat' dir='ltr'>enim</span> <span class='ocrx_word' id='word_1_437' title='bbox 2663 3216 2818 3288; x_wconf 91' lang='lat' dir='ltr'>apud</span> <span class='ocrx_word' id='word_1_438' title='bbox 2843 3215 3002 3288; x_wconf 90' lang='lat' dir='ltr'>ipsos</span> <span class='ocrx_word' id='word_1_439' title='bbox 3020 3233 3133 3271; x_wconf 90' lang='lat' dir='ltr'>non</span> <span class='ocrx_word' id='word_1_440' title='bbox 3149 3216 3380 3272; x_wconf 89' lang='lat' dir='ltr'>modica</span> <span class='ocrx_word' id='word_1_441' title='bbox 3405 3215 3655 3272; x_wconf 88' lang='lat' dir='ltr'>varietas</span> 
     </span>
    </p>
   </div>
   <div class='ocr_carea' id='block_1_65' title="bbox 238 3287 3652 3376">
    <p class='ocr_par' dir='ltr' id='par_1_65' title="bbox 238 3287 3652 3376">
     <span class='ocr_line' id='line_1_65' title="bbox 238 3287 3652 3376; baseline 0 -17"><span class='ocrx_word' id='word_1_442' title='bbox 238 3305 370 3373; x_wconf 89' lang='lat' dir='ltr'>etis,</span> <span class='ocrx_word' id='word_1_443' title='bbox 407 3302 576 3376; x_wconf 81' lang='lat' dir='ltr'>Kyrie</span> <span class='ocrx_word' id='word_1_444' title='bbox 605 3301 844 3372; x_wconf 90' lang='lat' dir='ltr'>eleison,</span> <span class='ocrx_word' id='word_1_445' title='bbox 881 3301 1048 3357; x_wconf 90' lang='lat' dir='ltr'>Pater</span> <span class='ocrx_word' id='word_1_446' title='bbox 1071 3306 1286 3358; x_wconf 85' lang='lat' dir='ltr'>noster.</span> <span class='ocrx_word' id='word_1_447' title='bbox 1311 3302 1711 3359; x_wconf 85' lang='lat' dir='ltr'>Conﬁteantur</span> <span class='ocrx_word' id='word_1_448' title='bbox 1757 3304 1884 3373; x_wconf 92' lang='lat' dir='ltr'>tibi,</span> <span class='ocrx_word' id='word_1_449' title='bbox 1917 3287 1961 3354; x_wconf 68' lang='grc' dir='ltr'>Ο</span> <span class='ocrx_word' id='word_1_450' title='bbox 1999 3287 2439 3376; x_wconf 16' lang='grc' dir='ltr'>ᾶόίιὶυάυειηοᾱὶ</span> <span class='ocrx_word' id='word_1_451' title='bbox 2462 3287 2719 3376; x_wconf 84' lang='lat' dir='ltr'>jejuniis</span> <span class='ocrx_word' id='word_1_452' title='bbox 2739 3287 3042 3372; x_wconf 85' lang='lat' dir='ltr'>accideret,</span> <span class='ocrx_word' id='word_1_453' title='bbox 3066 3322 3131 3360; x_wconf 89' lang='lat' dir='ltr'>eo</span> <span class='ocrx_word' id='word_1_454' title='bbox 3162 3304 3316 3376; x_wconf 90' lang='lat' dir='ltr'>quod</span> <span class='ocrx_word' id='word_1_455' title='bbox 3348 3303 3652 3376; x_wconf 87' lang='lat' dir='ltr'>antiquam</span> 
     </span>
    </p>
   </div>
   <div class='ocr_carea' id='block_1_66' title="bbox 237 3390 1884 3466">
    <p class='ocr_par' dir='ltr' id='par_1_66' title="bbox 237 3390 1884 3466">
     <span class='ocr_line' id='line_1_66' title="bbox 237 3390 1884 3466; baseline -0.002 -15"><span class='ocrx_word' id='word_1_456' title='bbox 237 3393 505 3463; x_wconf 89' lang='lat' dir='ltr'>Domine,</span> <span class='ocrx_word' id='word_1_457' title='bbox 535 3391 916 3462; x_wconf 90' lang='lat' dir='ltr'>omniaopera</span> <span class='ocrx_word' id='word_1_458' title='bbox 945 3393 1065 3446; x_wconf 92' lang='lat' dir='ltr'>tua.</span> <span class='ocrx_word' id='word_1_459' title='bbox 1080 3390 1472 3447; x_wconf 84' lang='lat' dir='ltr'>Exsultabunt</span> <span class='ocrx_word' id='word_1_460' title='bbox 1491 3392 1884 3466; x_wconf 87' lang='lat' dir='ltr'>sanctiinglo-</span> 
     </span>
    </p>
   </div>
   <div class='ocr_carea' id='block_1_67' title="bbox 240 3479 1885 3552">
    <p class='ocr_par' dir='ltr' id='par_1_67' title="bbox 240 3479 1885 3552">
     <span class='ocr_line' id='line_1_67' title="bbox 240 3479 1885 3552; baseline 0.001 -16"><span class='ocrx_word' id='word_1_461' title='bbox 240 3483 346 3537; x_wconf 89' lang='lat' dir='ltr'>ria.</span> <span class='ocrx_word' id='word_1_462' title='bbox 381 3479 852 3550; x_wconf 85' lang='lat' dir='ltr'>Exsultentjusti</span> <span class='ocrx_word' id='word_1_463' title='bbox 885 3479 944 3535; x_wconf 91' lang='lat' dir='ltr'>in</span> <span class='ocrx_word' id='word_1_464' title='bbox 971 3485 1308 3552; x_wconf 85' lang='lat' dir='ltr'>conspectu.</span> <span class='ocrx_word' id='word_1_465' title='bbox 1356 3481 1481 3536; x_wconf 89' lang='lat' dir='ltr'>Non</span> <span class='ocrx_word' id='word_1_466' title='bbox 1533 3481 1720 3549; x_wconf 91' lang='lat' dir='ltr'>nobis,</span> <span class='ocrx_word' id='word_1_467' title='bbox 1779 3483 1885 3537; x_wconf 85' lang='lat' dir='ltr'>Do-</span> 
     </span>
    </p>
   </div>
   <div class='ocr_carea' id='block_1_68' title="bbox 238 3567 1884 3639">
    <p class='ocr_par' dir='ltr' id='par_1_68' title="bbox 238 3567 1884 3639">
     <span class='ocr_line' id='line_1_68' title="bbox 238 3567 1884 3639; baseline 0 -13"><span class='ocrx_word' id='word_1_468' title='bbox 238 3571 417 3639; x_wconf 91' lang='lat' dir='ltr'>mine,</span> <span class='ocrx_word' id='word_1_469' title='bbox 446 3586 560 3624; x_wconf 91' lang='lat' dir='ltr'>non</span> <span class='ocrx_word' id='word_1_470' title='bbox 595 3569 780 3624; x_wconf 90' lang='lat' dir='ltr'>nobis.</span> <span class='ocrx_word' id='word_1_471' title='bbox 816 3567 1078 3636; x_wconf 90' lang='lat' dir='ltr'>Domine,</span> <span class='ocrx_word' id='word_1_472' title='bbox 1111 3567 1319 3624; x_wconf 83' lang='lat' dir='ltr'>exaudi</span> <span class='ocrx_word' id='word_1_473' title='bbox 1345 3569 1683 3626; x_wconf 90' lang='lat' dir='ltr'>orationem.</span> <span class='ocrx_word' id='word_1_474' title='bbox 1711 3574 1884 3638; x_wconf 88' lang='lat' dir='ltr'>Deus,</span> 
     </span>
    </p>
   </div>
   <div class='ocr_carea' id='block_1_69' title="bbox 239 3656 1390 3732">
    <p class='ocr_par' dir='ltr' id='par_1_69' title="bbox 239 3656 1390 3732">
     <span class='ocr_line' id='line_1_69' title="bbox 239 3656 1390 3732; baseline -0.002 -18"><span class='ocrx_word' id='word_1_475' title='bbox 239 3659 338 3732; x_wconf 91' lang='lat' dir='ltr'>qui</span> <span class='ocrx_word' id='word_1_476' title='bbox 369 3658 558 3714; x_wconf 88' lang='lat' dir='ltr'>tribus</span> <span class='ocrx_word' id='word_1_477' title='bbox 590 3657 805 3730; x_wconf 89' lang='lat' dir='ltr'>pueris.</span> <span class='ocrx_word' id='word_1_478' title='bbox 840 3656 1108 3714; x_wconf 88' lang='lat' dir='ltr'>Actiones</span> <span class='ocrx_word' id='word_1_479' title='bbox 1139 3661 1390 3714; x_wconf 89' lang='lat' dir='ltr'>nostras.</span> 
     </span>
    </p>
   </div>
   <div class='ocr_carea' id='block_1_70' title="bbox 531 3745 1592 3818">
    <p class='ocr_par' dir='ltr' id='par_1_70' title="bbox 531 3745 1592 3818">
     <span class='ocr_line' id='line_1_70' title="bbox 531 3745 1592 3818; baseline 0 -15"><span class='ocrx_word' id='word_1_480' title='bbox 531 3747 667 3803; x_wconf 77' lang='lat' dir='ltr'>CAP.</span> <span class='ocrx_word' id='word_1_481' title='bbox 701 3745 886 3803; x_wconf 81' lang='lat' dir='ltr'>XXIV.</span> <span class='ocrx_word' id='word_1_482' title='bbox 923 3778 989 3788; x_wconf 89' lang='lat'><em>—</em></span> <span class='ocrx_word' id='word_1_483' title='bbox 1021 3747 1094 3801; x_wconf 90' lang='lat' dir='ltr'>De</span> <span class='ocrx_word' id='word_1_484' title='bbox 1113 3746 1329 3818; x_wconf 85' lang='lat' dir='ltr'>jejunio</span> <span class='ocrx_word' id='word_1_485' title='bbox 1360 3748 1592 3803; x_wconf 75' lang='lat' dir='ltr'>vernali.</span> 
     </span>
    </p>
   </div>
   <div class='ocr_carea' id='block_1_71' title="bbox 310 3834 1888 3910">
    <p class='ocr_par' dir='ltr' id='par_1_71' title="bbox 310 3834 1888 3910">
     <span class='ocr_line' id='line_1_71' title="bbox 310 3834 1888 3910; baseline 0.001 -17"><span class='ocrx_word' id='word_1_486' title='bbox 310 3837 622 3910; x_wconf 89' lang='lat' dir='ltr'>Gregorius</span> <span class='ocrx_word' id='word_1_487' title='bbox 636 3853 787 3908; x_wconf 89' lang='lat' dir='ltr'>papa</span> <span class='ocrx_word' id='word_1_488' title='bbox 799 3834 1085 3906; x_wconf 89' lang='lat' dir='ltr'>septimus</span> <span class='ocrx_word' id='word_1_489' title='bbox 1103 3851 1236 3890; x_wconf 90' lang='lat' dir='ltr'>cum</span> <span class='ocrx_word' id='word_1_490' title='bbox 1255 3835 1583 3907; x_wconf 87' lang='lat' dir='ltr'>apostolicae</span> <span class='ocrx_word' id='word_1_491' title='bbox 1607 3837 1728 3894; x_wconf 89' lang='lat' dir='ltr'>sedi</span> <span class='ocrx_word' id='word_1_492' title='bbox 1744 3854 1888 3910; x_wconf 62' lang='lat' dir='ltr'>prae-</span> 
     </span>
    </p>
   </div>
   <div class='ocr_carea' id='block_1_72' title="bbox 238 3923 1890 3994">
    <p class='ocr_par' dir='ltr' id='par_1_72' title="bbox 238 3923 1890 3994">
     <span class='ocr_line' id='line_1_72' title="bbox 238 3923 1890 3994; baseline 0.001 -12"><span class='ocrx_word' id='word_1_493' title='bbox 238 3927 472 3994; x_wconf 86' lang='lat' dir='ltr'>sideret,</span> <span class='ocrx_word' id='word_1_494' title='bbox 508 3923 812 3980; x_wconf 85' lang='lat' dir='ltr'>constituit</span> <span class='ocrx_word' id='word_1_495' title='bbox 841 3928 908 3978; x_wconf 89' lang='lat' dir='ltr'>ut</span> <span class='ocrx_word' id='word_1_496' title='bbox 929 3923 1222 3994; x_wconf 90' lang='lat' dir='ltr'>jejunium</span> <span class='ocrx_word' id='word_1_497' title='bbox 1257 3924 1412 3994; x_wconf 90' lang='lat' dir='ltr'>quod</span> <span class='ocrx_word' id='word_1_498' title='bbox 1443 3925 1658 3980; x_wconf 90' lang='lat' dir='ltr'>dicitur</span> <span class='ocrx_word' id='word_1_499' title='bbox 1698 3927 1890 3982; x_wconf 89' lang='lat' dir='ltr'>Martii</span> 
     </span>
    </p>
   </div>
   <div class='ocr_carea' id='block_1_73' title="bbox 237 4011 1892 4088">
    <p class='ocr_par' dir='ltr' id='par_1_73' title="bbox 237 4011 1892 4088">
     <span class='ocr_line' id='line_1_73' title="bbox 237 4011 1892 4088; baseline 0.001 -17"><span class='ocrx_word' id='word_1_500' title='bbox 237 4015 296 4071; x_wconf 90' lang='lat' dir='ltr'>in</span> <span class='ocrx_word' id='word_1_501' title='bbox 329 4015 521 4088; x_wconf 88' lang='lat' dir='ltr'>prima</span> <span class='ocrx_word' id='word_1_502' title='bbox 547 4011 918 4067; x_wconf 76' lang='lat' dir='ltr'>hebdomade</span> <span class='ocrx_word' id='word_1_503' title='bbox 938 4011 1407 4082; x_wconf 71' lang='lat' dir='ltr'>Quadragesimaz</span> <span class='ocrx_word' id='word_1_504' title='bbox 1436 4013 1597 4068; x_wconf 89' lang='lat' dir='ltr'>omni</span> <span class='ocrx_word' id='word_1_505' title='bbox 1627 4031 1778 4071; x_wconf 91' lang='lat' dir='ltr'>anno</span> <span class='ocrx_word' id='word_1_506' title='bbox 1806 4032 1892 4072; x_wconf 89' lang='lat' dir='ltr'>ce-</span> 
     </span>
    </p>
   </div>
   <div class='ocr_carea' id='block_1_74' title="bbox 237 4099 1890 4167">
    <p class='ocr_par' dir='ltr' id='par_1_74' title="bbox 237 4099 1890 4167">
     <span class='ocr_line' id='line_1_74' title="bbox 237 4099 1890 4167; baseline 0.001 -8"><span class='ocrx_word' id='word_1_507' title='bbox 237 4103 515 4167; x_wconf 89' lang='lat' dir='ltr'>lebretur,</span> <span class='ocrx_word' id='word_1_508' title='bbox 548 4100 704 4156; x_wconf 88' lang='lat' dir='ltr'>sicut</span> <span class='ocrx_word' id='word_1_509' title='bbox 733 4104 790 4156; x_wconf 90' lang='lat' dir='ltr'>et</span> <span class='ocrx_word' id='word_1_510' title='bbox 819 4099 1005 4155; x_wconf 89' lang='lat' dir='ltr'>sancti</span> <span class='ocrx_word' id='word_1_511' title='bbox 1041 4103 1238 4156; x_wconf 87' lang='lat' dir='ltr'>Patres</span> <span class='ocrx_word' id='word_1_512' title='bbox 1271 4099 1414 4156; x_wconf 89' lang='lat' dir='ltr'>illud</span> <span class='ocrx_word' id='word_1_513' title='bbox 1454 4101 1780 4160; x_wconf 89' lang='lat' dir='ltr'>instituisse</span> <span class='ocrx_word' id='word_1_514' title='bbox 1809 4103 1890 4161; x_wconf 89' lang='lat' dir='ltr'>le-</span> 
     </span>
    </p>
   </div>
   <div class='ocr_carea' id='block_1_75' title="bbox 239 4188 1889 4266">
    <p class='ocr_par' dir='ltr' id='par_1_75' title="bbox 239 4188 1889 4266">
     <span class='ocr_line' id='line_1_75' title="bbox 239 4188 1889 4266; baseline 0.002 -19"><span class='ocrx_word' id='word_1_515' title='bbox 239 4196 475 4266; x_wconf 85' lang='lat' dir='ltr'>guntur.</span> <span class='ocrx_word' id='word_1_516' title='bbox 513 4189 657 4246; x_wconf 90' lang='lat' dir='ltr'>Nam</span> <span class='ocrx_word' id='word_1_517' title='bbox 689 4192 930 4244; x_wconf 89' lang='lat' dir='ltr'>sanctus</span> <span class='ocrx_word' id='word_1_518' title='bbox 962 4188 1278 4260; x_wconf 90' lang='lat' dir='ltr'>Gregorius</span> <span class='ocrx_word' id='word_1_519' title='bbox 1309 4205 1458 4261; x_wconf 87' lang='lat' dir='ltr'>papa</span> <span class='ocrx_word' id='word_1_520' title='bbox 1488 4191 1736 4262; x_wconf 89' lang='lat' dir='ltr'>primus,</span> <span class='ocrx_word' id='word_1_521' title='bbox 1769 4199 1889 4250; x_wconf 87' lang='lat' dir='ltr'>tam</span> 
     </span>
    </p>
   </div>
   <div class='ocr_carea' id='block_1_76' title="bbox 238 4276 1892 4349">
    <p class='ocr_par' dir='ltr' id='par_1_76' title="bbox 238 4276 1892 4349">
     <span class='ocr_line' id='line_1_76' title="bbox 238 4276 1892 4349; baseline 0.002 -13"><span class='ocrx_word' id='word_1_522' title='bbox 238 4282 298 4336; x_wconf 94' lang='lat' dir='ltr'>in</span> <span class='ocrx_word' id='word_1_523' title='bbox 330 4277 795 4337; x_wconf 88' lang='lat' dir='ltr'>Sacramentario</span> <span class='ocrx_word' id='word_1_524' title='bbox 827 4294 1004 4349; x_wconf 89' lang='lat' dir='ltr'>quam</span> <span class='ocrx_word' id='word_1_525' title='bbox 1034 4276 1092 4332; x_wconf 89' lang='lat' dir='ltr'>in</span> <span class='ocrx_word' id='word_1_526' title='bbox 1120 4277 1395 4334; x_wconf 89' lang='lat' dir='ltr'>Graduali</span> <span class='ocrx_word' id='word_1_527' title='bbox 1425 4279 1594 4348; x_wconf 91' lang='lat' dir='ltr'>libro,</span> <span class='ocrx_word' id='word_1_528' title='bbox 1629 4281 1748 4339; x_wconf 89' lang='lat' dir='ltr'>sive</span> <span class='ocrx_word' id='word_1_529' title='bbox 1772 4285 1892 4340; x_wconf 90' lang='lat' dir='ltr'>An-</span> 
     </span>
    </p>
   </div>
   <div class='ocr_carea' id='block_1_77' title="bbox 237 4366 1894 4447">
    <p class='ocr_par' dir='ltr' id='par_1_77' title="bbox 237 4366 1894 4447">
     <span class='ocr_line' id='line_1_77' title="bbox 237 4366 1894 4447; baseline 0.002 -22"><span class='ocrx_word' id='word_1_530' title='bbox 237 4369 570 4444; x_wconf 89' lang='lat' dir='ltr'>tiphonario</span> <span class='ocrx_word' id='word_1_531' title='bbox 590 4366 784 4422; x_wconf 85' lang='lat' dir='ltr'>ofﬁcia</span> <span class='ocrx_word' id='word_1_532' title='bbox 813 4366 1075 4438; x_wconf 89' lang='lat' dir='ltr'>ejusdem</span> <span class='ocrx_word' id='word_1_533' title='bbox 1103 4366 1315 4439; x_wconf 89' lang='lat' dir='ltr'>jejunii</span> <span class='ocrx_word' id='word_1_534' title='bbox 1346 4367 1548 4440; x_wconf 67' lang='lat' dir='ltr'>prima:</span> <span class='ocrx_word' id='word_1_535' title='bbox 1569 4371 1894 4447; x_wconf 87' lang='lat' dir='ltr'>Quadrage-</span> 
     </span>
    </p>
   </div>
   <div class='ocr_carea' id='block_1_78' title="bbox 239 4453 1894 4526">
    <p class='ocr_par' dir='ltr' id='par_1_78' title="bbox 239 4453 1894 4526">
     <span class='ocr_line' id='line_1_78' title="bbox 239 4453 1894 4526; baseline 0.002 -13"><span class='ocrx_word' id='word_1_536' title='bbox 239 4455 435 4514; x_wconf 88' lang='lat' dir='ltr'>simali</span> <span class='ocrx_word' id='word_1_537' title='bbox 466 4455 848 4512; x_wconf 66' lang='lat' dir='ltr'>hebdomade:</span> <span class='ocrx_word' id='word_1_538' title='bbox 877 4453 1172 4526; x_wconf 89' lang='lat' dir='ltr'>ascripsit.</span> <span class='ocrx_word' id='word_1_539' title='bbox 1208 4455 1351 4512; x_wconf 90' lang='lat' dir='ltr'>Item</span> <span class='ocrx_word' id='word_1_540' title='bbox 1401 4462 1642 4516; x_wconf 88' lang='lat' dir='ltr'>sanctus</span> <span class='ocrx_word' id='word_1_541' title='bbox 1693 4461 1894 4518; x_wconf 90' lang='lat' dir='ltr'>Hiero-</span> 
     </span>
    </p>
   </div>
   <div class='ocr_carea' id='block_1_79' title="bbox 243 4543 1894 4621">
    <p class='ocr_par' dir='ltr' id='par_1_79' title="bbox 243 4543 1894 4621">
     <span class='ocr_line' id='line_1_79' title="bbox 243 4543 1894 4621; baseline 0.003 -19"><span class='ocrx_word' id='word_1_542' title='bbox 243 4563 456 4620; x_wconf 83' lang='lat' dir='ltr'>nymus</span> <span class='ocrx_word' id='word_1_543' title='bbox 484 4544 544 4600; x_wconf 90' lang='lat' dir='ltr'>in</span> <span class='ocrx_word' id='word_1_544' title='bbox 579 4543 726 4600; x_wconf 91' lang='lat' dir='ltr'>libro</span> <span class='ocrx_word' id='word_1_545' title='bbox 758 4543 1289 4600; x_wconf 89' lang='lat' dir='ltr'>Comitislectiones</span> <span class='ocrx_word' id='word_1_546' title='bbox 1304 4549 1362 4602; x_wconf 91' lang='lat' dir='ltr'>et</span> <span class='ocrx_word' id='word_1_547' title='bbox 1391 4548 1697 4621; x_wconf 83' lang='lat' dir='ltr'>Evangelia</span> <span class='ocrx_word' id='word_1_548' title='bbox 1716 4551 1786 4606; x_wconf 91' lang='lat' dir='ltr'>de</span> <span class='ocrx_word' id='word_1_549' title='bbox 1803 4567 1894 4607; x_wconf 87' lang='lat' dir='ltr'>eo-</span> 
     </span>
    </p>
   </div>
   <div class='ocr_carea' id='block_1_80' title="bbox 1993 3393 3655 3450">
    <p class='ocr_par' dir='ltr' id='par_1_80' title="bbox 1993 3393 3655 3450">
     <span class='ocr_line' id='line_1_80' title="bbox 1993 3393 3655 3450; baseline -0.001 -1"><span class='ocrx_word' id='word_1_550' title='bbox 1993 3398 2330 3449; x_wconf 89' lang='lat' dir='ltr'>sanotorum</span> <span class='ocrx_word' id='word_1_551' title='bbox 2361 3397 2602 3450; x_wconf 89' lang='lat' dir='ltr'>Patrum</span> <span class='ocrx_word' id='word_1_552' title='bbox 2624 3393 2996 3449; x_wconf 89' lang='lat' dir='ltr'>traditionem</span> <span class='ocrx_word' id='word_1_553' title='bbox 3028 3393 3089 3448; x_wconf 92' lang='lat' dir='ltr'>in</span> <span class='ocrx_word' id='word_1_554' title='bbox 3123 3393 3232 3449; x_wconf 90' lang='lat' dir='ltr'>hac</span> <span class='ocrx_word' id='word_1_555' title='bbox 3262 3409 3322 3450; x_wconf 89' lang='lat' dir='ltr'>re</span> <span class='ocrx_word' id='word_1_556' title='bbox 3353 3393 3553 3448; x_wconf 83' lang='lat' dir='ltr'>minus</span> <span class='ocrx_word' id='word_1_557' title='bbox 3572 3397 3655 3450; x_wconf 83' lang='lat' dir='ltr'>at-</span> 
     </span>
    </p>
   </div>
   <div class='ocr_carea' id='block_1_81' title="bbox 1995 3481 3652 3555">
    <p class='ocr_par' dir='ltr' id='par_1_81' title="bbox 1995 3481 3652 3555">
     <span class='ocr_line' id='line_1_81' title="bbox 1995 3481 3652 3555; baseline 0 -18"><span class='ocrx_word' id='word_1_558' title='bbox 1995 3482 2277 3548; x_wconf 89' lang='lat' dir='ltr'>tenderet,</span> <span class='ocrx_word' id='word_1_559' title='bbox 2303 3499 2406 3555; x_wconf 91' lang='lat' dir='ltr'>pro</span> <span class='ocrx_word' id='word_1_560' title='bbox 2423 3481 2764 3553; x_wconf 89' lang='lat' dir='ltr'>hujusmodi</span> <span class='ocrx_word' id='word_1_561' title='bbox 2782 3482 3122 3538; x_wconf 82' lang='lat' dir='ltr'>confusione</span> <span class='ocrx_word' id='word_1_562' title='bbox 3137 3481 3482 3554; x_wconf 90' lang='lat' dir='ltr'>corrigenda</span> <span class='ocrx_word' id='word_1_563' title='bbox 3499 3481 3652 3537; x_wconf 89' lang='lat' dir='ltr'>hanc</span> 
     </span>
    </p>
   </div>
   <div class='ocr_carea' id='block_1_82' title="bbox 1996 3571 3656 3644">
    <p class='ocr_par' dir='ltr' id='par_1_82' title="bbox 1996 3571 3656 3644">
     <span class='ocr_line' id='line_1_82' title="bbox 1996 3571 3656 3644; baseline -0.001 -17"><span class='ocrx_word' id='word_1_564' title='bbox 1996 3573 2108 3628; x_wconf 91' lang='lat' dir='ltr'>sibi</span> <span class='ocrx_word' id='word_1_565' title='bbox 2149 3571 2411 3644; x_wconf 91' lang='lat' dir='ltr'>regulam</span> <span class='ocrx_word' id='word_1_566' title='bbox 2452 3576 2904 3644; x_wconf 90' lang='lat' dir='ltr'>proposuerunt,</span> <span class='ocrx_word' id='word_1_567' title='bbox 2937 3575 3002 3626; x_wconf 88' lang='lat' dir='ltr'>ut</span> <span class='ocrx_word' id='word_1_568' title='bbox 3041 3571 3316 3644; x_wconf 89' lang='lat' dir='ltr'>deinceps</span> <span class='ocrx_word' id='word_1_569' title='bbox 3357 3571 3416 3626; x_wconf 90' lang='lat' dir='ltr'>in</span> <span class='ocrx_word' id='word_1_570' title='bbox 3458 3571 3656 3644; x_wconf 88' lang='lat' dir='ltr'>prima</span> 
     </span>
    </p>
   </div>
   <div class='ocr_carea' id='block_1_83' title="bbox 1997 3659 3664 3734">
    <p class='ocr_par' dir='ltr' id='par_1_83' title="bbox 1997 3659 3664 3734">
     <span class='ocr_line' id='line_1_83' title="bbox 1997 3659 3664 3734; baseline -0.001 -17"><span class='ocrx_word' id='word_1_571' title='bbox 1997 3667 2205 3734; x_wconf 85' lang='lat' dir='ltr'>quarta</span> <span class='ocrx_word' id='word_1_572' title='bbox 2221 3659 2362 3716; x_wconf 77' lang='lat' dir='ltr'>feria</span> <span class='ocrx_word' id='word_1_573' title='bbox 2373 3659 2651 3728; x_wconf 88' lang='lat' dir='ltr'>Martii,et</span> <span class='ocrx_word' id='word_1_574' title='bbox 2662 3660 2720 3714; x_wconf 86' lang='lat' dir='ltr'>in</span> <span class='ocrx_word' id='word_1_575' title='bbox 2734 3661 2991 3716; x_wconf 86' lang='lat' dir='ltr'>secunda</span> <span class='ocrx_word' id='word_1_576' title='bbox 3005 3659 3252 3728; x_wconf 90' lang='lat' dir='ltr'>Junii,et</span> <span class='ocrx_word' id='word_1_577' title='bbox 3263 3659 3322 3716; x_wconf 90' lang='lat' dir='ltr'>in</span> <span class='ocrx_word' id='word_1_578' title='bbox 3338 3659 3511 3716; x_wconf 90' lang='lat' dir='ltr'>tertia</span> <span class='ocrx_word' id='word_1_579' title='bbox 3522 3660 3664 3733; x_wconf 90' lang='lat' dir='ltr'>Sep-</span> 
     </span>
    </p>
   </div>
   <div class='ocr_carea' id='block_1_84' title="bbox 1996 3747 3662 3822">
    <p class='ocr_par' dir='ltr' id='par_1_84' title="bbox 1996 3747 3662 3822">
     <span class='ocr_line' id='line_1_84' title="bbox 1996 3747 3662 3822; baseline 0 -18"><span class='ocrx_word' id='word_1_580' title='bbox 1996 3750 2262 3816; x_wconf 88' lang='lat' dir='ltr'>tembris,</span> <span class='ocrx_word' id='word_1_581' title='bbox 2283 3749 2442 3805; x_wconf 90' lang='lat' dir='ltr'>omni</span> <span class='ocrx_word' id='word_1_582' title='bbox 2462 3765 2613 3804; x_wconf 88' lang='lat' dir='ltr'>anno</span> <span class='ocrx_word' id='word_1_583' title='bbox 2617 3749 2700 3820; x_wconf 90' lang='lat' dir='ltr'>jej</span> <span class='ocrx_word' id='word_1_584' title='bbox 2711 3753 2972 3806; x_wconf 90' lang='lat' dir='ltr'>unarent.</span> <span class='ocrx_word' id='word_1_585' title='bbox 3007 3749 3116 3804; x_wconf 92' lang='lat' dir='ltr'>Sed</span> <span class='ocrx_word' id='word_1_586' title='bbox 3137 3749 3257 3804; x_wconf 68' lang='lat' dir='ltr'>haec</span> <span class='ocrx_word' id='word_1_587' title='bbox 3272 3747 3662 3822; x_wconf 87' lang='lat' dir='ltr'>regulaapos-</span> 
     </span>
    </p>
   </div>
   <div class='ocr_carea' id='block_1_85' title="bbox 1998 3837 3646 3911">
    <p class='ocr_par' dir='ltr' id='par_1_85' title="bbox 1998 3837 3646 3911">
     <span class='ocr_line' id='line_1_85' title="bbox 1998 3837 3646 3911; baseline -0.002 -15"><span class='ocrx_word' id='word_1_588' title='bbox 1998 3839 2187 3896; x_wconf 75' lang='lat' dir='ltr'>tolicae</span> <span class='ocrx_word' id='word_1_589' title='bbox 2217 3838 2548 3894; x_wconf 88' lang='lat' dir='ltr'>auctoritati</span> <span class='ocrx_word' id='word_1_590' title='bbox 2568 3837 2948 3911; x_wconf 72' lang='lat' dir='ltr'>praajudicare</span> <span class='ocrx_word' id='word_1_591' title='bbox 2980 3855 3083 3892; x_wconf 87' lang='lat' dir='ltr'>nec</span> <span class='ocrx_word' id='word_1_592' title='bbox 3113 3838 3284 3894; x_wconf 91' lang='lat' dir='ltr'>debet</span> <span class='ocrx_word' id='word_1_593' title='bbox 3313 3855 3418 3894; x_wconf 88' lang='lat' dir='ltr'>nec</span> <span class='ocrx_word' id='word_1_594' title='bbox 3434 3841 3646 3910; x_wconf 90' lang='lat' dir='ltr'>potest,</span> 
     </span>
    </p>
   </div>
   <div class='ocr_carea' id='block_1_86' title="bbox 1999 3926 3664 4002">
    <p class='ocr_par' dir='ltr' id='par_1_86' title="bbox 1999 3926 3664 4002">
     <span class='ocr_line' id='line_1_86' title="bbox 1999 3926 3664 4002; baseline 0 -18"><span class='ocrx_word' id='word_1_595' title='bbox 1999 3927 2319 4002; x_wconf 80' lang='lat' dir='ltr'>praesertim</span> <span class='ocrx_word' id='word_1_596' title='bbox 2352 3944 2487 3984; x_wconf 89' lang='lat' dir='ltr'>cum</span> <span class='ocrx_word' id='word_1_597' title='bbox 2505 3927 2842 3982; x_wconf 89' lang='lat' dir='ltr'>evidentissi</span> <span class='ocrx_word' id='word_1_598' title='bbox 2853 3944 2943 3982; x_wconf 89' lang='lat' dir='ltr'>me</span> <span class='ocrx_word' id='word_1_599' title='bbox 2957 3926 3192 3982; x_wconf 85' lang='lat' dir='ltr'>statutis</span> <span class='ocrx_word' id='word_1_600' title='bbox 3204 3929 3544 3984; x_wconf 88' lang='lat' dir='ltr'>sanctorum</span> <span class='ocrx_word' id='word_1_601' title='bbox 3560 3927 3664 3984; x_wconf 85' lang='lat' dir='ltr'>Pa-</span> 
     </span>
    </p>
   </div>
   <div class='ocr_carea' id='block_1_87' title="bbox 1998 4015 3665 4088">
    <p class='ocr_par' dir='ltr' id='par_1_87' title="bbox 1998 4015 3665 4088">
     <span class='ocr_line' id='line_1_87' title="bbox 1998 4015 3665 4088; baseline -0.002 -14"><span class='ocrx_word' id='word_1_602' title='bbox 1998 4023 2156 4074; x_wconf 89' lang='lat' dir='ltr'>trum</span> <span class='ocrx_word' id='word_1_603' title='bbox 2186 4018 2453 4073; x_wconf 90' lang='lat' dir='ltr'>videatur</span> <span class='ocrx_word' id='word_1_604' title='bbox 2482 4033 2825 4088; x_wconf 90' lang='lat' dir='ltr'>repugnare.</span> <span class='ocrx_word' id='word_1_605' title='bbox 2849 4016 2907 4072; x_wconf 91' lang='lat' dir='ltr'>Si</span> <span class='ocrx_word' id='word_1_606' title='bbox 2941 4017 3095 4072; x_wconf 91' lang='lat' dir='ltr'>enim</span> <span class='ocrx_word' id='word_1_607' title='bbox 3129 4015 3464 4088; x_wconf 67' lang='lat' dir='ltr'>praedictam</span> <span class='ocrx_word' id='word_1_608' title='bbox 3488 4031 3665 4088; x_wconf 91' lang='lat' dir='ltr'>regu-</span> 
     </span>
    </p>
   </div>
   <div class='ocr_carea' id='block_1_88' title="bbox 2000 4103 3658 4174">
    <p class='ocr_par' dir='ltr' id='par_1_88' title="bbox 2000 4103 3658 4174">
     <span class='ocr_line' id='line_1_88' title="bbox 2000 4103 3658 4174; baseline -0.002 -10"><span class='ocrx_word' id='word_1_609' title='bbox 2000 4107 2118 4164; x_wconf 91' lang='lat' dir='ltr'>lam</span> <span class='ocrx_word' id='word_1_610' title='bbox 2153 4104 2460 4163; x_wconf 88' lang='lat' dir='ltr'>annuatim</span> <span class='ocrx_word' id='word_1_611' title='bbox 2491 4105 2890 4174; x_wconf 88' lang='lat' dir='ltr'>observamus,</span> <span class='ocrx_word' id='word_1_612' title='bbox 2912 4104 3208 4160; x_wconf 86' lang='lat' dir='ltr'>multoties</span> <span class='ocrx_word' id='word_1_613' title='bbox 3239 4121 3355 4160; x_wconf 89' lang='lat' dir='ltr'>non</span> <span class='ocrx_word' id='word_1_614' title='bbox 3386 4103 3658 4160; x_wconf 87' lang='lat' dir='ltr'>solumin</span> 
     </span>
    </p>
   </div>
   <div class='ocr_carea' id='block_1_89' title="bbox 1999 4191 3669 4268">
    <p class='ocr_par' dir='ltr' id='par_1_89' title="bbox 1999 4191 3669 4268">
     <span class='ocr_line' id='line_1_89' title="bbox 1999 4191 3669 4268; baseline -0.002 -16"><span class='ocrx_word' id='word_1_615' title='bbox 1999 4195 2480 4268; x_wconf 86' lang='lat' dir='ltr'>Quadragesima,</span> <span class='ocrx_word' id='word_1_616' title='bbox 2497 4193 2597 4250; x_wconf 91' lang='lat' dir='ltr'>sed</span> <span class='ocrx_word' id='word_1_617' title='bbox 2630 4193 2804 4249; x_wconf 88' lang='lat' dir='ltr'>etiam</span> <span class='ocrx_word' id='word_1_618' title='bbox 2824 4198 2960 4250; x_wconf 87' lang='lat' dir='ltr'>ante</span> <span class='ocrx_word' id='word_1_619' title='bbox 2973 4194 3132 4260; x_wconf 87' lang='lat' dir='ltr'>Quad</span> <span class='ocrx_word' id='word_1_620' title='bbox 3143 4191 3493 4266; x_wconf 90' lang='lat' dir='ltr'>ragesimam</span> <span class='ocrx_word' id='word_1_621' title='bbox 3511 4193 3594 4265; x_wconf 90' lang='lat' dir='ltr'>jej</span> <span class='ocrx_word' id='word_1_622' title='bbox 3605 4211 3669 4248; x_wconf 80' lang='lat' dir='ltr'>u-</span> 
     </span>
    </p>
   </div>
   <div class='ocr_carea' id='block_1_90' title="bbox 2001 4281 3668 4355">
    <p class='ocr_par' dir='ltr' id='par_1_90' title="bbox 2001 4281 3668 4355">
     <span class='ocr_line' id='line_1_90' title="bbox 2001 4281 3668 4355; baseline -0.002 -13"><span class='ocrx_word' id='word_1_623' title='bbox 2001 4285 2297 4342; x_wconf 89' lang='lat' dir='ltr'>nabimus.</span> <span class='ocrx_word' id='word_1_624' title='bbox 2331 4288 2473 4338; x_wconf 89' lang='lat' dir='ltr'>Cum</span> <span class='ocrx_word' id='word_1_625' title='bbox 2503 4287 2558 4338; x_wconf 88' lang='lat' dir='ltr'>et</span> <span class='ocrx_word' id='word_1_626' title='bbox 2583 4287 2806 4339; x_wconf 89' lang='lat' dir='ltr'>statuta</span> <span class='ocrx_word' id='word_1_627' title='bbox 2823 4282 3276 4355; x_wconf 88' lang='lat' dir='ltr'>apostolicorum</span> <span class='ocrx_word' id='word_1_628' title='bbox 3305 4281 3589 4349; x_wconf 88' lang='lat' dir='ltr'>virorum,</span> <span class='ocrx_word' id='word_1_629' title='bbox 3607 4286 3668 4338; x_wconf 90' lang='lat' dir='ltr'>et</span> 
     </span>
    </p>
   </div>
   <div class='ocr_carea' id='block_1_91' title="bbox 2001 4369 3668 4444">
    <p class='ocr_par' dir='ltr' id='par_1_91' title="bbox 2001 4369 3668 4444">
     <span class='ocr_line' id='line_1_91' title="bbox 2001 4369 3668 4444; baseline -0.002 -14"><span class='ocrx_word' id='word_1_630' title='bbox 2001 4373 2292 4430; x_wconf 89' lang='lat' dir='ltr'>institutio</span> <span class='ocrx_word' id='word_1_631' title='bbox 2322 4371 2673 4444; x_wconf 82' lang='lat' dir='ltr'>ofﬁciorum,</span> <span class='ocrx_word' id='word_1_632' title='bbox 2707 4375 2771 4427; x_wconf 90' lang='lat' dir='ltr'>ut</span> <span class='ocrx_word' id='word_1_633' title='bbox 2801 4369 3168 4444; x_wconf 68' lang='lat' dir='ltr'>praelibatum</span> <span class='ocrx_word' id='word_1_634' title='bbox 3201 4373 3311 4438; x_wconf 88' lang='lat' dir='ltr'>est,</span> <span class='ocrx_word' id='word_1_635' title='bbox 3344 4369 3490 4425; x_wconf 90' lang='lat' dir='ltr'>illud</span> <span class='ocrx_word' id='word_1_636' title='bbox 3513 4369 3668 4427; x_wconf 83' lang='lat' dir='ltr'>infra</span> 
     </span>
    </p>
   </div>
   <div class='ocr_carea' id='block_1_92' title="bbox 2003 4459 3666 4535">
    <p class='ocr_par' dir='ltr' id='par_1_92' title="bbox 2003 4459 3666 4535">
     <span class='ocr_line' id='line_1_92' title="bbox 2003 4459 3666 4535; baseline -0.002 -16"><span class='ocrx_word' id='word_1_637' title='bbox 2003 4461 2546 4535; x_wconf 87' lang='lat' dir='ltr'>Quadragesimam,</span> <span class='ocrx_word' id='word_1_638' title='bbox 2581 4460 2700 4516; x_wconf 91' lang='lat' dir='ltr'>imo</span> <span class='ocrx_word' id='word_1_639' title='bbox 2733 4461 2792 4516; x_wconf 87' lang='lat' dir='ltr'>in</span> <span class='ocrx_word' id='word_1_640' title='bbox 2823 4461 3014 4533; x_wconf 88' lang='lat' dir='ltr'>prima</span> <span class='ocrx_word' id='word_1_641' title='bbox 3037 4459 3513 4534; x_wconf 65' lang='lat' dir='ltr'>Quadragesimaa</span> <span class='ocrx_word' id='word_1_642' title='bbox 3535 4476 3666 4532; x_wconf 89' lang='lat' dir='ltr'>sep-</span> 
     </span>
    </p>
   </div>
   <div class='ocr_carea' id='block_1_93' title="bbox 2002 4549 3668 4623">
    <p class='ocr_par' dir='ltr' id='par_1_93' title="bbox 2002 4549 3668 4623">
     <span class='ocr_line' id='line_1_93' title="bbox 2002 4549 3668 4623; baseline -0.003 -15"><span class='ocrx_word' id='word_1_643' title='bbox 2002 4554 2248 4619; x_wconf 88' lang='lat' dir='ltr'>timana,</span> <span class='ocrx_word' id='word_1_644' title='bbox 2279 4566 2512 4623; x_wconf 86' lang='lat' dir='ltr'>semper</span> <span class='ocrx_word' id='word_1_645' title='bbox 2537 4550 2833 4606; x_wconf 89' lang='lat' dir='ltr'>celebrare</span> <span class='ocrx_word' id='word_1_646' title='bbox 2864 4551 3208 4606; x_wconf 83' lang='lat' dir='ltr'>decernant.</span> <span class='ocrx_word' id='word_1_647' title='bbox 3256 4549 3668 4606; x_wconf 85' lang='lat' dir='ltr'>Indubitanter</span> 
     </span>
    </p>
   </div>
   <div class='ocr_carea' id='block_1_94' title="bbox 239 4632 3669 4722">
    <p class='ocr_par' dir='ltr' id='par_1_94' title="bbox 239 4632 3669 4722">
     <span class='ocr_line' id='line_1_94' title="bbox 239 4632 3669 4722; baseline 0 -30"><span class='ocrx_word' id='word_1_648' title='bbox 239 4636 374 4692; x_wconf 90' lang='lat' dir='ltr'>dem</span> <span class='ocrx_word' id='word_1_649' title='bbox 402 4633 632 4706; x_wconf 88' lang='lat' dir='ltr'>Jejunio</span> <span class='ocrx_word' id='word_1_650' title='bbox 649 4632 1235 4690; x_wconf 70' lang='lat' dir='ltr'>eidemhebdomadze</span> <span class='ocrx_word' id='word_1_651' title='bbox 1267 4635 1536 4706; x_wconf 84' lang='lat' dir='ltr'>iujunxit.</span> <span class='ocrx_word' id='word_1_652' title='bbox 1565 4638 1697 4709; x_wconf 89' lang='lat' dir='ltr'>Ipsa</span> <span class='ocrx_word' id='word_1_653' title='bbox 1715 4639 1891 4694; x_wconf 90' lang='lat' dir='ltr'>etiam</span> <span class='ocrx_word' id='word_1_654' title='bbox 1924 4659 1969 4722; x_wconf 73' lang='grc' dir='ltr'>ι)</span> <span class='ocrx_word' id='word_1_655' title='bbox 2003 4660 2140 4716; x_wconf 88' lang='lat' dir='ltr'>ergo</span> <span class='ocrx_word' id='word_1_656' title='bbox 2172 4641 2423 4698; x_wconf 87' lang='lat' dir='ltr'>refutare</span> <span class='ocrx_word' id='word_1_657' title='bbox 2453 4639 2740 4694; x_wconf 86' lang='lat' dir='ltr'>debemus</span> <span class='ocrx_word' id='word_1_658' title='bbox 2755 4637 3043 4712; x_wconf 89' lang='lat' dir='ltr'>quidquid</span> <span class='ocrx_word' id='word_1_659' title='bbox 3063 4643 3183 4694; x_wconf 90' lang='lat' dir='ltr'>tam</span> <span class='ocrx_word' id='word_1_660' title='bbox 3214 4639 3512 4696; x_wconf 92' lang='lat' dir='ltr'>evidenter</span> <span class='ocrx_word' id='word_1_661' title='bbox 3532 4654 3669 4710; x_wconf 88' lang='lat' dir='ltr'>apo-</span> 
     </span>
    </p>
   </div>
   <div class='ocr_carea' id='block_1_95' title="bbox 239 4723 1895 4799">
    <p class='ocr_par' dir='ltr' id='par_1_95' title="bbox 239 4723 1895 4799">
     <span class='ocr_line' id='line_1_95' title="bbox 239 4723 1895 4799; baseline 0.002 -20"><span class='ocrx_word' id='word_1_662' title='bbox 239 4741 452 4780; x_wconf 84' lang='lat' dir='ltr'>vacans</span> <span class='ocrx_word' id='word_1_663' title='bbox 485 4723 812 4788; x_wconf 85' lang='lat' dir='ltr'>Dominica,</span> <span class='ocrx_word' id='word_1_664' title='bbox 837 4739 1018 4795; x_wconf 93' lang='lat' dir='ltr'>quam</span> <span class='ocrx_word' id='word_1_665' title='bbox 1041 4729 1283 4780; x_wconf 90' lang='lat' dir='ltr'>sanctus</span> <span class='ocrx_word' id='word_1_666' title='bbox 1312 4726 1626 4799; x_wconf 86' lang='lat' dir='ltr'>Gregorius</span> <span class='ocrx_word' id='word_1_667' title='bbox 1658 4727 1716 4782; x_wconf 90' lang='lat' dir='ltr'>in</span> <span class='ocrx_word' id='word_1_668' title='bbox 1749 4731 1895 4794; x_wconf 90' lang='lat' dir='ltr'>Qua-</span> 
     </span>
    </p>
   </div>
   <div class='ocr_carea' id='block_1_96' title="bbox 239 4812 1890 4886">
    <p class='ocr_par' dir='ltr' id='par_1_96' title="bbox 239 4812 1890 4886">
     <span class='ocr_line' id='line_1_96' title="bbox 239 4812 1890 4886; baseline 0 -16"><span class='ocrx_word' id='word_1_669' title='bbox 239 4813 574 4886; x_wconf 87' lang='lat' dir='ltr'>dragesima</span> <span class='ocrx_word' id='word_1_670' title='bbox 598 4813 914 4868; x_wconf 90' lang='lat' dir='ltr'>secundam</span> <span class='ocrx_word' id='word_1_671' title='bbox 933 4827 1062 4868; x_wconf 89' lang='lat' dir='ltr'>esse</span> <span class='ocrx_word' id='word_1_672' title='bbox 1077 4812 1721 4880; x_wconf 89' lang='lat' dir='ltr'>voluit,evidentissime</span> <span class='ocrx_word' id='word_1_673' title='bbox 1747 4815 1890 4870; x_wconf 89' lang='lat' dir='ltr'>insi-</span> 
     </span>
    </p>
   </div>
   <div class='ocr_carea' id='block_1_97' title="bbox 241 4901 1890 4974">
    <p class='ocr_par' dir='ltr' id='par_1_97' title="bbox 241 4901 1890 4974">
     <span class='ocr_line' id='line_1_97' title="bbox 241 4901 1890 4974; baseline 0.001 -16"><span class='ocrx_word' id='word_1_674' title='bbox 241 4907 385 4958; x_wconf 88' lang='lat' dir='ltr'>nuat</span> <span class='ocrx_word' id='word_1_675' title='bbox 414 4901 569 4974; x_wconf 92' lang='lat' dir='ltr'>quod</span> <span class='ocrx_word' id='word_1_676' title='bbox 594 4901 888 4972; x_wconf 88' lang='lat' dir='ltr'>jejunium</span> <span class='ocrx_word' id='word_1_677' title='bbox 914 4901 1103 4956; x_wconf 87' lang='lat' dir='ltr'>Martii</span> <span class='ocrx_word' id='word_1_678' title='bbox 1133 4901 1517 4960; x_wconf 89' lang='lat' dir='ltr'>nihilominus</span> <span class='ocrx_word' id='word_1_679' title='bbox 1547 4903 1706 4958; x_wconf 89' lang='lat' dir='ltr'>omni</span> <span class='ocrx_word' id='word_1_680' title='bbox 1737 4921 1890 4960; x_wconf 90' lang='lat' dir='ltr'>anno</span> 
     </span>
    </p>
   </div>
   <div class='ocr_carea' id='block_1_98' title="bbox 242 4989 1890 5063">
    <p class='ocr_par' dir='ltr' id='par_1_98' title="bbox 242 4989 1890 5063">
     <span class='ocr_line' id='line_1_98' title="bbox 242 4989 1890 5063; baseline 0.001 -17"><span class='ocrx_word' id='word_1_681' title='bbox 242 4991 434 5063; x_wconf 84' lang='lat' dir='ltr'>ipsum</span> <span class='ocrx_word' id='word_1_682' title='bbox 467 4990 524 5044; x_wconf 90' lang='lat' dir='ltr'>in</span> <span class='ocrx_word' id='word_1_683' title='bbox 558 4989 749 5062; x_wconf 86' lang='lat' dir='ltr'>prima</span> <span class='ocrx_word' id='word_1_684' title='bbox 780 4989 1148 5045; x_wconf 88' lang='lat' dir='ltr'>hebdomada</span> <span class='ocrx_word' id='word_1_685' title='bbox 1169 4993 1491 5062; x_wconf 67' lang='lat' dir='ltr'>praecedere</span> <span class='ocrx_word' id='word_1_686' title='bbox 1521 4992 1744 5046; x_wconf 86' lang='lat' dir='ltr'>debeat.</span> <span class='ocrx_word' id='word_1_687' title='bbox 1766 4992 1890 5048; x_wconf 85' lang='lat' dir='ltr'>Non</span> 
     </span>
    </p>
   </div>
   <div class='ocr_carea' id='block_1_99' title="bbox 240 5077 1891 5152">
    <p class='ocr_par' dir='ltr' id='par_1_99' title="bbox 240 5077 1891 5152">
     <span class='ocr_line' id='line_1_99' title="bbox 240 5077 1891 5152; baseline 0.001 -17"><span class='ocrx_word' id='word_1_688' title='bbox 240 5079 398 5136; x_wconf 89' lang='lat' dir='ltr'>enim</span> <span class='ocrx_word' id='word_1_689' title='bbox 432 5078 635 5134; x_wconf 89' lang='lat' dir='ltr'>eadem</span> <span class='ocrx_word' id='word_1_690' title='bbox 669 5077 972 5134; x_wconf 83' lang='lat' dir='ltr'>Dominica</span> <span class='ocrx_word' id='word_1_691' title='bbox 998 5080 1231 5152; x_wconf 90' lang='lat' dir='ltr'>proprie</span> <span class='ocrx_word' id='word_1_692' title='bbox 1263 5097 1474 5136; x_wconf 82' lang='lat' dir='ltr'>vacans</span> <span class='ocrx_word' id='word_1_693' title='bbox 1509 5080 1816 5143; x_wconf 90' lang='lat' dir='ltr'>diceretur,</span> <span class='ocrx_word' id='word_1_694' title='bbox 1843 5081 1891 5137; x_wconf 90' lang='lat' dir='ltr'>si</span> 
     </span>
    </p>
   </div>
   <div class='ocr_carea' id='block_1_100' title="bbox 241 5165 1890 5241">
    <p class='ocr_par' dir='ltr' id='par_1_100' title="bbox 241 5165 1890 5241">
     <span class='ocr_line' id='line_1_100' title="bbox 241 5165 1890 5241; baseline 0.002 -18"><span class='ocrx_word' id='word_1_695' title='bbox 241 5185 356 5223; x_wconf 87' lang='lat' dir='ltr'>non</span> <span class='ocrx_word' id='word_1_696' title='bbox 367 5167 686 5223; x_wconf 87' lang='lat' dir='ltr'>Sabbatum</span> <span class='ocrx_word' id='word_1_697' title='bbox 709 5183 764 5221; x_wconf 77' lang='lat' dir='ltr'>xx</span> <span class='ocrx_word' id='word_1_698' title='bbox 777 5165 1091 5223; x_wconf 89' lang='lat' dir='ltr'>lectionum</span> <span class='ocrx_word' id='word_1_699' title='bbox 1105 5186 1135 5224; x_wconf 89' lang='lat' dir='ltr'>e</span> <span class='ocrx_word' id='word_1_700' title='bbox 1150 5167 1390 5240; x_wconf 83' lang='lat' dir='ltr'>vestigio</span> <span class='ocrx_word' id='word_1_701' title='bbox 1417 5167 1890 5241; x_wconf 87' lang='lat' dir='ltr'>subsequeretur,</span> 
     </span>
    </p>
   </div>
   <div class='ocr_carea' id='block_1_101' title="bbox 240 5254 1891 5330">
    <p class='ocr_par' dir='ltr' id='par_1_101' title="bbox 240 5254 1891 5330">
     <span class='ocr_line' id='line_1_101' title="bbox 240 5254 1891 5330; baseline 0.003 -18"><span class='ocrx_word' id='word_1_702' title='bbox 240 5257 395 5330; x_wconf 89' lang='lat' dir='ltr'>quod</span> <span class='ocrx_word' id='word_1_703' title='bbox 429 5255 730 5329; x_wconf 88' lang='lat' dir='ltr'>preprium</span> <span class='ocrx_word' id='word_1_704' title='bbox 760 5261 849 5312; x_wconf 89' lang='lat' dir='ltr'>est</span> <span class='ocrx_word' id='word_1_705' title='bbox 877 5257 1142 5313; x_wconf 88' lang='lat' dir='ltr'>omnium</span> <span class='ocrx_word' id='word_1_706' title='bbox 1199 5254 1634 5312; x_wconf 87' lang='lat' dir='ltr'>Dominicarum</span> <span class='ocrx_word' id='word_1_707' title='bbox 1682 5275 1891 5316; x_wconf 86' lang='lat' dir='ltr'>vacan-</span> 
     </span>
    </p>
   </div>
   <div class='ocr_carea' id='block_1_102' title="bbox 238 5343 1894 5422">
    <p class='ocr_par' dir='ltr' id='par_1_102' title="bbox 238 5343 1894 5422">
     <span class='ocr_line' id='line_1_102' title="bbox 238 5343 1894 5422; baseline -0.004 -20"><span class='ocrx_word' id='word_1_708' title='bbox 238 5346 408 5415; x_wconf 89' lang='lat' dir='ltr'>tium,</span> <span class='ocrx_word' id='word_1_709' title='bbox 444 5363 572 5419; x_wconf 70' lang='lat' dir='ltr'>quae</span> <span class='ocrx_word' id='word_1_710' title='bbox 601 5363 733 5402; x_wconf 89' lang='lat' dir='ltr'>cum</span> <span class='ocrx_word' id='word_1_711' title='bbox 768 5346 1000 5420; x_wconf 87' lang='lat' dir='ltr'>proprio</span> <span class='ocrx_word' id='word_1_712' title='bbox 1031 5348 1267 5401; x_wconf 84' lang='lat' dir='ltr'>careant</span> <span class='ocrx_word' id='word_1_713' title='bbox 1305 5343 1516 5412; x_wconf 70' lang='lat' dir='ltr'>ofﬁcio,</span> <span class='ocrx_word' id='word_1_714' title='bbox 1566 5363 1634 5402; x_wconf 88' lang='lat' dir='ltr'>ex</span> <span class='ocrx_word' id='word_1_715' title='bbox 1681 5366 1894 5422; x_wconf 68' lang='lat' dir='ltr'>prince-</span> 
     </span>
    </p>
   </div>
   <div class='ocr_carea' id='block_1_103' title="bbox 241 5430 1892 5499">
    <p class='ocr_par' dir='ltr' id='par_1_103' title="bbox 241 5430 1892 5499">
     <span class='ocr_line' id='line_1_103' title="bbox 241 5430 1892 5499; baseline 0.002 -7"><span class='ocrx_word' id='word_1_716' title='bbox 241 5435 399 5492; x_wconf 92' lang='lat' dir='ltr'>denti</span> <span class='ocrx_word' id='word_1_717' title='bbox 418 5435 785 5494; x_wconf 74' lang='lat' dir='ltr'>hebdomade</span> <span class='ocrx_word' id='word_1_718' title='bbox 803 5435 1222 5499; x_wconf 82' lang='lat' dir='ltr'>inofﬁciantur,</span> <span class='ocrx_word' id='word_1_719' title='bbox 1244 5430 1293 5488; x_wconf 93' lang='lat' dir='ltr'>si</span> <span class='ocrx_word' id='word_1_720' title='bbox 1307 5435 1502 5488; x_wconf 88' lang='lat' dir='ltr'>tamen</span> <span class='ocrx_word' id='word_1_721' title='bbox 1521 5451 1754 5494; x_wconf 90' lang='lat' dir='ltr'>necesse</span> <span class='ocrx_word' id='word_1_722' title='bbox 1772 5440 1892 5496; x_wconf 78' lang='lat' dir='ltr'>fue-</span> 
     </span>
    </p>
   </div>
   <div class='ocr_carea' id='block_1_104' title="bbox 241 5519 1893 5601">
    <p class='ocr_par' dir='ltr' id='par_1_104' title="bbox 241 5519 1893 5601">
     <span class='ocr_line' id='line_1_104' title="bbox 241 5519 1893 5601; baseline 0.003 -21"><span class='ocrx_word' id='word_1_723' title='bbox 241 5525 318 5580; x_wconf 90' lang='lat' dir='ltr'>rit</span> <span class='ocrx_word' id='word_1_724' title='bbox 350 5529 411 5580; x_wconf 90' lang='lat' dir='ltr'>ut</span> <span class='ocrx_word' id='word_1_725' title='bbox 425 5525 998 5582; x_wconf 89' lang='lat' dir='ltr'>assumantur.Unde</span> <span class='ocrx_word' id='word_1_726' title='bbox 1016 5527 1074 5578; x_wconf 89' lang='lat' dir='ltr'>et</span> <span class='ocrx_word' id='word_1_727' title='bbox 1092 5522 1212 5576; x_wconf 80' lang='lat' dir='ltr'>haec</span> <span class='ocrx_word' id='word_1_728' title='bbox 1230 5519 1529 5578; x_wconf 89' lang='lat' dir='ltr'>Dominica</span> <span class='ocrx_word' id='word_1_729' title='bbox 1549 5525 1620 5581; x_wconf 91' lang='lat' dir='ltr'>de</span> <span class='ocrx_word' id='word_1_730' title='bbox 1645 5530 1893 5601; x_wconf 85' lang='lat' dir='ltr'>quaagi-</span> 
     </span>
    </p>
   </div>
   <div class='ocr_carea' id='block_1_105' title="bbox 241 5609 1894 5687">
    <p class='ocr_par' dir='ltr' id='par_1_105' title="bbox 241 5609 1894 5687">
     <span class='ocr_line' id='line_1_105' title="bbox 241 5609 1894 5687; baseline 0.002 -17"><span class='ocrx_word' id='word_1_731' title='bbox 241 5631 375 5670; x_wconf 89' lang='lat' dir='ltr'>mus</span> <span class='ocrx_word' id='word_1_732' title='bbox 401 5632 470 5670; x_wconf 85' lang='lat' dir='ltr'>ex</span> <span class='ocrx_word' id='word_1_733' title='bbox 496 5615 860 5687; x_wconf 78' lang='lat' dir='ltr'>quartaferia</span> <span class='ocrx_word' id='word_1_734' title='bbox 874 5609 1219 5686; x_wconf 70' lang='lat' dir='ltr'>praecedenti</span> <span class='ocrx_word' id='word_1_735' title='bbox 1239 5609 1457 5681; x_wconf 90' lang='lat' dir='ltr'>jejunii</span> <span class='ocrx_word' id='word_1_736' title='bbox 1488 5613 1742 5671; x_wconf 75' lang='lat' dir='ltr'>ofﬁcium</span> <span class='ocrx_word' id='word_1_737' title='bbox 1765 5633 1894 5674; x_wconf 82' lang='lat' dir='ltr'>mu-</span> 
     </span>
    </p>
   </div>
   <div class='ocr_carea' id='block_1_106' title="bbox 238 5695 1894 5794">
    <p class='ocr_par' dir='ltr' id='par_1_106' title="bbox 238 5695 1894 5794">
     <span class='ocr_line' id='line_1_106' title="bbox 238 5695 1894 5794; baseline 0.002 -37"><span class='ocrx_word' id='word_1_738' title='bbox 238 5701 442 5794; x_wconf 52' lang='lat' dir='ltr'>tuavit.</span> <span class='ocrx_word' id='word_1_739' title='bbox 476 5700 882 5759; x_wconf 88' lang='lat' dir='ltr'>Necessarium</span> <span class='ocrx_word' id='word_1_740' title='bbox 901 5701 992 5758; x_wconf 86' lang='lat' dir='ltr'>est</span> <span class='ocrx_word' id='word_1_741' title='bbox 1004 5711 1139 5772; x_wconf 84' lang='lat' dir='ltr'>ergo</span> <span class='ocrx_word' id='word_1_742' title='bbox 1153 5700 1216 5754; x_wconf 91' lang='lat' dir='ltr'>ut</span> <span class='ocrx_word' id='word_1_743' title='bbox 1235 5695 1379 5756; x_wconf 90' lang='lat' dir='ltr'>illud</span> <span class='ocrx_word' id='word_1_744' title='bbox 1403 5695 1567 5757; x_wconf 89' lang='lat' dir='ltr'>illam</span> <span class='ocrx_word' id='word_1_745' title='bbox 1581 5704 1894 5778; x_wconf 65' lang='lat' dir='ltr'>praecedat,</span> 
     </span>
    </p>
   </div>
   <div class='ocr_carea' id='block_1_107' title="bbox 2003 4725 3666 4797">
    <p class='ocr_par' dir='ltr' id='par_1_107' title="bbox 2003 4725 3666 4797">
     <span class='ocr_line' id='line_1_107' title="bbox 2003 4725 3666 4797; baseline -0.002 -9"><span class='ocrx_word' id='word_1_746' title='bbox 2003 4732 2219 4788; x_wconf 71' lang='lat' dir='ltr'>stolicze</span> <span class='ocrx_word' id='word_1_747' title='bbox 2253 4728 2586 4785; x_wconf 88' lang='lat' dir='ltr'>auctoritati</span> <span class='ocrx_word' id='word_1_748' title='bbox 2619 4728 2908 4784; x_wconf 87' lang='lat' dir='ltr'>contraire</span> <span class='ocrx_word' id='word_1_749' title='bbox 2948 4727 3239 4797; x_wconf 90' lang='lat' dir='ltr'>videmus,</span> <span class='ocrx_word' id='word_1_750' title='bbox 3285 4728 3442 4784; x_wconf 89' lang='lat' dir='ltr'>unde</span> <span class='ocrx_word' id='word_1_751' title='bbox 3482 4725 3666 4784; x_wconf 84' lang='lat' dir='ltr'>totius</span> 
     </span>
    </p>
   </div>
   <div class='ocr_carea' id='block_1_108' title="bbox 1999 4816 3664 4889">
    <p class='ocr_par' dir='ltr' id='par_1_108' title="bbox 1999 4816 3664 4889">
     <span class='ocr_line' id='line_1_108' title="bbox 1999 4816 3664 4889; baseline -0.005 -11"><span class='ocrx_word' id='word_1_752' title='bbox 1999 4820 2342 4878; x_wconf 66' lang='lat' dir='ltr'>Christianae</span> <span class='ocrx_word' id='word_1_753' title='bbox 2360 4817 2659 4889; x_wconf 89' lang='lat' dir='ltr'>religionis</span> <span class='ocrx_word' id='word_1_754' title='bbox 2673 4821 2731 4872; x_wconf 92' lang='lat' dir='ltr'>et</span> <span class='ocrx_word' id='word_1_755' title='bbox 2762 4816 2984 4873; x_wconf 91' lang='lat' dir='ltr'>ordinis</span> <span class='ocrx_word' id='word_1_756' title='bbox 3011 4816 3315 4874; x_wconf 87' lang='lat' dir='ltr'>exordium</span> <span class='ocrx_word' id='word_1_757' title='bbox 3338 4821 3395 4872; x_wconf 91' lang='lat' dir='ltr'>et</span> <span class='ocrx_word' id='word_1_758' title='bbox 3414 4816 3664 4872; x_wconf 87' lang='lat' dir='ltr'>formam</span> 
     </span>
    </p>
   </div>
   <div class='ocr_carea' id='block_1_109' title="bbox 2001 4903 3664 4982">
    <p class='ocr_par' dir='ltr' id='par_1_109' title="bbox 2001 4903 3664 4982">
     <span class='ocr_line' id='line_1_109' title="bbox 2001 4903 3664 4982; baseline -0.004 -16"><span class='ocrx_word' id='word_1_759' title='bbox 2001 4909 2356 4982; x_wconf 87' lang='lat' dir='ltr'>accepimus.</span> <span class='ocrx_word' id='word_1_760' title='bbox 2390 4907 2503 4962; x_wconf 87' lang='lat' dir='ltr'>Nec</span> <span class='ocrx_word' id='word_1_761' title='bbox 2531 4906 2884 4962; x_wconf 88' lang='lat' dir='ltr'>mirerishoc</span> <span class='ocrx_word' id='word_1_762' title='bbox 2906 4906 3206 4978; x_wconf 90' lang='lat' dir='ltr'>jejunium</span> <span class='ocrx_word' id='word_1_763' title='bbox 3226 4905 3423 4978; x_wconf 90' lang='lat' dir='ltr'>potius</span> <span class='ocrx_word' id='word_1_764' title='bbox 3453 4903 3664 4960; x_wconf 84' lang='lat' dir='ltr'>Martio</span> 
     </span>
    </p>
   </div>
   <div class='ocr_carea' id='block_1_110' title="bbox 2001 4994 3661 5072">
    <p class='ocr_par' dir='ltr' id='par_1_110' title="bbox 2001 4994 3661 5072">
     <span class='ocr_line' id='line_1_110' title="bbox 2001 4994 3661 5072; baseline -0.004 -18"><span class='ocrx_word' id='word_1_765' title='bbox 2001 5016 2178 5072; x_wconf 90' lang='lat' dir='ltr'>quam</span> <span class='ocrx_word' id='word_1_766' title='bbox 2213 4995 2524 5052; x_wconf 79' lang='lat' dir='ltr'>Februario</span> <span class='ocrx_word' id='word_1_767' title='bbox 2548 4995 3066 5067; x_wconf 87' lang='lat' dir='ltr'>ascribi,quamvis</span> <span class='ocrx_word' id='word_1_768' title='bbox 3096 4995 3156 5050; x_wconf 89' lang='lat' dir='ltr'>in</span> <span class='ocrx_word' id='word_1_769' title='bbox 3189 4994 3505 5050; x_wconf 86' lang='lat' dir='ltr'>Februario</span> <span class='ocrx_word' id='word_1_770' title='bbox 3526 5009 3661 5048; x_wconf 88' lang='lat' dir='ltr'>cum</span> 
     </span>
    </p>
   </div>
   <div class='ocr_carea' id='block_1_111' title="bbox 2000 5082 3666 5162">
    <p class='ocr_par' dir='ltr' id='par_1_111' title="bbox 2000 5082 3666 5162">
     <span class='ocr_line' id='line_1_111' title="bbox 2000 5082 3666 5162; baseline -0.005 -18"><span class='ocrx_word' id='word_1_771' title='bbox 2000 5089 2129 5162; x_wconf 87' lang='lat' dir='ltr'>ipsa</span> <span class='ocrx_word' id='word_1_772' title='bbox 2160 5084 2618 5158; x_wconf 88' lang='lat' dir='ltr'>Quadragesima</span> <span class='ocrx_word' id='word_1_773' title='bbox 2637 5099 3084 5156; x_wconf 88' lang='lat' dir='ltr'>nonnumquam</span> <span class='ocrx_word' id='word_1_774' title='bbox 3115 5082 3666 5154; x_wconf 90' lang='lat' dir='ltr'>occurrat.Semper</span> 
     </span>
    </p>
   </div>
   <div class='ocr_carea' id='block_1_112' title="bbox 2001 5170 3664 5246">
    <p class='ocr_par' dir='ltr' id='par_1_112' title="bbox 2001 5170 3664 5246">
     <span class='ocr_line' id='line_1_112' title="bbox 2001 5170 3664 5246; baseline -0.004 -13"><span class='ocrx_word' id='word_1_775' title='bbox 2001 5177 2157 5234; x_wconf 90' lang='lat' dir='ltr'>enim</span> <span class='ocrx_word' id='word_1_776' title='bbox 2184 5176 2339 5230; x_wconf 90' lang='lat' dir='ltr'>idem</span> <span class='ocrx_word' id='word_1_777' title='bbox 2363 5173 2661 5246; x_wconf 87' lang='lat' dir='ltr'>jejunium</span> <span class='ocrx_word' id='word_1_778' title='bbox 2695 5177 2795 5228; x_wconf 90' lang='lat' dir='ltr'>aut</span> <span class='ocrx_word' id='word_1_779' title='bbox 2822 5172 3170 5229; x_wconf 85' lang='lat' dir='ltr'>Kalendaria</span> <span class='ocrx_word' id='word_1_780' title='bbox 3215 5170 3528 5245; x_wconf 87' lang='lat' dir='ltr'>aliquando</span> <span class='ocrx_word' id='word_1_781' title='bbox 3559 5173 3664 5227; x_wconf 88' lang='lat' dir='ltr'>aut</span> 
     </span>
    </p>
   </div>
   <div class='ocr_carea' id='block_1_113' title="bbox 2002 5259 3656 5335">
    <p class='ocr_par' dir='ltr' id='par_1_113' title="bbox 2002 5259 3656 5335">
     <span class='ocr_line' id='line_1_113' title="bbox 2002 5259 3656 5335; baseline -0.003 -14"><span class='ocrx_word' id='word_1_782' title='bbox 2002 5265 2367 5322; x_wconf 87' lang='lat' dir='ltr'>lunationem</span> <span class='ocrx_word' id='word_1_783' title='bbox 2399 5261 2612 5330; x_wconf 89' lang='lat' dir='ltr'>Martii,</span> <span class='ocrx_word' id='word_1_784' title='bbox 2645 5266 2746 5317; x_wconf 89' lang='lat' dir='ltr'>aut</span> <span class='ocrx_word' id='word_1_785' title='bbox 2773 5265 3092 5335; x_wconf 89' lang='lat' dir='ltr'>utrumque</span> <span class='ocrx_word' id='word_1_786' title='bbox 3132 5261 3310 5318; x_wconf 87' lang='lat' dir='ltr'>simul</span> <span class='ocrx_word' id='word_1_787' title='bbox 3365 5259 3612 5318; x_wconf 91' lang='lat' dir='ltr'>incurrit</span> <span class='ocrx_word' id='word_1_788' title='bbox 3642 5275 3656 5316; x_wconf 88' lang='lat'><strong>:</strong></span> 
     </span>
    </p>
   </div>
   <div class='ocr_carea' id='block_1_114' title="bbox 2003 5350 3658 5424">
    <p class='ocr_par' dir='ltr' id='par_1_114' title="bbox 2003 5350 3658 5424">
     <span class='ocr_line' id='line_1_114' title="bbox 2003 5350 3658 5424; baseline -0.004 -13"><span class='ocrx_word' id='word_1_789' title='bbox 2003 5353 2302 5411; x_wconf 88' lang='lat' dir='ltr'>Februarii</span> <span class='ocrx_word' id='word_1_790' title='bbox 2334 5355 2529 5407; x_wconf 89' lang='lat' dir='ltr'>autem</span> <span class='ocrx_word' id='word_1_791' title='bbox 2561 5350 2906 5408; x_wconf 85' lang='lat' dir='ltr'>Kalendaria</span> <span class='ocrx_word' id='word_1_792' title='bbox 2933 5351 3269 5424; x_wconf 88' lang='lat' dir='ltr'>aliquando,</span> <span class='ocrx_word' id='word_1_793' title='bbox 3297 5350 3658 5406; x_wconf 89' lang='lat' dir='ltr'>lunationem</span> 
     </span>
    </p>
   </div>
   <div class='ocr_carea' id='block_1_115' title="bbox 2000 5437 3658 5514">
    <p class='ocr_par' dir='ltr' id='par_1_115' title="bbox 2000 5437 3658 5514">
     <span class='ocr_line' id='line_1_115' title="bbox 2000 5437 3658 5514; baseline -0.001 -18"><span class='ocrx_word' id='word_1_794' title='bbox 2000 5459 2135 5498; x_wconf 87' lang='lat' dir='ltr'>vero</span> <span class='ocrx_word' id='word_1_795' title='bbox 2167 5457 2469 5513; x_wconf 87' lang='lat' dir='ltr'>nunquam</span> <span class='ocrx_word' id='word_1_796' title='bbox 2503 5440 2757 5513; x_wconf 88' lang='lat' dir='ltr'>attingit.</span> <span class='ocrx_word' id='word_1_797' title='bbox 2806 5441 2952 5514; x_wconf 85' lang='lat' dir='ltr'>Ergo</span> <span class='ocrx_word' id='word_1_798' title='bbox 2998 5439 3183 5496; x_wconf 85' lang='lat' dir='ltr'>multo</span> <span class='ocrx_word' id='word_1_799' title='bbox 3233 5437 3658 5512; x_wconf 87' lang='lat' dir='ltr'>congruentius</span> 
     </span>
    </p>
   </div>
   <div class='ocr_carea' id='block_1_116' title="bbox 2004 5527 3658 5603">
    <p class='ocr_par' dir='ltr' id='par_1_116' title="bbox 2004 5527 3658 5603">
     <span class='ocr_line' id='line_1_116' title="bbox 2004 5527 3658 5603; baseline -0.003 -16"><span class='ocrx_word' id='word_1_800' title='bbox 2004 5532 2210 5587; x_wconf 86' lang='lat' dir='ltr'>Martio</span> <span class='ocrx_word' id='word_1_801' title='bbox 2241 5529 2574 5596; x_wconf 89' lang='lat' dir='ltr'>ascribitur,</span> <span class='ocrx_word' id='word_1_802' title='bbox 2608 5545 2783 5601; x_wconf 90' lang='lat' dir='ltr'>quem</span> <span class='ocrx_word' id='word_1_803' title='bbox 2815 5546 3120 5603; x_wconf 85' lang='lat' dir='ltr'>nunquam</span> <span class='ocrx_word' id='word_1_804' title='bbox 3151 5527 3450 5600; x_wconf 89' lang='lat' dir='ltr'>relinquit,</span> <span class='ocrx_word' id='word_1_805' title='bbox 3475 5543 3658 5600; x_wconf 89' lang='lat' dir='ltr'>quam</span> 
     </span>
    </p>
   </div>
   <div class='ocr_carea' id='block_1_117' title="bbox 2004 5615 3658 5692">
    <p class='ocr_par' dir='ltr' id='par_1_117' title="bbox 2004 5615 3658 5692">
     <span class='ocr_line' id='line_1_117' title="bbox 2004 5615 3658 5692; baseline -0.003 -15"><span class='ocrx_word' id='word_1_806' title='bbox 2004 5620 2333 5686; x_wconf 87' lang='lat' dir='ltr'>Februario,</span> <span class='ocrx_word' id='word_1_807' title='bbox 2367 5635 2541 5691; x_wconf 90' lang='lat' dir='ltr'>quem</span> <span class='ocrx_word' id='word_1_808' title='bbox 2557 5617 2853 5674; x_wconf 88' lang='lat' dir='ltr'>multoties</span> <span class='ocrx_word' id='word_1_809' title='bbox 2867 5619 3101 5690; x_wconf 88' lang='lat' dir='ltr'>penitus</span> <span class='ocrx_word' id='word_1_810' title='bbox 3126 5635 3240 5675; x_wconf 91' lang='lat' dir='ltr'>non</span> <span class='ocrx_word' id='word_1_811' title='bbox 3263 5617 3518 5692; x_wconf 86' lang='lat' dir='ltr'>attingit.</span> <span class='ocrx_word' id='word_1_812' title='bbox 3543 5615 3658 5672; x_wconf 85' lang='lat' dir='ltr'>Ob-</span> 
     </span>
    </p>
   </div>
   <div class='ocr_carea' id='block_1_118' title="bbox 2003 5706 3659 5786">
    <p class='ocr_par' dir='ltr' id='par_1_118' title="bbox 2003 5706 3659 5786">
     <span class='ocr_line' id='line_1_118' title="bbox 2003 5706 3659 5786; baseline -0.002 -15"><span class='ocrx_word' id='word_1_813' title='bbox 2003 5714 2266 5772; x_wconf 85' lang='lat' dir='ltr'>servatur</span> <span class='ocrx_word' id='word_1_814' title='bbox 2295 5725 2436 5768; x_wconf 84' lang='lat' dir='ltr'>sane</span> <span class='ocrx_word' id='word_1_815' title='bbox 2466 5707 2662 5784; x_wconf 85' lang='lat' dir='ltr'>bocjej</span> <span class='ocrx_word' id='word_1_816' title='bbox 2673 5707 2878 5774; x_wconf 83' lang='lat' dir='ltr'>unium</span> <span class='ocrx_word' id='word_1_817' title='bbox 2895 5725 3031 5766; x_wconf 89' lang='lat' dir='ltr'>cum</span> <span class='ocrx_word' id='word_1_818' title='bbox 3049 5708 3180 5786; x_wconf 86' lang='lat' dir='ltr'>ipsa</span> <span class='ocrx_word' id='word_1_819' title='bbox 3195 5706 3659 5784; x_wconf 79' lang='lat' dir='ltr'>Quadragesima</span> 
     </span>
    </p>
   </div>
  </div>
