  <div class='ocr_page' id='page_1' title='image "/cluster/home/n/w/nwhite01/storage/ocr_20150623/151/umn.31951002477444s/600.png"; bbox 0 0 3976 6398; ppageno 0'>
   <div class='ocr_carea' id='block_1_1' title="bbox 166 438 286 503">
    <p class='ocr_par' dir='ltr' id='par_1_1' title="bbox 166 438 286 503">
     <span class='ocr_line' id='line_1_1' title="bbox 166 438 286 503; baseline -0.033 1"><span class='ocrx_word' id='word_1_1' title='bbox 166 438 286 503; x_wconf 85' lang='lat'><strong>997</strong></span> 
     </span>
    </p>
   </div>
   <div class='ocr_carea' id='block_1_2' title="bbox 1632 438 2157 507">
    <p class='ocr_par' dir='ltr' id='par_1_2' title="bbox 1632 438 2157 507">
     <span class='ocr_line' id='line_1_2' title="bbox 1632 438 2157 507; baseline 0.002 -3"><span class='ocrx_word' id='word_1_2' title='bbox 1632 438 2157 507; x_wconf 82' lang='lat' dir='ltr'><strong>MICROLOGUS.</strong></span> 
     </span>
    </p>
   </div>
   <div class='ocr_carea' id='block_1_3' title="bbox 3454 436 3576 504">
    <p class='ocr_par' dir='ltr' id='par_1_3' title="bbox 3454 436 3576 504">
     <span class='ocr_line' id='line_1_3' title="bbox 3454 436 3576 504; baseline -0.066 1"><span class='ocrx_word' id='word_1_3' title='bbox 3454 436 3576 504; x_wconf 87' lang='lat'><strong>998</strong></span> 
     </span>
    </p>
   </div>
   <div class='ocr_carea' id='block_1_4' title="bbox 169 567 3573 649">
    <p class='ocr_par' dir='ltr' id='par_1_4' title="bbox 169 567 3573 649">
     <span class='ocr_line' id='line_1_4' title="bbox 169 567 3573 649; baseline 0.001 -20"><span class='ocrx_word' id='word_1_4' title='bbox 169 574 496 630; x_wconf 86' lang='lat' dir='ltr'><strong>secundum</strong></span> <span class='ocrx_word' id='word_1_5' title='bbox 519 571 905 640; x_wconf 86' lang='lat' dir='ltr'><strong>lunationem,</strong></span> <span class='ocrx_word' id='word_1_6' title='bbox 938 567 1090 629; x_wconf 81' lang='lat' dir='ltr'><strong>sicut</strong></span> <span class='ocrx_word' id='word_1_7' title='bbox 1117 576 1173 628; x_wconf 89' lang='lat' dir='ltr'><strong>et</strong></span> <span class='ocrx_word' id='word_1_8' title='bbox 1213 571 1456 628; x_wconf 84' lang='lat' dir='ltr'><strong>Pascha.</strong></span> <span class='ocrx_word' id='word_1_9' title='bbox 1507 574 1669 629; x_wconf 86' lang='lat' dir='ltr'><strong>Unde</strong></span> <span class='ocrx_word' id='word_1_10' title='bbox 1703 593 1815 630; x_wconf 88' lang='lat' dir='ltr'><strong>non</strong></span> <span class='ocrx_word' id='word_1_11' title='bbox 1847 578 1902 642; x_wconf 80' lang='grc' dir='ltr'><strong>Α</strong></span> <span class='ocrx_word' id='word_1_12' title='bbox 1934 578 2137 633; x_wconf 88' lang='lat' dir='ltr'><strong>madas</strong></span> <span class='ocrx_word' id='word_1_13' title='bbox 2168 577 2385 634; x_wconf 85' lang='lat' dir='ltr'><strong>eisdem</strong></span> <span class='ocrx_word' id='word_1_14' title='bbox 2411 577 2660 649; x_wconf 89' lang='lat' dir='ltr'><strong>jejuniis</strong></span> <span class='ocrx_word' id='word_1_15' title='bbox 2690 575 3153 633; x_wconf 87' lang='lat' dir='ltr'><strong>internumerare</strong></span> <span class='ocrx_word' id='word_1_16' title='bbox 3173 575 3573 648; x_wconf 82' lang='lat' dir='ltr'><strong>valebiszquod</strong></span> 
     </span>
    </p>
   </div>
   <div class='ocr_carea' id='block_1_5' title="bbox 167 661 1818 736">
    <p class='ocr_par' dir='ltr' id='par_1_5' title="bbox 167 661 1818 736">
     <span class='ocr_line' id='line_1_5' title="bbox 167 661 1818 736; baseline 0.001 -18"><span class='ocrx_word' id='word_1_17' title='bbox 167 663 490 736; x_wconf 83' lang='lat' dir='ltr'><strong>incongrue</strong></span> <span class='ocrx_word' id='word_1_18' title='bbox 519 661 715 736; x_wconf 90' lang='lat' dir='ltr'><strong>ipsum</strong></span> <span class='ocrx_word' id='word_1_19' title='bbox 747 663 952 719; x_wconf 89' lang='lat' dir='ltr'><strong>Martio</strong></span> <span class='ocrx_word' id='word_1_20' title='bbox 982 666 1216 734; x_wconf 86' lang='lat' dir='ltr'><strong>propter</strong></span> <span class='ocrx_word' id='word_1_21' title='bbox 1246 661 1606 718; x_wconf 88' lang='lat' dir='ltr'><strong>lunationem</strong></span> <span class='ocrx_word' id='word_1_22' title='bbox 1640 665 1818 719; x_wconf 87' lang='lat' dir='ltr'><strong>ascri-</strong></span> 
     </span>
    </p>
   </div>
   <div class='ocr_carea' id='block_1_6' title="bbox 167 751 1819 824">
    <p class='ocr_par' dir='ltr' id='par_1_6' title="bbox 167 751 1819 824">
     <span class='ocr_line' id='line_1_6' title="bbox 167 751 1819 824; baseline 0 -17"><span class='ocrx_word' id='word_1_23' title='bbox 167 752 348 818; x_wconf 90' lang='lat' dir='ltr'><strong>bitur,</strong></span> <span class='ocrx_word' id='word_1_24' title='bbox 396 751 663 824; x_wconf 78' lang='lat' dir='ltr'><strong>quamvis</strong></span> <span class='ocrx_word' id='word_1_25' title='bbox 716 751 775 805; x_wconf 91' lang='lat' dir='ltr'><strong>in</strong></span> <span class='ocrx_word' id='word_1_26' title='bbox 839 751 1152 807; x_wconf 82' lang='lat' dir='ltr'><strong>Februario</strong></span> <span class='ocrx_word' id='word_1_27' title='bbox 1205 757 1489 808; x_wconf 83' lang='lat' dir='ltr'><strong>occurrat.</strong></span> <span class='ocrx_word' id='word_1_28' title='bbox 1550 752 1713 807; x_wconf 86' lang='lat' dir='ltr'><strong>Sicut</strong></span> <span class='ocrx_word' id='word_1_29' title='bbox 1763 758 1819 809; x_wconf 88' lang='lat' dir='ltr'><strong>ct</strong></span> 
     </span>
    </p>
   </div>
   <div class='ocr_carea' id='block_1_7' title="bbox 164 837 1817 913">
    <p class='ocr_par' dir='ltr' id='par_1_7' title="bbox 164 837 1817 913">
     <span class='ocr_line' id='line_1_7' title="bbox 164 837 1817 913; baseline 0.001 -19"><span class='ocrx_word' id='word_1_30' title='bbox 164 839 391 895; x_wconf 80' lang='lat' dir='ltr'><strong>Pascha</strong></span> <span class='ocrx_word' id='word_1_31' title='bbox 418 838 602 910; x_wconf 87' lang='lat' dir='ltr'><strong>Aprili</strong></span> <span class='ocrx_word' id='word_1_32' title='bbox 634 855 867 911; x_wconf 87' lang='lat' dir='ltr'><strong>semper</strong></span> <span class='ocrx_word' id='word_1_33' title='bbox 899 837 1231 905; x_wconf 88' lang='lat' dir='ltr'><strong>ascribitur,</strong></span> <span class='ocrx_word' id='word_1_34' title='bbox 1265 839 1532 911; x_wconf 84' lang='lat' dir='ltr'><strong>quamvis</strong></span> <span class='ocrx_word' id='word_1_35' title='bbox 1575 857 1729 913; x_wconf 64' lang='lat' dir='ltr'><strong>saepe</strong></span> <span class='ocrx_word' id='word_1_36' title='bbox 1758 841 1817 896; x_wconf 91' lang='lat' dir='ltr'><strong>in</strong></span> 
     </span>
    </p>
   </div>
   <div class='ocr_carea' id='block_1_8' title="bbox 165 927 1818 1001">
    <p class='ocr_par' dir='ltr' id='par_1_8' title="bbox 165 927 1818 1001">
     <span class='ocr_line' id='line_1_8' title="bbox 165 927 1818 1001; baseline 0.001 -18"><span class='ocrx_word' id='word_1_37' title='bbox 165 927 371 983; x_wconf 87' lang='lat' dir='ltr'><strong>Martio</strong></span> <span class='ocrx_word' id='word_1_38' title='bbox 403 928 843 1000; x_wconf 84' lang='lat' dir='ltr'><strong>contingat.Nec</strong></span> <span class='ocrx_word' id='word_1_39' title='bbox 873 928 982 983; x_wconf 90' lang='lat' dir='ltr'><strong>hoc</strong></span> <span class='ocrx_word' id='word_1_40' title='bbox 1003 929 1207 1000; x_wconf 85' lang='lat' dir='ltr'><strong>utique</strong></span> <span class='ocrx_word' id='word_1_41' title='bbox 1239 928 1523 1000; x_wconf 85' lang='lat' dir='ltr'><strong>probabili</strong></span> <span class='ocrx_word' id='word_1_42' title='bbox 1555 929 1818 1001; x_wconf 81' lang='lat' dir='ltr'><strong>exemplo</strong></span> 
     </span>
    </p>
   </div>
   <div class='ocr_carea' id='block_1_9' title="bbox 165 1016 1818 1089">
    <p class='ocr_par' dir='ltr' id='par_1_9' title="bbox 165 1016 1818 1089">
     <span class='ocr_line' id='line_1_9' title="bbox 165 1016 1818 1089; baseline 0.001 -17"><span class='ocrx_word' id='word_1_43' title='bbox 165 1016 461 1084; x_wconf 88' lang='lat' dir='ltr'><strong>carebit,si</strong></span> <span class='ocrx_word' id='word_1_44' title='bbox 492 1033 791 1072; x_wconf 87' lang='lat' dir='ltr'><strong>sacrorum</strong></span> <span class='ocrx_word' id='word_1_45' title='bbox 824 1017 1096 1072; x_wconf 87' lang='lat' dir='ltr'><strong>ordinum</strong></span> <span class='ocrx_word' id='word_1_46' title='bbox 1147 1017 1506 1089; x_wconf 86' lang='lat' dir='ltr'><strong>dispensatio</strong></span> <span class='ocrx_word' id='word_1_47' title='bbox 1546 1035 1818 1074; x_wconf 89' lang='lat' dir='ltr'><strong>nonnun-</strong></span> 
     </span>
    </p>
   </div>
   <div class='ocr_carea' id='block_1_10' title="bbox 165 1105 1821 1180">
    <p class='ocr_par' dir='ltr' id='par_1_10' title="bbox 165 1105 1821 1180">
     <span class='ocr_line' id='line_1_10' title="bbox 165 1105 1821 1180; baseline 0.002 -20"><span class='ocrx_word' id='word_1_48' title='bbox 165 1121 345 1177; x_wconf 80' lang='lat' dir='ltr'><strong>quam</strong></span> <span class='ocrx_word' id='word_1_49' title='bbox 378 1106 479 1160; x_wconf 85' lang='lat' dir='ltr'><strong>ﬁat</strong></span> <span class='ocrx_word' id='word_1_50' title='bbox 510 1105 568 1160; x_wconf 91' lang='lat' dir='ltr'><strong>in</strong></span> <span class='ocrx_word' id='word_1_51' title='bbox 599 1105 936 1173; x_wconf 85' lang='lat' dir='ltr'><strong>Februario,</strong></span> <span class='ocrx_word' id='word_1_52' title='bbox 971 1107 1110 1161; x_wconf 93' lang='lat' dir='ltr'><strong>dum</strong></span> <span class='ocrx_word' id='word_1_53' title='bbox 1155 1105 1263 1161; x_wconf 91' lang='lat' dir='ltr'><strong>hoc</strong></span> <span class='ocrx_word' id='word_1_54' title='bbox 1293 1106 1476 1180; x_wconf 86' lang='lat' dir='ltr'><strong>egerit</strong></span> <span class='ocrx_word' id='word_1_55' title='bbox 1504 1109 1821 1180; x_wconf 88' lang='lat' dir='ltr'><strong>quadrage-</strong></span> 
     </span>
    </p>
   </div>
   <div class='ocr_carea' id='block_1_11' title="bbox 167 1193 1817 1266">
    <p class='ocr_par' dir='ltr' id='par_1_11' title="bbox 167 1193 1817 1266">
     <span class='ocr_line' id='line_1_11' title="bbox 167 1193 1817 1266; baseline 0.001 -16"><span class='ocrx_word' id='word_1_56' title='bbox 167 1193 396 1250; x_wconf 90' lang='lat' dir='ltr'><strong>simalis</strong></span> <span class='ocrx_word' id='word_1_57' title='bbox 426 1193 579 1249; x_wconf 90' lang='lat' dir='ltr'><strong>initii</strong></span> <span class='ocrx_word' id='word_1_58' title='bbox 618 1195 986 1266; x_wconf 73' lang='lat' dir='ltr'><strong>praemutatio</strong></span> <span class='ocrx_word' id='word_1_59' title='bbox 1035 1195 1248 1266; x_wconf 82' lang='lat' dir='ltr'><strong>[ratio].</strong></span> <span class='ocrx_word' id='word_1_60' title='bbox 1283 1195 1428 1250; x_wconf 90' lang='lat' dir='ltr'><strong>Nam</strong></span> <span class='ocrx_word' id='word_1_61' title='bbox 1462 1196 1817 1252; x_wconf 90' lang='lat' dir='ltr'><strong>reverendis-</strong></span> 
     </span>
    </p>
   </div>
   <div class='ocr_carea' id='block_1_12' title="bbox 167 1282 1820 1355">
    <p class='ocr_par' dir='ltr' id='par_1_12' title="bbox 167 1282 1820 1355">
     <span class='ocr_line' id='line_1_12' title="bbox 167 1282 1820 1355; baseline 0.001 -17"><span class='ocrx_word' id='word_1_62' title='bbox 167 1282 300 1338; x_wconf 87' lang='lat' dir='ltr'><strong>simi</strong></span> <span class='ocrx_word' id='word_1_63' title='bbox 331 1282 530 1338; x_wconf 86' lang='lat' dir='ltr'><strong>Patres</strong></span> <span class='ocrx_word' id='word_1_64' title='bbox 565 1282 769 1347; x_wconf 86' lang='lat' dir='ltr'><strong>nostri,</strong></span> <span class='ocrx_word' id='word_1_65' title='bbox 806 1283 1114 1338; x_wconf 85' lang='lat' dir='ltr'><strong>sanctitate</strong></span> <span class='ocrx_word' id='word_1_66' title='bbox 1144 1288 1200 1337; x_wconf 90' lang='lat' dir='ltr'><strong>et</strong></span> <span class='ocrx_word' id='word_1_67' title='bbox 1221 1285 1540 1355; x_wconf 89' lang='lat' dir='ltr'><strong>apostolica</strong></span> <span class='ocrx_word' id='word_1_68' title='bbox 1569 1285 1820 1341; x_wconf 90' lang='lat' dir='ltr'><strong>auctori-</strong></span> 
     </span>
    </p>
   </div>
   <div class='ocr_carea' id='block_1_13' title="bbox 168 1371 1822 1445">
    <p class='ocr_par' dir='ltr' id='par_1_13' title="bbox 168 1371 1822 1445">
     <span class='ocr_line' id='line_1_13' title="bbox 168 1371 1822 1445; baseline 0.003 -20"><span class='ocrx_word' id='word_1_69' title='bbox 168 1376 285 1426; x_wconf 85' lang='lat' dir='ltr'><strong>tate</strong></span> <span class='ocrx_word' id='word_1_70' title='bbox 317 1371 621 1444; x_wconf 68' lang='lat' dir='ltr'><strong>praecipui,</strong></span> <span class='ocrx_word' id='word_1_71' title='bbox 652 1371 918 1428; x_wconf 90' lang='lat' dir='ltr'><strong>videlicet</strong></span> <span class='ocrx_word' id='word_1_72' title='bbox 949 1371 1310 1444; x_wconf 85' lang='lat' dir='ltr'><strong>Simplicius,</strong></span> <span class='ocrx_word' id='word_1_73' title='bbox 1341 1373 1627 1440; x_wconf 89' lang='lat' dir='ltr'><strong>Gelasius,</strong></span> <span class='ocrx_word' id='word_1_74' title='bbox 1661 1375 1822 1445; x_wconf 76' lang='lat' dir='ltr'><strong>Sym-</strong></span> 
     </span>
    </p>
   </div>
   <div class='ocr_carea' id='block_1_14' title="bbox 167 1459 1820 1527">
    <p class='ocr_par' dir='ltr' id='par_1_14' title="bbox 167 1459 1820 1527">
     <span class='ocr_line' id='line_1_14' title="bbox 167 1459 1820 1527; baseline 0.002 -12"><span class='ocrx_word' id='word_1_75' title='bbox 167 1459 434 1527; x_wconf 86' lang='lat' dir='ltr'><strong>machus,</strong></span> <span class='ocrx_word' id='word_1_76' title='bbox 467 1459 640 1527; x_wconf 81' lang='lat' dir='ltr'><strong>Felix,</strong></span> <span class='ocrx_word' id='word_1_77' title='bbox 695 1460 755 1514; x_wconf 89' lang='lat' dir='ltr'><strong>in</strong></span> <span class='ocrx_word' id='word_1_78' title='bbox 804 1461 1116 1516; x_wconf 85' lang='lat' dir='ltr'><strong>Februario</strong></span> <span class='ocrx_word' id='word_1_79' title='bbox 1166 1461 1562 1518; x_wconf 86' lang='lat' dir='ltr'><strong>ordinationes</strong></span> <span class='ocrx_word' id='word_1_80' title='bbox 1612 1463 1820 1518; x_wconf 82' lang='lat' dir='ltr'><strong>fecisse</strong></span> 
     </span>
    </p>
   </div>
   <div class='ocr_carea' id='block_1_15' title="bbox 163 1547 1820 1622">
    <p class='ocr_par' dir='ltr' id='par_1_15' title="bbox 163 1547 1820 1622">
     <span class='ocr_line' id='line_1_15' title="bbox 163 1547 1820 1622; baseline 0.003 -20"><span class='ocrx_word' id='word_1_81' title='bbox 163 1547 602 1621; x_wconf 89' lang='lat' dir='ltr'><strong>lcguntur,cum</strong></span> <span class='ocrx_word' id='word_1_82' title='bbox 627 1549 753 1620; x_wconf 88' lang='lat' dir='ltr'><strong>jam</strong></span> <span class='ocrx_word' id='word_1_83' title='bbox 782 1552 982 1604; x_wconf 88' lang='lat' dir='ltr'><strong>sancta</strong></span> <span class='ocrx_word' id='word_1_84' title='bbox 1014 1549 1274 1605; x_wconf 83' lang='lat' dir='ltr'><strong>Romana</strong></span> <span class='ocrx_word' id='word_1_85' title='bbox 1306 1549 1560 1606; x_wconf 87' lang='lat' dir='ltr'><strong>Ecclesia</strong></span> <span class='ocrx_word' id='word_1_86' title='bbox 1589 1552 1820 1622; x_wconf 90' lang='lat' dir='ltr'><strong>jejunia</strong></span> 
     </span>
    </p>
   </div>
   <div class='ocr_carea' id='block_1_16' title="bbox 165 1632 1819 1710">
    <p class='ocr_par' dir='ltr' id='par_1_16' title="bbox 165 1632 1819 1710">
     <span class='ocr_line' id='line_1_16' title="bbox 165 1632 1819 1710; baseline 0.001 -17"><span class='ocrx_word' id='word_1_87' title='bbox 165 1638 426 1701; x_wconf 85' lang='lat' dir='ltr'><strong>Quatuor</strong></span> <span class='ocrx_word' id='word_1_88' title='bbox 451 1632 804 1710; x_wconf 87' lang='lat' dir='ltr'><strong>Temporum</strong></span> <span class='ocrx_word' id='word_1_89' title='bbox 848 1638 906 1692; x_wconf 92' lang='lat' dir='ltr'><strong>in</strong></span> <span class='ocrx_word' id='word_1_90' title='bbox 956 1637 1318 1693; x_wconf 86' lang='lat' dir='ltr'><strong>ordinatione</strong></span> <span class='ocrx_word' id='word_1_91' title='bbox 1370 1640 1674 1695; x_wconf 88' lang='lat' dir='ltr'><strong>observare</strong></span> <span class='ocrx_word' id='word_1_92' title='bbox 1727 1642 1819 1694; x_wconf 87' lang='lat' dir='ltr'><strong>de-</strong></span> 
     </span>
    </p>
   </div>
   <div class='ocr_carea' id='block_1_17' title="bbox 163 1726 1821 1799">
    <p class='ocr_par' dir='ltr' id='par_1_17' title="bbox 163 1726 1821 1799">
     <span class='ocr_line' id='line_1_17' title="bbox 163 1726 1821 1799; baseline 0.001 -19"><span class='ocrx_word' id='word_1_93' title='bbox 163 1726 659 1799; x_wconf 90' lang='lat' dir='ltr'><strong>creverit,hocque</strong></span> <span class='ocrx_word' id='word_1_94' title='bbox 683 1726 815 1782; x_wconf 88' lang='lat' dir='ltr'><strong>aliis</strong></span> <span class='ocrx_word' id='word_1_95' title='bbox 848 1742 1079 1798; x_wconf 91' lang='lat' dir='ltr'><strong>quoque</strong></span> <span class='ocrx_word' id='word_1_96' title='bbox 1105 1727 1373 1782; x_wconf 83' lang='lat' dir='ltr'><strong>Ecclesiis</strong></span> <span class='ocrx_word' id='word_1_97' title='bbox 1403 1729 1483 1782; x_wconf 91' lang='lat' dir='ltr'><strong>ita</strong></span> <span class='ocrx_word' id='word_1_98' title='bbox 1512 1731 1821 1784; x_wconf 84' lang='lat' dir='ltr'><strong>observan-</strong></span> 
     </span>
    </p>
   </div>
   <div class='ocr_carea' id='block_1_18' title="bbox 163 1815 1818 1888">
    <p class='ocr_par' dir='ltr' id='par_1_18' title="bbox 163 1815 1818 1888">
     <span class='ocr_line' id='line_1_18' title="bbox 163 1815 1818 1888; baseline 0.002 -18"><span class='ocrx_word' id='word_1_99' title='bbox 163 1815 304 1870; x_wconf 91' lang='lat' dir='ltr'><strong>dum</strong></span> <span class='ocrx_word' id='word_1_100' title='bbox 336 1815 813 1888; x_wconf 86' lang='lat' dir='ltr'><strong>promulgaverit.</strong></span> <span class='ocrx_word' id='word_1_101' title='bbox 841 1816 985 1887; x_wconf 85' lang='lat' dir='ltr'><strong>Ergo</strong></span> <span class='ocrx_word' id='word_1_102' title='bbox 1035 1815 1257 1886; x_wconf 88' lang='lat' dir='ltr'><strong>absque</strong></span> <span class='ocrx_word' id='word_1_103' title='bbox 1303 1817 1462 1872; x_wconf 89' lang='lat' dir='ltr'><strong>omni</strong></span> <span class='ocrx_word' id='word_1_104' title='bbox 1508 1817 1685 1872; x_wconf 90' lang='lat' dir='ltr'><strong>dubio</strong></span> <span class='ocrx_word' id='word_1_105' title='bbox 1717 1819 1818 1873; x_wconf 91' lang='lat' dir='ltr'><strong>ob—</strong></span> 
     </span>
    </p>
   </div>
   <div class='ocr_carea' id='block_1_19' title="bbox 163 1903 1815 1976">
    <p class='ocr_par' dir='ltr' id='par_1_19' title="bbox 163 1903 1815 1976">
     <span class='ocr_line' id='line_1_19' title="bbox 163 1903 1815 1976; baseline 0.002 -18"><span class='ocrx_word' id='word_1_106' title='bbox 163 1919 393 1959; x_wconf 89' lang='lat' dir='ltr'><strong>servare</strong></span> <span class='ocrx_word' id='word_1_107' title='bbox 426 1903 896 1959; x_wconf 85' lang='lat' dir='ltr'><strong>debemus.Unde</strong></span> <span class='ocrx_word' id='word_1_108' title='bbox 925 1909 1046 1958; x_wconf 91' lang='lat' dir='ltr'><strong>tam</strong></span> <span class='ocrx_word' id='word_1_109' title='bbox 1069 1908 1225 1959; x_wconf 88' lang='lat' dir='ltr'><strong>certa</strong></span> <span class='ocrx_word' id='word_1_110' title='bbox 1246 1909 1532 1976; x_wconf 78' lang='lat' dir='ltr'><strong>praecepta</strong></span> <span class='ocrx_word' id='word_1_111' title='bbox 1554 1911 1609 1960; x_wconf 88' lang='lat' dir='ltr'><strong>et</strong></span> <span class='ocrx_word' id='word_1_112' title='bbox 1625 1922 1815 1961; x_wconf 87' lang='lat' dir='ltr'><strong>exem-</strong></span> 
     </span>
    </p>
   </div>
   <div class='ocr_carea' id='block_1_20' title="bbox 161 1991 1816 2065">
    <p class='ocr_par' dir='ltr' id='par_1_20' title="bbox 161 1991 1816 2065">
     <span class='ocr_line' id='line_1_20' title="bbox 161 1991 1816 2065; baseline 0.001 -19"><span class='ocrx_word' id='word_1_113' title='bbox 161 1991 260 2065; x_wconf 91' lang='lat' dir='ltr'><strong>pla</strong></span> <span class='ocrx_word' id='word_1_114' title='bbox 288 1995 628 2048; x_wconf 89' lang='lat' dir='ltr'><strong>sanctorum</strong></span> <span class='ocrx_word' id='word_1_115' title='bbox 675 1995 917 2047; x_wconf 89' lang='lat' dir='ltr'><strong>Patrum</strong></span> <span class='ocrx_word' id='word_1_116' title='bbox 947 1991 1264 2064; x_wconf 89' lang='lat' dir='ltr'><strong>apostolica</strong></span> <span class='ocrx_word' id='word_1_117' title='bbox 1302 1994 1646 2048; x_wconf 88' lang='lat' dir='ltr'><strong>auctoritate</strong></span> <span class='ocrx_word' id='word_1_118' title='bbox 1673 2010 1816 2065; x_wconf 82' lang='lat' dir='ltr'><strong>prae-</strong></span> 
     </span>
    </p>
   </div>
   <div class='ocr_carea' id='block_1_21' title="bbox 163 2079 1816 2153">
    <p class='ocr_par' dir='ltr' id='par_1_21' title="bbox 163 2079 1816 2153">
     <span class='ocr_line' id='line_1_21' title="bbox 163 2079 1816 2153; baseline 0 -17"><span class='ocrx_word' id='word_1_119' title='bbox 163 2081 422 2136; x_wconf 89' lang='lat' dir='ltr'><strong>ditorum</strong></span> <span class='ocrx_word' id='word_1_120' title='bbox 455 2079 815 2136; x_wconf 80' lang='lat' dir='ltr'><strong>sufficienter</strong></span> <span class='ocrx_word' id='word_1_121' title='bbox 863 2081 1171 2147; x_wconf 89' lang='lat' dir='ltr'><strong>habemus,</strong></span> <span class='ocrx_word' id='word_1_122' title='bbox 1223 2081 1546 2153; x_wconf 64' lang='lat' dir='ltr'><strong>praesertim</strong></span> <span class='ocrx_word' id='word_1_123' title='bbox 1599 2099 1731 2136; x_wconf 90' lang='lat' dir='ltr'><strong>cum</strong></span> <span class='ocrx_word' id='word_1_124' title='bbox 1763 2087 1816 2136; x_wconf 91' lang='lat' dir='ltr'><strong>et</strong></span> 
     </span>
    </p>
   </div>
   <div class='ocr_carea' id='block_1_22' title="bbox 163 2167 1816 2242">
    <p class='ocr_par' dir='ltr' id='par_1_22' title="bbox 163 2167 1816 2242">
     <span class='ocr_line' id='line_1_22' title="bbox 163 2167 1816 2242; baseline -0.001 -18"><span class='ocrx_word' id='word_1_125' title='bbox 163 2167 398 2226; x_wconf 87' lang='lat' dir='ltr'><strong>facilius</strong></span> <span class='ocrx_word' id='word_1_126' title='bbox 429 2169 770 2225; x_wconf 89' lang='lat' dir='ltr'><strong>observetur</strong></span> <span class='ocrx_word' id='word_1_127' title='bbox 794 2170 947 2241; x_wconf 91' lang='lat' dir='ltr'><strong>quod</strong></span> <span class='ocrx_word' id='word_1_128' title='bbox 981 2170 1222 2242; x_wconf 89' lang='lat' dir='ltr'><strong>provida</strong></span> <span class='ocrx_word' id='word_1_129' title='bbox 1250 2171 1571 2241; x_wconf 84' lang='lat' dir='ltr'><strong>antiquitas</strong></span> <span class='ocrx_word' id='word_1_130' title='bbox 1596 2176 1650 2224; x_wconf 90' lang='lat' dir='ltr'><strong>et</strong></span> <span class='ocrx_word' id='word_1_131' title='bbox 1681 2188 1816 2225; x_wconf 88' lang='lat' dir='ltr'><strong>auc-</strong></span> 
     </span>
    </p>
   </div>
   <div class='ocr_carea' id='block_1_23' title="bbox 161 2258 1818 2331">
    <p class='ocr_par' dir='ltr' id='par_1_23' title="bbox 161 2258 1818 2331">
     <span class='ocr_line' id='line_1_23' title="bbox 161 2258 1818 2331; baseline 0.001 -18"><span class='ocrx_word' id='word_1_132' title='bbox 161 2259 370 2315; x_wconf 87' lang='lat' dir='ltr'><strong>toritas</strong></span> <span class='ocrx_word' id='word_1_133' title='bbox 400 2258 676 2327; x_wconf 85' lang='lat' dir='ltr'><strong>instituit,</strong></span> <span class='ocrx_word' id='word_1_134' title='bbox 711 2275 889 2330; x_wconf 88' lang='lat' dir='ltr'><strong>quam</strong></span> <span class='ocrx_word' id='word_1_135' title='bbox 934 2259 1088 2331; x_wconf 91' lang='lat' dir='ltr'><strong>quod</strong></span> <span class='ocrx_word' id='word_1_136' title='bbox 1121 2259 1552 2314; x_wconf 89' lang='lat' dir='ltr'><strong>inconsiderata</strong></span> <span class='ocrx_word' id='word_1_137' title='bbox 1593 2261 1818 2315; x_wconf 91' lang='lat' dir='ltr'><strong>novitas</strong></span> 
     </span>
    </p>
   </div>
   <div class='ocr_carea' id='block_1_24' title="bbox 159 2339 1814 2420">
    <p class='ocr_par' dir='ltr' id='par_1_24' title="bbox 159 2339 1814 2420">
     <span class='ocr_line' id='line_1_24' title="bbox 159 2339 1814 2420; baseline 0.001 -18"><span class='ocrx_word' id='word_1_138' title='bbox 159 2352 217 2402; x_wconf 88' lang='lat' dir='ltr'><strong>et</strong></span> <span class='ocrx_word' id='word_1_139' title='bbox 240 2347 564 2403; x_wconf 85' lang='lat' dir='ltr'><strong>inﬁrmitas</strong></span> <span class='ocrx_word' id='word_1_140' title='bbox 593 2347 1072 2403; x_wconf 89' lang='lat' dir='ltr'><strong>adinvenit.Nulli</strong></span> <span class='ocrx_word' id='word_1_141' title='bbox 1097 2348 1252 2402; x_wconf 88' lang='lat' dir='ltr'><strong>enim</strong></span> <span class='ocrx_word' id='word_1_142' title='bbox 1285 2348 1531 2402; x_wconf 90' lang='lat' dir='ltr'><strong>dubium</strong></span> <span class='ocrx_word' id='word_1_143' title='bbox 1559 2353 1646 2402; x_wconf 90' lang='lat' dir='ltr'><strong>est</strong></span> <span class='ocrx_word' id='word_1_144' title='bbox 1676 2339 1814 2420; x_wconf 86' lang='lat' dir='ltr'><strong>quin</strong></span> 
     </span>
    </p>
   </div>
   <div class='ocr_carea' id='block_1_25' title="bbox 161 2437 1820 2508">
    <p class='ocr_par' dir='ltr' id='par_1_25' title="bbox 161 2437 1820 2508">
     <span class='ocr_line' id='line_1_25' title="bbox 161 2437 1820 2508; baseline 0.002 -18"><span class='ocrx_word' id='word_1_145' title='bbox 161 2437 392 2492; x_wconf 84' lang='lat' dir='ltr'><strong>facilius</strong></span> <span class='ocrx_word' id='word_1_146' title='bbox 423 2437 500 2492; x_wconf 89' lang='lat' dir='ltr'><strong>sit</strong></span> <span class='ocrx_word' id='word_1_147' title='bbox 529 2437 688 2492; x_wconf 89' lang='lat' dir='ltr'><strong>omni</strong></span> <span class='ocrx_word' id='word_1_148' title='bbox 720 2453 872 2492; x_wconf 91' lang='lat' dir='ltr'><strong>anno</strong></span> <span class='ocrx_word' id='word_1_149' title='bbox 905 2437 1058 2492; x_wconf 91' lang='lat' dir='ltr'><strong>idem</strong></span> <span class='ocrx_word' id='word_1_150' title='bbox 1086 2437 1383 2508; x_wconf 88' lang='lat' dir='ltr'><strong>jejunium</strong></span> <span class='ocrx_word' id='word_1_151' title='bbox 1415 2437 1607 2491; x_wconf 87' lang='lat' dir='ltr'><strong>Martii</strong></span> <span class='ocrx_word' id='word_1_152' title='bbox 1640 2438 1697 2492; x_wconf 92' lang='lat' dir='ltr'><strong>in</strong></span> <span class='ocrx_word' id='word_1_153' title='bbox 1730 2455 1820 2493; x_wconf 88' lang='lat' dir='ltr'><strong>ea-</strong></span> 
     </span>
    </p>
   </div>
   <div class='ocr_carea' id='block_1_26' title="bbox 161 2525 1817 2582">
    <p class='ocr_par' dir='ltr' id='par_1_26' title="bbox 161 2525 1817 2582">
     <span class='ocr_line' id='line_1_26' title="bbox 161 2525 1817 2582; baseline 0.001 -2"><span class='ocrx_word' id='word_1_154' title='bbox 161 2527 294 2581; x_wconf 88' lang='lat' dir='ltr'><strong>dem</strong></span> <span class='ocrx_word' id='word_1_155' title='bbox 326 2525 700 2581; x_wconf 88' lang='lat' dir='ltr'><strong>hebdomada</strong></span> <span class='ocrx_word' id='word_1_156' title='bbox 730 2542 862 2580; x_wconf 92' lang='lat' dir='ltr'><strong>cum</strong></span> <span class='ocrx_word' id='word_1_157' title='bbox 895 2526 1116 2581; x_wconf 87' lang='lat' dir='ltr'><strong>eisdem</strong></span> <span class='ocrx_word' id='word_1_158' title='bbox 1150 2525 1359 2580; x_wconf 79' lang='lat' dir='ltr'><strong>officiis</strong></span> <span class='ocrx_word' id='word_1_159' title='bbox 1391 2527 1694 2581; x_wconf 86' lang='lat' dir='ltr'><strong>inconfuse</strong></span> <span class='ocrx_word' id='word_1_160' title='bbox 1726 2544 1817 2582; x_wconf 90' lang='lat' dir='ltr'><strong>ce-</strong></span> 
     </span>
    </p>
   </div>
   <div class='ocr_carea' id='block_1_27' title="bbox 160 2614 1817 2685">
    <p class='ocr_par' dir='ltr' id='par_1_27' title="bbox 160 2614 1817 2685">
     <span class='ocr_line' id='line_1_27' title="bbox 160 2614 1817 2685; baseline 0.002 -17"><span class='ocrx_word' id='word_1_161' title='bbox 160 2614 410 2680; x_wconf 88' lang='lat' dir='ltr'><strong>lebrare,</strong></span> <span class='ocrx_word' id='word_1_162' title='bbox 443 2630 620 2685; x_wconf 88' lang='lat' dir='ltr'><strong>quam</strong></span> <span class='ocrx_word' id='word_1_163' title='bbox 651 2615 722 2670; x_wconf 92' lang='lat' dir='ltr'><strong>de</strong></span> <span class='ocrx_word' id='word_1_164' title='bbox 748 2615 1115 2670; x_wconf 85' lang='lat' dir='ltr'><strong>hebdomada</strong></span> <span class='ocrx_word' id='word_1_165' title='bbox 1148 2615 1206 2669; x_wconf 91' lang='lat' dir='ltr'><strong>in</strong></span> <span class='ocrx_word' id='word_1_166' title='bbox 1240 2615 1669 2670; x_wconf 85' lang='lat' dir='ltr'><strong>hebdomadam</strong></span> <span class='ocrx_word' id='word_1_167' title='bbox 1703 2633 1817 2671; x_wconf 91' lang='lat' dir='ltr'><strong>non</strong></span> 
     </span>
    </p>
   </div>
   <div class='ocr_carea' id='block_1_28' title="bbox 163 2703 1816 2770">
    <p class='ocr_par' dir='ltr' id='par_1_28' title="bbox 163 2703 1816 2770">
     <span class='ocr_line' id='line_1_28' title="bbox 163 2703 1816 2770; baseline 0.001 -12"><span class='ocrx_word' id='word_1_168' title='bbox 163 2703 288 2759; x_wconf 88' lang='lat' dir='ltr'><strong>sine</strong></span> <span class='ocrx_word' id='word_1_169' title='bbox 319 2703 659 2759; x_wconf 89' lang='lat' dir='ltr'><strong>confusione</strong></span> <span class='ocrx_word' id='word_1_170' title='bbox 690 2703 1037 2768; x_wconf 80' lang='lat' dir='ltr'><strong>officiorum,</strong></span> <span class='ocrx_word' id='word_1_171' title='bbox 1091 2709 1154 2758; x_wconf 91' lang='lat' dir='ltr'><strong>ut</strong></span> <span class='ocrx_word' id='word_1_172' title='bbox 1205 2703 1373 2758; x_wconf 92' lang='lat' dir='ltr'><strong>multi</strong></span> <span class='ocrx_word' id='word_1_173' title='bbox 1425 2703 1631 2770; x_wconf 89' lang='lat' dir='ltr'><strong>solent,</strong></span> <span class='ocrx_word' id='word_1_174' title='bbox 1675 2704 1816 2760; x_wconf 92' lang='lat' dir='ltr'><strong>illud</strong></span> 
     </span>
    </p>
   </div>
   <div class='ocr_carea' id='block_1_29' title="bbox 164 2791 750 2847">
    <p class='ocr_par' dir='ltr' id='par_1_29' title="bbox 164 2791 750 2847">
     <span class='ocr_line' id='line_1_29' title="bbox 164 2791 750 2847; baseline 0 -1"><span class='ocrx_word' id='word_1_175' title='bbox 164 2791 470 2847; x_wconf 87' lang='lat' dir='ltr'><strong>annuatim</strong></span> <span class='ocrx_word' id='word_1_176' title='bbox 504 2795 750 2846; x_wconf 88' lang='lat' dir='ltr'><strong>mutare.</strong></span> 
     </span>
    </p>
   </div>
   <div class='ocr_carea' id='block_1_30' title="bbox 470 2879 1512 2952">
    <p class='ocr_par' dir='ltr' id='par_1_30' title="bbox 470 2879 1512 2952">
     <span class='ocr_line' id='line_1_30' title="bbox 470 2879 1512 2952; baseline 0.001 -17"><span class='ocrx_word' id='word_1_177' title='bbox 470 2883 600 2935; x_wconf 80' lang='lat' dir='ltr'><strong>CAP.</strong></span> <span class='ocrx_word' id='word_1_178' title='bbox 637 2879 800 2936; x_wconf 87' lang='lat' dir='ltr'><strong>XXV.</strong></span> <span class='ocrx_word' id='word_1_179' title='bbox 832 2913 900 2920; x_wconf 93' lang='lat'><strong><em>—</em></strong></span> <span class='ocrx_word' id='word_1_180' title='bbox 927 2882 1000 2935; x_wconf 80' lang='lat' dir='ltr'><strong>De</strong></span> <span class='ocrx_word' id='word_1_181' title='bbox 1014 2882 1231 2952; x_wconf 76' lang='lat' dir='ltr'><strong>jejunio</strong></span> <span class='ocrx_word' id='word_1_182' title='bbox 1259 2883 1512 2936; x_wconf 64' lang='lat' dir='ltr'><strong>testiculi.</strong></span> 
     </span>
    </p>
   </div>
   <div class='ocr_carea' id='block_1_31' title="bbox 239 2968 1820 3043">
    <p class='ocr_par' dir='ltr' id='par_1_31' title="bbox 239 2968 1820 3043">
     <span class='ocr_line' id='line_1_31' title="bbox 239 2968 1820 3043; baseline 0.001 -19"><span class='ocrx_word' id='word_1_183' title='bbox 239 2968 562 3042; x_wconf 85' lang='lat' dir='ltr'><strong>Gregorius</strong></span> <span class='ocrx_word' id='word_1_184' title='bbox 587 2985 738 3041; x_wconf 89' lang='lat' dir='ltr'><strong>papa</strong></span> <span class='ocrx_word' id='word_1_185' title='bbox 788 2970 1075 3042; x_wconf 89' lang='lat' dir='ltr'><strong>septimus</strong></span> <span class='ocrx_word' id='word_1_186' title='bbox 1107 2970 1435 3041; x_wconf 66' lang='lat' dir='ltr'><strong>apostolicae</strong></span> <span class='ocrx_word' id='word_1_187' title='bbox 1468 2971 1588 3026; x_wconf 91' lang='lat' dir='ltr'><strong>sedi</strong></span> <span class='ocrx_word' id='word_1_188' title='bbox 1623 2971 1820 3043; x_wconf 68' lang='lat' dir='ltr'><strong>praesi-</strong></span> 
     </span>
    </p>
   </div>
   <div class='ocr_carea' id='block_1_32' title="bbox 162 3056 1819 3130">
    <p class='ocr_par' dir='ltr' id='par_1_32' title="bbox 162 3056 1819 3130">
     <span class='ocr_line' id='line_1_32' title="bbox 162 3056 1819 3130; baseline 0.001 -17"><span class='ocrx_word' id='word_1_189' title='bbox 162 3059 327 3124; x_wconf 90' lang='lat' dir='ltr'><strong>dens,</strong></span> <span class='ocrx_word' id='word_1_190' title='bbox 349 3056 655 3113; x_wconf 88' lang='lat' dir='ltr'><strong>constituit</strong></span> <span class='ocrx_word' id='word_1_191' title='bbox 688 3062 754 3113; x_wconf 90' lang='lat' dir='ltr'><strong>ut</strong></span> <span class='ocrx_word' id='word_1_192' title='bbox 779 3058 1032 3113; x_wconf 65' lang='lat' dir='ltr'><strong>aastivale</strong></span> <span class='ocrx_word' id='word_1_193' title='bbox 1054 3059 1348 3130; x_wconf 87' lang='lat' dir='ltr'><strong>jejunium</strong></span> <span class='ocrx_word' id='word_1_194' title='bbox 1382 3059 1534 3114; x_wconf 87' lang='lat' dir='ltr'><strong>infra</strong></span> <span class='ocrx_word' id='word_1_195' title='bbox 1559 3065 1819 3115; x_wconf 81' lang='lat' dir='ltr'><strong>octavam</strong></span> 
     </span>
    </p>
   </div>
   <div class='ocr_carea' id='block_1_33' title="bbox 159 3145 1819 3220">
    <p class='ocr_par' dir='ltr' id='par_1_33' title="bbox 159 3145 1819 3220">
     <span class='ocr_line' id='line_1_33' title="bbox 159 3145 1819 3220; baseline 0.002 -20"><span class='ocrx_word' id='word_1_196' title='bbox 159 3146 530 3202; x_wconf 86' lang='lat' dir='ltr'><strong>Pentecostes</strong></span> <span class='ocrx_word' id='word_1_197' title='bbox 555 3146 868 3202; x_wconf 88' lang='lat' dir='ltr'><strong>annuatim</strong></span> <span class='ocrx_word' id='word_1_198' title='bbox 922 3145 1334 3203; x_wconf 85' lang='lat' dir='ltr'><strong>celebraretur.</strong></span> <span class='ocrx_word' id='word_1_199' title='bbox 1369 3149 1530 3212; x_wconf 87' lang='lat' dir='ltr'><strong>Quod</strong></span> <span class='ocrx_word' id='word_1_200' title='bbox 1583 3149 1819 3220; x_wconf 90' lang='lat' dir='ltr'><strong>quidem</strong></span> 
     </span>
    </p>
   </div>
   <div class='ocr_carea' id='block_1_34' title="bbox 163 3235 1820 3310">
    <p class='ocr_par' dir='ltr' id='par_1_34' title="bbox 163 3235 1820 3310">
     <span class='ocr_line' id='line_1_34' title="bbox 163 3235 1820 3310; baseline 0.001 -20"><span class='ocrx_word' id='word_1_201' title='bbox 163 3235 617 3307; x_wconf 88' lang='lat' dir='ltr'><strong>sapientioribus</strong></span> <span class='ocrx_word' id='word_1_202' title='bbox 637 3235 958 3290; x_wconf 86' lang='lat' dir='ltr'><strong>reverentia</strong></span> <span class='ocrx_word' id='word_1_203' title='bbox 982 3237 1136 3292; x_wconf 89' lang='lat' dir='ltr'><strong>sedis</strong></span> <span class='ocrx_word' id='word_1_204' title='bbox 1154 3237 1482 3309; x_wconf 72' lang='lat' dir='ltr'><strong>apostolicae</strong></span> <span class='ocrx_word' id='word_1_205' title='bbox 1505 3237 1670 3292; x_wconf 88' lang='lat' dir='ltr'><strong>facile</strong></span> <span class='ocrx_word' id='word_1_206' title='bbox 1693 3255 1820 3310; x_wconf 90' lang='lat' dir='ltr'><strong>per-</strong></span> 
     </span>
    </p>
   </div>
   <div class='ocr_carea' id='block_1_35' title="bbox 1928 664 3574 738">
    <p class='ocr_par' dir='ltr' id='par_1_35' title="bbox 1928 664 3574 738">
     <span class='ocr_line' id='line_1_35' title="bbox 1928 664 3574 738; baseline 0 -18"><span class='ocrx_word' id='word_1_207' title='bbox 1928 664 2094 720; x_wconf 91' lang='lat' dir='ltr'><strong>illum</strong></span> <span class='ocrx_word' id='word_1_208' title='bbox 2129 683 2240 722; x_wconf 90' lang='lat' dir='ltr'><strong>non</strong></span> <span class='ocrx_word' id='word_1_209' title='bbox 2275 665 2497 734; x_wconf 86' lang='lat' dir='ltr'><strong>latebit,</strong></span> <span class='ocrx_word' id='word_1_210' title='bbox 2521 668 2855 738; x_wconf 88' lang='lat' dir='ltr'><strong>quicunque</strong></span> <span class='ocrx_word' id='word_1_211' title='bbox 2887 664 3200 737; x_wconf 79' lang='lat' dir='ltr'><strong>diligenter</strong></span> <span class='ocrx_word' id='word_1_212' title='bbox 3229 665 3574 736; x_wconf 88' lang='lat' dir='ltr'><strong>interjacen-</strong></span> 
     </span>
    </p>
   </div>
   <div class='ocr_carea' id='block_1_36' title="bbox 1927 753 3574 828">
    <p class='ocr_par' dir='ltr' id='par_1_36' title="bbox 1927 753 3574 828">
     <span class='ocr_line' id='line_1_36' title="bbox 1927 753 3574 828; baseline -0.001 -18"><span class='ocrx_word' id='word_1_213' title='bbox 1927 759 2014 810; x_wconf 91' lang='lat' dir='ltr'><strong>tes</strong></span> <span class='ocrx_word' id='word_1_214' title='bbox 2043 755 2444 811; x_wconf 89' lang='lat' dir='ltr'><strong>hebdomadas</strong></span> <span class='ocrx_word' id='word_1_215' title='bbox 2476 755 2727 828; x_wconf 84' lang='lat' dir='ltr'><strong>singulis</strong></span> <span class='ocrx_word' id='word_1_216' title='bbox 2757 755 2927 809; x_wconf 90' lang='lat' dir='ltr'><strong>annis</strong></span> <span class='ocrx_word' id='word_1_217' title='bbox 2966 753 3381 808; x_wconf 86' lang='lat' dir='ltr'><strong>dinumerabit.</strong></span> <span class='ocrx_word' id='word_1_218' title='bbox 3416 754 3574 809; x_wconf 88' lang='lat' dir='ltr'><strong>Nun-</strong></span> 
     </span>
    </p>
   </div>
   <div class='ocr_carea' id='block_1_37' title="bbox 1927 841 3575 916">
    <p class='ocr_par' dir='ltr' id='par_1_37' title="bbox 1927 841 3575 916">
     <span class='ocr_line' id='line_1_37' title="bbox 1927 841 3575 916; baseline -0.001 -17"><span class='ocrx_word' id='word_1_219' title='bbox 1927 861 2103 916; x_wconf 90' lang='lat' dir='ltr'><strong>quam</strong></span> <span class='ocrx_word' id='word_1_220' title='bbox 2134 860 2273 899; x_wconf 87' lang='lat' dir='ltr'><strong>sane</strong></span> <span class='ocrx_word' id='word_1_221' title='bbox 2303 844 2636 914; x_wconf 90' lang='lat' dir='ltr'><strong>hujusmodi</strong></span> <span class='ocrx_word' id='word_1_222' title='bbox 2663 842 2875 916; x_wconf 67' lang='lat' dir='ltr'><strong>regula:</strong></span> <span class='ocrx_word' id='word_1_223' title='bbox 2897 843 3073 898; x_wconf 89' lang='lat' dir='ltr'><strong>simul</strong></span> <span class='ocrx_word' id='word_1_224' title='bbox 3097 841 3388 898; x_wconf 90' lang='lat' dir='ltr'><strong>observari</strong></span> <span class='ocrx_word' id='word_1_225' title='bbox 3410 846 3575 914; x_wconf 90' lang='lat' dir='ltr'><strong>pote-</strong></span> 
     </span>
    </p>
   </div>
   <div class='ocr_carea' id='block_1_38' title="bbox 1927 929 3572 1001">
    <p class='ocr_par' dir='ltr' id='par_1_38' title="bbox 1927 929 3572 1001">
     <span class='ocr_line' id='line_1_38' title="bbox 1927 929 3572 1001; baseline -0.001 -17"><span class='ocrx_word' id='word_1_226' title='bbox 1927 930 2206 998; x_wconf 90' lang='lat' dir='ltr'><strong>runt,nisi</strong></span> <span class='ocrx_word' id='word_1_227' title='bbox 2232 947 2297 986; x_wconf 90' lang='lat' dir='ltr'><strong>eo</strong></span> <span class='ocrx_word' id='word_1_228' title='bbox 2333 947 2645 992; x_wconf 82' lang='lat' dir='ltr'><strong>anno,cum</strong></span> <span class='ocrx_word' id='word_1_229' title='bbox 2677 930 2947 984; x_wconf 74' lang='lat' dir='ltr'><strong>Kalendae</strong></span> <span class='ocrx_word' id='word_1_230' title='bbox 2978 929 3336 1001; x_wconf 86' lang='lat' dir='ltr'><strong>Septembris</strong></span> <span class='ocrx_word' id='word_1_231' title='bbox 3365 929 3424 983; x_wconf 87' lang='lat' dir='ltr'><strong>in</strong></span> <span class='ocrx_word' id='word_1_232' title='bbox 3457 933 3572 984; x_wconf 90' lang='lat' dir='ltr'><strong>ter—</strong></span> 
     </span>
    </p>
   </div>
   <div class='ocr_carea' id='block_1_39' title="bbox 1926 1018 3574 1090">
    <p class='ocr_par' dir='ltr' id='par_1_39' title="bbox 1926 1018 3574 1090">
     <span class='ocr_line' id='line_1_39' title="bbox 1926 1018 3574 1090; baseline -0.001 -16"><span class='ocrx_word' id='word_1_233' title='bbox 1926 1020 2009 1074; x_wconf 90' lang='lat' dir='ltr'><strong>tia</strong></span> <span class='ocrx_word' id='word_1_234' title='bbox 2035 1020 2120 1075; x_wconf 84' lang='lat' dir='ltr'><strong>vel</strong></span> <span class='ocrx_word' id='word_1_235' title='bbox 2151 1019 2208 1073; x_wconf 93' lang='lat' dir='ltr'><strong>in</strong></span> <span class='ocrx_word' id='word_1_236' title='bbox 2242 1023 2450 1090; x_wconf 90' lang='lat' dir='ltr'><strong>quarta</strong></span> <span class='ocrx_word' id='word_1_237' title='bbox 2487 1019 2631 1074; x_wconf 87' lang='lat' dir='ltr'><strong>feria</strong></span> <span class='ocrx_word' id='word_1_238' title='bbox 2663 1023 2992 1074; x_wconf 89' lang='lat' dir='ltr'><strong>occurrunt.</strong></span> <span class='ocrx_word' id='word_1_239' title='bbox 3025 1019 3134 1073; x_wconf 90' lang='lat' dir='ltr'><strong>Sed</strong></span> <span class='ocrx_word' id='word_1_240' title='bbox 3166 1019 3225 1073; x_wconf 90' lang='lat' dir='ltr'><strong>in</strong></span> <span class='ocrx_word' id='word_1_241' title='bbox 3255 1018 3365 1073; x_wconf 88' lang='lat' dir='ltr'><strong>hac</strong></span> <span class='ocrx_word' id='word_1_242' title='bbox 3395 1035 3574 1073; x_wconf 90' lang='lat' dir='ltr'><strong>causa</strong></span> 
     </span>
    </p>
   </div>
   <div class='ocr_carea' id='block_1_40' title="bbox 1926 1106 3574 1178">
    <p class='ocr_par' dir='ltr' id='par_1_40' title="bbox 1926 1106 3574 1178">
     <span class='ocr_line' id='line_1_40' title="bbox 1926 1106 3574 1178; baseline -0.002 -15"><span class='ocrx_word' id='word_1_243' title='bbox 1926 1106 2258 1163; x_wconf 89' lang='lat' dir='ltr'><strong>Amalarius</strong></span> <span class='ocrx_word' id='word_1_244' title='bbox 2289 1125 2402 1162; x_wconf 91' lang='lat' dir='ltr'><strong>non</strong></span> <span class='ocrx_word' id='word_1_245' title='bbox 2434 1109 2576 1163; x_wconf 90' lang='lat' dir='ltr'><strong>adeo</strong></span> <span class='ocrx_word' id='word_1_246' title='bbox 2605 1110 2895 1163; x_wconf 89' lang='lat' dir='ltr'><strong>notandus</strong></span> <span class='ocrx_word' id='word_1_247' title='bbox 2927 1125 3009 1176; x_wconf 88' lang='lat' dir='ltr'><strong>es,</strong></span> <span class='ocrx_word' id='word_1_248' title='bbox 3042 1107 3140 1178; x_wconf 91' lang='lat' dir='ltr'><strong>qui</strong></span> <span class='ocrx_word' id='word_1_249' title='bbox 3173 1123 3289 1161; x_wconf 90' lang='lat' dir='ltr'><strong>non</strong></span> <span class='ocrx_word' id='word_1_250' title='bbox 3322 1111 3440 1161; x_wconf 90' lang='lat' dir='ltr'><strong>tam</strong></span> <span class='ocrx_word' id='word_1_251' title='bbox 3473 1107 3574 1162; x_wconf 86' lang='lat' dir='ltr'><strong>ali-</strong></span> 
     </span>
    </p>
   </div>
   <div class='ocr_carea' id='block_1_41' title="bbox 1927 1195 3577 1266">
    <p class='ocr_par' dir='ltr' id='par_1_41' title="bbox 1927 1195 3577 1266">
     <span class='ocr_line' id='line_1_41' title="bbox 1927 1195 3577 1266; baseline -0.001 -15"><span class='ocrx_word' id='word_1_252' title='bbox 1927 1213 2104 1266; x_wconf 89' lang='lat' dir='ltr'><strong>quam</strong></span> <span class='ocrx_word' id='word_1_253' title='bbox 2137 1196 2620 1252; x_wconf 88' lang='lat' dir='ltr'><strong>consuetudinem</strong></span> <span class='ocrx_word' id='word_1_254' title='bbox 2652 1197 2957 1251; x_wconf 86' lang='lat' dir='ltr'><strong>instituere</strong></span> <span class='ocrx_word' id='word_1_255' title='bbox 2989 1212 3166 1266; x_wconf 88' lang='lat' dir='ltr'><strong>quam</strong></span> <span class='ocrx_word' id='word_1_256' title='bbox 3199 1196 3270 1250; x_wconf 91' lang='lat' dir='ltr'><strong>de</strong></span> <span class='ocrx_word' id='word_1_257' title='bbox 3309 1195 3577 1250; x_wconf 88' lang='lat' dir='ltr'><strong>instituta</strong></span> 
     </span>
    </p>
   </div>
   <div class='ocr_carea' id='block_1_42' title="bbox 1927 1284 3573 1357">
    <p class='ocr_par' dir='ltr' id='par_1_42' title="bbox 1927 1284 3573 1357">
     <span class='ocr_line' id='line_1_42' title="bbox 1927 1284 3573 1357; baseline -0.001 -17"><span class='ocrx_word' id='word_1_258' title='bbox 1927 1289 2349 1356; x_wconf 90' lang='lat' dir='ltr'><strong>competentem</strong></span> <span class='ocrx_word' id='word_1_259' title='bbox 2392 1284 2650 1356; x_wconf 90' lang='lat' dir='ltr'><strong>aliquam</strong></span> <span class='ocrx_word' id='word_1_260' title='bbox 2703 1286 2952 1357; x_wconf 81' lang='lat' dir='ltr'><strong>figuram</strong></span> <span class='ocrx_word' id='word_1_261' title='bbox 3000 1285 3205 1339; x_wconf 75' lang='lat' dir='ltr'><strong>elicere</strong></span> <span class='ocrx_word' id='word_1_262' title='bbox 3253 1284 3573 1339; x_wconf 87' lang='lat' dir='ltr'><strong>consuevit.</strong></span> 
     </span>
    </p>
   </div>
   <div class='ocr_carea' id='block_1_43' title="bbox 1927 1372 3577 1445">
    <p class='ocr_par' dir='ltr' id='par_1_43' title="bbox 1927 1372 3577 1445">
     <span class='ocr_line' id='line_1_43' title="bbox 1927 1372 3577 1445; baseline -0.001 -18"><span class='ocrx_word' id='word_1_263' title='bbox 1927 1374 2043 1427; x_wconf 88' lang='lat' dir='ltr'><strong>Cur</strong></span> <span class='ocrx_word' id='word_1_264' title='bbox 2073 1379 2268 1428; x_wconf 90' lang='lat' dir='ltr'><strong>autem</strong></span> <span class='ocrx_word' id='word_1_265' title='bbox 2302 1374 2414 1428; x_wconf 81' lang='lat' dir='ltr'><strong>ista</strong></span> <span class='ocrx_word' id='word_1_266' title='bbox 2445 1373 2819 1445; x_wconf 85' lang='lat' dir='ltr'><strong>replieamus,</strong></span> <span class='ocrx_word' id='word_1_267' title='bbox 2845 1391 2978 1427; x_wconf 88' lang='lat' dir='ltr'><strong>eum</strong></span> <span class='ocrx_word' id='word_1_268' title='bbox 3024 1373 3256 1427; x_wconf 87' lang='lat' dir='ltr'><strong>etiamsi</strong></span> <span class='ocrx_word' id='word_1_269' title='bbox 3289 1372 3577 1444; x_wconf 71' lang='lat' dir='ltr'><strong>praedictae</strong></span> 
     </span>
    </p>
   </div>
   <div class='ocr_carea' id='block_1_44' title="bbox 1928 1461 3577 1534">
    <p class='ocr_par' dir='ltr' id='par_1_44' title="bbox 1928 1461 3577 1534">
     <span class='ocr_line' id='line_1_44' title="bbox 1928 1461 3577 1534; baseline 0 -18"><span class='ocrx_word' id='word_1_270' title='bbox 1928 1461 2138 1534; x_wconf 68' lang='lat' dir='ltr'><strong>regula:</strong></span> <span class='ocrx_word' id='word_1_271' title='bbox 2161 1461 2271 1517; x_wconf 89' lang='lat' dir='ltr'><strong>sibi</strong></span> <span class='ocrx_word' id='word_1_272' title='bbox 2297 1463 2599 1518; x_wconf 82' lang='lat' dir='ltr'><strong>annuatim</strong></span> <span class='ocrx_word' id='word_1_273' title='bbox 2627 1461 3356 1527; x_wconf 79' lang='lat' dir='ltr'><strong>convenireut,auctoritati</strong></span> <span class='ocrx_word' id='word_1_274' title='bbox 3380 1464 3577 1516; x_wconf 88' lang='lat' dir='ltr'><strong>tamen</strong></span> 
     </span>
    </p>
   </div>
   <div class='ocr_carea' id='block_1_45' title="bbox 1927 1548 3577 1622">
    <p class='ocr_par' dir='ltr' id='par_1_45' title="bbox 1927 1548 3577 1622">
     <span class='ocr_line' id='line_1_45' title="bbox 1927 1548 3577 1622; baseline -0.002 -16"><span class='ocrx_word' id='word_1_275' title='bbox 1927 1550 2082 1606; x_wconf 89' lang='lat' dir='ltr'><strong>sedis</strong></span> <span class='ocrx_word' id='word_1_276' title='bbox 2104 1550 2431 1622; x_wconf 68' lang='lat' dir='ltr'><strong>apostolicae</strong></span> <span class='ocrx_word' id='word_1_277' title='bbox 2455 1550 2788 1606; x_wconf 88' lang='lat' dir='ltr'><strong>nullatenus</strong></span> <span class='ocrx_word' id='word_1_278' title='bbox 2813 1548 3189 1622; x_wconf 65' lang='lat' dir='ltr'><strong>przejudicare</strong></span> <span class='ocrx_word' id='word_1_279' title='bbox 3219 1549 3577 1620; x_wconf 89' lang='lat' dir='ltr'><strong>possent,cui</strong></span> 
     </span>
    </p>
   </div>
   <div class='ocr_carea' id='block_1_46' title="bbox 1927 1638 3579 1710">
    <p class='ocr_par' dir='ltr' id='par_1_46' title="bbox 1927 1638 3579 1710">
     <span class='ocr_line' id='line_1_46' title="bbox 1927 1638 3579 1710; baseline -0.001 -16"><span class='ocrx_word' id='word_1_280' title='bbox 1927 1656 2131 1694; x_wconf 86' lang='lat' dir='ltr'><strong>omnes</strong></span> <span class='ocrx_word' id='word_1_281' title='bbox 2152 1657 2252 1710; x_wconf 90' lang='lat' dir='ltr'><strong>per</strong></span> <span class='ocrx_word' id='word_1_282' title='bbox 2282 1639 2479 1695; x_wconf 88' lang='lat' dir='ltr'><strong>omnia</strong></span> <span class='ocrx_word' id='word_1_283' title='bbox 2509 1641 2728 1710; x_wconf 90' lang='lat' dir='ltr'><strong>absque</strong></span> <span class='ocrx_word' id='word_1_284' title='bbox 2742 1638 3277 1695; x_wconf 74' lang='lat' dir='ltr'><strong>omnihaesitatione</strong></span> <span class='ocrx_word' id='word_1_285' title='bbox 3296 1639 3579 1694; x_wconf 88' lang='lat' dir='ltr'><strong>debemus</strong></span> 
     </span>
    </p>
   </div>
   <div class='ocr_carea' id='block_1_47' title="bbox 1928 1726 3582 1800">
    <p class='ocr_par' dir='ltr' id='par_1_47' title="bbox 1928 1726 3582 1800">
     <span class='ocr_line' id='line_1_47' title="bbox 1928 1726 3582 1800; baseline -0.001 -18"><span class='ocrx_word' id='word_1_286' title='bbox 1928 1728 2287 1796; x_wconf 89' lang='lat' dir='ltr'><strong>obedire,eui</strong></span> <span class='ocrx_word' id='word_1_287' title='bbox 2321 1745 2622 1800; x_wconf 90' lang='lat' dir='ltr'><strong>nunquam</strong></span> <span class='ocrx_word' id='word_1_288' title='bbox 2648 1727 2900 1781; x_wconf 81' lang='lat' dir='ltr'><strong>debitam</strong></span> <span class='ocrx_word' id='word_1_289' title='bbox 2930 1727 3273 1782; x_wconf 79' lang='lat' dir='ltr'><strong>exhibemus</strong></span> <span class='ocrx_word' id='word_1_290' title='bbox 3312 1726 3582 1783; x_wconf 82' lang='lat' dir='ltr'><strong>obedien-</strong></span> 
     </span>
    </p>
   </div>
   <div class='ocr_carea' id='block_1_48' title="bbox 1927 1815 3581 1888">
    <p class='ocr_par' dir='ltr' id='par_1_48' title="bbox 1927 1815 3581 1888">
     <span class='ocr_line' id='line_1_48' title="bbox 1927 1815 3581 1888; baseline 0 -17"><span class='ocrx_word' id='word_1_291' title='bbox 1927 1816 2147 1882; x_wconf 88' lang='lat' dir='ltr'><strong>tiam,si</strong></span> <span class='ocrx_word' id='word_1_292' title='bbox 2178 1817 2307 1887; x_wconf 87' lang='lat' dir='ltr'><strong>ejus</strong></span> <span class='ocrx_word' id='word_1_293' title='bbox 2339 1819 2556 1871; x_wconf 87' lang='lat' dir='ltr'><strong>statuta</strong></span> <span class='ocrx_word' id='word_1_294' title='bbox 2586 1817 2784 1888; x_wconf 87' lang='lat' dir='ltr'><strong>potius</strong></span> <span class='ocrx_word' id='word_1_295' title='bbox 2827 1815 3096 1886; x_wconf 89' lang='lat' dir='ltr'><strong>judicare</strong></span> <span class='ocrx_word' id='word_1_296' title='bbox 3126 1831 3303 1886; x_wconf 90' lang='lat' dir='ltr'><strong>quam</strong></span> <span class='ocrx_word' id='word_1_297' title='bbox 3336 1815 3581 1887; x_wconf 90' lang='lat' dir='ltr'><strong>implere</strong></span> 
     </span>
    </p>
   </div>
   <div class='ocr_carea' id='block_1_49' title="bbox 1929 1903 3583 1977">
    <p class='ocr_par' dir='ltr' id='par_1_49' title="bbox 1929 1903 3583 1977">
     <span class='ocr_line' id='line_1_49' title="bbox 1929 1903 3583 1977; baseline -0.001 -17"><span class='ocrx_word' id='word_1_298' title='bbox 1929 1922 2206 1960; x_wconf 88' lang='lat' dir='ltr'><strong>curamus</strong></span> <span class='ocrx_word' id='word_1_299' title='bbox 2237 1905 2399 1960; x_wconf 82' lang='lat' dir='ltr'><strong>?Hoc</strong></span> <span class='ocrx_word' id='word_1_300' title='bbox 2414 1910 2503 1961; x_wconf 92' lang='lat' dir='ltr'><strong>est</strong></span> <span class='ocrx_word' id='word_1_301' title='bbox 2531 1905 2686 1960; x_wconf 89' lang='lat' dir='ltr'><strong>enim</strong></span> <span class='ocrx_word' id='word_1_302' title='bbox 2726 1903 3095 1977; x_wconf 86' lang='lat' dir='ltr'><strong>privilegium</strong></span> <span class='ocrx_word' id='word_1_303' title='bbox 3135 1903 3479 1960; x_wconf 82' lang='lat' dir='ltr'><strong>obedientiae</strong></span> <span class='ocrx_word' id='word_1_304' title='bbox 3510 1904 3583 1960; x_wconf 89' lang='lat' dir='ltr'><strong>de</strong></span> 
     </span>
    </p>
   </div>
   <div class='ocr_carea' id='block_1_50' title="bbox 1929 1991 3585 2068">
    <p class='ocr_par' dir='ltr' id='par_1_50' title="bbox 1929 1991 3585 2068">
     <span class='ocr_line' id='line_1_50' title="bbox 1929 1991 3585 2068; baseline -0.002 -19"><span class='ocrx_word' id='word_1_305' title='bbox 1929 1994 2217 2050; x_wconf 88' lang='lat' dir='ltr'><strong>sententia</strong></span> <span class='ocrx_word' id='word_1_306' title='bbox 2246 1993 2336 2048; x_wconf 91' lang='lat' dir='ltr'><strong>sui</strong></span> <span class='ocrx_word' id='word_1_307' title='bbox 2356 1995 2724 2068; x_wconf 68' lang='lat' dir='ltr'><strong>praeceptoris</strong></span> <span class='ocrx_word' id='word_1_308' title='bbox 2771 2010 2882 2048; x_wconf 87' lang='lat' dir='ltr'><strong>non</strong></span> <span class='ocrx_word' id='word_1_309' title='bbox 2909 1992 3198 2063; x_wconf 89' lang='lat' dir='ltr'><strong>judicare,</strong></span> <span class='ocrx_word' id='word_1_310' title='bbox 3229 1992 3288 2047; x_wconf 88' lang='lat' dir='ltr'><strong>in</strong></span> <span class='ocrx_word' id='word_1_311' title='bbox 3335 1991 3410 2048; x_wconf 90' lang='lat' dir='ltr'><strong>iis</strong></span> <span class='ocrx_word' id='word_1_312' title='bbox 3438 1993 3585 2048; x_wconf 89' lang='lat' dir='ltr'><strong>dun-</strong></span> 
     </span>
    </p>
   </div>
   <div class='ocr_carea' id='block_1_51' title="bbox 1929 2081 3580 2154">
    <p class='ocr_par' dir='ltr' id='par_1_51' title="bbox 1929 2081 3580 2154">
     <span class='ocr_line' id='line_1_51' title="bbox 1929 2081 3580 2154; baseline 0 -18"><span class='ocrx_word' id='word_1_313' title='bbox 1929 2087 2086 2136; x_wconf 81' lang='lat' dir='ltr'><strong>taxat</strong></span> <span class='ocrx_word' id='word_1_314' title='bbox 2117 2084 2293 2138; x_wconf 89' lang='lat' dir='ltr'><strong>rebus</strong></span> <span class='ocrx_word' id='word_1_315' title='bbox 2322 2100 2470 2154; x_wconf 88' lang='lat' dir='ltr'><strong>quas</strong></span> <span class='ocrx_word' id='word_1_316' title='bbox 2500 2082 2797 2137; x_wconf 90' lang='lat' dir='ltr'><strong>canonicis</strong></span> <span class='ocrx_word' id='word_1_317' title='bbox 2817 2081 3134 2153; x_wconf 86' lang='lat' dir='ltr'><strong>Scripturis</strong></span> <span class='ocrx_word' id='word_1_318' title='bbox 3157 2082 3442 2137; x_wconf 83' lang='lat' dir='ltr'><strong>contraire</strong></span> <span class='ocrx_word' id='word_1_319' title='bbox 3465 2098 3580 2136; x_wconf 91' lang='lat' dir='ltr'><strong>non</strong></span> 
     </span>
    </p>
   </div>
   <div class='ocr_carea' id='block_1_52' title="bbox 1926 2169 3581 2242">
    <p class='ocr_par' dir='ltr' id='par_1_52' title="bbox 1926 2169 3581 2242">
     <span class='ocr_line' id='line_1_52' title="bbox 1926 2169 3581 2242; baseline -0.001 -16"><span class='ocrx_word' id='word_1_320' title='bbox 1926 2173 2214 2240; x_wconf 89' lang='lat' dir='ltr'><strong>videmus,</strong></span> <span class='ocrx_word' id='word_1_321' title='bbox 2245 2172 2361 2226; x_wconf 91' lang='lat' dir='ltr'><strong>imo</strong></span> <span class='ocrx_word' id='word_1_322' title='bbox 2414 2172 2613 2227; x_wconf 87' lang='lat' dir='ltr'><strong>statim</strong></span> <span class='ocrx_word' id='word_1_323' title='bbox 2664 2172 2898 2242; x_wconf 79' lang='lat' dir='ltr'><strong>exsequi</strong></span> <span class='ocrx_word' id='word_1_324' title='bbox 2952 2171 3105 2242; x_wconf 88' lang='lat' dir='ltr'><strong>quod</strong></span> <span class='ocrx_word' id='word_1_325' title='bbox 3141 2171 3404 2242; x_wconf 91' lang='lat' dir='ltr'><strong>jubetur.</strong></span> <span class='ocrx_word' id='word_1_326' title='bbox 3433 2169 3581 2226; x_wconf 90' lang='lat' dir='ltr'><strong>Nam</strong></span> 
     </span>
    </p>
   </div>
   <div class='ocr_carea' id='block_1_53' title="bbox 1929 2259 3582 2332">
    <p class='ocr_par' dir='ltr' id='par_1_53' title="bbox 1929 2259 3582 2332">
     <span class='ocr_line' id='line_1_53' title="bbox 1929 2259 3582 2332; baseline -0.001 -18"><span class='ocrx_word' id='word_1_327' title='bbox 1929 2261 2265 2332; x_wconf 88' lang='lat' dir='ltr'><strong>quicunque</strong></span> <span class='ocrx_word' id='word_1_328' title='bbox 2290 2261 2476 2315; x_wconf 85' lang='lat' dir='ltr'><strong>facere</strong></span> <span class='ocrx_word' id='word_1_329' title='bbox 2506 2259 2758 2315; x_wconf 87' lang='lat' dir='ltr'><strong>noluerit</strong></span> <span class='ocrx_word' id='word_1_330' title='bbox 2790 2260 2900 2314; x_wconf 88' lang='lat' dir='ltr'><strong>nisi</strong></span> <span class='ocrx_word' id='word_1_331' title='bbox 2953 2260 3108 2331; x_wconf 85' lang='lat' dir='ltr'><strong>quod</strong></span> <span class='ocrx_word' id='word_1_332' title='bbox 3155 2260 3319 2331; x_wconf 91' lang='lat' dir='ltr'><strong>prius</strong></span> <span class='ocrx_word' id='word_1_333' title='bbox 3353 2277 3460 2316; x_wconf 91' lang='lat' dir='ltr'><strong>sua</strong></span> <span class='ocrx_word' id='word_1_334' title='bbox 3490 2275 3582 2313; x_wconf 89' lang='lat' dir='ltr'><strong>ra-</strong></span> 
     </span>
    </p>
   </div>
   <div class='ocr_carea' id='block_1_54' title="bbox 1927 2348 3582 2421">
    <p class='ocr_par' dir='ltr' id='par_1_54' title="bbox 1927 2348 3582 2421">
     <span class='ocr_line' id='line_1_54' title="bbox 1927 2348 3582 2421; baseline 0 -19"><span class='ocrx_word' id='word_1_335' title='bbox 1927 2349 2085 2403; x_wconf 91' lang='lat' dir='ltr'><strong>tione</strong></span> <span class='ocrx_word' id='word_1_336' title='bbox 2115 2348 2446 2421; x_wconf 85' lang='lat' dir='ltr'><strong>probaverit</strong></span> <span class='ocrx_word' id='word_1_337' title='bbox 2491 2364 2618 2403; x_wconf 91' lang='lat' dir='ltr'><strong>esse</strong></span> <span class='ocrx_word' id='word_1_338' title='bbox 2652 2348 3002 2412; x_wconf 83' lang='lat' dir='ltr'><strong>faciendum,</strong></span> <span class='ocrx_word' id='word_1_339' title='bbox 3041 2365 3154 2403; x_wconf 92' lang='lat' dir='ltr'><strong>non</strong></span> <span class='ocrx_word' id='word_1_340' title='bbox 3200 2351 3319 2402; x_wconf 88' lang='lat' dir='ltr'><strong>tam</strong></span> <span class='ocrx_word' id='word_1_341' title='bbox 3371 2363 3582 2419; x_wconf 76' lang='lat' dir='ltr'><strong>praece-</strong></span> 
     </span>
    </p>
   </div>
   <div class='ocr_carea' id='block_1_55' title="bbox 1929 2434 3585 2509">
    <p class='ocr_par' dir='ltr' id='par_1_55' title="bbox 1929 2434 3585 2509">
     <span class='ocr_line' id='line_1_55' title="bbox 1929 2434 3585 2509; baseline -0.001 -19"><span class='ocrx_word' id='word_1_342' title='bbox 1929 2437 2078 2509; x_wconf 91' lang='lat' dir='ltr'><strong>ptori</strong></span> <span class='ocrx_word' id='word_1_343' title='bbox 2111 2454 2216 2491; x_wconf 92' lang='lat' dir='ltr'><strong>suo</strong></span> <span class='ocrx_word' id='word_1_344' title='bbox 2248 2453 2424 2508; x_wconf 88' lang='lat' dir='ltr'><strong>quam</strong></span> <span class='ocrx_word' id='word_1_345' title='bbox 2459 2436 2702 2508; x_wconf 69' lang='lat' dir='ltr'><strong>propriae</strong></span> <span class='ocrx_word' id='word_1_346' title='bbox 2733 2435 3048 2490; x_wconf 86' lang='lat' dir='ltr'><strong>voluntatis</strong></span> <span class='ocrx_word' id='word_1_347' title='bbox 3091 2436 3328 2490; x_wconf 89' lang='lat' dir='ltr'><strong>arbitrio</strong></span> <span class='ocrx_word' id='word_1_348' title='bbox 3357 2434 3585 2490; x_wconf 82' lang='lat' dir='ltr'><strong>satisfe-</strong></span> 
     </span>
    </p>
   </div>
   <div class='ocr_carea' id='block_1_56' title="bbox 1929 2522 3583 2596">
    <p class='ocr_par' dir='ltr' id='par_1_56' title="bbox 1929 2522 3583 2596">
     <span class='ocr_line' id='line_1_56' title="bbox 1929 2522 3583 2596; baseline -0.002 -16"><span class='ocrx_word' id='word_1_349' title='bbox 1929 2525 2078 2580; x_wconf 89' lang='lat' dir='ltr'><strong>cisse</strong></span> <span class='ocrx_word' id='word_1_350' title='bbox 2118 2525 2501 2596; x_wconf 90' lang='lat' dir='ltr'><strong>judieabitur.</strong></span> <span class='ocrx_word' id='word_1_351' title='bbox 2541 2526 2696 2579; x_wconf 82' lang='lat' dir='ltr'><strong>lianc</strong></span> <span class='ocrx_word' id='word_1_352' title='bbox 2745 2540 2880 2596; x_wconf 88' lang='lat' dir='ltr'><strong>ergo</strong></span> <span class='ocrx_word' id='word_1_353' title='bbox 2929 2540 3136 2594; x_wconf 89' lang='lat' dir='ltr'><strong>puram</strong></span> <span class='ocrx_word' id='word_1_354' title='bbox 3191 2522 3583 2578; x_wconf 89' lang='lat' dir='ltr'><strong>obedientiam</strong></span> 
     </span>
    </p>
   </div>
   <div class='ocr_carea' id='block_1_57' title="bbox 1930 2611 3578 2685">
    <p class='ocr_par' dir='ltr' id='par_1_57' title="bbox 1930 2611 3578 2685">
     <span class='ocr_line' id='line_1_57' title="bbox 1930 2611 3578 2685; baseline -0.001 -18"><span class='ocrx_word' id='word_1_355' title='bbox 1930 2631 2062 2668; x_wconf 91' lang='lat' dir='ltr'><strong>cum</strong></span> <span class='ocrx_word' id='word_1_356' title='bbox 2096 2613 2372 2668; x_wconf 89' lang='lat' dir='ltr'><strong>omnibus</strong></span> <span class='ocrx_word' id='word_1_357' title='bbox 2413 2612 2820 2685; x_wconf 88' lang='lat' dir='ltr'><strong>spiritualibus</strong></span> <span class='ocrx_word' id='word_1_358' title='bbox 2871 2611 3085 2668; x_wconf 90' lang='lat' dir='ltr'><strong>nostris</strong></span> <span class='ocrx_word' id='word_1_359' title='bbox 3123 2611 3578 2683; x_wconf 69' lang='lat' dir='ltr'><strong>praeceptoribus</strong></span> 
     </span>
    </p>
   </div>
   <div class='ocr_carea' id='block_1_58' title="bbox 1931 2698 3583 2772">
    <p class='ocr_par' dir='ltr' id='par_1_58' title="bbox 1931 2698 3583 2772">
     <span class='ocr_line' id='line_1_58' title="bbox 1931 2698 3583 2772; baseline -0.001 -15"><span class='ocrx_word' id='word_1_360' title='bbox 1931 2703 2258 2758; x_wconf 90' lang='lat' dir='ltr'><strong>certissime</strong></span> <span class='ocrx_word' id='word_1_361' title='bbox 2281 2702 2879 2769; x_wconf 83' lang='lat' dir='ltr'><strong>debeamus,maxime</strong></span> <span class='ocrx_word' id='word_1_362' title='bbox 2896 2705 3088 2756; x_wconf 89' lang='lat' dir='ltr'><strong>tamen</strong></span> <span class='ocrx_word' id='word_1_363' title='bbox 3106 2698 3432 2772; x_wconf 67' lang='lat' dir='ltr'><strong>apostolicae</strong></span> <span class='ocrx_word' id='word_1_364' title='bbox 3457 2700 3583 2755; x_wconf 89' lang='lat' dir='ltr'><strong>sedi</strong></span> 
     </span>
    </p>
   </div>
   <div class='ocr_carea' id='block_1_59' title="bbox 1929 2789 3580 2862">
    <p class='ocr_par' dir='ltr' id='par_1_59' title="bbox 1929 2789 3580 2862">
     <span class='ocr_line' id='line_1_59' title="bbox 1929 2789 3580 2862; baseline -0.002 -15"><span class='ocrx_word' id='word_1_365' title='bbox 1929 2809 1997 2847; x_wconf 83' lang='lat' dir='ltr'><strong>ex</strong></span> <span class='ocrx_word' id='word_1_366' title='bbox 2031 2792 2234 2846; x_wconf 90' lang='lat' dir='ltr'><strong>intimo</strong></span> <span class='ocrx_word' id='word_1_367' title='bbox 2264 2792 2434 2846; x_wconf 91' lang='lat' dir='ltr'><strong>corde</strong></span> <span class='ocrx_word' id='word_1_368' title='bbox 2465 2792 2745 2846; x_wconf 90' lang='lat' dir='ltr'><strong>debemus</strong></span> <span class='ocrx_word' id='word_1_369' title='bbox 2772 2807 2898 2862; x_wconf 72' lang='lat' dir='ltr'><strong>quae</strong></span> <span class='ocrx_word' id='word_1_370' title='bbox 2920 2789 3102 2846; x_wconf 89' lang='lat' dir='ltr'><strong>totius</strong></span> <span class='ocrx_word' id='word_1_371' title='bbox 3123 2789 3464 2844; x_wconf 72' lang='lat' dir='ltr'><strong>Christianas</strong></span> <span class='ocrx_word' id='word_1_372' title='bbox 3491 2805 3580 2844; x_wconf 90' lang='lat' dir='ltr'><strong>re-</strong></span> 
     </span>
    </p>
   </div>
   <div class='ocr_carea' id='block_1_60' title="bbox 1931 2877 3583 2952">
    <p class='ocr_par' dir='ltr' id='par_1_60' title="bbox 1931 2877 3583 2952">
     <span class='ocr_line' id='line_1_60' title="bbox 1931 2877 3583 2952; baseline -0.002 -18"><span class='ocrx_word' id='word_1_373' title='bbox 1931 2879 2166 2951; x_wconf 90' lang='lat' dir='ltr'><strong>ligionis</strong></span> <span class='ocrx_word' id='word_1_374' title='bbox 2196 2884 2371 2952; x_wconf 88' lang='lat' dir='ltr'><strong>caput</strong></span> <span class='ocrx_word' id='word_1_375' title='bbox 2401 2885 2492 2935; x_wconf 90' lang='lat' dir='ltr'><strong>est</strong></span> <span class='ocrx_word' id='word_1_376' title='bbox 2522 2883 2577 2934; x_wconf 91' lang='lat' dir='ltr'><strong>et</strong></span> <span class='ocrx_word' id='word_1_377' title='bbox 2607 2880 2786 2952; x_wconf 89' lang='lat' dir='ltr'><strong>origo.</strong></span> <span class='ocrx_word' id='word_1_378' title='bbox 2811 2879 2916 2934; x_wconf 89' lang='lat' dir='ltr'><strong>Sed</strong></span> <span class='ocrx_word' id='word_1_379' title='bbox 2947 2878 3085 2950; x_wconf 89' lang='lat' dir='ltr'><strong>quia</strong></span> <span class='ocrx_word' id='word_1_380' title='bbox 3114 2879 3233 2932; x_wconf 66' lang='lat' dir='ltr'><strong>haec</strong></span> <span class='ocrx_word' id='word_1_381' title='bbox 3266 2877 3415 2933; x_wconf 89' lang='lat' dir='ltr'><strong>ratio</strong></span> <span class='ocrx_word' id='word_1_382' title='bbox 3442 2877 3583 2933; x_wconf 90' lang='lat' dir='ltr'><strong>sim-</strong></span> 
     </span>
    </p>
   </div>
   <div class='ocr_carea' id='block_1_61' title="bbox 1932 2967 3581 3041">
    <p class='ocr_par' dir='ltr' id='par_1_61' title="bbox 1932 2967 3581 3041">
     <span class='ocr_line' id='line_1_61' title="bbox 1932 2967 3581 3041; baseline -0.001 -19"><span class='ocrx_word' id='word_1_383' title='bbox 1932 2969 2274 3041; x_wconf 89' lang='lat' dir='ltr'><strong>plicioribus</strong></span> <span class='ocrx_word' id='word_1_384' title='bbox 2331 2970 2574 3024; x_wconf 88' lang='lat' dir='ltr'><strong>fortasse</strong></span> <span class='ocrx_word' id='word_1_385' title='bbox 2606 2985 2720 3023; x_wconf 92' lang='lat' dir='ltr'><strong>non</strong></span> <span class='ocrx_word' id='word_1_386' title='bbox 2754 2967 3183 3038; x_wconf 68' lang='lat' dir='ltr'><strong>sufﬁcit,operie</strong></span> <span class='ocrx_word' id='word_1_387' title='bbox 3215 2967 3468 3038; x_wconf 90' lang='lat' dir='ltr'><strong>pretium</strong></span> <span class='ocrx_word' id='word_1_388' title='bbox 3499 2967 3581 3020; x_wconf 93' lang='lat' dir='ltr'><strong>vi-</strong></span> 
     </span>
    </p>
   </div>
   <div class='ocr_carea' id='block_1_62' title="bbox 1933 3057 3583 3130">
    <p class='ocr_par' dir='ltr' id='par_1_62' title="bbox 1933 3057 3583 3130">
     <span class='ocr_line' id='line_1_62' title="bbox 1933 3057 3583 3130; baseline -0.002 -18"><span class='ocrx_word' id='word_1_389' title='bbox 1933 3058 2104 3112; x_wconf 91' lang='lat' dir='ltr'><strong>detur</strong></span> <span class='ocrx_word' id='word_1_390' title='bbox 2124 3059 2195 3113; x_wconf 89' lang='lat' dir='ltr'><strong>de</strong></span> <span class='ocrx_word' id='word_1_391' title='bbox 2217 3057 2500 3130; x_wconf 88' lang='lat' dir='ltr'><strong>superiori</strong></span> <span class='ocrx_word' id='word_1_392' title='bbox 2527 3061 2746 3113; x_wconf 90' lang='lat' dir='ltr'><strong>statuto</strong></span> <span class='ocrx_word' id='word_1_393' title='bbox 2768 3057 3479 3127; x_wconf 84' lang='lat' dir='ltr'><strong>latiustractare,etquam</strong></span> <span class='ocrx_word' id='word_1_394' title='bbox 3493 3071 3583 3110; x_wconf 89' lang='lat' dir='ltr'><strong>ra-</strong></span> 
     </span>
    </p>
   </div>
   <div class='ocr_carea' id='block_1_63' title="bbox 1931 3145 3584 3220">
    <p class='ocr_par' dir='ltr' id='par_1_63' title="bbox 1931 3145 3584 3220">
     <span class='ocr_line' id='line_1_63' title="bbox 1931 3145 3584 3220; baseline -0.002 -19"><span class='ocrx_word' id='word_1_395' title='bbox 1931 3146 2144 3202; x_wconf 91' lang='lat' dir='ltr'><strong>tionale</strong></span> <span class='ocrx_word' id='word_1_396' title='bbox 2161 3147 2563 3214; x_wconf 88' lang='lat' dir='ltr'><strong>[rationabile],</strong></span> <span class='ocrx_word' id='word_1_397' title='bbox 2597 3163 2772 3220; x_wconf 91' lang='lat' dir='ltr'><strong>quem</strong></span> <span class='ocrx_word' id='word_1_398' title='bbox 2805 3146 3173 3213; x_wconf 89' lang='lat' dir='ltr'><strong>canonicum,</strong></span> <span class='ocrx_word' id='word_1_399' title='bbox 3208 3145 3425 3217; x_wconf 90' lang='lat' dir='ltr'><strong>quippe</strong></span> <span class='ocrx_word' id='word_1_400' title='bbox 3448 3161 3584 3200; x_wconf 90' lang='lat' dir='ltr'><strong>san-</strong></span> 
     </span>
    </p>
   </div>
   <div class='ocr_carea' id='block_1_64' title="bbox 1934 3232 3583 3306">
    <p class='ocr_par' dir='ltr' id='par_1_64' title="bbox 1934 3232 3583 3306">
     <span class='ocr_line' id='line_1_64' title="bbox 1934 3232 3583 3306; baseline -0.001 -17"><span class='ocrx_word' id='word_1_401' title='bbox 1934 3236 2040 3290; x_wconf 85' lang='lat' dir='ltr'><strong>ctis</strong></span> <span class='ocrx_word' id='word_1_402' title='bbox 2072 3235 2342 3290; x_wconf 90' lang='lat' dir='ltr'><strong>Patribus</strong></span> <span class='ocrx_word' id='word_1_403' title='bbox 2372 3252 2548 3306; x_wconf 87' lang='lat' dir='ltr'><strong>quam</strong></span> <span class='ocrx_word' id='word_1_404' title='bbox 2565 3251 2886 3290; x_wconf 90' lang='lat' dir='ltr'><strong>consonum</strong></span> <span class='ocrx_word' id='word_1_405' title='bbox 2905 3232 3246 3305; x_wconf 88' lang='lat' dir='ltr'><strong>reperiatur,</strong></span> <span class='ocrx_word' id='word_1_406' title='bbox 3273 3233 3583 3288; x_wconf 88' lang='lat' dir='ltr'><strong>elueidare.</strong></span> 
     </span>
    </p>
   </div>
   <div class='ocr_carea' id='block_1_65' title="bbox 162 3312 3587 3396">
    <p class='ocr_par' dir='ltr' id='par_1_65' title="bbox 162 3312 3587 3396">
     <span class='ocr_line' id='line_1_65' title="bbox 162 3312 3587 3396; baseline -0.001 -16"><span class='ocrx_word' id='word_1_407' title='bbox 162 3324 369 3392; x_wconf 89' lang='lat' dir='ltr'><strong>suasit,</strong></span> <span class='ocrx_word' id='word_1_408' title='bbox 405 3324 862 3396; x_wconf 87' lang='lat' dir='ltr'><strong>simplicioribus</strong></span> <span class='ocrx_word' id='word_1_409' title='bbox 888 3330 1082 3379; x_wconf 88' lang='lat' dir='ltr'><strong>autem</strong></span> <span class='ocrx_word' id='word_1_410' title='bbox 1107 3325 1395 3381; x_wconf 85' lang='lat' dir='ltr'><strong>nonnulla</strong></span> <span class='ocrx_word' id='word_1_411' title='bbox 1417 3326 1704 3382; x_wconf 89' lang='lat' dir='ltr'><strong>dubitatio</strong></span> <span class='ocrx_word' id='word_1_412' title='bbox 1733 3345 1823 3382; x_wconf 90' lang='lat' dir='ltr'><strong>su-</strong></span> <span class='ocrx_word' id='word_1_413' title='bbox 1853 3312 1896 3377; x_wconf 85' lang='lat' dir='ltr'>C</span> <span class='ocrx_word' id='word_1_414' title='bbox 1936 3325 2318 3379; x_wconf 90' lang='lat' dir='ltr'><strong>Beatissimus</strong></span> <span class='ocrx_word' id='word_1_415' title='bbox 2353 3325 2462 3378; x_wconf 92' lang='lat' dir='ltr'><strong>Leo</strong></span> <span class='ocrx_word' id='word_1_416' title='bbox 2493 3340 2645 3395; x_wconf 90' lang='lat' dir='ltr'><strong>papa</strong></span> <span class='ocrx_word' id='word_1_417' title='bbox 2678 3325 2720 3390; x_wconf 93' lang='lat' dir='ltr'><strong>l,</strong></span> <span class='ocrx_word' id='word_1_418' title='bbox 2754 3323 2814 3377; x_wconf 92' lang='lat' dir='ltr'><strong>in</strong></span> <span class='ocrx_word' id='word_1_419' title='bbox 2847 3323 3051 3377; x_wconf 90' lang='lat' dir='ltr'><strong>ordine</strong></span> <span class='ocrx_word' id='word_1_420' title='bbox 3099 3322 3587 3394; x_wconf 85' lang='lat' dir='ltr'><strong>quadragesimus</strong></span> 
     </span>
    </p>
   </div>
   <div class='ocr_carea' id='block_1_66' title="bbox 164 3412 1830 3486">
    <p class='ocr_par' dir='ltr' id='par_1_66' title="bbox 164 3412 1830 3486">
     <span class='ocr_line' id='line_1_66' title="bbox 164 3412 1830 3486; baseline 0.002 -18"><span class='ocrx_word' id='word_1_421' title='bbox 164 3429 268 3485; x_wconf 90' lang='lat' dir='ltr'><strong>per</strong></span> <span class='ocrx_word' id='word_1_422' title='bbox 299 3412 478 3483; x_wconf 92' lang='lat' dir='ltr'><strong>hujus</strong></span> <span class='ocrx_word' id='word_1_423' title='bbox 510 3412 710 3468; x_wconf 88' lang='lat' dir='ltr'><strong>statuti</strong></span> <span class='ocrx_word' id='word_1_424' title='bbox 735 3413 1199 3486; x_wconf 87' lang='lat' dir='ltr'><strong>promulgatione</strong></span> <span class='ocrx_word' id='word_1_425' title='bbox 1219 3415 1518 3470; x_wconf 77' lang='lat' dir='ltr'><strong>remansit.</strong></span> <span class='ocrx_word' id='word_1_426' title='bbox 1542 3415 1687 3470; x_wconf 91' lang='lat' dir='ltr'><strong>Nam</strong></span> <span class='ocrx_word' id='word_1_427' title='bbox 1715 3432 1830 3471; x_wconf 90' lang='lat' dir='ltr'><strong>non</strong></span> 
     </span>
    </p>
   </div>
   <div class='ocr_carea' id='block_1_67' title="bbox 164 3500 1828 3575">
    <p class='ocr_par' dir='ltr' id='par_1_67' title="bbox 164 3500 1828 3575">
     <span class='ocr_line' id='line_1_67' title="bbox 164 3500 1828 3575; baseline 0.001 -19"><span class='ocrx_word' id='word_1_428' title='bbox 164 3517 375 3573; x_wconf 89' lang='lat' dir='ltr'><strong>parum</strong></span> <span class='ocrx_word' id='word_1_429' title='bbox 398 3517 432 3555; x_wconf 89' lang='lat' dir='ltr'><strong>a</strong></span> <span class='ocrx_word' id='word_1_430' title='bbox 453 3500 874 3556; x_wconf 91' lang='lat' dir='ltr'><strong>consuetudine</strong></span> <span class='ocrx_word' id='word_1_431' title='bbox 897 3518 1098 3557; x_wconf 82' lang='lat' dir='ltr'><strong>eorum</strong></span> <span class='ocrx_word' id='word_1_432' title='bbox 1127 3502 1624 3574; x_wconf 88' lang='lat' dir='ltr'><strong>discrepat,quam</strong></span> <span class='ocrx_word' id='word_1_433' title='bbox 1650 3521 1682 3557; x_wconf 91' lang='lat' dir='ltr'><strong>a</strong></span> <span class='ocrx_word' id='word_1_434' title='bbox 1703 3503 1828 3575; x_wconf 89' lang='lat' dir='ltr'><strong>qui-</strong></span> 
     </span>
    </p>
   </div>
   <div class='ocr_carea' id='block_1_68' title="bbox 172 3588 1825 3661">
    <p class='ocr_par' dir='ltr' id='par_1_68' title="bbox 172 3588 1825 3661">
     <span class='ocr_line' id='line_1_68' title="bbox 172 3588 1825 3661; baseline 0.002 -17"><span class='ocrx_word' id='word_1_435' title='bbox 172 3590 425 3645; x_wconf 89' lang='lat' dir='ltr'><strong>busdam</strong></span> <span class='ocrx_word' id='word_1_436' title='bbox 460 3588 818 3661; x_wconf 90' lang='lat' dir='ltr'><strong>scriptisnon</strong></span> <span class='ocrx_word' id='word_1_437' title='bbox 856 3591 999 3645; x_wconf 89' lang='lat' dir='ltr'><strong>adeo</strong></span> <span class='ocrx_word' id='word_1_438' title='bbox 1016 3590 1367 3645; x_wconf 88' lang='lat' dir='ltr'><strong>authentieis</strong></span> <span class='ocrx_word' id='word_1_439' title='bbox 1399 3596 1825 3661; x_wconf 88' lang='lat' dir='ltr'><strong>mutuaverant,</strong></span> 
     </span>
    </p>
   </div>
   <div class='ocr_carea' id='block_1_69' title="bbox 169 3678 1828 3751">
    <p class='ocr_par' dir='ltr' id='par_1_69' title="bbox 169 3678 1828 3751">
     <span class='ocr_line' id='line_1_69' title="bbox 169 3678 1828 3751; baseline 0.002 -19"><span class='ocrx_word' id='word_1_440' title='bbox 169 3678 226 3734; x_wconf 91' lang='lat' dir='ltr'><strong>id</strong></span> <span class='ocrx_word' id='word_1_441' title='bbox 253 3682 344 3733; x_wconf 89' lang='lat' dir='ltr'><strong>est</strong></span> <span class='ocrx_word' id='word_1_442' title='bbox 365 3695 399 3733; x_wconf 90' lang='lat' dir='ltr'><strong>a</strong></span> <span class='ocrx_word' id='word_1_443' title='bbox 421 3678 1159 3750; x_wconf 82' lang='lat' dir='ltr'><strong>Moguntiacensiconcilio.</strong></span> <span class='ocrx_word' id='word_1_444' title='bbox 1187 3684 1445 3751; x_wconf 83' lang='lat' dir='ltr'><strong>tempore</strong></span> <span class='ocrx_word' id='word_1_445' title='bbox 1479 3679 1706 3734; x_wconf 89' lang='lat' dir='ltr'><strong>Henrici</strong></span> <span class='ocrx_word' id='word_1_446' title='bbox 1738 3697 1828 3736; x_wconf 87' lang='lat' dir='ltr'><strong>se-</strong></span> 
     </span>
    </p>
   </div>
   <div class='ocr_carea' id='block_1_70' title="bbox 170 3765 1828 3841">
    <p class='ocr_par' dir='ltr' id='par_1_70' title="bbox 170 3765 1828 3841">
     <span class='ocr_line' id='line_1_70' title="bbox 170 3765 1828 3841; baseline 0.001 -19"><span class='ocrx_word' id='word_1_447' title='bbox 170 3765 346 3822; x_wconf 91' lang='lat' dir='ltr'><strong>cundi</strong></span> <span class='ocrx_word' id='word_1_448' title='bbox 361 3767 733 3838; x_wconf 90' lang='lat' dir='ltr'><strong>imperatoris</strong></span> <span class='ocrx_word' id='word_1_449' title='bbox 749 3767 897 3822; x_wconf 90' lang='lat' dir='ltr'><strong>facto</strong></span> <span class='ocrx_word' id='word_1_450' title='bbox 923 3785 935 3833; x_wconf 88' lang='lat'><strong>;</strong></span> <span class='ocrx_word' id='word_1_451' title='bbox 954 3767 1060 3821; x_wconf 90' lang='lat' dir='ltr'><strong>hoc</strong></span> <span class='ocrx_word' id='word_1_452' title='bbox 1073 3768 1228 3822; x_wconf 89' lang='lat' dir='ltr'><strong>enim</strong></span> <span class='ocrx_word' id='word_1_453' title='bbox 1248 3767 1396 3823; x_wconf 84' lang='lat' dir='ltr'><strong>hanc</strong></span> <span class='ocrx_word' id='word_1_454' title='bbox 1412 3768 1828 3841; x_wconf 87' lang='lat' dir='ltr'><strong>regulamjeju-</strong></span> 
     </span>
    </p>
   </div>
   <div class='ocr_carea' id='block_1_71' title="bbox 172 3855 1827 3928">
    <p class='ocr_par' dir='ltr' id='par_1_71' title="bbox 172 3855 1827 3928">
     <span class='ocr_line' id='line_1_71' title="bbox 172 3855 1827 3928; baseline 0.003 -20"><span class='ocrx_word' id='word_1_455' title='bbox 172 3855 284 3911; x_wconf 88' lang='lat' dir='ltr'><strong>niis</strong></span> <span class='ocrx_word' id='word_1_456' title='bbox 307 3858 562 3926; x_wconf 89' lang='lat' dir='ltr'><strong>quatuor</strong></span> <span class='ocrx_word' id='word_1_457' title='bbox 580 3858 911 3926; x_wconf 88' lang='lat' dir='ltr'><strong>temporum</strong></span> <span class='ocrx_word' id='word_1_458' title='bbox 947 3855 1190 3926; x_wconf 77' lang='lat' dir='ltr'><strong>przefixit</strong></span> <span class='ocrx_word' id='word_1_459' title='bbox 1212 3858 1518 3928; x_wconf 88' lang='lat' dir='ltr'><strong>(can.3),ut</strong></span> <span class='ocrx_word' id='word_1_460' title='bbox 1549 3857 1604 3910; x_wconf 92' lang='lat' dir='ltr'><strong>in</strong></span> <span class='ocrx_word' id='word_1_461' title='bbox 1639 3857 1827 3928; x_wconf 89' lang='lat' dir='ltr'><strong>prima</strong></span> 
     </span>
    </p>
   </div>
   <div class='ocr_carea' id='block_1_72' title="bbox 169 3940 1824 4016">
    <p class='ocr_par' dir='ltr' id='par_1_72' title="bbox 169 3940 1824 4016">
     <span class='ocr_line' id='line_1_72' title="bbox 169 3940 1824 4016; baseline 0.004 -22"><span class='ocrx_word' id='word_1_462' title='bbox 169 3946 380 4011; x_wconf 88' lang='lat' dir='ltr'><strong>quarta</strong></span> <span class='ocrx_word' id='word_1_463' title='bbox 412 3940 555 3995; x_wconf 87' lang='lat' dir='ltr'><strong>feria</strong></span> <span class='ocrx_word' id='word_1_464' title='bbox 585 3941 860 4004; x_wconf 86' lang='lat' dir='ltr'><strong>Martii,in</strong></span> <span class='ocrx_word' id='word_1_465' title='bbox 897 3943 1153 3996; x_wconf 90' lang='lat' dir='ltr'><strong>secunda</strong></span> <span class='ocrx_word' id='word_1_466' title='bbox 1183 3942 1365 4010; x_wconf 88' lang='lat' dir='ltr'><strong>Junii,</strong></span> <span class='ocrx_word' id='word_1_467' title='bbox 1392 3943 1449 3997; x_wconf 92' lang='lat' dir='ltr'><strong>in</strong></span> <span class='ocrx_word' id='word_1_468' title='bbox 1485 3944 1653 4000; x_wconf 89' lang='lat' dir='ltr'><strong>tertia</strong></span> <span class='ocrx_word' id='word_1_469' title='bbox 1685 3944 1824 4016; x_wconf 88' lang='lat' dir='ltr'><strong>Sep-</strong></span> 
     </span>
    </p>
   </div>
   <div class='ocr_carea' id='block_1_73' title="bbox 169 4030 1825 4100">
    <p class='ocr_par' dir='ltr' id='par_1_73' title="bbox 169 4030 1825 4100">
     <span class='ocr_line' id='line_1_73' title="bbox 169 4030 1825 4100; baseline 0.002 -16"><span class='ocrx_word' id='word_1_470' title='bbox 169 4030 439 4100; x_wconf 86' lang='lat' dir='ltr'><strong>tembris,</strong></span> <span class='ocrx_word' id='word_1_471' title='bbox 472 4030 630 4084; x_wconf 91' lang='lat' dir='ltr'><strong>omni</strong></span> <span class='ocrx_word' id='word_1_472' title='bbox 663 4047 815 4084; x_wconf 89' lang='lat' dir='ltr'><strong>anno</strong></span> <span class='ocrx_word' id='word_1_473' title='bbox 851 4031 1173 4100; x_wconf 88' lang='lat' dir='ltr'><strong>jejunetur.</strong></span> <span class='ocrx_word' id='word_1_474' title='bbox 1208 4031 1490 4088; x_wconf 68' lang='lat' dir='ltr'><strong>Praeterea</strong></span> <span class='ocrx_word' id='word_1_475' title='bbox 1520 4037 1575 4087; x_wconf 90' lang='lat' dir='ltr'><strong>et</strong></span> <span class='ocrx_word' id='word_1_476' title='bbox 1604 4033 1714 4088; x_wconf 92' lang='lat' dir='ltr'><strong>hoc</strong></span> <span class='ocrx_word' id='word_1_477' title='bbox 1747 4038 1825 4088; x_wconf 88' lang='lat' dir='ltr'><strong>at-</strong></span> 
     </span>
    </p>
   </div>
   <div class='ocr_carea' id='block_1_74' title="bbox 169 4117 1824 4190">
    <p class='ocr_par' dir='ltr' id='par_1_74' title="bbox 169 4117 1824 4190">
     <span class='ocr_line' id='line_1_74' title="bbox 169 4117 1824 4190; baseline 0.004 -19"><span class='ocrx_word' id='word_1_478' title='bbox 169 4118 438 4188; x_wconf 89' lang='lat' dir='ltr'><strong>tendunt,</strong></span> <span class='ocrx_word' id='word_1_479' title='bbox 468 4117 624 4190; x_wconf 92' lang='lat' dir='ltr'><strong>quod</strong></span> <span class='ocrx_word' id='word_1_480' title='bbox 656 4118 714 4171; x_wconf 92' lang='lat' dir='ltr'><strong>in</strong></span> <span class='ocrx_word' id='word_1_481' title='bbox 748 4119 1100 4190; x_wconf 89' lang='lat' dir='ltr'><strong>quibusdam</strong></span> <span class='ocrx_word' id='word_1_482' title='bbox 1146 4122 1626 4176; x_wconf 90' lang='lat' dir='ltr'><strong>Sacramentariis</strong></span> <span class='ocrx_word' id='word_1_483' title='bbox 1665 4123 1824 4177; x_wconf 83' lang='lat' dir='ltr'><strong>inve-</strong></span> 
     </span>
    </p>
   </div>
   <div class='ocr_carea' id='block_1_75' title="bbox 170 4206 1822 4278">
    <p class='ocr_par' dir='ltr' id='par_1_75' title="bbox 170 4206 1822 4278">
     <span class='ocr_line' id='line_1_75' title="bbox 170 4206 1822 4278; baseline 0.003 -18"><span class='ocrx_word' id='word_1_484' title='bbox 170 4207 526 4278; x_wconf 87' lang='lat' dir='ltr'><strong>niunt,quod</strong></span> <span class='ocrx_word' id='word_1_485' title='bbox 558 4211 615 4261; x_wconf 90' lang='lat' dir='ltr'><strong>et</strong></span> <span class='ocrx_word' id='word_1_486' title='bbox 643 4206 702 4260; x_wconf 92' lang='lat' dir='ltr'><strong>in</strong></span> <span class='ocrx_word' id='word_1_487' title='bbox 736 4207 924 4278; x_wconf 89' lang='lat' dir='ltr'><strong>primo</strong></span> <span class='ocrx_word' id='word_1_488' title='bbox 952 4209 1203 4264; x_wconf 87' lang='lat' dir='ltr'><strong>Sabbato</strong></span> <span class='ocrx_word' id='word_1_489' title='bbox 1237 4209 1453 4277; x_wconf 89' lang='lat' dir='ltr'><strong>Martii,</strong></span> <span class='ocrx_word' id='word_1_490' title='bbox 1476 4210 1532 4264; x_wconf 91' lang='lat' dir='ltr'><strong>in</strong></span> <span class='ocrx_word' id='word_1_491' title='bbox 1567 4212 1822 4266; x_wconf 90' lang='lat' dir='ltr'><strong>secundo</strong></span> 
     </span>
    </p>
   </div>
   <div class='ocr_carea' id='block_1_76' title="bbox 170 4293 1822 4367">
    <p class='ocr_par' dir='ltr' id='par_1_76' title="bbox 170 4293 1822 4367">
     <span class='ocr_line' id='line_1_76' title="bbox 170 4293 1822 4367; baseline 0.004 -18"><span class='ocrx_word' id='word_1_492' title='bbox 170 4293 418 4362; x_wconf 82' lang='lat' dir='ltr'><strong>Junii,in</strong></span> <span class='ocrx_word' id='word_1_493' title='bbox 450 4293 619 4350; x_wconf 90' lang='lat' dir='ltr'><strong>tertio</strong></span> <span class='ocrx_word' id='word_1_494' title='bbox 650 4297 1027 4367; x_wconf 88' lang='lat' dir='ltr'><strong>Septembris,</strong></span> <span class='ocrx_word' id='word_1_495' title='bbox 1054 4297 1325 4367; x_wconf 88' lang='lat' dir='ltr'><strong>jejunare</strong></span> <span class='ocrx_word' id='word_1_496' title='bbox 1355 4298 1691 4354; x_wconf 90' lang='lat' dir='ltr'><strong>debeamus.</strong></span> <span class='ocrx_word' id='word_1_497' title='bbox 1719 4299 1822 4356; x_wconf 92' lang='lat' dir='ltr'><strong>Illo</strong></span> 
     </span>
    </p>
   </div>
   <div class='ocr_carea' id='block_1_77' title="bbox 171 4383 1820 4450">
    <p class='ocr_par' dir='ltr' id='par_1_77' title="bbox 171 4383 1820 4450">
     <span class='ocr_line' id='line_1_77' title="bbox 171 4383 1820 4450; baseline 0.002 -12"><span class='ocrx_word' id='word_1_498' title='bbox 171 4383 348 4439; x_wconf 89' lang='lat' dir='ltr'><strong>etiam</strong></span> <span class='ocrx_word' id='word_1_499' title='bbox 368 4399 484 4438; x_wconf 88' lang='lat' dir='ltr'><strong>non</strong></span> <span class='ocrx_word' id='word_1_500' title='bbox 507 4384 705 4439; x_wconf 90' lang='lat' dir='ltr'><strong>minus</strong></span> <span class='ocrx_word' id='word_1_501' title='bbox 736 4384 1060 4450; x_wconf 89' lang='lat' dir='ltr'><strong>observato,</strong></span> <span class='ocrx_word' id='word_1_502' title='bbox 1099 4391 1157 4440; x_wconf 89' lang='lat' dir='ltr'><strong>ut</strong></span> <span class='ocrx_word' id='word_1_503' title='bbox 1191 4387 1260 4441; x_wconf 89' lang='lat' dir='ltr'><strong>de</strong></span> <span class='ocrx_word' id='word_1_504' title='bbox 1303 4403 1416 4442; x_wconf 90' lang='lat' dir='ltr'><strong>uno</strong></span> <span class='ocrx_word' id='word_1_505' title='bbox 1461 4387 1713 4444; x_wconf 89' lang='lat' dir='ltr'><strong>Sabbato</strong></span> <span class='ocrx_word' id='word_1_506' title='bbox 1743 4406 1820 4444; x_wconf 85' lang='lat' dir='ltr'><strong>xu</strong></span> 
     </span>
    </p>
   </div>
   <div class='ocr_carea' id='block_1_78' title="bbox 172 4471 1825 4548">
    <p class='ocr_par' dir='ltr' id='par_1_78' title="bbox 172 4471 1825 4548">
     <span class='ocr_line' id='line_1_78' title="bbox 172 4471 1825 4548; baseline 0.004 -22"><span class='ocrx_word' id='word_1_507' title='bbox 172 4471 494 4528; x_wconf 88' lang='lat' dir='ltr'><strong>lectionum</strong></span> <span class='ocrx_word' id='word_1_508' title='bbox 509 4489 696 4544; x_wconf 88' lang='lat' dir='ltr'><strong>usque</strong></span> <span class='ocrx_word' id='word_1_509' title='bbox 717 4473 772 4527; x_wconf 90' lang='lat' dir='ltr'><strong>in</strong></span> <span class='ocrx_word' id='word_1_510' title='bbox 796 4473 952 4528; x_wconf 87' lang='lat' dir='ltr'><strong>aliud</strong></span> <span class='ocrx_word' id='word_1_511' title='bbox 965 4474 1145 4543; x_wconf 83' lang='lat' dir='ltr'><strong>,juxta</strong></span> <span class='ocrx_word' id='word_1_512' title='bbox 1164 4474 1825 4548; x_wconf 87' lang='lat' dir='ltr'><strong>Amalarium,quatuor-</strong></span> 
     </span>
    </p>
   </div>
   <div class='ocr_carea' id='block_1_79' title="bbox 172 4560 1819 4636">
    <p class='ocr_par' dir='ltr' id='par_1_79' title="bbox 172 4560 1819 4636">
     <span class='ocr_line' id='line_1_79' title="bbox 172 4560 1819 4636; baseline 0.002 -20"><span class='ocrx_word' id='word_1_513' title='bbox 172 4560 364 4616; x_wconf 89' lang='lat' dir='ltr'><strong>decim</strong></span> <span class='ocrx_word' id='word_1_514' title='bbox 386 4560 765 4618; x_wconf 68' lang='lat' dir='ltr'><strong>hebdomadas</strong></span> <span class='ocrx_word' id='word_1_515' title='bbox 789 4564 1284 4634; x_wconf 88' lang='lat' dir='ltr'><strong>computentur.Si</strong></span> <span class='ocrx_word' id='word_1_516' title='bbox 1317 4563 1819 4636; x_wconf 86' lang='lat' dir='ltr'><strong>igitur,inquiunt,</strong></span> 
     </span>
    </p>
   </div>
   <div class='ocr_carea' id='block_1_80' title="bbox 1940 3409 3586 3484">
    <p class='ocr_par' dir='ltr' id='par_1_80' title="bbox 1940 3409 3586 3484">
     <span class='ocr_line' id='line_1_80' title="bbox 1940 3409 3586 3484; baseline -0.003 -17"><span class='ocrx_word' id='word_1_517' title='bbox 1940 3413 2246 3484; x_wconf 90' lang='lat' dir='ltr'><strong>septimus,</strong></span> <span class='ocrx_word' id='word_1_518' title='bbox 2269 3413 2438 3482; x_wconf 91' lang='lat' dir='ltr'><strong>cujus</strong></span> <span class='ocrx_word' id='word_1_519' title='bbox 2470 3412 2810 3466; x_wconf 86' lang='lat' dir='ltr'><strong>auctoritate</strong></span> <span class='ocrx_word' id='word_1_520' title='bbox 2843 3415 3255 3482; x_wconf 84' lang='lat' dir='ltr'><strong>congregatum</strong></span> <span class='ocrx_word' id='word_1_521' title='bbox 3289 3413 3345 3464; x_wconf 89' lang='lat' dir='ltr'><strong>et</strong></span> <span class='ocrx_word' id='word_1_522' title='bbox 3378 3409 3586 3463; x_wconf 81' lang='lat' dir='ltr'><strong>confir-</strong></span> 
     </span>
    </p>
   </div>
   <div class='ocr_carea' id='block_1_81' title="bbox 1940 3496 3586 3563">
    <p class='ocr_par' dir='ltr' id='par_1_81' title="bbox 1940 3496 3586 3563">
     <span class='ocr_line' id='line_1_81' title="bbox 1940 3496 3586 3563; baseline -0.002 -7"><span class='ocrx_word' id='word_1_523' title='bbox 1940 3507 2163 3557; x_wconf 87' lang='lat' dir='ltr'><strong>matum</strong></span> <span class='ocrx_word' id='word_1_524' title='bbox 2193 3506 2282 3556; x_wconf 91' lang='lat' dir='ltr'><strong>est</strong></span> <span class='ocrx_word' id='word_1_525' title='bbox 2329 3505 2596 3555; x_wconf 90' lang='lat' dir='ltr'><strong>sanctum</strong></span> <span class='ocrx_word' id='word_1_526' title='bbox 2639 3497 3109 3554; x_wconf 86' lang='lat' dir='ltr'><strong>Chalcedonense</strong></span> <span class='ocrx_word' id='word_1_527' title='bbox 3157 3496 3492 3563; x_wconf 90' lang='lat' dir='ltr'><strong>concilium,</strong></span> <span class='ocrx_word' id='word_1_528' title='bbox 3529 3497 3586 3552; x_wconf 91' lang='lat' dir='ltr'><strong>in</strong></span> 
     </span>
    </p>
   </div>
   <div class='ocr_carea' id='block_1_82' title="bbox 1935 3585 3585 3660">
    <p class='ocr_par' dir='ltr' id='par_1_82' title="bbox 1935 3585 3585 3660">
     <span class='ocr_line' id='line_1_82' title="bbox 1935 3585 3585 3660; baseline -0.004 -15"><span class='ocrx_word' id='word_1_529' title='bbox 1935 3591 2082 3645; x_wconf 90' lang='lat' dir='ltr'><strong>libro</strong></span> <span class='ocrx_word' id='word_1_530' title='bbox 2115 3606 2452 3645; x_wconf 88' lang='lat' dir='ltr'><strong>sermonum</strong></span> <span class='ocrx_word' id='word_1_531' title='bbox 2485 3588 2678 3660; x_wconf 90' lang='lat' dir='ltr'><strong>quarti</strong></span> <span class='ocrx_word' id='word_1_532' title='bbox 2727 3588 2950 3642; x_wconf 89' lang='lat' dir='ltr'><strong>mensis</strong></span> <span class='ocrx_word' id='word_1_533' title='bbox 2981 3585 3277 3657; x_wconf 88' lang='lat' dir='ltr'><strong>jejunium</strong></span> <span class='ocrx_word' id='word_1_534' title='bbox 3313 3602 3433 3640; x_wconf 80' lang='lat' dir='ltr'><strong>non</strong></span> <span class='ocrx_word' id='word_1_535' title='bbox 3468 3585 3585 3640; x_wconf 91' lang='lat' dir='ltr'><strong>nisi</strong></span> 
     </span>
    </p>
   </div>
   <div class='ocr_carea' id='block_1_83' title="bbox 1935 3673 3587 3734">
    <p class='ocr_par' dir='ltr' id='par_1_83' title="bbox 1935 3673 3587 3734">
     <span class='ocr_line' id='line_1_83' title="bbox 1935 3673 3587 3734; baseline -0.002 -2"><span class='ocrx_word' id='word_1_536' title='bbox 1935 3679 2302 3734; x_wconf 88' lang='lat' dir='ltr'><strong>hebdomada</strong></span> <span class='ocrx_word' id='word_1_537' title='bbox 2316 3678 2685 3732; x_wconf 90' lang='lat' dir='ltr'><strong>Pentecostes</strong></span> <span class='ocrx_word' id='word_1_538' title='bbox 2706 3675 3118 3731; x_wconf 88' lang='lat' dir='ltr'><strong>celebrandum</strong></span> <span class='ocrx_word' id='word_1_539' title='bbox 3135 3690 3264 3729; x_wconf 90' lang='lat' dir='ltr'><strong>esse</strong></span> <span class='ocrx_word' id='word_1_540' title='bbox 3280 3673 3587 3728; x_wconf 89' lang='lat' dir='ltr'><strong>denuntia-</strong></span> 
     </span>
    </p>
   </div>
   <div class='ocr_carea' id='block_1_84' title="bbox 1933 3761 3587 3832">
    <p class='ocr_par' dir='ltr' id='par_1_84' title="bbox 1933 3761 3587 3832">
     <span class='ocr_line' id='line_1_84' title="bbox 1933 3761 3587 3832; baseline -0.002 -12"><span class='ocrx_word' id='word_1_541' title='bbox 1933 3767 2154 3822; x_wconf 89' lang='lat' dir='ltr'><strong>vit.Nec</strong></span> <span class='ocrx_word' id='word_1_542' title='bbox 2180 3766 2530 3821; x_wconf 89' lang='lat' dir='ltr'><strong>hoctantum</strong></span> <span class='ocrx_word' id='word_1_543' title='bbox 2554 3765 2611 3819; x_wconf 91' lang='lat' dir='ltr'><strong>in</strong></span> <span class='ocrx_word' id='word_1_544' title='bbox 2647 3782 2762 3820; x_wconf 91' lang='lat' dir='ltr'><strong>uno</strong></span> <span class='ocrx_word' id='word_1_545' title='bbox 2794 3762 3193 3830; x_wconf 89' lang='lat' dir='ltr'><strong>sermone,sed</strong></span> <span class='ocrx_word' id='word_1_546' title='bbox 3213 3761 3273 3817; x_wconf 92' lang='lat' dir='ltr'><strong>in</strong></span> <span class='ocrx_word' id='word_1_547' title='bbox 3297 3761 3587 3832; x_wconf 87' lang='lat' dir='ltr'><strong>pluribus,</strong></span> 
     </span>
    </p>
   </div>
   <div class='ocr_carea' id='block_1_85' title="bbox 1934 3849 3587 3926">
    <p class='ocr_par' dir='ltr' id='par_1_85' title="bbox 1934 3849 3587 3926">
     <span class='ocr_line' id='line_1_85' title="bbox 1934 3849 3587 3926; baseline -0.004 -16"><span class='ocrx_word' id='word_1_548' title='bbox 1934 3873 2080 3926; x_wconf 89' lang='lat' dir='ltr'><strong>quos</strong></span> <span class='ocrx_word' id='word_1_549' title='bbox 2102 3856 2172 3910; x_wconf 93' lang='lat' dir='ltr'><strong>de</strong></span> <span class='ocrx_word' id='word_1_550' title='bbox 2204 3858 2539 3910; x_wconf 87' lang='lat' dir='ltr'><strong>Pentecoste</strong></span> <span class='ocrx_word' id='word_1_551' title='bbox 2570 3854 2628 3908; x_wconf 90' lang='lat' dir='ltr'><strong>in</strong></span> <span class='ocrx_word' id='word_1_552' title='bbox 2661 3852 2903 3908; x_wconf 90' lang='lat' dir='ltr'><strong>diversis</strong></span> <span class='ocrx_word' id='word_1_553' title='bbox 2926 3852 3097 3906; x_wconf 87' lang='lat' dir='ltr'><strong>annis</strong></span> <span class='ocrx_word' id='word_1_554' title='bbox 3116 3851 3321 3906; x_wconf 88' lang='lat' dir='ltr'><strong>fecisse</strong></span> <span class='ocrx_word' id='word_1_555' title='bbox 3349 3849 3587 3922; x_wconf 88' lang='lat' dir='ltr'><strong>legitur;</strong></span> 
     </span>
    </p>
   </div>
   <div class='ocr_carea' id='block_1_86' title="bbox 1933 3940 3594 4016">
    <p class='ocr_par' dir='ltr' id='par_1_86' title="bbox 1933 3940 3594 4016">
     <span class='ocr_line' id='line_1_86' title="bbox 1933 3940 3594 4016; baseline -0.004 -17"><span class='ocrx_word' id='word_1_556' title='bbox 1933 3945 2086 4016; x_wconf 93' lang='lat' dir='ltr'><strong>quod</strong></span> <span class='ocrx_word' id='word_1_557' title='bbox 2109 3943 2276 3998; x_wconf 92' lang='lat' dir='ltr'><strong>illum</strong></span> <span class='ocrx_word' id='word_1_558' title='bbox 2292 3944 2694 4015; x_wconf 81' lang='lat' dir='ltr'><strong>subterfugere</strong></span> <span class='ocrx_word' id='word_1_559' title='bbox 2709 3959 2822 3997; x_wconf 92' lang='lat' dir='ltr'><strong>non</strong></span> <span class='ocrx_word' id='word_1_560' title='bbox 2841 3940 3252 4013; x_wconf 82' lang='lat' dir='ltr'><strong>poterit,quicu</strong></span> <span class='ocrx_word' id='word_1_561' title='bbox 3264 3955 3416 4010; x_wconf 90' lang='lat' dir='ltr'><strong>nque</strong></span> <span class='ocrx_word' id='word_1_562' title='bbox 3429 3955 3594 3994; x_wconf 92' lang='lat' dir='ltr'><strong>eum-</strong></span> 
     </span>
    </p>
   </div>
   <div class='ocr_carea' id='block_1_87' title="bbox 1933 4027 3589 4103">
    <p class='ocr_par' dir='ltr' id='par_1_87' title="bbox 1933 4027 3589 4103">
     <span class='ocr_line' id='line_1_87' title="bbox 1933 4027 3589 4103; baseline -0.003 -16"><span class='ocrx_word' id='word_1_563' title='bbox 1933 4034 2064 4088; x_wconf 92' lang='lat' dir='ltr'><strong>dem</strong></span> <span class='ocrx_word' id='word_1_564' title='bbox 2081 4033 2298 4087; x_wconf 89' lang='lat' dir='ltr'><strong>librum</strong></span> <span class='ocrx_word' id='word_1_565' title='bbox 2321 4031 2630 4103; x_wconf 86' lang='lat' dir='ltr'><strong>diligenter</strong></span> <span class='ocrx_word' id='word_1_566' title='bbox 2650 4028 3067 4102; x_wconf 88' lang='lat' dir='ltr'><strong>pcrlegerit.lbi</strong></span> <span class='ocrx_word' id='word_1_567' title='bbox 3091 4029 3248 4084; x_wconf 90' lang='lat' dir='ltr'><strong>enim</strong></span> <span class='ocrx_word' id='word_1_568' title='bbox 3276 4027 3589 4083; x_wconf 87' lang='lat' dir='ltr'><strong>evidentis-</strong></span> 
     </span>
    </p>
   </div>
   <div class='ocr_carea' id='block_1_88' title="bbox 1933 4117 3592 4192">
    <p class='ocr_par' dir='ltr' id='par_1_88' title="bbox 1933 4117 3592 4192">
     <span class='ocr_line' id='line_1_88' title="bbox 1933 4117 3592 4192; baseline -0.004 -15"><span class='ocrx_word' id='word_1_569' title='bbox 1933 4122 2079 4177; x_wconf 90' lang='lat' dir='ltr'><strong>sime</strong></span> <span class='ocrx_word' id='word_1_570' title='bbox 2110 4121 2416 4177; x_wconf 90' lang='lat' dir='ltr'><strong>docebitur</strong></span> <span class='ocrx_word' id='word_1_571' title='bbox 2444 4138 2512 4176; x_wconf 82' lang='lat' dir='ltr'><strong>ex</strong></span> <span class='ocrx_word' id='word_1_572' title='bbox 2552 4119 2870 4192; x_wconf 89' lang='lat' dir='ltr'><strong>apostolica</strong></span> <span class='ocrx_word' id='word_1_573' title='bbox 2913 4117 3227 4173; x_wconf 87' lang='lat' dir='ltr'><strong>traditione</strong></span> <span class='ocrx_word' id='word_1_574' title='bbox 3279 4117 3457 4187; x_wconf 89' lang='lat' dir='ltr'><strong>hujus</strong></span> <span class='ocrx_word' id='word_1_575' title='bbox 3501 4117 3592 4188; x_wconf 88' lang='lat' dir='ltr'><strong>je-</strong></span> 
     </span>
    </p>
   </div>
   <div class='ocr_carea' id='block_1_89' title="bbox 1921 4205 3591 4281">
    <p class='ocr_par' dir='ltr' id='par_1_89' title="bbox 1921 4205 3591 4281">
     <span class='ocr_line' id='line_1_89' title="bbox 1921 4205 3591 4281; baseline -0.003 -17"><span class='ocrx_word' id='word_1_576' title='bbox 1921 4211 2078 4281; x_wconf 90' lang='lat' dir='ltr'><strong>junii</strong></span> <span class='ocrx_word' id='word_1_577' title='bbox 2109 4210 2536 4266; x_wconf 89' lang='lat' dir='ltr'><strong>observantiam</strong></span> <span class='ocrx_word' id='word_1_578' title='bbox 2583 4210 2951 4276; x_wconf 81' lang='lat' dir='ltr'><strong>descendere,</strong></span> <span class='ocrx_word' id='word_1_579' title='bbox 3001 4224 3106 4263; x_wconf 90' lang='lat' dir='ltr'><strong>nec</strong></span> <span class='ocrx_word' id='word_1_580' title='bbox 3170 4207 3458 4262; x_wconf 89' lang='lat' dir='ltr'><strong>diversam</strong></span> <span class='ocrx_word' id='word_1_581' title='bbox 3490 4205 3591 4260; x_wconf 89' lang='lat' dir='ltr'><strong>sed</strong></span> 
     </span>
    </p>
   </div>
   <div class='ocr_carea' id='block_1_90' title="bbox 1931 4293 3612 4369">
    <p class='ocr_par' dir='ltr' id='par_1_90' title="bbox 1931 4293 3612 4369">
     <span class='ocr_line' id='line_1_90' title="bbox 1931 4293 3612 4369; baseline -0.003 -17"><span class='ocrx_word' id='word_1_582' title='bbox 1931 4299 2270 4353; x_wconf 91' lang='lat' dir='ltr'><strong>continuam</strong></span> <span class='ocrx_word' id='word_1_583' title='bbox 2321 4298 2611 4369; x_wconf 90' lang='lat' dir='ltr'><strong>[divisam,</strong></span> <span class='ocrx_word' id='word_1_584' title='bbox 2663 4298 2763 4353; x_wconf 91' lang='lat' dir='ltr'><strong>sed</strong></span> <span class='ocrx_word' id='word_1_585' title='bbox 2823 4297 3203 4368; x_wconf 83' lang='lat' dir='ltr'><strong>contiguam],</strong></span> <span class='ocrx_word' id='word_1_586' title='bbox 3257 4298 3389 4368; x_wconf 92' lang='lat' dir='ltr'><strong>post</strong></span> <span class='ocrx_word' id='word_1_587' title='bbox 3432 4293 3612 4348; x_wconf 90' lang='lat' dir='ltr'><strong>diem.</strong></span> 
     </span>
    </p>
   </div>
   <div class='ocr_carea' id='block_1_91' title="bbox 1932 4381 3593 4454">
    <p class='ocr_par' dir='ltr' id='par_1_91' title="bbox 1932 4381 3593 4454">
     <span class='ocr_line' id='line_1_91' title="bbox 1932 4381 3593 4454; baseline -0.004 -13"><span class='ocrx_word' id='word_1_588' title='bbox 1932 4392 2302 4443; x_wconf 89' lang='lat' dir='ltr'><strong>Pentecostes</strong></span> <span class='ocrx_word' id='word_1_589' title='bbox 2352 4387 2628 4443; x_wconf 87' lang='lat' dir='ltr'><strong>celebrari</strong></span> <span class='ocrx_word' id='word_1_590' title='bbox 2663 4387 2894 4441; x_wconf 90' lang='lat' dir='ltr'><strong>debere.</strong></span> <span class='ocrx_word' id='word_1_591' title='bbox 2929 4386 3038 4440; x_wconf 91' lang='lat' dir='ltr'><strong>Sed</strong></span> <span class='ocrx_word' id='word_1_592' title='bbox 3078 4401 3148 4440; x_wconf 89' lang='lat' dir='ltr'><strong>ne</strong></span> <span class='ocrx_word' id='word_1_593' title='bbox 3205 4381 3422 4454; x_wconf 89' lang='lat' dir='ltr'><strong>aliquis</strong></span> <span class='ocrx_word' id='word_1_594' title='bbox 3454 4397 3593 4436; x_wconf 92' lang='lat' dir='ltr'><strong>eum</strong></span> 
     </span>
    </p>
   </div>
   <div class='ocr_carea' id='block_1_92' title="bbox 1933 4473 3592 4547">
    <p class='ocr_par' dir='ltr' id='par_1_92' title="bbox 1933 4473 3592 4547">
     <span class='ocr_line' id='line_1_92' title="bbox 1933 4473 3592 4547; baseline -0.003 -17"><span class='ocrx_word' id='word_1_595' title='bbox 1933 4475 2039 4531; x_wconf 90' lang='lat' dir='ltr'><strong>hoc</strong></span> <span class='ocrx_word' id='word_1_596' title='bbox 2070 4477 2141 4530; x_wconf 92' lang='lat' dir='ltr'><strong>de</strong></span> <span class='ocrx_word' id='word_1_597' title='bbox 2173 4474 2666 4547; x_wconf 86' lang='lat' dir='ltr'><strong>quadragesimali</strong></span> <span class='ocrx_word' id='word_1_598' title='bbox 2693 4473 3102 4545; x_wconf 72' lang='lat' dir='ltr'><strong>jejunio.quod</strong></span> <span class='ocrx_word' id='word_1_599' title='bbox 3127 4477 3259 4544; x_wconf 90' lang='lat' dir='ltr'><strong>post</strong></span> <span class='ocrx_word' id='word_1_600' title='bbox 3280 4475 3592 4526; x_wconf 90' lang='lat' dir='ltr'><strong>Pentecos-</strong></span> 
     </span>
    </p>
   </div>
   <div class='ocr_carea' id='block_1_93' title="bbox 1930 4561 3593 4636">
    <p class='ocr_par' dir='ltr' id='par_1_93' title="bbox 1930 4561 3593 4636">
     <span class='ocr_line' id='line_1_93' title="bbox 1930 4561 3593 4636; baseline -0.004 -16"><span class='ocrx_word' id='word_1_601' title='bbox 1930 4569 2025 4620; x_wconf 90' lang='lat' dir='ltr'><strong>ten</strong></span> <span class='ocrx_word' id='word_1_602' title='bbox 2059 4564 2273 4636; x_wconf 91' lang='lat' dir='ltr'><strong>agitur,</strong></span> <span class='ocrx_word' id='word_1_603' title='bbox 2308 4582 2421 4617; x_wconf 87' lang='lat' dir='ltr'><strong>non</strong></span> <span class='ocrx_word' id='word_1_604' title='bbox 2463 4564 2532 4617; x_wconf 91' lang='lat' dir='ltr'><strong>de</strong></span> <span class='ocrx_word' id='word_1_605' title='bbox 2561 4562 2790 4633; x_wconf 89' lang='lat' dir='ltr'><strong>jejunio</strong></span> <span class='ocrx_word' id='word_1_606' title='bbox 2845 4561 3036 4632; x_wconf 89' lang='lat' dir='ltr'><strong>quarti</strong></span> <span class='ocrx_word' id='word_1_607' title='bbox 3087 4562 3331 4626; x_wconf 89' lang='lat' dir='ltr'><strong>mensis,</strong></span> <span class='ocrx_word' id='word_1_608' title='bbox 3381 4576 3593 4630; x_wconf 65' lang='lat' dir='ltr'><strong>praece-</strong></span> 
     </span>
    </p>
   </div>
   <div class='ocr_carea' id='block_1_94' title="bbox 163 4649 3594 4742">
    <p class='ocr_par' dir='ltr' id='par_1_94' title="bbox 163 4649 3594 4742">
     <span class='ocr_line' id='line_1_94' title="bbox 163 4649 3594 4742; baseline -0.001 -38"><span class='ocrx_word' id='word_1_609' title='bbox 163 4650 336 4720; x_wconf 83' lang='lat' dir='ltr'><strong>juxta</strong></span> <span class='ocrx_word' id='word_1_610' title='bbox 365 4654 653 4705; x_wconf 75' lang='lat' dir='ltr'><strong>statutum</strong></span> <span class='ocrx_word' id='word_1_611' title='bbox 677 4650 896 4706; x_wconf 81' lang='lat' dir='ltr'><strong>domini</strong></span> <span class='ocrx_word' id='word_1_612' title='bbox 932 4651 1232 4724; x_wconf 85' lang='lat' dir='ltr'><strong>apostolici</strong></span> <span class='ocrx_word' id='word_1_613' title='bbox 1264 4652 1416 4707; x_wconf 88' lang='lat' dir='ltr'><strong>infra</strong></span> <span class='ocrx_word' id='word_1_614' title='bbox 1445 4653 1818 4710; x_wconf 88' lang='lat' dir='ltr'><strong>Pentecosten</strong></span> <span class='ocrx_word' id='word_1_615' title='bbox 1851 4679 1899 4742; x_wconf 83' lang='lat' dir='ltr'><strong>D</strong></span> <span class='ocrx_word' id='word_1_616' title='bbox 1933 4652 2087 4725; x_wconf 88' lang='lat' dir='ltr'><strong>pisse</strong></span> <span class='ocrx_word' id='word_1_617' title='bbox 2118 4657 2350 4724; x_wconf 87' lang='lat' dir='ltr'><strong>putaret</strong></span> <span class='ocrx_word' id='word_1_618' title='bbox 2378 4652 2807 4722; x_wconf 88' lang='lat' dir='ltr'><strong>subsequenter</strong></span> <span class='ocrx_word' id='word_1_619' title='bbox 2835 4649 3200 4704; x_wconf 88' lang='lat' dir='ltr'><strong>decernendo</strong></span> <span class='ocrx_word' id='word_1_620' title='bbox 3225 4649 3594 4742; x_wconf 38' lang='lat' dir='ltr'><strong>adm‘on-et-ut</strong></span> 
     </span>
    </p>
   </div>
   <div class='ocr_carea' id='block_1_95' title="bbox 169 4738 1824 4814">
    <p class='ocr_par' dir='ltr' id='par_1_95' title="bbox 169 4738 1824 4814">
     <span class='ocr_line' id='line_1_95' title="bbox 169 4738 1824 4814; baseline 0.004 -22"><span class='ocrx_word' id='word_1_621' title='bbox 169 4738 481 4793; x_wconf 85' lang='lat' dir='ltr'><strong>annuatim</strong></span> <span class='ocrx_word' id='word_1_622' title='bbox 506 4739 888 4810; x_wconf 85' lang='lat' dir='ltr'><strong>jejunavcris,</strong></span> <span class='ocrx_word' id='word_1_623' title='bbox 912 4757 1026 4795; x_wconf 90' lang='lat' dir='ltr'><strong>non</strong></span> <span class='ocrx_word' id='word_1_624' title='bbox 1050 4757 1281 4812; x_wconf 89' lang='lat' dir='ltr'><strong>semper</strong></span> <span class='ocrx_word' id='word_1_625' title='bbox 1315 4743 1630 4798; x_wconf 88' lang='lat' dir='ltr'><strong>secundam</strong></span> <span class='ocrx_word' id='word_1_626' title='bbox 1656 4761 1824 4814; x_wconf 88' lang='lat' dir='ltr'><strong>quar-</strong></span> 
     </span>
    </p>
   </div>
   <div class='ocr_carea' id='block_1_96' title="bbox 170 4826 1824 4887">
    <p class='ocr_par' dir='ltr' id='par_1_96' title="bbox 170 4826 1824 4887">
     <span class='ocr_line' id='line_1_96' title="bbox 170 4826 1824 4887; baseline 0.002 -5"><span class='ocrx_word' id='word_1_627' title='bbox 170 4830 295 4882; x_wconf 84' lang='lat' dir='ltr'><strong>tam</strong></span> <span class='ocrx_word' id='word_1_628' title='bbox 329 4827 534 4882; x_wconf 81' lang='lat' dir='ltr'><strong>feriam</strong></span> <span class='ocrx_word' id='word_1_629' title='bbox 563 4826 650 4883; x_wconf 89' lang='lat' dir='ltr'><strong>vel</strong></span> <span class='ocrx_word' id='word_1_630' title='bbox 666 4829 988 4884; x_wconf 89' lang='lat' dir='ltr'><strong>secundum</strong></span> <span class='ocrx_word' id='word_1_631' title='bbox 1002 4829 1321 4884; x_wconf 88' lang='lat' dir='ltr'><strong>Sabbatum</strong></span> <span class='ocrx_word' id='word_1_632' title='bbox 1334 4830 1494 4884; x_wconf 87' lang='lat' dir='ltr'><strong>Junii</strong></span> <span class='ocrx_word' id='word_1_633' title='bbox 1521 4831 1824 4887; x_wconf 88' lang='lat' dir='ltr'><strong>observare</strong></span> 
     </span>
    </p>
   </div>
   <div class='ocr_carea' id='block_1_97' title="bbox 170 4916 1822 4989">
    <p class='ocr_par' dir='ltr' id='par_1_97' title="bbox 170 4916 1822 4989">
     <span class='ocr_line' id='line_1_97' title="bbox 170 4916 1822 4989; baseline 0.003 -19"><span class='ocrx_word' id='word_1_634' title='bbox 170 4916 414 4988; x_wconf 90' lang='lat' dir='ltr'><strong>poteris.</strong></span> <span class='ocrx_word' id='word_1_635' title='bbox 448 4917 556 4972; x_wconf 89' lang='lat' dir='ltr'><strong>Sed</strong></span> <span class='ocrx_word' id='word_1_636' title='bbox 579 4933 683 4971; x_wconf 90' lang='lat' dir='ltr'><strong>cur</strong></span> <span class='ocrx_word' id='word_1_637' title='bbox 703 4934 863 4973; x_wconf 91' lang='lat' dir='ltr'><strong>more</strong></span> <span class='ocrx_word' id='word_1_638' title='bbox 899 4917 1321 4972; x_wconf 70' lang='lat' dir='ltr'><strong>Pharisaeorum</strong></span> <span class='ocrx_word' id='word_1_639' title='bbox 1345 4917 1642 4989; x_wconf 86' lang='lat' dir='ltr'><strong>liquamus</strong></span> <span class='ocrx_word' id='word_1_640' title='bbox 1679 4920 1822 4974; x_wconf 88' lang='lat' dir='ltr'><strong>culi-</strong></span> 
     </span>
    </p>
   </div>
   <div class='ocr_carea' id='block_1_98' title="bbox 172 5003 1867 5078">
    <p class='ocr_par' dir='ltr' id='par_1_98' title="bbox 172 5003 1867 5078">
     <span class='ocr_line' id='line_1_98' title="bbox 172 5003 1867 5078; baseline 0.004 -20"><span class='ocrx_word' id='word_1_641' title='bbox 172 5020 321 5073; x_wconf 91' lang='lat' dir='ltr'><strong>cem,</strong></span> <span class='ocrx_word' id='word_1_642' title='bbox 345 5003 960 5077; x_wconf 85' lang='lat' dir='ltr'><strong>glutientescarnelum</strong></span> <span class='ocrx_word' id='word_1_643' title='bbox 981 5006 1154 5073; x_wconf 83' lang='lat' dir='ltr'><strong>?Cur,</strong></span> <span class='ocrx_word' id='word_1_644' title='bbox 1191 5006 1452 5077; x_wconf 86' lang='lat' dir='ltr'><strong>inquam,</strong></span> <span class='ocrx_word' id='word_1_645' title='bbox 1483 5007 1823 5078; x_wconf 83' lang='lat' dir='ltr'><strong>hujusmodi</strong></span> <span class='ocrx_word' id='word_1_646' title='bbox 1861 5033 1867 5037; x_wconf 90' lang='grc'><strong>·</strong></span> 
     </span>
    </p>
   </div>
   <div class='ocr_carea' id='block_1_99' title="bbox 173 5092 1828 5168">
    <p class='ocr_par' dir='ltr' id='par_1_99' title="bbox 173 5092 1828 5168">
     <span class='ocr_line' id='line_1_99' title="bbox 173 5092 1828 5168; baseline 0.004 -22"><span class='ocrx_word' id='word_1_647' title='bbox 173 5092 288 5147; x_wconf 86' lang='lat' dir='ltr'><strong>seri</strong></span> <span class='ocrx_word' id='word_1_648' title='bbox 295 5097 395 5164; x_wconf 89' lang='lat' dir='ltr'><strong>pta</strong></span> <span class='ocrx_word' id='word_1_649' title='bbox 407 5093 768 5165; x_wconf 64' lang='lat' dir='ltr'><strong>praevaricari</strong></span> <span class='ocrx_word' id='word_1_650' title='bbox 781 5094 915 5167; x_wconf 89' lang='lat' dir='ltr'><strong>plus</strong></span> <span class='ocrx_word' id='word_1_651' title='bbox 928 5111 1417 5165; x_wconf 88' lang='lat' dir='ltr'><strong>vereamurqnam</strong></span> <span class='ocrx_word' id='word_1_652' title='bbox 1432 5097 1585 5151; x_wconf 90' lang='lat' dir='ltr'><strong>sedis</strong></span> <span class='ocrx_word' id='word_1_653' title='bbox 1600 5105 1828 5168; x_wconf 88' lang='lat' dir='ltr'><strong>aposto-</strong></span> 
     </span>
    </p>
   </div>
   <div class='ocr_carea' id='block_1_100' title="bbox 174 5180 1825 5254">
    <p class='ocr_par' dir='ltr' id='par_1_100' title="bbox 174 5180 1825 5254">
     <span class='ocr_line' id='line_1_100' title="bbox 174 5180 1825 5254; baseline 0.005 -20"><span class='ocrx_word' id='word_1_654' title='bbox 174 5180 299 5236; x_wconf 69' lang='lat' dir='ltr'><strong>licae</strong></span> <span class='ocrx_word' id='word_1_655' title='bbox 316 5181 640 5252; x_wconf 89' lang='lat' dir='ltr'><strong>decretum,</strong></span> <span class='ocrx_word' id='word_1_656' title='bbox 665 5183 988 5254; x_wconf 76' lang='lat' dir='ltr'><strong>praesertim</strong></span> <span class='ocrx_word' id='word_1_657' title='bbox 1010 5199 1144 5238; x_wconf 91' lang='lat' dir='ltr'><strong>eum</strong></span> <span class='ocrx_word' id='word_1_658' title='bbox 1176 5183 1249 5238; x_wconf 91' lang='lat' dir='ltr'><strong>ob</strong></span> <span class='ocrx_word' id='word_1_659' title='bbox 1274 5199 1475 5238; x_wconf 91' lang='lat' dir='ltr'><strong>eorum</strong></span> <span class='ocrx_word' id='word_1_660' title='bbox 1503 5184 1825 5243; x_wconf 86' lang='lat' dir='ltr'><strong>adinvicem</strong></span> 
     </span>
    </p>
   </div>
   <div class='ocr_carea' id='block_1_101' title="bbox 175 5269 1825 5343">
    <p class='ocr_par' dir='ltr' id='par_1_101' title="bbox 175 5269 1825 5343">
     <span class='ocr_line' id='line_1_101' title="bbox 175 5269 1825 5343; baseline 0.002 -19"><span class='ocrx_word' id='word_1_661' title='bbox 175 5269 627 5342; x_wconf 83' lang='lat' dir='ltr'><strong>repugnantiam</strong></span> <span class='ocrx_word' id='word_1_662' title='bbox 652 5285 713 5326; x_wconf 91' lang='lat' dir='ltr'><strong>se</strong></span> <span class='ocrx_word' id='word_1_663' title='bbox 726 5271 1033 5327; x_wconf 89' lang='lat' dir='ltr'><strong>observare</strong></span> <span class='ocrx_word' id='word_1_664' title='bbox 1063 5289 1177 5327; x_wconf 89' lang='lat' dir='ltr'><strong>non</strong></span> <span class='ocrx_word' id='word_1_665' title='bbox 1202 5271 1544 5343; x_wconf 87' lang='lat' dir='ltr'><strong>permittant</strong></span> <span class='ocrx_word' id='word_1_666' title='bbox 1555 5273 1645 5328; x_wconf 89' lang='lat' dir='ltr'><strong>?Si</strong></span> <span class='ocrx_word' id='word_1_667' title='bbox 1671 5274 1825 5329; x_wconf 90' lang='lat' dir='ltr'><strong>enim</strong></span> 
     </span>
    </p>
   </div>
   <div class='ocr_carea' id='block_1_102' title="bbox 167 5358 1828 5433">
    <p class='ocr_par' dir='ltr' id='par_1_102' title="bbox 167 5358 1828 5433">
     <span class='ocr_line' id='line_1_102' title="bbox 167 5358 1828 5433; baseline 0.004 -21"><span class='ocrx_word' id='word_1_668' title='bbox 167 5358 339 5427; x_wconf 83' lang='lat' dir='ltr'><strong>juxta</strong></span> <span class='ocrx_word' id='word_1_669' title='bbox 357 5358 830 5429; x_wconf 78' lang='lat' dir='ltr'><strong>Moguntiacense</strong></span> <span class='ocrx_word' id='word_1_670' title='bbox 842 5359 1157 5416; x_wconf 90' lang='lat' dir='ltr'><strong>concilium</strong></span> <span class='ocrx_word' id='word_1_671' title='bbox 1179 5360 1236 5415; x_wconf 90' lang='lat' dir='ltr'><strong>in</strong></span> <span class='ocrx_word' id='word_1_672' title='bbox 1255 5361 1442 5431; x_wconf 89' lang='lat' dir='ltr'><strong>prima</strong></span> <span class='ocrx_word' id='word_1_673' title='bbox 1463 5367 1671 5433; x_wconf 88' lang='lat' dir='ltr'><strong>quarta</strong></span> <span class='ocrx_word' id='word_1_674' title='bbox 1686 5363 1828 5419; x_wconf 89' lang='lat' dir='ltr'><strong>feria</strong></span> 
     </span>
    </p>
   </div>
   <div class='ocr_carea' id='block_1_103' title="bbox 176 5445 1826 5520">
    <p class='ocr_par' dir='ltr' id='par_1_103' title="bbox 176 5445 1826 5520">
     <span class='ocr_line' id='line_1_103' title="bbox 176 5445 1826 5520; baseline 0.005 -21"><span class='ocrx_word' id='word_1_675' title='bbox 176 5445 394 5512; x_wconf 86' lang='lat' dir='ltr'><strong>Martii,</strong></span> <span class='ocrx_word' id='word_1_676' title='bbox 417 5445 475 5500; x_wconf 90' lang='lat' dir='ltr'><strong>in</strong></span> <span class='ocrx_word' id='word_1_677' title='bbox 497 5448 756 5503; x_wconf 88' lang='lat' dir='ltr'><strong>secunda</strong></span> <span class='ocrx_word' id='word_1_678' title='bbox 783 5448 968 5520; x_wconf 88' lang='lat' dir='ltr'><strong>Junii,</strong></span> <span class='ocrx_word' id='word_1_679' title='bbox 995 5449 1052 5503; x_wconf 92' lang='lat' dir='ltr'><strong>in</strong></span> <span class='ocrx_word' id='word_1_680' title='bbox 1085 5449 1257 5505; x_wconf 90' lang='lat' dir='ltr'><strong>tertia</strong></span> <span class='ocrx_word' id='word_1_681' title='bbox 1280 5451 1638 5520; x_wconf 86' lang='lat' dir='ltr'><strong>Septembris</strong></span> <span class='ocrx_word' id='word_1_682' title='bbox 1668 5453 1826 5507; x_wconf 88' lang='lat' dir='ltr'><strong>omni</strong></span> 
     </span>
    </p>
   </div>
   <div class='ocr_carea' id='block_1_104' title="bbox 176 5535 1828 5608">
    <p class='ocr_par' dir='ltr' id='par_1_104' title="bbox 176 5535 1828 5608">
     <span class='ocr_line' id='line_1_104' title="bbox 176 5535 1828 5608; baseline 0.005 -20"><span class='ocrx_word' id='word_1_683' title='bbox 176 5549 332 5590; x_wconf 86' lang='lat' dir='ltr'><strong>anno</strong></span> <span class='ocrx_word' id='word_1_684' title='bbox 355 5535 689 5606; x_wconf 85' lang='lat' dir='ltr'><strong>jejunatur,</strong></span> <span class='ocrx_word' id='word_1_685' title='bbox 713 5537 972 5608; x_wconf 88' lang='lat' dir='ltr'><strong>primum</strong></span> <span class='ocrx_word' id='word_1_686' title='bbox 1024 5537 1343 5592; x_wconf 89' lang='lat' dir='ltr'><strong>Sabbatum</strong></span> <span class='ocrx_word' id='word_1_687' title='bbox 1377 5538 1591 5608; x_wconf 88' lang='lat' dir='ltr'><strong>Martii,</strong></span> <span class='ocrx_word' id='word_1_688' title='bbox 1617 5556 1828 5596; x_wconf 90' lang='lat' dir='ltr'><strong>secun-</strong></span> 
     </span>
    </p>
   </div>
   <div class='ocr_carea' id='block_1_105' title="bbox 179 5621 1829 5697">
    <p class='ocr_par' dir='ltr' id='par_1_105' title="bbox 179 5621 1829 5697">
     <span class='ocr_line' id='line_1_105' title="bbox 179 5621 1829 5697; baseline 0.006 -20"><span class='ocrx_word' id='word_1_689' title='bbox 179 5621 319 5678; x_wconf 91' lang='lat' dir='ltr'><strong>dum</strong></span> <span class='ocrx_word' id='word_1_690' title='bbox 349 5621 785 5691; x_wconf 86' lang='lat' dir='ltr'><strong>Junii,tertium</strong></span> <span class='ocrx_word' id='word_1_691' title='bbox 818 5624 1178 5697; x_wconf 90' lang='lat' dir='ltr'><strong>Septembris</strong></span> <span class='ocrx_word' id='word_1_692' title='bbox 1201 5627 1505 5683; x_wconf 88' lang='lat' dir='ltr'><strong>annuatim</strong></span> <span class='ocrx_word' id='word_1_693' title='bbox 1525 5629 1829 5687; x_wconf 87' lang='lat' dir='ltr'><strong>observare</strong></span> 
     </span>
    </p>
   </div>
   <div class='ocr_carea' id='block_1_106' title="bbox 175 5711 1834 5794">
    <p class='ocr_par' dir='ltr' id='par_1_106' title="bbox 175 5711 1834 5794">
     <span class='ocr_line' id='line_1_106' title="bbox 175 5711 1834 5794; baseline 0.006 -23"><span class='ocrx_word' id='word_1_694' title='bbox 175 5711 618 5794; x_wconf 85' lang='lat' dir='ltr'><strong>nequibis,necj</strong></span> <span class='ocrx_word' id='word_1_695' title='bbox 629 5717 763 5772; x_wconf 83' lang='lat' dir='ltr'><strong>uxta</strong></span> <span class='ocrx_word' id='word_1_696' title='bbox 784 5712 1145 5772; x_wconf 81' lang='lat' dir='ltr'><strong>Amalarium</strong></span> <span class='ocrx_word' id='word_1_697' title='bbox 1160 5717 1600 5794; x_wconf 84' lang='lat' dir='ltr'><strong>quatuordecim</strong></span> <span class='ocrx_word' id='word_1_698' title='bbox 1621 5718 1834 5782; x_wconf 89' lang='lat' dir='ltr'><strong>hebdo-</strong></span> 
     </span>
    </p>
   </div>
   <div class='ocr_carea' id='block_1_107' title="bbox 1934 4735 3587 4808">
    <p class='ocr_par' dir='ltr' id='par_1_107' title="bbox 1934 4735 3587 4808">
     <span class='ocr_line' id='line_1_107' title="bbox 1934 4735 3587 4808; baseline -0.005 -12"><span class='ocrx_word' id='word_1_699' title='bbox 1934 4741 2087 4796; x_wconf 89' lang='lat' dir='ltr'><strong>infra</strong></span> <span class='ocrx_word' id='word_1_700' title='bbox 2115 4740 2379 4796; x_wconf 91' lang='lat' dir='ltr'><strong>eamdem</strong></span> <span class='ocrx_word' id='word_1_701' title='bbox 2397 4739 2823 4794; x_wconf 87' lang='lat' dir='ltr'><strong>hebdomadam</strong></span> <span class='ocrx_word' id='word_1_702' title='bbox 2849 4742 3059 4808; x_wconf 87' lang='lat' dir='ltr'><strong>quarta</strong></span> <span class='ocrx_word' id='word_1_703' title='bbox 3081 4741 3139 4792; x_wconf 86' lang='lat' dir='ltr'><strong>et</strong></span> <span class='ocrx_word' id='word_1_704' title='bbox 3161 4740 3324 4792; x_wconf 79' lang='lat' dir='ltr'><strong>sexta</strong></span> <span class='ocrx_word' id='word_1_705' title='bbox 3350 4735 3587 4804; x_wconf 86' lang='lat' dir='ltr'><strong>feriaje-</strong></span> 
     </span>
    </p>
   </div>
   <div class='ocr_carea' id='block_1_108' title="bbox 1928 4821 3590 4902">
    <p class='ocr_par' dir='ltr' id='par_1_108' title="bbox 1928 4821 3590 4902">
     <span class='ocr_line' id='line_1_108' title="bbox 1928 4821 3590 4902; baseline -0.005 -17"><span class='ocrx_word' id='word_1_706' title='bbox 1928 4829 2328 4902; x_wconf 88' lang='lat' dir='ltr'><strong>junetur,etin</strong></span> <span class='ocrx_word' id='word_1_707' title='bbox 2360 4828 2613 4884; x_wconf 85' lang='lat' dir='ltr'><strong>Sabbato</strong></span> <span class='ocrx_word' id='word_1_708' title='bbox 2632 4827 2784 4898; x_wconf 89' lang='lat' dir='ltr'><strong>apud</strong></span> <span class='ocrx_word' id='word_1_709' title='bbox 2813 4831 3088 4882; x_wconf 87' lang='lat' dir='ltr'><strong>Sanctum</strong></span> <span class='ocrx_word' id='word_1_710' title='bbox 3115 4829 3350 4880; x_wconf 89' lang='lat' dir='ltr'><strong>Petrum</strong></span> <span class='ocrx_word' id='word_1_711' title='bbox 3375 4821 3590 4894; x_wconf 76' lang='lat' dir='ltr'><strong>vigilia:</strong></span> 
     </span>
    </p>
   </div>
   <div class='ocr_carea' id='block_1_109' title="bbox 1935 4911 3588 4988">
    <p class='ocr_par' dir='ltr' id='par_1_109' title="bbox 1935 4911 3588 4988">
     <span class='ocr_line' id='line_1_109' title="bbox 1935 4911 3588 4988; baseline -0.005 -15"><span class='ocrx_word' id='word_1_712' title='bbox 1935 4918 2323 4984; x_wconf 87' lang='lat' dir='ltr'><strong>celebrentur,</strong></span> <span class='ocrx_word' id='word_1_713' title='bbox 2360 4934 2535 4988; x_wconf 90' lang='lat' dir='ltr'><strong>quem</strong></span> <span class='ocrx_word' id='word_1_714' title='bbox 2583 4915 3048 4972; x_wconf 87' lang='lat' dir='ltr'><strong>denuntiationis</strong></span> <span class='ocrx_word' id='word_1_715' title='bbox 3079 4914 3319 4969; x_wconf 91' lang='lat' dir='ltr'><strong>modum</strong></span> <span class='ocrx_word' id='word_1_716' title='bbox 3353 4927 3499 4984; x_wconf 89' lang='lat' dir='ltr'><strong>pene</strong></span> <span class='ocrx_word' id='word_1_717' title='bbox 3531 4911 3588 4965; x_wconf 88' lang='lat' dir='ltr'><strong>in</strong></span> 
     </span>
    </p>
   </div>
   <div class='ocr_carea' id='block_1_110' title="bbox 1936 5001 3592 5073">
    <p class='ocr_par' dir='ltr' id='par_1_110' title="bbox 1936 5001 3592 5073">
     <span class='ocr_line' id='line_1_110' title="bbox 1936 5001 3592 5073; baseline -0.005 -10"><span class='ocrx_word' id='word_1_718' title='bbox 1936 5008 2211 5063; x_wconf 89' lang='lat' dir='ltr'><strong>omnibus</strong></span> <span class='ocrx_word' id='word_1_719' title='bbox 2241 5007 2364 5060; x_wconf 87' lang='lat' dir='ltr'><strong>suis</strong></span> <span class='ocrx_word' id='word_1_720' title='bbox 2381 5006 2752 5061; x_wconf 89' lang='lat' dir='ltr'><strong>sermonibus</strong></span> <span class='ocrx_word' id='word_1_721' title='bbox 2770 5004 3180 5070; x_wconf 88' lang='lat' dir='ltr'><strong>obtinuit,cum</strong></span> <span class='ocrx_word' id='word_1_722' title='bbox 3201 5001 3430 5073; x_wconf 89' lang='lat' dir='ltr'><strong>jejunia</strong></span> <span class='ocrx_word' id='word_1_723' title='bbox 3448 5001 3592 5065; x_wconf 89' lang='lat' dir='ltr'><strong>Qua-</strong></span> 
     </span>
    </p>
   </div>
   <div class='ocr_carea' id='block_1_111' title="bbox 1934 5089 3590 5166">
    <p class='ocr_par' dir='ltr' id='par_1_111' title="bbox 1934 5089 3590 5166">
     <span class='ocr_line' id='line_1_111' title="bbox 1934 5089 3590 5166; baseline -0.004 -16"><span class='ocrx_word' id='word_1_724' title='bbox 1934 5102 2067 5150; x_wconf 89' lang='lat' dir='ltr'><strong>tuor</strong></span> <span class='ocrx_word' id='word_1_725' title='bbox 2083 5098 2436 5166; x_wconf 88' lang='lat' dir='ltr'><strong>Temporum</strong></span> <span class='ocrx_word' id='word_1_726' title='bbox 2460 5089 3590 5162; x_wconf 85' lang='lat' dir='ltr'><strong>denuntiaret.NamillaQuadragesima</strong></span> 
     </span>
    </p>
   </div>
   <div class='ocr_carea' id='block_1_112' title="bbox 1937 5178 3588 5257">
    <p class='ocr_par' dir='ltr' id='par_1_112' title="bbox 1937 5178 3588 5257">
     <span class='ocr_line' id='line_1_112' title="bbox 1937 5178 3588 5257; baseline -0.005 -17"><span class='ocrx_word' id='word_1_727' title='bbox 1937 5189 2068 5257; x_wconf 92' lang='lat' dir='ltr'><strong>post</strong></span> <span class='ocrx_word' id='word_1_728' title='bbox 2097 5189 2474 5240; x_wconf 90' lang='lat' dir='ltr'><strong>Pentecosten</strong></span> <span class='ocrx_word' id='word_1_729' title='bbox 2508 5200 2620 5238; x_wconf 91' lang='lat' dir='ltr'><strong>non</strong></span> <span class='ocrx_word' id='word_1_730' title='bbox 2656 5183 2931 5239; x_wconf 91' lang='lat' dir='ltr'><strong>omnibus</strong></span> <span class='ocrx_word' id='word_1_731' title='bbox 2954 5187 3016 5237; x_wconf 92' lang='lat' dir='ltr'><strong>ut</strong></span> <span class='ocrx_word' id='word_1_732' title='bbox 3039 5178 3588 5252; x_wconf 88' lang='lat' dir='ltr'><strong>hocjejunium,sed</strong></span> 
     </span>
    </p>
   </div>
   <div class='ocr_carea' id='block_1_113' title="bbox 1937 5266 3588 5345">
    <p class='ocr_par' dir='ltr' id='par_1_113' title="bbox 1937 5266 3588 5345">
     <span class='ocr_line' id='line_1_113' title="bbox 1937 5266 3588 5345; baseline -0.007 -15"><span class='ocrx_word' id='word_1_733' title='bbox 1937 5273 2078 5330; x_wconf 89' lang='lat' dir='ltr'><strong>solis</strong></span> <span class='ocrx_word' id='word_1_734' title='bbox 2127 5271 2542 5345; x_wconf 83' lang='lat' dir='ltr'><strong>pcenitentibus</strong></span> <span class='ocrx_word' id='word_1_735' title='bbox 2591 5273 2956 5327; x_wconf 88' lang='lat' dir='ltr'><strong>observanda</strong></span> <span class='ocrx_word' id='word_1_736' title='bbox 3004 5268 3346 5343; x_wconf 90' lang='lat' dir='ltr'><strong>imponitur.</strong></span> <span class='ocrx_word' id='word_1_737' title='bbox 3381 5267 3494 5322; x_wconf 90' lang='lat' dir='ltr'><strong>Nec</strong></span> <span class='ocrx_word' id='word_1_738' title='bbox 3529 5266 3588 5320; x_wconf 93' lang='lat' dir='ltr'><strong>in</strong></span> 
     </span>
    </p>
   </div>
   <div class='ocr_carea' id='block_1_114' title="bbox 1938 5354 3590 5430">
    <p class='ocr_par' dir='ltr' id='par_1_114' title="bbox 1938 5354 3590 5430">
     <span class='ocr_line' id='line_1_114' title="bbox 1938 5354 3590 5430; baseline -0.007 -12"><span class='ocrx_word' id='word_1_739' title='bbox 1938 5363 2045 5418; x_wconf 93' lang='lat' dir='ltr'><strong>hoc</strong></span> <span class='ocrx_word' id='word_1_740' title='bbox 2066 5365 2298 5416; x_wconf 91' lang='lat' dir='ltr'><strong>tantum</strong></span> <span class='ocrx_word' id='word_1_741' title='bbox 2329 5359 2520 5416; x_wconf 90' lang='lat' dir='ltr'><strong>triduo</strong></span> <span class='ocrx_word' id='word_1_742' title='bbox 2553 5360 2704 5415; x_wconf 85' lang='lat' dir='ltr'><strong>infra</strong></span> <span class='ocrx_word' id='word_1_743' title='bbox 2728 5365 3133 5430; x_wconf 85' lang='lat' dir='ltr'><strong>Pentecosten,</strong></span> <span class='ocrx_word' id='word_1_744' title='bbox 3158 5359 3254 5415; x_wconf 90' lang='lat' dir='ltr'><strong>sed</strong></span> <span class='ocrx_word' id='word_1_745' title='bbox 3308 5357 3365 5412; x_wconf 92' lang='lat' dir='ltr'><strong>in</strong></span> <span class='ocrx_word' id='word_1_746' title='bbox 3399 5354 3590 5410; x_wconf 91' lang='lat' dir='ltr'><strong>omni-</strong></span> 
     </span>
    </p>
   </div>
   <div class='ocr_carea' id='block_1_115' title="bbox 1937 5445 3590 5518">
    <p class='ocr_par' dir='ltr' id='par_1_115' title="bbox 1937 5445 3590 5518">
     <span class='ocr_line' id='line_1_115' title="bbox 1937 5445 3590 5518; baseline -0.007 -10"><span class='ocrx_word' id='word_1_747' title='bbox 1937 5453 2048 5508; x_wconf 90' lang='lat' dir='ltr'><strong>bus</strong></span> <span class='ocrx_word' id='word_1_748' title='bbox 2078 5450 2310 5518; x_wconf 89' lang='lat' dir='ltr'><strong>triduis,</strong></span> <span class='ocrx_word' id='word_1_749' title='bbox 2334 5448 2420 5504; x_wconf 89' lang='lat' dir='ltr'><strong>vel</strong></span> <span class='ocrx_word' id='word_1_750' title='bbox 2472 5449 2645 5505; x_wconf 90' lang='lat' dir='ltr'><strong>etiam</strong></span> <span class='ocrx_word' id='word_1_751' title='bbox 2693 5450 2899 5505; x_wconf 92' lang='lat' dir='ltr'><strong>diebus</strong></span> <span class='ocrx_word' id='word_1_752' title='bbox 2949 5467 3048 5506; x_wconf 85' lang='lat' dir='ltr'><strong>sex</strong></span> <span class='ocrx_word' id='word_1_753' title='bbox 3089 5445 3590 5504; x_wconf 88' lang='lat' dir='ltr'><strong>hebdomadarum</strong></span> 
     </span>
    </p>
   </div>
   <div class='ocr_carea' id='block_1_116' title="bbox 1938 5530 3588 5610">
    <p class='ocr_par' dir='ltr' id='par_1_116' title="bbox 1938 5530 3588 5610">
     <span class='ocr_line' id='line_1_116' title="bbox 1938 5530 3588 5610; baseline -0.007 -13"><span class='ocrx_word' id='word_1_754' title='bbox 1938 5539 2218 5597; x_wconf 90' lang='lat' dir='ltr'><strong>custodiri</strong></span> <span class='ocrx_word' id='word_1_755' title='bbox 2249 5540 2511 5610; x_wconf 90' lang='lat' dir='ltr'><strong>jubetur.</strong></span> <span class='ocrx_word' id='word_1_756' title='bbox 2551 5544 2827 5596; x_wconf 69' lang='lat' dir='ltr'><strong>Praeterea</strong></span> <span class='ocrx_word' id='word_1_757' title='bbox 2879 5540 3034 5595; x_wconf 92' lang='lat' dir='ltr'><strong>idem</strong></span> <span class='ocrx_word' id='word_1_758' title='bbox 3087 5537 3172 5592; x_wconf 91' lang='lat' dir='ltr'><strong>vir</strong></span> <span class='ocrx_word' id='word_1_759' title='bbox 3229 5530 3588 5604; x_wconf 89' lang='lat' dir='ltr'><strong>apostolicus</strong></span> 
     </span>
    </p>
   </div>
   <div class='ocr_carea' id='block_1_117' title="bbox 1938 5617 3588 5701">
    <p class='ocr_par' dir='ltr' id='par_1_117' title="bbox 1938 5617 3588 5701">
     <span class='ocr_line' id='line_1_117' title="bbox 1938 5617 3588 5701; baseline -0.01 -15"><span class='ocrx_word' id='word_1_760' title='bbox 1938 5631 1998 5686; x_wconf 89' lang='lat' dir='ltr'><strong>in</strong></span> <span class='ocrx_word' id='word_1_761' title='bbox 2031 5646 2296 5686; x_wconf 87' lang='lat' dir='ltr'><strong>sermone</strong></span> <span class='ocrx_word' id='word_1_762' title='bbox 2327 5629 2396 5684; x_wconf 90' lang='lat' dir='ltr'><strong>de</strong></span> <span class='ocrx_word' id='word_1_763' title='bbox 2418 5629 2648 5700; x_wconf 83' lang='lat' dir='ltr'><strong>jejunio</strong></span> <span class='ocrx_word' id='word_1_764' title='bbox 2679 5628 2916 5701; x_wconf 88' lang='lat' dir='ltr'><strong>septimi</strong></span> <span class='ocrx_word' id='word_1_765' title='bbox 2942 5624 3226 5682; x_wconf 66' lang='lat' dir='ltr'><strong>‘mensism</strong></span> <span class='ocrx_word' id='word_1_766' title='bbox 3261 5617 3588 5690; x_wconf 87' lang='lat' dir='ltr'><strong>Jejunium,</strong></span> 
     </span>
    </p>
   </div>
   <div class='ocr_carea' id='block_1_118' title="bbox 1939 5707 3587 5802">
    <p class='ocr_par' dir='ltr' id='par_1_118' title="bbox 1939 5707 3587 5802">
     <span class='ocr_line' id='line_1_118' title="bbox 1939 5707 3587 5802; baseline -0.007 -24"><span class='ocrx_word' id='word_1_767' title='bbox 1939 5719 2399 5802; x_wconf 81' lang='lat' dir='ltr'><strong>inquit,vernum</strong></span> <span class='ocrx_word' id='word_1_768' title='bbox 2428 5717 2488 5778; x_wconf 89' lang='lat' dir='ltr'><strong>in</strong></span> <span class='ocrx_word' id='word_1_769' title='bbox 2519 5713 3269 5794; x_wconf 80' lang='lat' dir='ltr'><strong>Quadragesima,aestivum</strong></span> <span class='ocrx_word' id='word_1_770' title='bbox 3292 5707 3352 5774; x_wconf 79' lang='lat' dir='ltr'><strong>in</strong></span> <span class='ocrx_word' id='word_1_771' title='bbox 3383 5710 3587 5774; x_wconf 76' lang='lat' dir='ltr'><strong>Pentc~</strong></span> 
     </span>
    </p>
   </div>
  </div>
