3976 6382
165 435 320 500 1001

1607 434 2132 501 MICROLOGUS.

3418 440 3575 504 1003

167 570 520 628 lectionibus
549 570 904 642 subjungere
935 571 1219 626 debemus
1250 588 1262 626 :
1297 570 1536 641 Spiritus
1568 571 1817 639 Domini,
1850 572 1905 638 Α
1933 587 2048 626 non
2076 570 2371 625 immerito
2421 567 2655 642 plenius
2700 585 2879 642 quam
2930 570 3160 645 reliqua
3197 586 3376 632 suum
3402 572 3581 630 habet

170 660 502 726 Paraelitus,
533 661 749 715 Emitte.
786 662 913 715 l'eni
942 660 1135 715 Sancte
1163 662 1424 732 Spiritus.
1482 662 1547 715 In
1591 664 1821 716 autum-

172 757 290 813 nali
323 761 519 814 autem
544 757 772 828 jejunio
802 757 1021 824 omnia,
1055 761 1119 812 ut
1148 757 1415 813 instituta
1441 761 1599 824 sunt,
1630 759 1821 813 obser-

159 864 389 902 vamus.
440 846 504 901 In
553 849 764 917 quarta
813 845 954 902 feria
985 846 1305 918 antiphona
1342 847 1635 907 Exultate;
1681 863 1808 919 gra-

159 935 350 1004 duale,
386 936 519 1004 Quis
576 937 748 997 sicut;
779 935 1077 1007 graduale,
1132 936 1561 997 Tribulaliones;
1596 936 1819 991 oil'erto-

161 1025 339 1093 rium,
373 1025 695 1086 Meditabar;
722 1025 1079 1092 communio,
1110 1025 1379 1081 Comeiite
1411 1044 1429 1079 :
1462 1041 1595 1080 cum
1622 1024 1817 1080 lectio-

161 1114 367 1191 nibus,
417 1114 547 1169 Erce
592 1113 705 1168 dies
752 1115 996 1180 veniunt,
1037 1115 1404 1185 Cougregntus
1435 1118 1542 1180 est;
1580 1131 1816 1181 evange-

160 1210 328 1277 lium,
363 1210 715 1282 Respondens
753 1228 911 1265 unus.
945 1210 1007 1265 In
1043 1214 1203 1265 sexta
1254 1211 1397 1266 feria
1443 1212 1762 1283 antipbona
1798 1230 1810 1266 :

159 1300 401 1356 Laetetur
455 1317 581 1362 cor;
655 1298 954 1373 graduale,
1020 1301 1367 1368 Convertere;
1426 1301 1809 1365 offertorium,

158 1389 426 1451 Benedic;
459 1389 816 1455 communio,
851 1391 1021 1459 Aufer
1045 1407 1078 1443 a
1103 1406 1219 1450 me;
1251 1389 1440 1445 lectio:
1462 1390 1809 1445 Convertere:

158 1476 545 1550 evangelium,
579 1478 821 1546 Rogabat
847 1480 1047 1533 Iesum.
1084 1480 1217 1545 Quae
1250 1477 1446 1533 omnia
1484 1478 1808 1533 adinvicem

160 1583 433 1638 magnam
467 1566 683 1621 habent
703 1566 1165 1622 concordiam.ln
1182 1567 1433 1623 Sabbato
1463 1567 1806 1639 antiphona:

161 1656 676 1721 l’enite,arloremus;
710 1655 1071 1710 oil‘ertorium
1104 1674 1115 1710 :
1150 1657 1377 1712 Domine
1405 1659 1541 1711 Deus
1569 1658 1807 1722 salutis;

155 1753 492 1809 communio
529 1772 540 1808 :
574 1754 747 1808 Mense
767 1754 1024 1823 septimo;
1055 1753 1331 1808 lectiones
1379 1772 1391 1808 :
1434 1755 1648 1809 Decimo
1696 1753 1803 1817 die,

154 1845 353 1910 Quinto
406 1843 633 1912 decimo,
685 1844 909 1897 Domine
958 1844 1095 1897 Deus
1158 1853 1360 1907 noster,
1420 1845 1643 1898 Factum
1694 1845 1804 1903 est;

1930 659 2209 715 officium.
2241 660 2386 714 Nam
2418 660 2643 732 reliqua
2672 660 2909 717 aliunde
2940 678 3097 717 nunc
3127 678 3198 718 ex
3227 665 3368 729 toto,
3425 678 3582 719 nunc

1928 767 1994 803 ex
2027 766 2239 821 magna
2286 754 2452 821 parte
2501 766 2605 821 per
2649 766 2789 804 suas
2840 750 3016 806 ferias
3069 750 3485 806 inofficiantur.
3516 748 3584 807 Pa

1896 830 1899 837 ’
1928 838 2087 893 omni
2113 836 2339 909 jejunio
2369 838 2628 901 Quatuor
2647 838 3027 910 Temporum,
3059 838 3175 895 nisi
3203 838 3358 894 infra
3384 842 3588 895 Pente-

1927 930 2147 991 costen,
2181 942 2369 996 genua
2401 926 2713 982 ﬂectimus.
2742 931 2808 980 In
2833 932 3043 998 quarta
3065 928 3302 1000 quidem
3333 927 3479 983 feria
3509 928 3582 983 ad

1926 1015 2177 1085 priorem
2210 1018 2440 1069 tantum
2472 1015 2797 1071 orationem
2831 1016 2957 1071 sine
2991 1016 3343 1072 salutatione
3385 1015 3579 1088 prola-

1927 1105 2215 1159 lam.Nam
2231 1105 2489 1159 secunda
2504 1104 2628 1159 sine
2640 1105 3044 1177 genuﬂexione
3066 1121 3202 1161 cum
3232 1104 3582 1161 salutatione

1924 1193 2234 1263 profertur.
2268 1193 2464 1248 Oratio
2490 1196 2686 1248 autem
2718 1194 2779 1248 in
2811 1196 2976 1249 sexta
3004 1193 3150 1250 feria
3177 1204 3313 1250 eum
3359 1184 3573 1250 saluta-

1922 1281 2080 1336 tione
2110 1285 2167 1336 et
2194 1281 2597 1353 genuﬂexione
2640 1282 2936 1337 recitatur.
2971 1283 3033 1338 In
3079 1283 3331 1339 Sabbato
3379 1286 3577 1338 autem

1921 1386 2123 1424 omnes
2156 1370 2446 1426 orationes
2477 1371 2805 1443 genuﬂexio
2837 1371 2964 1427 sine
2995 1370 3344 1428 salutatione
3363 1388 3575 1444 praece-

1921 1458 2026 1524 dit,
2052 1464 2260 1529 praeter
2287 1459 2449 1514 illam
2483 1460 2553 1515 de
2575 1460 2804 1515 camino
2829 1476 2953 1532 quae
2986 1459 3399 1517 salutationem
3449 1461 3576 1517 sine

1918 1548 2321 1618 genuﬂexione
2350 1548 2543 1621 exigit.
2578 1549 2661 1603 Ad
2693 1548 2855 1604 illam
2887 1566 3097 1623 nempe
3125 1566 3318 1623 genua
3346 1542 3575 1606 ﬂectere

1922 1636 2608 1707 prietermittimusmore
2639 1638 2818 1692 trium
2840 1639 3288 1711 puerorum,qui
3315 1641 3574 1695 statuam

1917 1725 2157 1780 adorare
2190 1724 2505 1781 noluerunt
2535 1742 2668 1781 cum
2700 1725 3203 1798 gentilibus.0rd0
3231 1726 3406 1783 etiam
3428 1743 3573 1799 pras-

1916 1813 2056 1884 cipit
2101 1817 2165 1868 ut
2210 1814 2363 1868 infra
2411 1814 2698 1887 hymnum
2728 1815 3072 1871 eorumdem
3104 1829 3424 1887 puerorum
3456 1830 3573 1870 non

151 1902 515 2004 evangelium
552 1949 562 1986 :
600 1902 858 1988 .irborem
896 1932 1061 2003 ﬁdei;
1110 1902 1413 2004 gradualia
1444 1949 1577 1987 vero
1607 1902 1810 1987 eadem
1842 1936 1889 2000 B
1920 1902 2563 2004 ῗξθάθωωξδδῖθθὲῃῗ,
2596 1904 2827 2004 θδωίῃξ)
2858 1903 3396 2004 Ῑδδοτθξίίδηθῆωθ
3420 1903 3574 2004 ille.”

155 2038 282 2094 qua:
314 2026 373 2077 et
405 2021 462 2075 in
488 2022 717 2092 jejunio
746 2021 985 2076 vernali.
1020 2021 1153 2084 Quae
1200 2020 1307 2076 etsi
1356 2022 1508 2092 apud
1550 2021 1811 2075 diversos

152 2109 381 2165 diverse
411 2115 816 2177 assumuntur,
850 2111 909 2165 in
944 2109 1395 2183 quamplurimis
1428 2115 1622 2165 tamen
1646 2109 1811 2165 libris

154 2200 235 2254 ita
297 2199 670 2271 reperiuntur
722 2218 733 2254 :
784 2203 1080 2265 Profertur,
1149 2201 1442 2271 Propitius,
1505 2201 1808 2269 Dirigatur,

154 2296 382 2351 Salvum
408 2302 500 2367 [ac
524 2296 817 2369 papuium,
854 2314 979 2369 quae
1030 2302 1088 2351 et
1129 2296 1186 2351 in
1237 2297 1564 2352 autumnali
1584 2299 1812 2369 jejunio

155 2388 217 2437 ut
249 2384 309 2437 in
341 2384 560 2439 vernali
594 2384 962 2451 ordinantur,
1006 2384 1117 2440 nisi
1171 2386 1325 2456 quod
1374 2387 1434 2439 in
1482 2384 1810 2441 autumnali

157 2472 441 2544 graduale
479 2473 771 2542 Protector,
820 2478 953 2545 post
993 2474 1270 2546 graduale
1324 2476 1601 2545 Propitius
1653 2477 1812 2529 cani-

162 2567 278 2618 tur.
332 2562 398 2617 Et
445 2562 553 2619 hoc
598 2563 799 2635 utique
844 2563 1155 2619 concordia
1201 2563 1526 2619 ofﬁciorum
1587 2564 1814 2636 exigere

163 2651 411 2707 videtur.
473 2652 618 2707 Nam
684 2652 742 2706 in
804 2651 1021 2707 vernali
1078 2653 1272 2724 prima
1335 2652 1505 2707 lectio
1572 2656 1809 2723 Respire,

161 2741 409 2807 Domine,
442 2741 507 2796 de
532 2742 871 2807 sanctuario,
904 2744 958 2796 et
990 2742 1208 2795 benedic
1232 2742 1432 2813 populo
1462 2745 1572 2806 tuo,
1597 2742 1814 2813 optime

162 2829 435 2903 congruit
463 2829 729 2902 graduali
758 2832 1037 2885 Protector
1066 2834 1267 2898 noster,
1315 2848 1348 2885 a
1396 2848 1511 2903 quo
1567 2836 1624 2886 et
1672 2832 1812 2886 sub-

160 2944 417 3000 sequens
447 2927 632 2983 oratio
656 2927 919 2982 initiatur
948 2930 1239 2983 Protector.
1291 2928 1568 2982 Secunda:
1619 2932 1813 2983 autem

161 3017 700 3089 lectionigraduale
728 3019 1013 3088 Propitius
1057 3035 1172 3072 non
1213 3019 1529 3091 incongrue
1579 3019 1815 3088 adapta-

163 3114 276 3162 tur.
312 3107 459 3162 Nam
488 3107 642 3179 quod
675 3107 735 3162 in
765 3106 1011 3162 lectione
1044 3108 1114 3162 de
1145 3105 1428 3179 corporali
1474 3105 1815 3162 liberatione

159 3195 375 3268 populo
406 3194 581 3251 Israel
614 3195 995 3267 promittitur,
1045 3195 1155 3250 hoc
1205 3200 1405 3251 sancta
1449 3195 1705 3251 Ecclesia
1754 3195 1813 3250 in

1920 1991 2013 2044 tim
2047 1992 2326 2046 sessionis
2358 1992 2537 2047 dediti
2569 2008 2697 2048 esse
2718 1992 3039 2048 videamur.
3066 1993 3185 2048 Hoc
3215 1995 3410 2049 autem
3434 1992 3576 2049 Sab-

1920 2080 2125 2135 batum
2158 2081 2428 2150 quamvis
2450 2097 2550 2136 sex
2579 2076 2858 2137 lectiones
2878 2084 3106 2136 tantum
3124 2080 3580 2152 habeat,dicitur

1920 2173 2118 2224 tamen
2149 2185 2230 2225 xu
2264 2168 2604 2235 lectionum,
2653 2186 2718 2225 eo
2778 2171 2935 2242 quod
2986 2169 3312 2243 antiquitus
3357 2171 3575 2226 eadem

1920 2257 2200 2313 lectiones
2227 2258 2318 2313 bis
2345 2257 2708 2330 legebantur,
2740 2259 2931 2314 Graece
2960 2258 3228 2315 videlicet
3256 2264 3314 2316 et
3351 2259 3572 2314 Latine.

1921 2346 2234 2401 Sciendum
2264 2352 2460 2401 autem
2493 2348 2550 2401 S.
2584 2346 2888 2402 Callistum
2927 2358 3139 2419 papam
3171 2353 3229 2403 et
3258 2346 3573 2420 martyrem

1922 2434 2263 2504 hujusmodi
2287 2435 2515 2505 jejunia
2546 2439 2753 2506 quater
2778 2436 2836 2489 in
2870 2451 3023 2491 anno
3053 2436 3332 2492 celebrari
3360 2436 3574 2491 consti-

1922 2524 2260 2593 tuissc,quae
2290 2523 2454 2594 prius
2481 2527 2569 2578 ter
2596 2527 2825 2579 tantum
2849 2523 2907 2577 in
2927 2540 3079 2579 anno
3101 2523 3389 2580 celebrata
3409 2524 3569 2580 sunt.

1924 2612 2085 2666 Sicut
2112 2611 2267 2667 idem
2299 2611 2651 2684 apostolicus
2705 2613 2777 2668 ad
2827 2612 3205 2668 Benedictum
3230 2600 3571 2686 episcopum

1924 2700 2186 2755 scribens
2219 2700 2488 2772 (epistola
2512 2699 2785 2756 decretali
2817 2700 3028 2773 prima)
3058 2705 3326 2758 testatur.

2091 2790 2226 2844 CAP.
2257 2788 2491 2844 XXXIX.
2534 2820 2599 2830 —-
2631 2791 2706 2844 De
2732 2790 3051 2845 vacantibus
3085 2791 3400 2847 Dominicis.
3448 2826 3455 2831 -

1995 2882 2254 2944 Quatuor
2284 2878 2593 2935 Dominicae
2615 2895 2742 2950 quae
2768 2878 3113 2952 hujusmodi
3128 2879 3358 2952 jejunis.
3388 2872 3576 2952 proxi-

1925 2986 2017 3023 me
2048 2969 2574 3041 subsequuntur,in
2594 2967 2741 3024 libro
2773 2969 3285 3025 Sacramentorum
3302 2973 3579 3026 vacantes

1924 3057 2445 3128 praetitulantur,eo
2464 3058 2619 3129 quod
2642 3058 2897 3130 propriis
2914 3049 3152 3115 eareant
3176 3057 3576 3115 officiisUn’de

1924 3149 1980 3200 et
2010 3162 2077 3201 ex
2108 3147 2571 3216 praecedentibus
2601 3148 2829 3218 quartis
2860 3146 3018 3203 feriis
3058 3147 3426 3218 jejuniorum
3460 3148 3575 3204 Ro-

1926 3250 2098 3289 mano
2145 3250 2303 3291 more
2334 3234 2750 3304 inofﬁciantur,
2806 3238 2869 3290 ut
2890 3234 3001 3290 illae
3033 3236 3161 3291 dum
3195 3252 3321 3307 qua:
3342 3235 3577 3293 vernale

159 3281 429 3397 saeua]:
460 3281 844 3397 ερίτίιυειιίιθις
872 3281 1044 3391 ξιοδίε
1070 3282 1379 3397 aetnaea
1410 3282 1814 3397 εξιρριίοειιηηθ
1845 3300 1887 3366 c
1918 3281 3578 3397 5;,“s;;iu';.;".;t;;.‘,;;;;.;;1tseiugatam;

161 3386 366 3454 gentes
396 3380 729 3437 daemonum
749 3381 919 3437 nobis
940 3381 1468 3453 praevaleant,sicut
1488 3398 1592 3436 nec
1612 3386 1815 3453 gentes

162 3486 530 3542 paganorum
562 3469 680 3524 illis
710 3470 1234 3543 praevalueruntln
1260 3470 1587 3526 autumnali
1618 3475 1813 3525 autem

161 3558 443 3632 graduale
474 3560 755 3631 Propitius
784 3559 1159 3631 praeponitur,
1188 3559 1327 3630 quia
1370 3563 1426 3614 et
1478 3559 1585 3614 hoc
1627 3559 1816 3632 magis

160 3648 366 3721 prima;
399 3647 633 3704 lectioni
665 3648 951 3714 convenit,
984 3664 1112 3720 quae
1144 3647 1312 3703 nobis
1360 3647 1513 3703 diem
1539 3648 1814 3721 propitia-

159 3737 362 3803 tionis,
396 3741 453 3794 et
480 3740 543 3791 ut
573 3737 724 3792 Deus
748 3737 916 3791 nobis
947 3736 1313 3809 propitietur,
1346 3736 1689 3808 praescribit.
1725 3738 1815 3792 Sc-

162 3825 367 3880 cundae
434 3842 569 3881 vero
636 3823 871 3881 lectioni
941 3824 1219 3899 graduale
1277 3830 1555 3881 Protector
1629 3825 1818 3898 magis

161 3914 466 3986 competit,
499 3930 616 3985 qua
646 3913 797 3970 filios
829 3914 975 3970 Irael
1006 3919 1232 3987 septem
1264 3915 1473 3986 diebus
1522 3914 1631 3971 sub
1685 3931 1815 3986 pro-

163 4012 415 4079 tectione
442 4010 921 4067 umbraculorum
947 4011 1254 4067 annuatim
1280 4011 1659 4067 solemnizare
1683 4029 1822 4083 prae-

162 4101 335 4173 cepit.
368 4101 632 4156 Tertium
664 4107 856 4156 autem
879 4103 1107 4173 jejunio
1139 4103 1356 4174 optime
1386 4103 1822 4174 congruit,quia

162 4196 220 4245 et
244 4191 306 4245 in
337 4189 559 4245 vernali
580 4191 949 4257 Jonathas,et
978 4192 1037 4245 in
1057 4192 1382 4263 Septembri
1404 4191 1674 4247 Michaeas
1700 4208 1823 4247 ora-

163 4278 357 4335 tiones
386 4296 528 4335 suas
560 4280 631 4335 ad
662 4280 978 4335 Dominum
1009 4298 1112 4352 pro
1147 4280 1358 4352 populo
1394 4280 1489 4335 Dei
1537 4280 1817 4352 dirigunt.

166 4366 453 4425 Similiter
472 4370 752 4438 quartum
783 4366 1062 4439 graduale
1086 4373 1307 4440 quartae
1336 4367 1573 4423 lectioni
1598 4383 1824 4439 compe-

166 4467 235 4520 tit
256 4466 706 4537 utique.Namin
721 4465 940 4522 vernali
954 4483 1057 4538 pro
1070 4466 1256 4521 salute
1268 4464 1466 4537 populi
1491 4464 1823 4537 postulatur

164 4571 295 4626 quas
328 4556 389 4609 in
422 4553 749 4610 autumnali
796 4554 1159 4626 promittitur
1208 4552 1445 4626 populo,
1480 4553 1529 4608 si
1562 4558 1755 4609 tamen
1792 4570 1826 4607 a

1925 3411 2175 3467 zestivale
2197 3412 2494 3483 jejunium
2526 3429 2640 3467 non
2674 3428 2810 3467 cum
2842 3415 3053 3483 quarta
3084 3411 3355 3482 feria,sed
3387 3410 3573 3469 multo

1925 3501 2364 3556 convenientiae
2393 3517 2528 3555 cum
2558 3492 2750 3556 ofﬁcio
2781 3504 3150 3557 Pentecostes
3172 3501 3574 3574 suppletur,eo

1925 3591 2081 3661 quod
2114 3588 2191 3644 sit
2219 3594 2419 3644 octava
2446 3589 2594 3660 ejus.
2628 3593 2767 3644 Post
2787 3588 3086 3660 jejunium
3126 3588 3305 3645 etiam
3344 3582 3576 3645 autum-

1926 3678 2325 3750 nale,quidam
2357 3694 2423 3733 ex
2444 3681 2652 3749 quarta
2679 3678 2821 3734 feria
2844 3678 3208 3734 Dominicam
3233 3686 3576 3750 sequentem

1928 3767 2339 3835 inofﬁciant,ut
2368 3767 2646 3840 paucitati
2673 3767 3126 3823 Dominicalium
3169 3767 3496 3824 ofﬁciorum
3516 3766 3579 3823 in

1927 3860 2127 3913 aestate
2158 3856 2265 3911 hoc
2296 3856 2703 3928 supplemento
2759 3848 3130 3912 subveniunt.
3177 3856 3293 3913 Sed
3333 3855 3585 3913 Romani

1929 3945 2269 4016 hujusmodi
2286 3944 2593 4017 penuriam
2620 3938 2961 4017 repetitione
2986 3945 3584 4002 Dominicalium‘om-

1929 4033 2149 4089 ciorum
2184 4034 2649 4106 supplent.Unde
2672 4039 2729 4090 et
2750 4034 3087 4107 praedictam
3115 4034 3590 4108 compilationem

1932 4123 2503 4197 [completionem]ex
2534 4127 2746 4196 quarta
2779 4124 2949 4194 feria,
2981 4124 3151 4197 quasi
3179 4141 3295 4180 non
3320 4132 3592 4181 necessa-

1931 4212 2099 4281 riam,
2133 4212 2213 4268 ibi
2247 4213 2595 4284 przemittere
2648 4213 2860 4269 solent.
2895 4216 2992 4268 Hie
3044 4217 3242 4270 autem
3276 4213 3594 4270 Dominice

1933 4302 2261 4373 antiquitus
2293 4303 2363 4356 ab
2396 4302 2586 4357 officio
2617 4303 3076 4374 vacabant,quia
3106 4301 3417 4360 celebratio
3438 4292 3593 4357 ordi-

1932 4391 2259 4459 nationum,
2287 4392 2456 4461 juxta
2503 4392 2739 4448 decreta
2788 4396 3126 4448 sanctorum
3176 4382 3440 4461 Patrum,
3472 4394 3595 4447 tam

1935 4496 2061 4534 sero
2095 4479 2269 4533 ﬁebat
2298 4479 2356 4533 in
2389 4479 2664 4546 Sabbato,
2701 4484 2767 4535 ut
2819 4481 3015 4551 potius
3066 4480 3382 4537 Dominicaa
3413 4494 3597 4553 quam

1933 4568 2182 4621 Sabbato
2214 4567 2620 4623 ascriberetur.
2653 4568 2800 4623 Nam
2846 4568 3228 4624 beatissimus
3279 4570 3391 4625 Leo
3442 4585 3598 4641 papa

164 4643 409 4699 veritate
438 4658 555 4698 non
587 4643 939 4734 discesserit.
966 4643 1122 4699 Satis
1153 4659 1290 4734 ergo
1322 4656 1649 4715 congruum
1673 4643 1824 4697 vide-
1857 4670 1900 4734 Ι)
1932 4655 2160 4727 primus
2192 4671 2376 4726 usque
2406 4655 2466 4709 in
2498 4672 2670 4711 mane
2703 4655 3016 4712 Dominicis
3048 4654 3159 4711 diei
3192 4656 3592 4713 ordinationes

162 4738 262 4787 tur
282 4736 419 4788 utet
431 4748 538 4787 nos
553 4748 752 4787 eorum
778 4732 1062 4787 librorum
1084 4732 1458 4788 traditionem
1485 4747 1819 4803 sequamur,

162 4821 261 4893 qui
297 4821 504 4877 eadem
535 4819 842 4892 gradualia
871 4820 1092 4877 vernali
1143 4825 1199 4876 et
1245 4820 1575 4876 autumnali
1596 4820 1824 4892 jejunio

162 4920 386 4991 pariter
410 4918 734 4975 ascribunt.
770 4920 894 4975 Non
948 4936 1083 4974 cum
1136 4918 1487 4973 lectionibus
1517 4919 1829 4989 utriusque

155 5009 377 5079 jejunii
414 5023 690 5080 magnam
740 5009 957 5063 habent
992 5007 1388 5074 concordiam,
1418 5013 1481 5063 ut
1511 5006 1832 5078 praelibavi-

166 5112 515 5170 mus,quam
531 5096 903 5167 potissimum
919 5097 979 5152 in
995 5096 1709 5170 dispositioncoi‘iiciorum
1726 5113 1833 5151 nos

165 5188 475 5243 attendere
507 5186 692 5242 sancti
728 5185 927 5242 Patres
959 5186 1383 5242 docuerunt.ln
1416 5184 1654 5241 hiemali
1678 5186 1833 5256 jeju-

169 5280 291 5344 nio,
323 5277 484 5350 quod
516 5276 576 5330 in
606 5276 872 5348 proximo
904 5276 1159 5331 Sabbato
1207 5280 1340 5332 ante
1386 5274 1645 5346 vigiliam
1676 5275 1834 5329 Nati-

164 5366 374 5422 vitatis
410 5364 725 5421 Dominicis
755 5381 988 5438 semper
1012 5368 1103 5421 est
1128 5364 1575 5430 observandum,
1596 5362 1743 5416 nihil
1774 5363 1834 5418 in

165 5454 381 5511 ofﬁciis
410 5453 691 5510 variatur.
724 5455 792 5510 Et
822 5455 1147 5510 notandum
1175 5470 1378 5509 omnes
1412 5451 1782 5525 apostolicos,
1802 5469 1835 5506 a

166 5544 340 5601 beato
372 5545 542 5600 Petro
573 5560 759 5616 usque
804 5545 874 5599 ad
923 5544 1295 5616 Simplicium
1326 5559 1559 5615 papam,
1596 5542 1832 5597 ordina-

164 5643 357 5700 tiones
388 5646 623 5699 tantum
655 5643 712 5697 in
733 5642 961 5713 jejunio
993 5641 1330 5698 Decembris
1380 5640 1727 5708 celebrasse,
1762 5643 1828 5695 ut

166 5732 225 5790 in
239 5734 509 5792 Romano
525 5731 862 5789 Pontiﬁciali
883 5730 1286 5805 legitur.Unde
1300 5736 1356 5789 et
1368 5730 1525 5790 istud
1531 5732 1611 5805 jej
1622 5728 1830 5787 unium

517 5860 785 5935 ΡΑτιιοι.
835 5858 980 5924 GLI.

1934 4745 2043 4800 rite
2074 4743 2351 4800 celebrari
2384 4761 2553 4817 posse
2580 4748 2829 4802 testatus
2860 4748 2967 4814 est,
3001 4746 3341 4801 continuato
3392 4748 3596 4801 tamen

1935 4834 2171 4890 Sabbati
2197 4835 2424 4905 jejunio
2450 4834 2601 4891 :imo
2632 4835 2795 4907 ipsas
2823 4834 3083 4891 leviticae
3115 4828 3524 4891 ordinationes
3543 4835 3604 4889 et

1938 4924 2327 4979 saccrdotales
2358 4942 2663 4997 nunquam
2696 4925 2808 4982 nisi
2839 4925 2899 4980 in
2925 4924 3230 4981 Dominica
3242 4923 3428 4996 jussit
3453 4923 3599 4981 cele-

1940 5013 2117 5079 brari,
2152 5014 2423 5070 Dioscoro
2454 5015 2719 5071 scribens
2751 5015 3025 5087 episcopo
3054 5030 3066 5069 :
3094 5036 3123 5065 «
3151 5012 3600 5070 Consecrandis.

1942 5103 2471 5175 inquit,nunquam
2506 5104 2835 5160 benedictio
2866 5102 3177 5172 detur,nisi
3209 5102 3271 5158 in
3300 5094 3607 5160 Dominica

1943 5209 2071 5264 qua:
2105 5210 2137 5247 a
2170 5192 2411 5248 Sabbati
2443 5209 2685 5265 vespera
2713 5192 3001 5248 initiatur.
3028 5214 3059 5243 «
3089 5197 3236 5249 Item
3264 5193 3475 5249 beatus
3504 5191 3609 5248 Ge-

1942 5281 2129 5336 lasius
2161 5298 2647 5353 papa,successor
2677 5281 3113 5352 ejus,omnibus
3144 5281 3436 5354 episcopis
3457 5272 3607 5337 scri-

1942 5370 2108 5437 bens,
2144 5369 2398 5425 decrevit
2428 5374 2495 5426 ut
2542 5369 2602 5425 in
2650 5370 2924 5426 Sabbatis
2960 5372 3221 5436 Quatuor
3249 5371 3607 5443 Temporum

1939 5459 2338 5515 ordinationes
2371 5460 2529 5515 circa
2560 5475 2861 5531 vesperam
2893 5458 3528 5515 celebrarentur.Unde
3552 5461 3611 5514 et

1941 5550 2241 5605 Romanus
2270 5548 2424 5604 Ordo
2458 5549 2517 5604 in
2537 5547 2998 5622 Quadragesima
3017 5548 3076 5603 in
3095 5547 3348 5604 Sabbato
3367 5546 3610 5603 ordina-

1936 5638 2167 5694 tionum
2219 5637 2546 5694 orationem
2597 5653 2775 5712 super
2823 5635 3110 5711 populum
3167 5632 3488 5704 interdicit,
3535 5634 3609 5691 ad

1938 5743 2117 5801 quam
2149 5727 2377 5804 antiqui
2410 5744 2526 5786 non
2559 5726 2753 5785 solum
2775 5726 3105 5802 capita,sed
3136 5727 3193 5783 et
3213 5740 3399 5802 genus
3421 5724 3615 5789 ﬂeet?
