3976 6406
41 5581 53 5613 )

100 401 250 483 {eos
294 432 309 461 -.
1516 394 2060 487 ,MICROLIOGUS.
2665 401 2673 411 ·
3338 407 3499 475 mos

96 533 305 609 vigilia.
341 533 402 588 in
461 531 712 589 Sabbato
768 531 976 601 evenit,
1011 537 1069 588 et
1122 532 1231 589 hoc
1255 532 1550 606 jejuninm
1579 538 1742 592 extra
1770 535 1825 603 Α
1854 535 1966 592 nisi
1997 536 2067 591 de
2093 533 2373 591 Passione
2402 534 2653 591 Domini.
2678 534 2879 593 Merito
2909 537 3107 594 autem
3137 538 3332 610 passio
3361 556 3497 598 san-

95 625 242 681 hanc
274 622 671 696 septimanam
698 621 758 677 in
784 622 1129 693 prmcedenti
1159 622 1412 679 Sabbato
1461 622 1743 680 celebrari
1857 626 2083 679 ctorum
2106 622 2513 679 Innocentium
2543 623 2741 681 minus
2774 624 2976 681 festive
3014 641 3193 699 quam
3247 626 3497 686 aliorum

91 710 579 795 compellitsNam
605 710 667 766 of
668 709 869 767 ﬁcium
883 710 1094 784 vigiliae
1114 715 1172 766 et
1192 712 1405 783 jejunii
1433 712 1609 768 simul
1632 730 1749 768 una
1856 716 2193 767 sanctorum
2222 710 2570 782 celebratur,
2590 712 2731 785 quia
2753 711 2891 769 licet
2921 715 3199 789 martyrio
3214 718 3497 788 coronati,

91 803 178 859 die
207 804 604 873 competenter
663 804 965 871 nequeunt
1019 799 1338 857 observari.
1374 801 1438 856 In
1470 802 1746 857 omnibus
1855 801 2119 857 nondum
2150 803 2345 855 tamen
2378 800 2449 855 ad
2479 799 2748 874 gloriam,
2772 802 2874 858 sed
2904 803 2976 859 ad
3004 803 3351 862 infernalem
3383 822 3500 879 pm-

91 896 284 957 autem
315 890 449 946 aliis
472 888 644 946 annis
666 888 827 945 idem
847 889 1150 962 jejunium
1173 893 1274 945 aut
1303 906 1373 946 ex
1401 888 1628 962 integro
1644 893 1747 946 aut
1854 905 1990 944 nam
2015 889 2090 960 (9)
2107 889 2523 945 discesserunt.
2558 889 2704 946 Nam
2735 894 2869 948 ante
2899 892 3247 950 descensum
3280 892 3498 952 Christi

90 998 153 1039 ex
185 980 383 1052 aliqua
413 984 577 1052 parte
610 978 902 1050 praedictae
930 979 1271 1051 septimanae
1315 977 1654 1046 includitur,
1686 983 1745 1034 et
1853 978 1924 1033 ad
1956 976 2408 1046 inferos,nullus
2438 981 2774 1034 sanctorum
2805 979 2878 1036 ad
2908 978 3070 1037 illam
3099 980 3348 1055 gloriam
3364 998 3495 1056 per-

91 1086 190 1141 per
217 1068 513 1144 legitimas
543 1068 671 1139 ejus
702 1065 877 1122 ferias
927 1066 1274 1123 celebratur.
1304 1066 1468 1122 Unde
1506 1069 1563 1123 et
1591 1067 1739 1123 anti-

92 1159 291 1232 phona:
310 1159 381 1213 de
402 1155 720 1228 evangeliis
739 1154 1159 1227 hujusjejunii,
1174 1155 1442 1227 quamvis
1461 1172 1594 1211 cum
1614 1155 1739 1228 ipso

95 1246 387 1303 multoties
419 1243 830 1317 anticipentur,
854 1243 1064 1300 merita
1119 1248 1315 1300 tamen
1352 1243 1413 1298 in
1446 1247 1654 1315 quarta
1683 1248 1741 1299 et

90 1340 246 1393 sexta
278 1334 421 1391 feria
448 1338 507 1390 et
537 1333 791 1389 Sabbato
823 1332 1088 1402 ejusdem
1124 1332 1468 1404 septimanae
1519 1333 1738 1388 descri-

90 1426 323 1493 buntur,
349 1423 491 1497 quia
509 1422 745 1480 easdem
768 1421 945 1478 ferias
968 1421 1125 1479 idem
1136 1421 1433 1493 jejunium
1466 1421 1609 1477 adeo
1630 1421 1739 1477 fre-

90 1518 344 1586 quentat,
360 1517 428 1568 ut
450 1512 545 1567 vix
558 1528 675 1567 uno
698 1528 851 1567 anno
871 1510 1004 1566 illas
1021 1526 1089 1565 ex
1106 1511 1331 1583 integro
1345 1509 1732 1583 derelinquat.

87 1602 198 1658 Hoc
220 1617 451 1675 quoque
474 1599 894 1674 providendum
929 1599 1084 1671 quod
1115 1599 1315 1672 vigilia
1364 1616 1497 1654 cum
1530 1600 1589 1654 in
1620 1599 1731 1654 Do-

87 1690 294 1747 minica
317 1690 588 1757 evenerit,
607 1705 708 1744 sex
738 1689 849 1744 sibi
881 1688 1258 1760 responsoria
1287 1688 1358 1743 de
1388 1683 1730 1743 Dominicali

86 1780 324 1836 historia
345 1795 480 1835 cum
520 1777 978 1834 Dominicalibus
1009 1777 1257 1850 psalmis
1288 1782 1555 1833 assumat
1581 1795 1592 1832 :
1620 1777 1732 1832 tria

1849 1065 2007 1120 venit
2026 1067 2096 1121 ad
2126 1082 2199 1138 qu
2208 1081 2303 1121 am
2325 1065 2594 1122 Christus
2611 1066 2888 1140 antiquos
2908 1074 3142 1126 sanctos
3159 1072 3429 1143 perduxit
3438 1075 3496 1130 et

1850 1154 2122 1227 deinceps
2153 1171 2293 1210 suos
2322 1170 2603 1226 sequaces
2632 1156 2949 1227 perducere
2980 1175 3095 1215 non
3127 1159 3364 1218 desinit.
3380 1162 3494 1220 Sed

1849 1242 1988 1313 quia
2014 1243 2128 1315 ipsi
2159 1243 2220 1297 in
2250 1243 2675 1300 resurrectione
2697 1244 3003 1302 Dominica
3060 1263 3196 1304 cum
3249 1249 3492 1324 reliquis

1847 1331 2067 1387 sanctis
2085 1330 2320 1388 liberari
2347 1336 2405 1387 et
2432 1332 2855 1406 congloriﬁcari
2886 1342 3246 1405 meruerunt,
3280 1356 3489 1398 conve-

1846 1420 2214 1476 nientissime
2234 1424 2291 1476 et
2311 1420 2424 1493 ipsi
2436 1420 2607 1492 juxta
2626 1421 2893 1480 ordinem
2913 1423 3148 1482 solitam
3159 1425 3406 1499 gloriam
3424 1429 3485 1486 in

1843 1509 2051 1567 ofﬁciis
2067 1525 2199 1564 cum
2221 1508 2463 1581 reliquis
2484 1511 2702 1567 sanctis
2722 1511 3090 1582 obtinebunt,
3106 1514 3382 1574 sinatalis
3394 1534 3486 1574 co-

1842 1615 1975 1656 rum
2006 1613 2194 1670 usque
2224 1598 2296 1654 ad
2319 1598 2475 1654 diem
2505 1600 2974 1670 resurrectionis,
3005 1602 3061 1658 id
3109 1606 3200 1659 est
3228 1603 3484 1662 Domini-

1841 1706 1991 1757 cam,
2027 1688 2364 1764 pervenerit.
2400 1688 2674 1745 Octavam
2733 1707 2967 1764 quoque
3023 1708 3224 1749 eorum
3276 1695 3478 1752 eodem

1840 1778 2012 1834 modo
2035 1762 2099 1833 ut
2128 1777 2376 1833 aliorum
2420 1782 2756 1835 sanctorum
2778 1762 3161 1851 celebramus,
3193 1782 3335 1855 quia
3352 1783 3481 1856 jam

84 1885 210 1925 vero
240 1868 453 1927 ultima
481 1870 537 1922 et
569 1865 946 1922 matutinales
986 1864 1193 1921 laudes
1240 1882 1375 1920 cum
1427 1864 1730 1963 ferialibus
1762 1899 1808 1965 B
1838 1871 2135 1923 transacta
2155 1866 2248 1922 die
2269 1868 2732 1937 resurrectionis,
2750 1885 2863 1925 non
2883 1868 3226 1927 dubitamus
3247 1886 3346 1929 eos
3365 1871 3485 1945 glo-

85 1955 325 2028 psalmis
345 1954 595 2011 Sabbato
613 1954 914 2009 concedat.
942 1953 1029 2007 Ad
1054 1953 1300 2010 missam
1331 1952 1531 2009 omnia
1552 1953 1623 2009 de
1646 1952 1729 2007 vi-

85 2044 238 2117 gilia,
271 2044 373 2099 sed
408 2043 612 2113 festive
643 2059 778 2098 cum
811 2041 1073 2111 Alleluia,
1113 2043 1242 2100 Veni
1268 2042 1514 2099 Domine.

85 2151 213 2207 CAP;
243 2148 484 2206 XXXIV.
516 2180 586 2188 —
614 2149 708 2204 De.
735 2149 921 2203 Natali
968 2149 1210 2204 Domini.
1254 2180 1322 2188 —
1350 2150 1464 2206 Cur
1492 2147 1732 2203 inmissa

146 2225 338 2294 prima
387 2236 505 2294 non
555 2221 638 2275 Ite
696 2219 882 2275 missa
909 2224 1018 2291 est,
1043 2219 1133 2275 sed
1162 2219 1583 2277 Benedicamus
1613 2217 1729 2274 Do-

150 2291 337 2357 mino,
365 2291 700 2347 decantetur.

150 2401 214 2455 In
244 2393 436 2455 Natali
462 2396 690 2454 Domini
722 2391 884 2452 ﬁnito
906 2413 1059 2454 nono
1077 2396 1470 2468 responsorio,
1489 2412 1729 2469 evange-

82 2481 221 2545 lium
246 2504 259 2543 :
283 2487 447 2545 Liber
492 2478 863 2559 generationis
919 2485 1152 2558 legitur.
1177 2484 1431 2541 Deinde:
1468 2486 1529 2542 Te
1556 2486 1728 2540 Deum

81 2577 366 2635 laudamus
397 2592 532 2633 cum
554 2574 883 2648 pulsatione
915 2573 1217 2647 signorum
1248 2574 1465 2630 dicitur
1498 2573 1728 2645 :sicque

82 2665 257 2722 ﬁnitis
280 2664 725 2721 nocturnalibns
746 2662 981 2737 vigiliis,
1007 2663 1192 2719 missa
1227 2681 1239 2719 :
1270 2664 1529 2719 Dominus
1560 2661 1723 2730 dixit,

81 2758 211 2810 ante
250 2750 629 2809 matitunales
658 2750 862 2807 laudes
893 2766 1025 2806 cum
1054 2750 1440 2807 Benedieamus
1472 2752 1723 2817 Domino,

79 2860 187 2897 non
215 2858 350 2898 cum
376 2859 388 2897 :
412 2841 489 2897 Ite
515 2842 688 2897 missa
717 2847 797 2896 est
827 2838 1173 2911 completur,
1210 2855 1280 2894 ne
1311 2837 1525 2911 populo
1555 2836 1727 2909 quasi

85 2930 376 2988 licentiam
404 2930 662 2986 abeundi
693 2929 845 2984 infra
875 2926 1251 2984 matutinales
1269 2925 1473 2983 laudes
1495 2927 1727 2984 dedisse

79 3020 396 3088 videamur,
422 3035 571 3091 quas
589 3017 789 3074 statim
819 3020 952 3088 post
974 3015 1239 3081 missam,
1267 3016 1476 3072 iterum
1500 3033 1728 3072 concre-

1839 1956 1980 2012 riari
2006 1973 2139 2013 cum
2173 1955 2306 2012 aliis
2334 1957 2577 2014 sanctis.

1909 2050 2042 2101 CAP.
2072 2043 2344 2101 XXXVII.
2368 2046 2444 2100 De
2470 2046 2672 2117 ofﬁcio,
2696 2050 2844 2103 Dum
2865 2047 3126 2105 medium
3155 2046 3480 2107 silentium.

1909 2135 1968 2190 Si
2000 2133 2285 2190 Nativitas
2313 2134 2542 2190 Domini
2562 2135 2652 2191 vel
2673 2134 2872 2208 aliqua
2889 2137 3375 2210 subsequentium
3392 2157 3477 2197 so—

1837 2222 2208 2279 lemnitatum
2238 2222 2298 2279 in
2331 2222 2632 2280 Dominioa
2685 2225 2958 2294 evenerit,
3000 2225 3260 2283 ofﬁcium
3291 2244 3307 2283 :
3339 2228 3480 2285 Dum

1833 2303 2078 2359 medium
2096 2305 2386 2363 silentium
2402 2308 2535 2378 post
2556 2304 2812 2361 natalem
2836 2305 3241 2363 Innocentium
3268 2307 3342 2364 ad
3358 2308 3477 2380 p'ri-

1834 2394 1997 2447 vatos
2018 2392 2142 2448 dies
2161 2410 2417 2467 congrue
2438 2397 2721 2460 servatur,
2745 2393 2897 2449 sicut
2924 2398 2982 2450 et
3009 2394 3070 2450 in
3100 2394 3233 2451 aliis
3278 2399 3475 2452 Domi-

1835 2481 1983 2539 nicis
2012 2484 2265 2556 agimus,
2300 2482 2349 2537 si
2380 2481 2695 2555 aliquando
2729 2481 3014 2539 celebrius
3049 2483 3112 2539 in
3151 2483 3226 2540 iis
3258 2485 3473 2541 festum

1834 2570 2216 2626 habuerimus
2250 2586 2263 2625 :
2297 2568 2452 2625 unde
2480 2568 2657 2625 etiam
2685 2568 2841 2625 idem
2889 2569 3151 2626 ofﬁcium
3209 2571 3473 2630 Romano

1834 2676 1996 2716 more
2016 2658 2297 2731 repetitur
2310 2657 2359 2714 si
2383 2658 2617 2730 quando
2637 2659 2709 2714 ab
2727 2662 2927 2716 octava
2943 2658 3173 2716 Domini
3192 2676 3380 2734 usque
3399 2662 3474 2718 ad

1834 2747 2216 2821 Epiphaniam
2243 2745 2547 2802 Dominica
2573 2746 2845 2803 evenerit.
2870 2747 3088 2804 Omnes
3100 2748 3259 2805 enim
3279 2750 3475 2806 Domi-

1834 2836 1965 2892 nica
1986 2853 2022 2891 a
2047 2834 2356 2890 Nativitate
2385 2834 2615 2890 Domini
2647 2851 2836 2907 usque
2864 2836 2937 2892 ad
2968 2835 3377 2910 Epiphaniam,
3407 2855 3478 2896 ex

1836 2924 2078 2997 antiqua
2105 2923 2417 2980 traditione
2445 2921 2591 2979 illud
2622 2923 2927 2994 obtinebit,
2951 2940 3078 2997 quae
3106 2928 3304 2983 tamen
3333 2927 3477 2984 cele-

1832 3012 2012 3085 briori
2060 3012 2206 3068 festo
2253 3016 2540 3084 occupata
2586 3028 2703 3068 non
2744 3012 2955 3070 fuerit:
2985 3029 3126 3070 nam
3183 3030 3319 3071 eum
3349 3012 3476 3071 offi-

82 3109 353 3181 pantibus
385 3106 593 3180 signis,
628 3105 879 3179 incipere
910 3104 1189 3161 solemus.
1834 3103 1992 3158 cium
2025 3102 2096 3156 de
2124 3100 2434 3157 Nativitate
2465 3100 2694 3157 Domini
2745 3105 2900 3175 agat,
2928 3103 3479 3161 convenientissima

81 3198 205 3253 ΟΑΡ.
229 3196 444 3253 XXXV.
468 3227 537 3236 —
567 3196 642 3250 De
669 3193 909 3251 secunda
956 3210 1179 3266 vespera
1232 3196 1410 3249 sancti
1445 3194 1722 3266 Stephani.
1769 3263 1796 3266 __
1833 3191 1952 3248 illis
1982 3190 2299 3246 Dominicis
2331 3190 2641 3262 adaptatur
2667 3206 2795 3262 qum
2824 3195 2883 3248 et
2911 3190 3142 3264 reliqua
3187 3192 3380 3251 officia
3408 3194 3481 3251 de

142 3285 361 3341 Omnes
393 3282 715 3339 authentici
746 3263 1140 3354 antiphonarii
1174 3276 1493 3337 sesundam
1523 3263 1721 3354 vespe-
1755 3263 1799 3330 (ἶ
1834 3281 2036 3337 eadem
2088 3278 2456 3335 solemnitate
2508 3276 2699 3334 solent
2724 3278 3006 3335 obtinere.
3034 3263 3161 3337 Non
3202 3282 3360 3337 enim
3391 3281 3479 3338 illi

77 3391 194 3430 ram
220 3376 426 3429 sancto
444 3372 739 3445 Stephano
761 3371 1089 3428 concedunt
1110 3388 1179 3427 ex
1199 3371 1444 3444 integro,
1475 3372 1631 3427 unde
1665 3374 1723 3426 et
1830 3374 1970 3426 sunt
2000 3366 2275 3424 audiendi
2305 3367 2404 3439 qui
2438 3367 2546 3423 hoc
2577 3366 2858 3435 ofﬁcium,
2881 3384 2948 3425 eo
2979 3370 3136 3441 quod
3166 3370 3238 3426 de
3253 3369 3474 3426 Nativi-

77 3461 316 3535 reliquis
349 3460 764 3517 festivitatibus
810 3477 912 3532 per
949 3476 1170 3516 annum
1201 3458 1308 3515 hoc
1338 3459 1599 3532 exemplo
1629 3476 1719 3515 se-
1829 3461 1949 3514 tate
1966 3460 2121 3529 agat,
2144 3472 2449 3528 nunquam
2471 3459 2605 3527 post
2619 3458 2881 3512 octavam
2900 3457 3134 3514 Domini
3153 3457 3470 3516 dicendum

75 3549 326 3605 cundam
339 3565 644 3622 vesperam
664 3564 732 3603 ex
746 3552 865 3605 toto
879 3542 1724 3619 concedimus,etiam8imajor
1831 3545 2186 3610 existimant,
2219 3560 2351 3599 cum
2384 3548 2580 3600 tamen
2611 3544 2725 3616 ipsi
2752 3544 3013 3618 vigiliam
3043 3546 3378 3621 Epiphaniae
3399 3549 3473 3606 de

79 3637 360 3695 festivitas
387 3636 948 3710 subsequatur.Non
992 3635 1149 3692 enim
1185 3652 1507 3713 congruum
1543 3640 1633 3692 est
1660 3638 1726 3690 ut
1832 3636 2142 3693 Nativitate
2169 3631 2397 3688 Domini
2427 3649 2496 3688 ex
2523 3631 2749 3705 integro
2778 3632 3097 3691 inofﬁciare
3144 3634 3372 3694 soleant
3419 3642 3477 3694 et

80 3725 337 3798 psalmos
378 3725 796 3798 vespertinales
818 3725 1227 3781 tantummodo
1240 3725 1586 3796 praecedenti
1612 3718 1724 3780 fes-
1835 3724 2107 3782 debeant.
2141 3721 2257 3795 Ipsi
2289 3737 2523 3794 quoque
2552 3722 2602 3779 si
2632 3722 2936 3780 Dominica
2964 3724 3026 3779 in
3057 3728 3261 3782 octava
3288 3726 3479 3783 sancti

78 3821 150 3882 to,
172 3814 406 3888 reliqua
428 3830 562 3871 vero
581 3813 987 3885 subsequenti,
1004 3812 1356 3870 tribuamus.
1379 3814 1527 3869 Nam
1540 3813 1727 3870 sancti
1837 3811 2119 3886 Stephani
2132 3810 2221 3868 vel
2241 3810 2492 3868 aliorum
2504 3811 2779 3881 evenerit,
2804 3812 3171 3877 Dominicam
3185 3814 3260 3881 de
3280 3818 3482 3873 octava

80 3907 280 3960 Patres
339 3901 572 3958 nullum
605 3901 774 3958 nobis
804 3900 940 3958 inde
971 3900 1305 3974 exemplum
1345 3901 1727 3974 reliquerunt,
1838 3900 2340 3968 inofﬁciant,dum
2355 3903 2553 3955 tamen
2583 3899 2975 3957 ecclesiastica
3003 3899 3347 3960 solemnitas
3367 3920 3485 3960 non

82 3994 176 4065 qui
199 3991 583 4066 potissimum
596 4007 703 4046 nos
719 3989 1090 4046 concordiam
1104 3988 1429 4046 ofﬁciorum
1446 3988 1733 4062 singulari
1841 4008 1946 4065 pro
1978 3994 2181 4047 octava
2209 3989 2267 4045 S.
2287 3987 2587 4061 Stephani,
2612 3988 2714 4045 sed
2736 4005 2841 4062 pro
2858 3992 3061 4046 octava
3086 3991 3320 4063 Domini
3349 4008 3490 4066 aga-

82 4081 386 4155 diligentia
415 4095 647 4135 servare
677 4079 1019 4135 docuerunt.
1069 4079 1315 4134 Summa
1342 4081 1540 4135 tamen
1572 4078 1732 4135 festi-
1842 4084 1960 4136 tur.
1980 4079 2094 4133 Hoc
2124 4080 2319 4133 autem
2343 4076 2529 4132 sancti
2559 4079 2765 4135 Patres
2780 4076 2841 4133 in
2860 4077 3247 4151 dispositione
3266 4079 3489 4136 ofﬁcio-

85 4171 248 4241 vitas,
283 4168 335 4225 si
390 4167 624 4240 quando
668 4166 954 4223 minorem
980 4167 1380 4238 subsequitur,
1417 4168 1734 4224 secundam
1846 4183 1977 4222 rum
2008 4181 2383 4237 summopere
2406 4169 2865 4237 procuraverunt
2888 4170 2955 4222 ut
2974 4166 3235 4224 ofﬁcium
3257 4181 3493 4241 semper

86 4259 388 4331 vesperam
422 4256 635 4330 prioris
667 4257 797 4313 festi
827 4273 896 4312 ex
925 4260 1047 4312 toto
1099 4255 1209 4311 sibi
1246 4273 1363 4313 non
1418 4257 1739 4330 incongrue
1846 4252 2093 4312 instanti
2149 4252 2467 4310 celebritati
2522 4256 2917 4325 concordaret,
2962 4273 3036 4313 ne
3084 4255 3275 4314 clerus
3329 4255 3490 4313 aliud

85 4345 428 4414 vindicabit,
463 4349 529 4400 ut
559 4349 758 4402 octava
817 4343 1049 4401 Domini
1083 4346 1399 4401 secundam
1431 4362 1737 4418 vesperam
1848 4360 2026 4418 quam
2047 4341 2295 4416 p0pulas
2315 4341 2375 4396 in
2408 4340 2818 4400 ecclesiasticis
2843 4342 3280 4403 celebritatibus
3301 4345 3497 4403 obser-

86 4437 271 4492 sancti
298 4434 586 4492 Silvestri.
608 4434 926 4507 Vesperam
951 4434 1188 4506 quidem
1213 4434 1283 4490 de
1314 4433 1577 4506 quolibet
1594 4435 1738 4491 festo
1848 4437 2025 4489 varet.
2058 4435 2343 4487 Praeterea
2369 4446 2574 4487 omnes
2592 4431 2907 4489 Dominicis
2937 4433 3341 4491 solemnitates
3380 4434 3494 4492 sibi

90 4524 465 4582 uniformiter
481 4523 838 4597 perﬁcimus,
865 4522 1076 4579 deinde
1106 4522 1348 4581 alterius
1382 4524 1538 4593 festi,
1563 4524 1613 4579 si
1644 4539 1742 4579 ne-
1849 4522 2098 4577 invicem
2111 4519 2317 4577 afﬁnes
2333 4518 2442 4574 hoc
2453 4519 2671 4575 habent
2690 4512 3061 4594 privilegium
3081 4527 3147 4579 ut
3170 4523 3495 4581 observatio

90 4629 248 4671 cessa
270 4613 472 4681 fuerit,
508 4616 673 4685 post:
699 4613 1087 4670 Benedicamus
1115 4614 1364 4680 Domino,
1398 4612 1742 4669 memoriam
1773 4633 1820 4698 D

91 4700 365 4773 facimus,
385 4704 453 4756 ut
472 4702 544 4756 de
564 4706 765 4757 sancto
785 4700 1078 4773 Stephano
1096 4704 1152 4757 et
1181 4701 1252 4756 de
1283 4705 1486 4758 sancto
1517 4701 1743 4758 Joanne
1775 4696 1805 4698 ί
1853 4715 2039 4772 usque
2069 4697 2142 4754 ad
2170 4696 2607 4769 Ascensionem,
2637 4700 2693 4754 et
2728 4697 3126 4755 Ascensioniis
3179 4715 3367 4773 usque
3422 4699 3496 4756 ad

92 4791 498 4847 observamus.
1850 4790 2228 4844 Pentecosten
2241 4789 2854 4855 commemoramus,et
2864 4802 3068 4842 omnes
3079 4786 3413 4844 Dominicas
3425 4787 3499 4844 iis

452 4880 586 4936 CAP.
619 4877 858 4935 XXXVI.
887 4880 961 4936 De
980 4879 1379 4935 Innocentibus.
1854 4874 2719 4947 solemnitatibusinterpositas
2739 4876 2811 4932 de
2834 4874 3059 4932 eisdem
3081 4874 3497 4935 inofﬁciamus.

1851 4628 2055 4669 earum
2113 4608 2438 4666 adinvicem
2490 4609 2885 4679 continuetur,
2919 4614 2986 4665 ut
3032 4611 3498 4669 Resurrectionis
3596 4628 3608 4639 '

160 4970 228 5022 In
258 4966 577 5024 Nativitate
638 4966 1044 5023 Innocentium
1105 4966 1289 5022 Gloria
1344 4967 1403 5021 in
1434 4966 1660 5022 excelsis
1689 4968 1748 5021 et

95 5058 338 5113 Alleluia
398 5055 726 5112 secundum
785 5055 1049 5112 ordinem
1090 5050 1421 5110 reticemus.
1455 5054 1600 5111 Item
1635 5072 1647 5111 :
1683 5056 1748 5111 Te

96 5147 264 5202 Deum
295 5146 611 5213 laudamus,
644 5144 705 5201 et
735 5162 747 5200 :
780 5145 858 5215 Ite
888 5146 1060 5201 missa
1089 5153 1189 5211 est,
1219 5161 1344 5217 quae
1377 5160 1511 5199 cum
1564 5141 1749 5200 Gloria

98 5234 151 5288 in
183 5233 418 5291 excelsis
450 5233 713 5289 Romano
742 5249 903 5290 more
933 5232 1121 5289 solent
1149 5231 1380 5288 admitti
1403 5230 1491 5287 vel
1523 5235 1754 5304 praeter-

96 5322 268 5379 mitti.
306 5322 747 5394 Haec,inquam,
782 5320 979 5378 omnia
1007 5320 1397 5395 omittuntur,
1428 5319 1540 5376 nisi
1563 5319 1754 5377 Domi-

98 5409 225 5467 nica
255 5410 456 5469 fuerit.
481 5409 674 5467 Gloria
702 5411 862 5467 Patri
888 5425 1023 5467 vero
1039 5411 1347 5482 nunquam
1376 5407 1750 5465 dimittimus.

162 5592 628 5682 (9)_Inlerna1em
684 5624 919 5682 poenam
968 5607 1124 5682 _rite_
1147 5606 1409 5682 intelligo
1464 5621 1753 5682 carcerem

96 5674 260 5743 limbi
290 5684 565 5754 Patrum,
586 5674 705 5743 seu'
720 5680 921 5775 sinum
949 5674 1370 5756 Abrahae,quo'
1386 5682 1522 5740 ante
1533 5677 1752 5740 Christi

1855 4965 1948 5022 Sic
1962 4979 2192 5037 quoque
2203 4967 2260 5019 et
2270 4962 2598 5021 Nativitatis
2622 4963 2937 5022 Dominicm
2952 4980 3144 5037 usque
3155 4964 3228 5022 ad
3248 4963 3500 5039 Epipha-

1856 5053 2014 5109 niam
2062 5051 2405 5108 memoriam
2455 5053 2710 5125 agimus,
2743 5053 2858 5111 nisi
2907 5053 2969 5110 in
3020 5056 3308 5127 quantum
3337 5054 3503 5111 festis

1857 5146 2195 5199 sanctorum
2234 5140 2324 5197 vel
2362 5142 2579 5198 octavis
2615 5158 2820 5200 eorum
2851 5144 3185 5202 satisfacere
3213 5143 3501 5218 cogimur.

1859 5231 2075 5287 Eodem
2107 5246 2338 5302 quoque
2368 5230 2540 5287 modo
2569 5229 2723 5288 infra
2750 5233 2909 5289 hunc
2948 5232 3267 5290 terminum
3298 5249 3505 5289 occur-

1860 5323 2056 5375 rentes
2105 5318 2418 5375 Dominicas
2473 5319 2733 5377 ofﬁcium
2763 5323 2835 5378 de
2872 5322 3183 5380 Nativitate
3236 5321 3506 5395 posside-

1859 5408 2028 5464 bunt

1862 5608 2140 5678 mortem_
2168 5604 2510 5678 Innocentes
2557 5612 2842 5678 martyres
2872 5607 3321 5678 descenderunt,
3351 5604 3508 5671 unde

1858 5681 2058 5739 tamen
2085 5675 2298 5738 Christi
2317 5681 2506 5737 morte
2532 5678 2593 5739 in
2624 5675 2837 5740 oculum
2866 5681 3083 5758 recepti
3114 5683 3275 5744 sunt.
