3976 6388
471 407 630 470 1007

1842 392 2154 477 MONUM.
2199 411 2514 478 ursae.

3717 405 3886 473 1⁷008

471 544 602 596 Cap.
635 539 931 599 XXXVIII.
965 573 1032 584 -—
1062 543 1140 600 De
1163 543 1346 600 eodem
1373 545 1562 620 ofﬁcio
1589 545 1650 601 in
1680 545 1798 601 alia
1832 545 2118 603 Dominica
2147 549 2202 615 Α
2235 547 2275 605 0
2303 565 2586 618 magnum.
2623 547 3078 620 Responsorium
3112 564 3125 604 :
3161 547 3360 608 Sancta
3395 547 3448 602 et
3494 506 3885 606 immaculata.

1133 615 1435 686 repetendo.

543 702 820 768 Quamvis
847 706 1042 760 autem
1065 705 1193 760 dum
1207 704 1520 761 Dominicis
1545 704 1843 762 multoties
1855 706 2124 762 eveniant

470 805 536 846 eo
567 793 850 864 tempore,
888 809 1191 865 nunquam
1253 797 1452 850 tamen
1510 793 1713 850 ambas
1773 794 2120 851 Dominicali

472 879 664 936 ofﬁcio
692 883 965 953 occupari
986 882 1137 939 festa
1159 887 1496 939 sanctorum
1520 883 1881 964 permittant,
1913 883 2024 939 nisi
2056 899 2122 938 eo

471 972 706 1026 tantum
731 987 904 1039 anno,
937 972 1080 1027 dum
1111 971 1312 1044 vigilia
1339 971 1678 1044 Epiphaniae
1705 971 1765 1026 in
1823 970 2124 1027 Dominica

473 1058 754 1114 evenerit.
782 1059 946 1116 Unde
985 1064 1043 1116 et
1073 1064 1315 1116 sanctus
1365 1060 1682 1132 Gregorius
1713 1059 1856 1116 satis
1888 1075 2124 1130 compe-

474 1151 664 1205 tenter
682 1165 868 1204 unum
889 1149 1521 1206 Dominicaleofﬁcium
1539 1166 1605 1204 eo
1617 1153 1878 1220 tempore
1897 1148 2124 1204 ordina-

473 1235 574 1304 vit,
597 1253 664 1293 eo
713 1239 869 1310 quod
909 1242 966 1294 et
1009 1238 1088 1293 ibi
1122 1242 1350 1294 tantum
1403 1237 1700 1294 Dominica
1757 1235 1917 1292 omni
1975 1251 2123 1308 pene

475 1340 629 1380 anno
651 1330 920 1382 occurrat
948 1343 1076 1398 quae
1105 1326 1445 1398 hujusmodi
1479 1326 1672 1381 ofﬁcio
1702 1324 1978 1397 indigeat.
2008 1325 2122 1380 Nec

471 1411 582 1468 hoc
598 1413 802 1486 utique
823 1417 1063 1472 sanctus
1085 1414 1398 1488 Gregorius
1427 1413 1514 1471 vel
1542 1418 1672 1486 post
1713 1411 2118 1486 Epiphaniam,

471 1499 560 1556 vel
593 1506 725 1574 post
753 1503 1133 1560 Pentecosten
1168 1519 1398 1560 servare
1429 1504 1674 1574 curavit,
1709 1508 1774 1558 ut
1796 1507 1882 1558 tot
1931 1502 2124 1557 ofﬁcia

471 1591 1078 1662 sempenhaberemus
1103 1593 1257 1664 quod
1277 1593 1590 1648 Dominicis
1607 1596 1846 1664 possent
1875 1590 2120 1648 evenire.

467 1679 613 1735 Nam
644 1681 865 1753 optime
895 1681 1162 1752 praevidit
1183 1681 1528 1753 hujusmodi
1561 1681 2017 1754 inaequalitatem
2040 1696 2120 1734 re-

465 1744 743 1840 petitione
772 1744 1101 1826 ofﬁeiorum
1133 1744 1302 1826 facile
1330 1770 1631 1826 emendari
1664 1744 1855 1842 posse.
1885 1744 2051 1824 Unde
2066 1772 2124 1823 et

467 1874 596 1926 nos,
625 1874 760 1914 cum
783 1856 990 1931 'vigilia
1019 1859 1356 1932 Epiphaniae
1389 1860 1449 1915 in
1503 1859 1806 1916 Dominica
1845 1857 2116 1924 occurrit,

466 1945 682 2017 prioris
707 1946 1020 2003 Dominicis
1039 1947 1298 2004 ofﬁcium
1320 1946 1572 2020 pleniter
1587 1949 1923 2020 repetimus.
1947 1943 2041 2002 Sic
2063 1949 2120 2001 et

465 2033 526 2090 in
557 2034 874 2091 Dominicis
904 2039 1038 2108 post
1065 2036 1450 2108 Epiphaniam
1473 2042 1531 2093 et
1561 2041 1694 2110 post
1713 2039 2114 2104 Pentecosten,

405 2129 410 2136 '
469 2124 698 2194 quoties
725 2139 960 2180 necesse
979 2124 1358 2196 fuerit,juxta
1393 2126 1718 2182 Romanam
1740 2122 2115 2180 consuetudi-

469 2229 605 2268 nem
626 2212 810 2269 facere
839 2213 1144 2270 debemus.
1167 2214 1333 2270 Sicut
1361 2215 1519 2270 enim
1549 2214 1828 2270 historias
1862 2211 2115 2269 Domini-

470 2317 670 2357 carum
708 2301 768 2357 in
821 2307 1107 2374 quantum
1164 2303 1410 2375 tempori
1469 2303 1709 2370 sufﬁcit,
1768 2301 2112 2374 repetimus,

470 2389 854 2448 nihilominus
901 2396 960 2447 et
1005 2391 1199 2446 ofﬁcia
1254 2407 1454 2447 earum
1487 2395 1744 2464 repetere
1775 2406 2112 2464 possumus.

469 2477 614 2534 Nam
665 2481 722 2535 et
770 2477 1132 2536 D'ominicalc
1184 2479 1443 2535 ofﬁcium
1486 2479 1582 2536 alii
1629 2479 2116 2552 Dominicaa,quea

469 2569 731 2640 ejusdem
754 2569 1136 2624 observantiae
1168 2571 1275 2636 est,
1304 2584 1420 2623 non
1437 2567 1862 2640 competentius
1878 2568 2120 2639 [incom-

468 2658 782 2730 petentius]
805 2655 1177 2712 adhibebitur
1190 2673 1366 2729 quam
1388 2655 1638 2730 singulis
1659 2655 1897 2729 privatis
1909 2656 2116 2711 diebus

469 2747 568 2818 qui
602 2745 1042 2802 Dominicarum
1073 2744 1268 2800 ofﬁcia
1291 2745 1434 2800 dum
1467 2745 1758 2817 recipiunt
1783 2761 1854 2800 ex
1894 2744 2115 2800 festivis

469 2834 696 2891 ferialia
714 2833 1005 2890 efﬁciunt:
1023 2833 1132 2889 hoc
1159 2840 1355 2888 tamen
1377 2850 1494 2890 non
1513 2837 1634 2889 tam
1652 2851 1720 2889 ex
1739 2832 2114 2890 ecclesiastici

471 2926 790 2980 conventus
816 2921 1186 2987 necessitate,
1221 2938 1398 2993 quam
1431 2938 1501 2978 ex
1552 2921 1786 2994 propria
1816 2922 2115 2978 devotione

470 3026 896 3083 usquequaque
908 3009 1218 3066 usitamus.
1233 3010 1359 3066 Non
1376 3027 1512 3084 ergo
1525 3010 1892 3084 magisincon
1901 3027 2114 3084 gruum

468 3100 754 3168 videatur,
788 3093 836 3156 si
868 3099 1024 3156 idem
1055 3099 1316 3155 ofﬁcium
1341 3099 1402 3154 in
1433 3099 1550 3156 alia
1578 3100 1896 3168 Dominica,
1929 3104 1994 3156 ut
2021 3117 2112 3156 ec-

472 3187 800 3246 clesiastico
832 3188 1138 3245 conventui
1169 3189 1440 3259 satisﬁat,
1467 3193 1782 3263 repetatur.

743 3296 878 3353 CAP.
910 3295 1146 3354 XXXIX.
1172 3330 1239 3336 —
1267 3297 1343 3354 De
1371 3305 1557 3354 octava
1585 3299 1822 3354 Domini.

541 3386 604 3442 In
636 3391 838 3442 octava
868 3385 1122 3457 Domini,
1129 3386 1300 3457 juxta
1328 3385 1646 3442 Romanam
1683 3385 2109 3453 auctoritatem,

469 3493 586 3532 non
615 3474 870 3532 ofﬁcium
897 3467 915 3530 Ξ
943 3480 1092 3532 Puer
1140 3483 1304 3532 natus
1359 3483 1457 3543 est,
1493 3476 1632 3532 sed:
1667 3477 1884 3532 Vultum
1933 3481 2109 3544 tuum,

468 3569 533 3620 ut
555 3565 614 3620 in
644 3563 922 3621 Graduali
945 3563 1094 3620 libro
1121 3561 1389 3632 habetur,
1425 3563 1518 3619 cui
1551 3564 1792 3620 Alleluia
1828 3565 1954 3620 Post
1976 3581 2111 3636 par-

466 3658 584 3710 tum
611 3657 784 3724 virgo,
817 3657 1144 3721 cantamus,
1177 3658 1235 3710 et
1275 3653 1597 3709 orationem
1639 3652 2057 3727 Gregorianam
2095 3671 2107 3709 :

464 3745 604 3800 Deus
647 3745 742 3815 qui
789 3743 986 3797 salutis
1032 3749 1274 3810 aeternae,
1307 3758 1422 3796 non
1482 3740 1645 3796 illam
1681 3758 1692 3797 :
1725 3743 1863 3798 Deus
1891 3742 1988 3813 qui
2015 3757 2113 3798 nos

2231 637 2470 708 Antiph.
2499 636 3092 710 :Speciosus.Antiph.
3121 655 3134 694 :
3167 638 3284 694 Recr-
3311 637 3508 694 omnis.
3523 633 3889 706 Antiphona:

2229 728 2604 798 Suscepimus.
2652 725 3132 800 Responsorium.
3169 742 3182 780 :
3233 728 3404 782 Beata
3445 728 3498 780 et
3545 721 3892 779 veneranda.

2231 815 2715 886 Responsorium:
2739 815 3238 887 Congratulamini.
3257 813 3738 887 Responsorium:
3757 810 3901 866 Gon-

2229 907 2365 959 tinet
2397 906 2454 958 in
2483 905 2954 978 gremio.Antiph.
2989 923 3001 960 :
3031 907 3196 962 Homo
3233 912 3419 960 natus.
3450 901 3694 974 Antiph.
3721 919 3739 956 :
3773 905 3895 957 Ex-

2228 994 2531 1048 sultabunt.
2585 993 2822 1066 Antiph.
2861 1012 2873 1049 :
2906 995 3108 1050 Notum
3167 995 3319 1064 fecit.
3374 989 3838 1065 ReSponsorium
3877 1007 3892 1045 :

2233 1081 2624 1152 Con/innatum
2681 1086 2778 1138 est.
2837 1081 3294 1154 Responsorium
3325 1097 3338 1136 :
3372 1082 3624 1137 Nesciens
3677 1082 3887 1135 mater.

2231 1169 2687 1242 Responsorium
2724 1188 2736 1226 :
2774 1172 3006 1227 Verbum
3039 1187 3189 1228 caro.
3224 1169 3601 1226 Matutinales
3633 1167 3844 1224 laudes
3873 1184 3888 1221 :

2232 1259 2272 1314 0
2301 1259 2644 1326 admirabile,
2672 1277 2774 1332 per
2833 1260 3122 1317 ordinem.
3156 1260 3386 1316 Eaadem
3429 1257 3761 1332 antiphona:
3821 1256 3890 1312 in

2231 1349 2488 1405 secunda
2508 1365 2750 1421 vespera
2771 1365 2946 1420 super
2965 1348 3226 1421 psalmos
3238 1349 3308 1404 de
3321 1348 3633 1404 Nativitate
3646 1345 3892 1402 Domini

2229 1437 2521 1510 leguntur.
2544 1439 2604 1492 In
2641 1437 2937 1510 evangelio
2968 1437 3292 1510 antiphona
3324 1455 3336 1492 :
3382 1437 3487 1506 Qui
3512 1437 3576 1492 de
3605 1440 3753 1491 terra.
3785 1437 3892 1490 est.

2232 1527 2292 1581 In
2330 1527 2628 1580 Dominica
2656 1531 2850 1582 autem
2885 1531 3017 1599 post
3047 1526 3424 1582 Nativitatem
3443 1523 3676 1581 Domini
3698 1525 3782 1580 ita
3796 1541 3896 1580 or-

2230 1615 2546 1670 dinabitur.
2587 1613 2988 1672 Invitatorium
3026 1631 3039 1668 :
3077 1613 3323 1670 Christus
3351 1618 3516 1669 natus
3545 1621 3641 1669 est.
3661 1613 3895 1670 Psalmi

2231 1701 2637 1771 Dominicales,
2672 1720 2806 1758 cum
2837 1703 3028 1760 tribus
3060 1701 3398 1775 antipbonis
3437 1701 3508 1756 de
3565 1701 3891 1758 Nativitate

2229 1791 2480 1846 Domini.
2508 1792 2965 1864 Responsorium
3002 1811 3013 1847 :
3043 1791 3345 1847 Descendit.
3381 1791 3887 1864 Responsorium:

2232 1881 2402 1950 Quem
2453 1881 2690 1936 vidistis.
2749 1881 3034 1954 Respons.
3071 1898 3082 1936 :
3120 1882 3160 1938 0
3196 1897 3482 1952 magnum.
3515 1881 3580 1936 In
3638 1897 3674 1935 ιι
3715 1883 3885 1935 noct.

2229 1969 2684 2040 Responsorium
2713 1985 2725 2024 :
2763 1969 3011 2027 Continet
3041 1971 3100 2025 in
3131 1970 3356 2042 gremio.
3392 1968 3884 2042 Responsorium:

2227 2059 2620 2125 Conﬁrmatum
2649 2063 2747 2112 est.
2774 2056 3262 2130 Responsorium:
3297 2059 3396 2113 Hie
3422 2059 3522 2129 qui
3548 2057 3794 2112 advenit.
3814 2057 3886 2112 In

2225 2145 2394 2202 tertio
2454 2152 2738 2202 nocturno
2797 2146 3283 2218 responsorium:
3336 2147 3468 2202 Ecce
3511 2147 3696 2224 Agnus
3753 2147 3882 2202 Dei.

2225 2235 2487 2306 Respons
2547 2251 2560 2290 :
2594 2234 2934 2291 Benedictus.
2966 2235 3250 2308 Respons.
3288 2251 3300 2290 :
3337 2235 3376 2290 0
3407 2251 3607 2306 regem.
3636 2234 3893 2290 Matuti-

2226 2322 2388 2378 nales
2433 2322 2638 2379 laudes
2671 2339 2685 2377 :
2721 2323 2888 2391 Quem
2936 2322 3169 2378 vidistis.
3220 2321 3282 2378 In
3332 2321 3679 2394 evangelio:
3729 2323 3886 2378 Dum

2223 2411 2482 2468 medium.
2507 2411 2841 2468 Notandum
2865 2414 3060 2468 autem
3080 2409 3141 2466 iu
3164 2414 3366 2468 octava
3397 2409 3624 2466 Domini
3646 2414 3888 2466 noctur-

2225 2501 2417 2556 nalem
2443 2505 2679 2556 cantum
2703 2501 2774 2556 de
2804 2503 3004 2556 sancta
3035 2500 3217 2556 Maria
3238 2498 3492 2554 multum
3524 2515 3712 2572 agere,
3732 2499 3888 2571 quia

2225 2594 2281 2646 et
2304 2588 2569 2644 diurnale
2591 2589 2849 2644 ofﬁcium
2871 2587 2932 2644 in
2955 2587 3234 2645 honorem
3251 2589 3380 2660 ejus
3397 2587 3888 2644 videturinstitu-

2223 2682 2372 2734 tum.
2399 2679 2460 2736 In
2486 2677 2830 2732 Dominicali
2857 2681 3055 2734 autem
3081 2681 3247 2733 nocte
3267 2692 3382 2732 non
3413 2679 3536 2733 tam
3566 2676 3638 2732 de
3668 2681 3884 2732 sancta

2225 2765 2409 2822 Maria
2429 2783 2606 2838 quam
2639 2767 2709 2820 de
2739 2765 3049 2822 Nativitate
3079 2765 3308 2822 Domini
3361 2765 3615 2838 agimus,
3646 2765 3790 2836 quia
3820 2769 3887 2822 et

2223 2855 2281 2910 in
2311 2853 2565 2911 diurnali
2593 2854 2784 2910 ofﬁcio
2837 2853 3170 2926 specialiter
3199 2854 3268 2910 de
3299 2853 3607 2910 Nativitate
3637 2853 3885 2909 Domini

2223 2942 2892 2999 commemoramus.Est
2905 2946 3101 3000 autem
3132 2941 3370 2998 traditio
3395 2946 3731 2998 sanctorum
3766 2941 3875 2998 Pa-

2223 3037 2380 3088 trum
2403 3031 2540 3087 utin
2570 3031 2909 3102 bujusmodi
2923 3030 3337 3088 festivitatibus
3359 3030 3550 3087 officio
3573 3029 3766 3088 missae
3787 3045 3877 3087 re—

2223 3120 2768 3194 liquafconcordent
2797 3120 3009 3177 ofﬁcia.

2613 3211 2742 3263 CAP.
2775 3207 2886 3264 XL.
2922 3240 2990 3247 —
3020 3208 3094 3264 De
3132 3209 3466 3281 Epiphania.

2140 3276 2184 3342 (ἶ
2292 3297 2354 3353 Si
2383 3295 2581 3372 vigilia
2609 3295 2942 3370 Epiphaniae
2974 3297 3035 3354 in
3076 3276 3442 3356 Dominicam
3497 3295 3774 3362 evenerit,
3811 3297 3875 3354 in

2220 3392 2411 3454 nocte,
2446 3390 2510 3442 ut
2564 3385 2909 3458 praedictum
2937 3390 3046 3455 est,
3079 3385 3368 3442 canimus.
3404 3387 3465 3441 In
3497 3385 3590 3442 die
3633 3401 3876 3459 quoque

2221 3475 2670 3532 ofﬁciuszum
2691 3474 2936 3531 medium
2967 3479 3032 3530 ut
3057 3475 3117 3530 in
3143 3475 3323 3548 priori
3353 3474 3657 3531 Dominiea
3685 3473 3878 3548 pleni-

2219 3570 2310 3622 ter
2337 3565 2736 3622 observamus.
2756 3563 2816 3620 Si
2839 3567 3032 3620 autem
3065 3564 3124 3618 in
3154 3563 3270 3620 alia
3299 3563 3393 3619 die
3424 3564 3694 3632 occurrit,
3711 3563 3874 3620 idem

2221 3653 2458 3726 quidem
2481 3653 2764 3720 ofﬁcium,
2779 3652 2881 3708 sed
2905 3669 3038 3708 cum
3062 3651 3337 3726 lectione:
3361 3653 3591 3721 Scimus,
3613 3655 3669 3707 et
3693 3668 3868 3710 evan-

2220 3725 2370 3816 gelio
2405 3760 2418 3798 :
2450 3743 2707 3813 Defuncto
2750 3741 2972 3809 Herode,
3007 3725 3164 3798 unde
3210 3746 3266 3798 et
3314 3741 3652 3798 communio
3687 3742 3875 3798 :Tolle

463 3829 1837 3902 Nativit.,dicimus.Etnotandumhujusoctavse
1853 3829 2112 3886 ofﬁcium
2215 3849 2452 3905 puerum
2481 3834 2720 3904 sumpta
2748 3835 2858 3898 est,
2891 3834 3238 3886 cantamus:
3275 3830 3419 3903 quia
3449 3830 3557 3886 hoc
3609 3829 3877 3888 ofﬁcium

465 3918 904 3976 evidentissime
933 3919 1005 3974 de
1045 3922 1251 3974 sancta
1278 3918 1462 3977 Maria
1497 3935 1686 3991 agere.
1721 3919 1884 3974 Unde
1914 3923 1972 3975 et
2001 3920 2112 3976 Ro-

465 4008 626 4064 mani
649 4024 718 4063 ea
753 4007 846 4062 die
869 4007 938 4062 ad
963 4007 1239 4062 Sanctam
1263 4005 1504 4062 Mariam
1529 4005 1840 4064 stationem
1872 4007 2112 4076 faciunt,

466 4114 571 4154 nec
592 4094 886 4152 immerito
909 4113 922 4164 ;
946 4111 1134 4167 nuper
1145 4094 1322 4162 enim,
1341 4111 1476 4150 cum
1497 4094 1867 4152 Nativitatem
1881 4097 2113 4153 Domini

464 4185 914 4248 celebraremus,
962 4183 1192 4238 nullum
1223 4189 1343 4239 tam
1367 4183 1617 4256 speciale
1639 4185 1899 4242 ofﬁcium
1944 4187 2116 4242 Matri

465 4278 593 4347 ejus
615 4275 930 4330 attribuere
948 4273 1274 4345 potuimus.
1297 4272 1459 4329 Unde
1483 4290 1596 4330 non
1620 4273 2112 4348 incongrueillam

469 4363 782 4436 specialius
809 4363 867 4417 in
899 4366 1102 4418 octava
1132 4362 1364 4418 Domini
1396 4379 1764 4433 veneramur,
1798 4381 1869 4420 ne
1901 4365 2111 4421 solem-

470 4453 652 4508 nitate
685 4451 808 4507 Filii
843 4451 934 4508 sui
967 4467 1172 4524 expers
1199 4468 1327 4508 esse
1361 4453 1646 4522 videatur,
1679 4471 1858 4526 quam
1916 4457 2113 4509 tamen

468 4541 528 4598 in
551 4542 754 4598 eadem
777 4539 1144 4597 solemnitate
1165 4545 1296 4612 post
1326 4541 1638 4598 Dominum
1659 4543 1910 4598 maxime
1929 4541 2114 4598 hono-

2221 3925 2357 3978 ante
2387 3937 2562 3977 usum
2592 3919 2772 3992 hujus
2795 3919 3004 3992 vigiliae
3036 3918 3117 3974 ibi
3146 3919 3512 3987 cantabatur,
3545 3922 3744 3992 utpote
3766 3923 3882 3975 Do-

2222 4010 2439 4066 minica
2454 4009 2719 4082 ejusdem
2750 4008 3153 4077 hebdomadis,
3176 4008 3332 4064 sicut
3359 4012 3448 4064 et:
3472 4010 3655 4064 Vocem
3671 4009 3881 4080 jucun-

2221 4100 2406 4155 ditatis
2435 4098 2668 4154 canitur
2695 4097 2754 4152 in
2799 4097 2999 4171 vigilia
3034 4096 3430 4165 Ascensionis,
3454 4101 3510 4152 et
3539 4097 3880 4153 assumitur

2222 4187 2558 4244 communio
2587 4187 2661 4242 de
2691 4186 2954 4258 ejusdem
2986 4185 3101 4242 diei
3129 4185 3525 4259 evangelio.ln
3544 4183 3879 4258 Epiphania

2223 4278 2294 4332 ad
2310 4281 2480 4332 noctu
2489 4275 2813 4346 rnas,juxta
2829 4272 3870 4341 RomanumOrdinem,invitatorium

2222 4365 2535 4422 reticemus
2569 4383 2582 4421 :
2615 4368 2676 4420 ut
2709 4381 2745 4420 a
2773 4363 2975 4421 dolosa
3002 4363 3344 4420 invitatione
3373 4361 3618 4418 Herodis
3647 4363 3870 4420 discre-

2222 4471 2432 4528 pemus
2467 4473 2479 4510 :
2513 4453 2586 4510 ab
2617 4452 2938 4526 antiphona
2970 4471 2983 4508 :
3015 4451 3222 4526 Afferte
3250 4469 3318 4508 ea
3360 4455 3529 4508 nocte
3566 4449 3870 4524 incipitur.

2222 4543 2582 4616 Antiphona:
2599 4543 2874 4600 Fluminis
2899 4559 3032 4598 cum
3055 4543 3282 4614 psalmo
3306 4541 3365 4596 in
3385 4539 3619 4596 tertiam
3642 4544 3878 4596 noctur-

471 4631 713 4688 randam
747 4647 876 4687 esse
907 4647 1023 4686 non
1054 4630 1412 4686 dubitamus.
1447 4629 1819 4687 Matutinales
1881 4647 2114 4704 quoque
2143 4646 2192 4712 D
2224 4650 2362 4690 nam
2392 4633 2679 4698 differtur,
2713 4630 2854 4704 quia
2883 4632 3070 4704 major
3101 4629 3358 4687 laudatio
3405 4646 3585 4702 quam
3627 4629 3876 4686 Alleluia

470 4721 675 4778 laudes
706 4720 888 4792 hujus
917 4724 1132 4776 octavae
1162 4719 1232 4775 de
1261 4724 1462 4777 sancta
1482 4721 1665 4776 Maria
1687 4723 1869 4793 agunt
1887 4737 2117 4793 expres-

470 4811 730 4866 sissime.
763 4809 927 4866 Unde
959 4811 1016 4863 et
1045 4809 1146 4863 illa
1174 4809 1542 4881 responsoria
1571 4809 1642 4863 de
1672 4809 1981 4865 Nativitate
2013 4815 2116 4868 Do-

471 4898 638 4964 mini,
659 4913 786 4970 quae
817 4897 888 4952 de
909 4901 1112 4953 sancta
1141 4896 1323 4956 Maria
1343 4901 1824 4960 commemorant,
1839 4896 1977 4952 huic
1999 4899 2113 4955 dici

471 5002 726 5060 congrue
753 4986 1234 5055 attitulantur,ne
1265 5004 1296 5042 a
1328 4984 1682 5057 Grcgoriano
1714 4985 1978 5056 ejusdem
1997 4987 2110 5043 diei

471 5075 662 5131 ofﬁcio
688 5075 1089 5149 discrepemus
1119 5075 1178 5130 in
1211 5074 1590 5144 aliquo.Apte
1611 5078 1807 5128 autem
1841 5076 2110 5132 omniain

469 5163 628 5220 hunc
641 5165 880 5220 modum
896 5165 1150 5221 ordinari
1169 5161 1524 5235 possunt.Ad
1538 5177 1839 5234 vesperam
1857 5163 2107 5237 antiph.:

471 5255 660 5310 Tecum
709 5256 1070 5326 principium,
1120 5267 1254 5306 cum
1298 5249 1556 5321 reliquis.
1607 5250 2109 5323 Responsorium:

471 5343 969 5415 Congratulamini.
1022 5343 1334 5413 Hymnus:
1394 5341 1432 5394 A
1490 5340 1640 5396 solis.
1692 5340 1754 5395 In
1815 5340 2112 5413 evangelio

468 5433 695 5506 antiph.
715 5434 1000 5504 :Magnum
1026 5428 1385 5486 haereditatis.
1402 5428 1801 5486 Invitatorium
1830 5448 1842 5486 :
1870 5431 2114 5486 Christus

465 5528 632 5578 natus
657 5526 755 5577 est.
777 5518 1049 5592 Antiph.:
1076 5518 1336 5573 Dominus
1357 5518 1526 5573 dicit.
1549 5519 1787 5591 Antiph.
1823 5535 1835 5573 :
1871 5519 1935 5574 In
1981 5520 2111 5575 sole.

465 5610 749 5683 Antiph.:
793 5608 1113 5665 Elevamivi.
1167 5605 1341 5680 Resp.
1380 5607 1722 5664 :Deseendit.
1775 5607 2062 5683 Respons.
2098 5625 2111 5668 :

539 5702 654 5776 (10)
686 5699 832 5757 Vide
863 5697 1064 5754 eadem
1097 5697 1168 5754 de
1200 5713 1259 5754 re
1291 5696 1444 5756 Guil.
1474 5698 1838 5755 Durandum.

2224 4725 2395 4779 sonat
2423 4721 2557 4792 (10),
2591 4721 2701 4776 sub
2733 4718 2921 4793 gratia
2950 4724 3058 4788 est,
3092 4721 3262 4790 cujus
3293 4723 3496 4792 typum
3538 4717 3712 4774 tertia
3767 4735 3871 4774 no-

2223 4815 2432 4866 cturna
2475 4808 2647 4882 gerit,
2677 4825 2857 4880 quam
2888 4813 3022 4864 ante
3051 4807 3243 4880 legem
3271 4807 3362 4863 vel
3392 4807 3504 4863 sub
3533 4806 3684 4880 lege,
3713 4808 3869 4879 quod

2222 4899 2614 4972 praecedentes
2663 4901 2958 4954 nocturnae
2991 4896 3346 4969 signiﬁcant.
3378 4896 3542 4954 Unde
3570 4900 3630 4951 et
3666 4911 3874 4954 omnes

2220 4987 2473 5043 historiae
2505 5003 2632 5059 quis
2662 4986 2775 5043 sibi
2807 4986 3046 5041 Alleluia
3095 4984 3417 5054 vindicant,
3452 4983 3586 5057 plus
3631 4985 3874 5042 Alleluia

2223 5077 2280 5132 in
2343 5075 2510 5132 tertia
2565 5080 2854 5130 nocturna
2908 5075 3300 5146 frequentant.
3333 5073 3394 5129 Si
3433 5072 3762 5146 Epiphania
3808 5073 3870 5130 in

2219 5164 2583 5220 Dominicam
2605 5163 2881 5230 evenerit,
2896 5162 3044 5219 nihil
3075 5162 3135 5218 in
3166 5179 3236 5219 ea
3255 5162 3349 5219 die
3378 5163 3450 5219 de
3470 5161 3662 5219 ofﬁcio
3679 5164 3873 5218 Domi-

2221 5254 2360 5309 nicze
2385 5253 2702 5325 tangimus.
2720 5252 2884 5318 Quod
2905 5255 3099 5308 tamen
3123 5251 3277 5308 infra
3295 5256 3558 5308 octavam
3585 5252 3635 5323 ej
3646 5268 3714 5308 us
3739 5251 3868 5309 ideo

2221 5345 2527 5400 observare
2585 5341 2862 5410 solemus,
2895 5345 2958 5396 ut
3014 5340 3294 5398 lectiones
3342 5344 3399 5396 et
3437 5338 3739 5412 evangelia
3785 5341 3868 5398 fe-

2221 5431 2391 5488 rialia
2421 5449 2548 5504 quae
2604 5431 2676 5486 de
2705 5430 3007 5502 Baptismo
3066 5429 3298 5486 Domini
3356 5431 3588 5495 sonant,
3620 5444 3688 5484 eo
3719 5431 3867 5486 tem-

2223 5537 2362 5594 pore
2383 5519 2558 5578 recite
2568 5524 2726 5590 ntur,
2751 5535 2886 5576 cum
2907 5522 2965 5576 et
2991 5518 3207 5577 festum
3227 5519 3300 5577 de
3318 5517 3618 5594 Baptismo
3638 5518 3870 5577 Domini

2223 5610 2438 5686 agitur.
