3976 6390
94 418 267 492 4609

233 559 368 619 CAP.
399 558 538 618 XLI.
569 592 641 603 —
667 560 743 620 De
760 560 1060 620 Dominicis
1084 567 1206 635 post
1234 558 1623 634 Epiphaniam.

183 650 240 707 Si
269 654 465 707 autem
493 667 600 724 per
628 651 1039 724 interjacentes
1068 651 1194 707 dies
1224 651 1296 706 ab
1322 649 1652 723 Epiphania
1670 667 1764 707 us.

115 756 223 811 que
249 740 309 795 in
338 743 601 796 octavam
632 741 761 811 ejus
781 740 1088 796 Dominica
1127 740 1402 810 evenerit,
1435 739 1761 796 necessario

115 846 178 886 eo
207 829 296 885 die
326 828 725 886 ecclesiastico
760 829 1069 886 conventui
1093 845 1226 884 cum
1251 829 1598 884 Dominicali
1628 829 1764 884 ofﬁ-

116 918 200 974 cio
221 918 644 987 satisfacimus,
676 935 851 990 quem
884 935 999 974 non
1030 935 1133 989 pro
1164 917 1511 990 Epiphania,
1531 919 1633 974 sed
1656 934 1761 989 pro

115 1006 411 1063 Dominica
438 1007 782 1064 convenisse
825 1007 1071 1064 scimus.
1104 1006 1497 1063 Dominicales
1528 1022 1762 1079 quoque

116 1095 319 1169 psalmi
362 1112 500 1151 cum
548 1099 724 1152 cantu
770 1096 844 1152 de
891 1096 1217 1170 Epiphania
1265 1099 1408 1152 sunt
1454 1095 1758 1151 recitandi.

117 1185 206 1242 Sic
233 1185 390 1241 enim
419 1201 654 1241 omnem
683 1184 1049 1241 Dominicam
1079 1183 1400 1241 Dominicis
1429 1183 1761 1241 solemnita-

117 1273 721 1345 tibusinterpositam,
741 1289 848 1329 nec
877 1277 1074 1330 tamen
1101 1273 1407 1329 celebriori
1438 1272 1631 1329 ofﬁcio
1664 1289 1759 1327 oc-

116 1367 404 1436 cupatam,
435 1363 509 1419 de
554 1362 776 1419 eisdem
827 1361 1148 1418 inofﬁciare
1187 1362 1466 1418 solemus.
1499 1361 1760 1417 Privatos

117 1470 340 1525 quoque
358 1452 483 1508 dies
502 1450 976 1508 solemnitatibus
996 1451 1448 1508 intervenientes
1465 1451 1548 1505 ita
1567 1451 1761 1507 obser-

115 1559 334 1608 vamus,
368 1546 435 1598 ut
464 1540 864 1598 invitatorium
896 1545 954 1597 et
975 1558 1155 1597 unam
1177 1541 1561 1615 antiphonam
1584 1556 1760 1612 super

115 1630 368 1688 ferialem
391 1634 762 1697 nocturnam,
815 1629 954 1687 item
998 1646 1172 1699 vers.,
1206 1617 1669 1703 responsorium,
1703 1632 1760 1684 et

115 1718 486 1776 matutinales
540 1719 744 1776 laudes
792 1724 849 1775 et
898 1722 1108 1775 caetera
1148 1720 1221 1775 de
1266 1720 1414 1774 festo
1465 1718 1755 1774 dicamus.

110 1809 277 1865 Juxta
296 1809 630 1865 Romanum
651 1807 807 1864 enim
829 1807 1105 1864 Ordinem
1126 1807 1386 1864 ferialem
1410 1812 1757 1863 nocturnam

114 1914 414 1971 nunquam
446 1896 967 1965 dimittimus,cum
988 1897 1103 1952 tria
1129 1899 1363 1951 tantum
1386 1896 1758 1967 responsoria

113 1986 381 2053 dicimus,
412 1986 522 2041 nisi
555 1986 613 2040 in
632 1985 999 2042 hebdomada
1036 1984 1270 2040 Paschae
1292 1989 1348 2040 et
1366 1986 1753 2039 Pentecostes.

112 2075 315 2132 Prima
345 2091 481 2148 ergo
512 2073 830 2130 Dominicaa
860 2073 1118 2131 ofﬁcium
1140 2074 1293 2130 infra
1322 2073 1474 2128 hanc
1496 2074 1756 2127 octavam

110 2164 267 2220 omni
297 2180 451 2219 anno
483 2163 593 2218 rite
640 2162 999 2230 observatur,
1032 2162 1264 2218 etiamsi
1313 2163 1547 2234 propter
1576 2159 1756 2232 pluri-

107 2252 395 2310 ralitatem
416 2251 920 2308 hebdomadarum
942 2268 1127 2323 usque
1141 2252 1210 2307 ad
1228 2250 1754 2323 Septuagesimam,

108 2341 493 2414 repetendum
526 2339 973 2407 videatur,sicut
998 2344 1055 2396 et
1085 2340 1199 2396 alia
1230 2340 1345 2395 duo
1368 2339 1596 2394 ofﬁcia:
1621 2341 1756 2397 0m-

108 2433 193 2487 nis
238 2435 408 2497 terra,
456 2430 707 2497 Aderate,
742 2445 877 2484 cum
936 2429 1235 2485 multoties
1295 2445 1395 2483 sex
1451 2431 1759 2484 occurrant

109 2518 487 2575 hebdomadas
502 2516 595 2574 his
612 2515 1237 2573 ofﬁciisinofﬁciandae.
1258 2518 1402 2573 Cum
1425 2522 1621 2572 autem
1640 2532 1759 2570 una

108 2613 336 2664 tantum
360 2606 662 2663 Dominica
700 2607 854 2662 inter
874 2605 1257 2678 Epiphaniam
1291 2610 1347 2661 et
1376 2604 1753 2689 septuagesi-

104 2712 265 2761 Amam
300 2695 531 2763 accidit,
565 2695 681 2752 duo
739 2694 955 2765 ofﬁcia,
988 2693 1148 2750 nullo
1200 2693 1593 2750 ecclesiastico
1623 2709 1758 2748 con-

106 2789 278 2841 ventu
300 2784 427 2839 ﬁeri
443 2784 554 2840 hoc
574 2783 856 2857 exigente,
890 2783 948 2838 in
971 2800 1149 2839 unam
1174 2783 1603 2838 hebdomadam
1626 2799 1756 2837 con-

100 2875 347 2947 jungere
367 2873 620 2942 debebit,
642 2872 979 2955 quicunque
1016 2871 1245 2927 nullum
1268 2889 1333 2928 eo
1355 2889 1508 2927 anno
1539 2888 1607 2927 ex
1638 2874 1751 2926 sta-

106 2961 243 3019 tutis
261 2961 484 3018 ofﬁciis-
497 2962 936 3034 praetermittere
963 2961 1227 3017 voluerit.
1244 2963 1370 3017 Non
1400 2978 1537 3034 ergo
1557 2961 1753 3017 minus

106 3053 501 3124 competenter
519 3050 673 3106 idem
701 3050 1296 3126 ofﬁcium‘aliquando
1328 3050 1387 3105 in
1421 3049 1536 3105 alia
1556 3050 1752 3106 Domi-

106 3140 232 3195 nica
261 3137 606 3212 repetimus,
639 3154 772 3194 cum
792 3138 1023 3194 nullum
1055 3139 1342 3195 celebrius
1359 3138 1618 3194 ofﬁcium
1649 3139 1750 3194 ha-

103 3227 405 3285 buerimus
435 3227 592 3283 unde
613 3222 1005 3283 ecclesiastico
1037 3228 1344 3283 conventui
1376 3228 1484 3283 rite
1521 3228 1749 3283 satisfa-

106 3334 227 3374 cere
270 3315 743 3388 valeamusdpsi
786 3332 1020 3388 quoque
1061 3315 1267 3388 privati
1316 3317 1440 3371 dies
1490 3317 1751 3372 Romano

105 3422 265 3462 more
296 3405 556 3460 ofﬁcium
588 3404 798 3477 prioris
846 3405 1162 3461 Dominicn
1219 3404 1523 3476 recipiunt,
1558 3406 1606 3460 si
1640 3423 1756 3461 non

106 3494 344 3551 aliunde
395 3498 794 3566 competenter
836 3493 1142 3551 inofﬁciari
1178 3499 1445 3568 possunt,
1472 3500 1671 3551 tamen
1703 3500 1759 3550 et

105 3600 272 3656 aqua:
294 3582 617 3640 benedictae
637 3583 1230 3656 aspersionem,juxta
1252 3586 1550 3641 decretum
1572 3584 1759 3640 sancti

106 3672 417 3730 Alexandri
444 3688 631 3746 papae,
676 3675 769 3728 et:
805 3673 973 3729 Credo
1015 3674 1078 3728 in
1123 3690 1319 3739 unum,
1352 3691 1466 3729 non
1515 3673 1760 3729 dimitti-

108 3779 261 3818 mus.
276 3823 289 3831 ,

104 3869 236 3925 CAP.
265 3866 430 3924 XLII.
463 3898 532 3908 -—
562 3872 646 3924 De
672 3868 881 3925 duobus
926 3870 1080 3939 festis
1129 3871 1189 3924 in
1241 3886 1416 3926 unum
1463 3870 1608 3926 diem
1636 3888 1755 3926 con-

749 3943 1099 3997 currentibus
1110 3985 1122 3996 .

176 4032 325 4085 Cum
358 4029 490 4084 duae
520 4028 864 4085 festivitates
911 4047 1118 4086 novem
1143 4029 1459 4086 lectionum
1492 4031 1550 4086 in
1580 4048 1765 4087 unum

108 4119 264 4174 diem
297 4122 678 4186 concurrunt,
713 4135 964 4190 quarum
1018 4123 1267 4191 utraque
1299 4119 1540 4191 plenum
1573 4138 1678 4194 per
1707 4138 1769 4177 se

108 4206 293 4280 exigit
320 4206 602 4275 ofﬁcium,
624 4206 1000 4264 celebriorem
1022 4225 1091 4264 ex
1113 4209 1337 4282 integro
1367 4210 1765 4278 observamus,

110 4295 360 4351 alterius
391 4312 524 4351 vero
550 4300 752 4368 postea
782 4300 1012 4353 tantum
1046 4298 1389 4354 memoriam
1422 4300 1673 4372 agimus.
1711 4301 1767 4356 Si

108 4389 315 4442 autem
342 4389 591 4456 utraque
622 4384 869 4457 pleniter
899 4387 1263 4442 observanda
1307 4388 1555 4457 videtur,
1581 4396 1682 4444 aut
1711 4388 1771 4444 in

114 4473 248 4547 ipsa
278 4474 375 4530 die
400 4474 688 4530 ambabus
712 4475 944 4549 singula
965 4477 1160 4532 ofﬁcia
1177 4476 1597 4548 persolvantur,
1607 4480 1777 4550 juxta

114 4564 274 4635 quod
309 4568 367 4619 et
397 4568 638 4621 sanctus
669 4564 983 4638 Gregorius
1028 4566 1086 4620 in
1137 4566 1600 4623 Sacramentario
1632 4574 1688 4622 et
1718 4567 1776 4621 in

1549 422 2080 493 MICROLOGUS.

3344 427 3519 493 ‘iOiO

1780 564 1836 630 Α
1864 561 1970 617 tim
1998 561 2425 637 compleantur,
2459 561 2547 622 vel
2574 581 2759 621 unum
2791 579 2993 621 eorum
3037 561 3097 620 in
3149 561 3332 621 alium
3360 566 3516 624 diem

1877 650 2212 709 differatur:
2246 670 2361 708 non
2391 657 2515 710 tam
2545 653 2797 727 generali
2822 654 3003 710 totius
3027 653 3301 711 Ecclesiae
3327 656 3519 713 obser-

1868 738 2294 822 vationi,quam
2324 743 2564 815 privatae
2595 742 3001 816 religiosorum
3034 743 3322 799 vacationi
3353 745 3517 817 adja-

1871 844 1997 883 cere
2024 829 2272 899 videtur,
2308 831 2408 904 qui
2439 830 2667 887 nullum
2716 833 2786 887 de
2835 830 3004 888 statis
3042 831 3251 888 ofﬁciis
3281 837 3516 905 praeter-

1872 916 2102 972 mittere
2129 919 2348 975 volunt.

1961 1033 2096 1089 CAP.
2120 1034 2311 1090 XLIII.
2342 1065 2412 1077 -—-
2440 1037 2515 1091 De
2543 1036 2882 1162 magtyribus
2912 1038 3168 1093 Romanis
3194 1040 3426 1110 pentiﬁ-

2575 1125 2625 1162 cz
2662 1125 2748 1162 us.

2575 1125 2748 1163 ειοαδ.

1940 1221 2271 1292 Gregorius,
2305 1221 2484 1292 hujus
2515 1223 2772 1278 nominis
2796 1239 2947 1295 papa
2975 1222 3261 1295 septimus
3291 1228 3519 1297 aposto-

1868 1307 1989 1363 lica:
2011 1310 2133 1365 sedi
2147 1311 2800 1382 presidens,constituit
2818 1316 2880 1367 ut
2892 1316 3228 1369 sanctorum
3251 1314 3517 1370 omnium

1869 1395 2264 1454 Romanorum
2302 1399 2646 1472 pontiﬁcum
2691 1404 2747 1456 et
2803 1406 3126 1474 martyrum
3173 1402 3516 1458 festivitates

1869 1485 2206 1543 solemniter
2237 1488 2454 1560 ubique
2501 1505 2636 1543 cum
2680 1488 2849 1561 pleno
2892 1489 3082 1545 ofﬁcio
3129 1489 3512 1565 celebrentur.

1869 1574 2016 1629 Nam
2065 1592 2198 1631 cum
2247 1575 2521 1648 quaelibet
2558 1576 2802 1655 ecclesia
2850 1577 2942 1633 sui
2993 1578 3243 1649 patroni,
3278 1580 3513 1636 etiamsi

1868 1662 2166 1719 confessor
2193 1663 2609 1731 fuerit,festum
2642 1663 2983 1721 solemniter
3001 1666 3513 1740 observet,quanto

1868 1751 2056 1823 magis
2086 1767 2287 1809 eorum
2319 1752 2417 1824 qui
2449 1752 2630 1809 totius
2674 1752 2945 1810 Ecclesiae
2986 1770 3102 1809 non
3133 1757 3253 1810 tam
3285 1757 3512 1826 patroni

1870 1856 2046 1912 quam
2092 1841 2291 1896 Patres
2343 1841 2710 1909 exstiterunt,
2745 1857 2924 1912 quam
2982 1844 3159 1899 etiam
3208 1860 3397 1916 usque
3441 1846 3512 1901 ad

1787 1933 1834 1997 Β
1867 1930 2215 2002 martyrium
2241 1930 2433 1985 verbis
2450 1934 2508 1985 et
2550 1931 2830 2003 exemplis
2852 1932 3158 1988 instituere
3189 1949 3304 1988 non
3336 1934 3514 1990 desti-

1866 2020 2112 2073 terunt?
2129 2018 2277 2073 Nota
2291 2022 2485 2074 autem
2508 2025 2777 2076 sanctum
2804 2019 3147 2094 Gregorium
3170 2037 3382 2095 papam
3404 2022 3517 2096 pri-

1870 2121 2031 2160 mum
2063 2106 2124 2160 in
2157 2107 2434 2163 Graduali
2466 2107 2614 2164 libro
2636 2109 2707 2164 de
2736 2108 2829 2164 his
2858 2110 3215 2183 martyribus
3262 2110 3416 2168 sicut
3444 2113 3516 2169 de

1868 2193 2300 2251 confessoribus
2350 2196 2729 2268 pontiﬁcialia
2748 2197 3076 2254 instituisse
3105 2199 3318 2268 ofﬁcia,
3350 2204 3415 2268 ut
3445 2201 3515 2256 de

1868 2288 2067 2339 sancto
2094 2265 2387 2352 Marcello,
2428 2284 2690 2357 antiph.:
2745 2286 2971 2352 Statuit,
3005 2290 3062 2342 et
3109 2288 3180 2342 de
3236 2265 3513 2344 SiFBlice

1866 2371 2088 2444 antiph.
2118 2389 2130 2426 :
2162 2374 2493 2441 Sacerdotes,
2527 2378 2584 2428 et
2632 2373 2741 2429 hoc
2800 2374 3003 2446 utique
3056 2376 3199 2430 satis
3256 2392 3512 2449 congrue

1864 2464 2101 2531 propter
2154 2460 2554 2516 excellentiam
2613 2461 2916 2533 dignitatis
2983 2463 3334 2534 apostolicae.
3391 2465 3510 2520 Hoc

1865 2549 2045 2603 etiam
2068 2550 2420 2605 attendendo
2455 2551 2703 2621 majores
2724 2551 2907 2606 nostri
2934 2551 3006 2606 de
3035 2551 3258 2607 eisdem
3289 2552 3509 2608 sanctis

1865 2637 2267 2693 confessorum
2297 2638 2488 2693 ofﬁcia
2509 2639 2579 2693 ad
2610 2654 2848 2694 cursum
2876 2639 2991 2695 diei
3012 2644 3069 2695 et
3095 2640 3283 2696 noctis
3305 2640 3508 2714 legun-

1864 2729 1963 2780 tur
1982 2726 2339 2795 observasse,
2375 2743 2500 2798 quae
2528 2732 2584 2783 et
2614 2727 2907 2800 pontiﬁcis
2935 2726 3278 2800 dignitatem
3304 2720 3509 2784 eodem

1865 2815 2039 2870 modo
2057 2814 2490 2885 insinuant,nec
2504 2821 2698 2872 tamen
2718 2815 2779 2871 in
2802 2816 2996 2888 aliquo
3009 2832 3212 2872 eorum
3235 2817 3510 2891 martyrio

1865 2903 2270 2975 praejudicant.
2281 2905 2434 2960 Idem
2449 2906 2590 2960 etde
2604 2908 2804 2961 sancto
2816 2905 3187 2978 Appollinare
3207 2906 3514 2962 observan-

1864 2992 2005 3047 dum
2029 3009 2154 3048 esse
2173 2991 2642 3049 Gradualisliber
2660 2995 3046 3050 demonstrat.
3078 2995 3149 3049 Et
3177 2996 3251 3051 de
3277 2995 3351 3051 iis
3382 2995 3510 3068 qui-

1862 3081 1996 3135 dem
2028 3081 2247 3135 sanctis
2278 3081 2555 3153 hymnus,
2588 3081 3008 3151 invitatorium,
3040 3099 3278 3140 versus:
3325 3082 3510 3139 Gloria

1860 3173 1914 3225 et
1943 3169 2162 3235 honore,
2195 3172 2458 3232 Posuisti,
2507 3172 2754 3239 Domine,
2784 3172 2982 3240 Magna
3020 3175 3100 3227 est
3139 3173 3322 3241 gloria
3368 3173 3507 3245 ejus,

1863 3262 2269 3326 cantantur,ut
2299 3260 2368 3313 de
2400 3260 2776 3331 martyribus;
2800 3259 3025 3332 reliqua
3053 3277 3188 3316 vero
3220 3277 3324 3332 per
3355 3262 3509 3316 ordi-

1863 3362 1998 3402 nem
2023 3350 2080 3402 et
2111 3348 2182 3402 de
2214 3347 2666 3403 confessoribus.
2701 3347 2948 3410 Quidam
2974 3352 3171 3403 autem
3217 3348 3502 3416 moderni,

1864 3437 2064 3492 minus
2094 3437 2463 3491 concordiam
2495 3435 2822 3491 ofﬁciorum
2854 3432 3239 3506 attendentes,
3274 3437 3343 3493 de
3391 3436 3509 3493 illis

1867 3541 2101 3581 omnem
2128 3528 2367 3579 cantum
2390 3530 2454 3579 ut
2473 3526 2544 3580 de
2577 3525 2933 3597 martyribus
2964 3525 3512 3598 observant,praater

1869 3614 1941 3670 ad
1972 3614 2207 3669 Missam
2236 3631 2248 3681 ;
2275 3619 2602 3669 asserentes
2633 3629 2959 3685 congruum
2982 3630 3111 3670 esse
3131 3619 3218 3685 ut,
3251 3621 3417 3670 nocte
3442 3615 3513 3670 de

1872 3703 2148 3775 martyrio
2178 3719 2403 3770 eorum,
2435 3703 2507 3757 ad
2542 3702 2783 3758 missam
2815 3707 3033 3771 autem,
3067 3704 3137 3758 de
3173 3702 3516 3759 sacerdotali

1872 3808 2073 3848 eorum
2107 3790 2390 3864 dignitate
2419 3796 2646 3863 agatur.
2680 3790 2791 3847 Sed
2816 3790 3247 3847 convenientior
3290 3791 3521 3847 videtur

1873 3880 2241 3953 superiorum
2272 3880 2770 3935 observatio.Nam
2792 3880 3055 3936 missain
3088 3880 3348 3953 quolibet
3376 3880 3521 3936 festo

1874 3969 2101 4042 reliqua
2129 3968 2278 4025 solet
2304 3968 2622 4024 informare
2650 3968 2864 4025 ofﬁcia.

2126 4086 2262 4141 CAP.
2296 4084 2478 4140 XLIV.
2512 4117 2580 4125 —
2609 4087 2683 4141 De
2713 4087 2913 4142 octavis
2940 4094 3274 4143 sanctorum.
3340 4146 3343 4149 _

1949 4204 2124 4260 Juxta
2152 4203 2476 4257 Romanam
2507 4203 2914 4258 auctoritatem
2956 4201 3254 4258 nullorum
3293 4204 3528 4257 sancto—

1882 4310 2014 4349 rum
2039 4297 2271 4347 octavas
2292 4292 2597 4346 observare
2641 4290 2947 4362 debemus,
2980 4290 3095 4346 nisi
3129 4290 3284 4345 unde
3312 4293 3531 4345 certam

1882 4381 2140 4452 aliquam
2158 4379 2529 4434 traditionem
2554 4395 2587 4432 a
2600 4379 2819 4436 sanctis
2836 4381 3102 4435 Patribus
3119 4379 3536 4436 habemus.Eo-

1884 4487 2013 4525 rum
2038 4484 2270 4540 quoque
2302 4483 2550 4537 quorum
2598 4472 2828 4522 octavas
2872 4468 3258 4533 celebramus,
3310 4467 3537 4523 nullam

1885 4555 2287 4630 quotidianam
2314 4554 2672 4609 mentionem
2706 4572 2809 4626 per
2841 4555 3251 4627 interjacentes
3282 4556 3407 4611 dies
3424 4555 3541 4628 agi-

114 4651 273 4707 Grad
285 4650 404 4707 uali
428 4650 578 4706 libro
600 4651 907 4723 aliquoties
930 4651 1033 4707 uni
1061 4653 1171 4710 diei
1211 4653 1346 4713 bina
1367 4654 1638 4728 ascripsit
1662 4657 1757 4727 [as

1888 4646 2185 4715 mus,quia
2230 4642 2451 4697 nullam
2485 4642 2893 4697 auctoritatem
2926 4644 3060 4698 inde
3104 4643 3409 4708 habemus,
3444 4659 3539 4696 ex-

118 4737 322 4813 cribit]
356 4739 570 4807 ofﬁcia,
603 4745 704 4796 aut
734 4758 851 4796 una
880 4758 1082 4796 earum
1132 4742 1190 4797 in
1248 4747 1587 4814 sequentem
1622 4744 1776 4798 diem

113 4827 610 4893 diﬁ'eratur,sicut
639 4834 879 4885 sanctus
908 4830 1222 4903 Gregorius
1244 4848 1396 4903 papa
1416 4832 1630 4888 festum
1654 4849 1783 4887 san-

114 4914 191 4969 eti
214 4913 383 4970 Pauli
404 4919 539 4986 post
561 4916 774 4972 festum
818 4917 1001 4973 sancti
1043 4918 1194 4973 Petri
1242 4918 1425 4974 voluit
1453 4921 1778 4976 observare.

114 5003 267 5059 Nam
302 5001 467 5060 illam
503 5006 946 5077 usurpationem
975 5024 1104 5078 quae
1131 5023 1199 5062 ex
1227 5008 1458 5063 duobus
1487 5008 1697 5064 ofﬁciis
1725 5009 1783 5064 in

117 5108 241 5148 una
263 5092 362 5147 die
386 5092 788 5164 observandis,
821 5111 1004 5150 unum
1027 5094 1410 5166 incomposite
1443 5095 1786 5168 compingit,

119 5186 471 5238 sanctorum
520 5181 762 5239 Patrum
813 5183 1128 5240 auctoritas
1178 5201 1293 5240 non
1348 5185 1607 5240 admittit
1636 5186 1789 5256 (quae

121 5286 366 5343 semper
396 5286 504 5327 nos
526 5270 586 5325 in
606 5271 815 5327 ofﬁciis
828 5272 1200 5328 concordiam
1222 5274 1514 5329 custodire
1531 5279 1788 5345 'praemo—

123 5359 305 5431 nuit),
340 5358 610 5416 videlicet
640 5365 704 5416 ut
736 5378 913 5416 unam
956 5366 1302 5417 nocturnam
1353 5362 1425 5417 de
1472 5380 1588 5418 uno
1622 5364 1789 5429 festo,

121 5447 390 5521 reliquas
416 5449 489 5504 de
509 5448 623 5506 alio
645 5450 1042 5507 observemus.
1074 5451 1154 5507 Eo
1186 5451 1341 5507 enim
1366 5456 1532 5524 pacto
1565 5451 1613 5507 si
1647 5451 1791 5506 utri-

1890 4735 2072 4808 ceptis
2104 4734 2174 4789 de
2200 4734 2259 4789 S.
2296 4731 2480 4786 Maria
2508 4735 2565 4786 et
2596 4731 2666 4785 de
2703 4732 2760 4786 S.
2795 4731 2983 4797 Petro,
3035 4748 3284 4803 quorum
3318 4746 3537 4786 memo-

1892 4827 2038 4881 riam
2063 4828 2119 4878 et
2148 4822 2261 4879 alio
2280 4825 2540 4893 tempore
2571 4837 2684 4875 non
2716 4836 3020 4876 cessamus
3050 4820 3443 4892 frequentare.
3477 4818 3541 4873 In

1892 4916 2038 4970 festo
2057 4911 2369 4985 cujuslibet
2383 4910 2570 4966 sancti
2587 4909 2766 4965 trium
2780 4910 3545 4982 responsoriorum,noctur-

1896 5020 2029 5059 nam
2065 5005 2425 5074 [nocturnas]
2448 5018 2562 5056 non
2585 5000 2976 5071 dimittimus;
3004 5005 3206 5056 sancto
3244 5004 3444 5055 tamen
3463 4997 3547 5053 in-

1893 5092 2252 5160 vitatorium,
2286 5091 2731 5162 responsorium
2762 5094 2819 5146 et
2845 5088 3228 5146 matutinales
3260 5089 3550 5156 laudes,et

1896 5182 2012 5239 alia
2037 5197 2224 5253 usque
2246 5181 2318 5235 ad
2342 5180 2516 5234 ﬁnem
2544 5179 2739 5235 missae
2779 5179 3193 5247 concedimus;
3228 5176 3456 5250 reliqua
3479 5176 3551 5231 de

1901 5271 2376 5327 ferialibus.Nam
2390 5270 2560 5340 juxta
2575 5269 2899 5325 Romanam
2916 5269 3405 5325 consuetudinem
3427 5265 3554 5321 nul-

1904 5362 2017 5417 lius
2032 5360 2219 5416 sancti
2258 5359 2438 5413 trium
2473 5341 2981 5430 responsoriorum
3022 5358 3379 5414 mentionem
3414 5355 3552 5410 faci-

1903 5452 2038 5505 mUs
2057 5453 2190 5522 post
2216 5448 2482 5514 missam,
2512 5446 2630 5502 sive
2655 5446 2756 5501 illa
2780 5451 3026 5502 canatur
3043 5447 3115 5502 ad
3147 5445 3404 5511 tertiam,
3438 5444 3557 5498 sive

1905 5540 1975 5595 ad
2008 5543 2250 5595 sextam.
2286 5536 2405 5592 Imo
2435 5553 2572 5591 cum
2603 5536 2733 5608 ipsa
2758 5536 2944 5593 missa
2982 5534 3340 5592 mentionem
3371 5531 3559 5587 sancti

1906 5627 2166 5683 ﬁnimus.
2200 5626 2261 5681 In
2296 5626 2442 5680 festo
2492 5629 2689 5681 autem
2738 5642 2944 5682 novem
3004 5624 3321 5681 lectionum
3361 5621 3560 5677 omnia

1904 5733 2090 5788 usque
2120 5716 2193 5773 ad
2225 5713 2545 5773 secundam
2569 5731 2873 5787 vesperam
2904 5715 2975 5770 de
3001 5714 3148 5771 festo
3180 5710 3431 5785 agimus.

123 5552 241 5608 que
263 5537 419 5594 festo
444 5538 781 5594 satisfacere
810 5538 1435 5607 niteremur,neutrum
1457 5539 1653 5596 debita
1672 5541 1794 5595 ofﬁ-

121 5624 356 5682 ciorum
406 5628 735 5684 reverentia
784 5626 1113 5685 celebrasse
1164 5629 1660 5685 convinceremur.
1723 5628 1794 5683 Ut

122 5717 325 5772 autem
358 5714 614 5773 duorum
646 5716 931 5775 festorum
963 5716 1155 5773 ofﬁcia
1184 5717 1243 5773 in
1278 5734 1393 5774 uno
1427 5718 1521 5776 die
1551 5733 1791 5791 separa-
