3976 6402
464 430 630 509 1011

613 578 749 636 CAP.
781 564 946 634 XLV.
980 607 1048 619 -—
1078 577 1152 634 De
1180 577 1358 650 priori
1386 593 1606 650 vespera
1635 568 1983 636 Dominicali.

539 670 679 726 Post
717 671 981 725 octavam
1027 666 1387 740 Epiphaniae,
1420 666 1536 723 sive
1592 669 1815 741 privata
1863 668 1988 725 dies
2018 668 2114 737 sit,

467 757 591 815 sive
618 755 943 823 Dominica,
973 756 1249 829 leguntur
1296 754 1566 827 Epistolas
1618 757 1782 813 Pauli
1826 774 2015 830 usque
2044 758 2116 814 ad

463 844 1162 919 Septuagesimam.Prior
1189 860 1433 917 vespera
1462 845 1776 916 cujuslibet
1804 846 2118 902 Dominicis

462 934 783 992 crastinam
820 933 998 1008 exigit
1053 932 1402 1000 orationem,
1436 934 1575 1007 quia
1627 932 2119 1007 capitulum'ante

464 1023 777 1096 Hagniﬁcal
814 1022 1080 1094 sequenti
1140 1021 1454 1078 ascribitur
1496 1022 1833 1091 Dominicis,
1883 1024 2118 1080 sicutin

469 1110 764 1169 dominica
803 1111 876 1166 de
922 1110 1190 1166 Adventu
1236 1109 1491 1178 Domini,
1524 1119 1578 1167 et
1627 1112 2115 1185 Quadragesimae,

469 1199 593 1256 sive
622 1197 916 1272 passionis
944 1198 1260 1255 Dominicae
1311 1199 1745 1272 comprobatur,
1777 1202 1929 1273 quod
1973 1205 2029 1258 et
2059 1201 2116 1257 in

471 1289 604 1347 aliis
615 1287 1087 1346 solemnitatibus
1098 1304 1244 1360 pene
1256 1304 1679 1361 usquequaque
1692 1290 2114 1363 frequentatur.

472 1378 591 1436 Hoc
620 1375 824 1451 utique
853 1381 914 1433 et
942 1376 1312 1449 responsoria
1341 1381 1400 1433 ct
1447 1378 1781 1450 antiphome
1832 1380 2114 1446 indicant,

471 1483 602 1540 qua
631 1467 703 1525 de
732 1465 988 1524 crastina
1015 1465 1257 1522 historia
1287 1466 1359 1521 ad
1392 1465 1642 1539 priorem
1686 1484 1989 1540 vesperam
2021 1486 2116 1525 so-

470 1556 592 1614 lent
618 1555 946 1629 anticipari.
978 1554 1311 1626 Aliquando
1342 1559 1540 1611 tamen
1573 1555 1779 1612 ultima
1801 1557 2118 1629 antiphona

469 1647 542 1704 de
571 1643 868 1718 evangelio
897 1644 1110 1717 prioris
1140 1642 1453 1699 Dominica;
1488 1645 1561 1699 ad
1593 1661 1891 1717 vesperam
1915 1646 2116 1719 pradi-

468 1739 624 1793 ctam
654 1736 1002 1803 reservatur,
1034 1736 1099 1788 ut
1125 1730 1187 1787 in
1219 1732 1537 1789 Dominicis
1568 1738 1700 1805 post
1728 1734 2113 1808 Epiphaniam

465 1828 526 1882 et
554 1822 795 1891 Pascha,
840 1838 968 1894 quas
1016 1825 1213 1877 tamen
1256 1822 1401 1878 adeo
1452 1823 1824 1895 concordant,
1859 1829 1922 1879 ut
1962 1825 2114 1881 anti-

464 1911 664 1986 phona
688 1911 1066 1985 pracedentis
1098 1909 1410 1967 Dominica:
1432 1910 1677 1967 orationi
1704 1913 2117 1986 subsequentis
2144 1948 2193 2015 B

465 2002 686 2076 optime
713 2000 1036 2059 conveniat.

462 2113 600 2169 mp.
630 2108 817 2167 XLVI.
848 2094 1107 2180 Deiaquag
1141 2078 1493 2180 aspersioizis,
1528 2108 1723 2165 Gloria
1753 2110 1813 2165 in
1844 2109 2111 2177 excelsis,

917 2178 1006 2236 Ite
1032 2179 1215 2235 missa
1238 2182 1349 2249 est,
1378 2183 1432 2235 et
1460 2178 1665 2236 Credo.

534 2269 859 2329 Alexander
887 2284 1058 2342 papa,
1083 2285 1118 2324 a
1145 2267 1314 2324 beato
1334 2267 1504 2325 Petro
1526 2268 1788 2340 quintus,
1810 2270 2115 2326 constituit

464 2364 531 2418 ut
549 2359 637 2417 sal
650 2362 708 2417 et
725 2373 881 2431 aqua
890 2357 1372 2414 benedicerentur
1393 2357 1466 2413 ad
1493 2359 1997 2432 conspergendum
2016 2377 2114 2432 po-

462 2450 694 2524 pulum,
715 2451 773 2505 et
782 2445 1122 2504 habitacula
1133 2461 1336 2502 eorum
1354 2462 1368 2513 ;
1393 2446 1548 2517 quod
1562 2451 1619 2502 et
1630 2464 1737 2504 nos
1749 2448 1809 2503 in
1822 2448 1981 2504 omni
1999 2449 2110 2505 Do-

460 2538 859 2611 minicajuxta
877 2550 1132 2592 canones
1142 2532 1862 2607 sequimur.Symmachus
1872 2538 2111 2611 papa,in

461 2628 667 2687 ordine
694 2623 1222 2700 quinquagesimae
1260 2622 1564 2680 constituit
1602 2629 1668 2680 ut
1704 2625 1761 2681 in
1791 2626 2109 2684 Dominicis

457 2717 668 2776 diebus
688 2719 747 2773 et
773 2712 1060 2771 natalitiis
1081 2714 1404 2784 martyrum
1442 2712 1699 2786 hymnus
1716 2714 1901 2772 Gloria
1929 2717 1991 2771 in
2020 2733 2110 2773 ea:-

455 2807 613 2864 eelsis
637 2801 1046 2873 dicatur,quod
1062 2803 1121 2857 et
1134 2816 1241 2858 nos
1261 2799 1642 2867 observamus
1664 2803 1724 2859 in
1737 2804 1897 2859 omni
1918 2804 2110 2861 Domi-

456 2894 590 2952 nica
605 2896 665 2950 et
683 2890 746 2948 in
763 2889 929 2948 festis
951 2904 1160 2946 novem
1193 2888 1535 2959 lectionum,
1556 2896 1791 2965 excepto
1808 2892 1960 2950 infra
1987 2896 2107 2951 Ad-

452 2985 697 3039 ventum
707 2976 1029 3046 Domini,et
1050 2995 1086 3034 a
1106 2977 1554 3050 Septuagesima
1571 2980 1828 3052 usquein
1852 2982 2102 3041 Pascha:

456 3071 518 3128 in
547 3069 622 3127 iis
639 3072 841 3129 tamen
861 3066 1070 3123 diebus
1089 3065 1307 3123 natalia
1327 3068 1726 3140 apostolorum
1738 3074 1797 3127 et
1815 3071 1966 3128 festa
1976 3090 2108 3130 san-

456 3162 563 3220 cta
593 3157 964 3230 Mariajuxta
975 3156 1298 3213 Romanam
1320 3158 1809 3216 consuetudinem
1832 3160 2018 3218 Gloria
2044 3164 2107 3217 in

455 3248 685 3307 excelsis
705 3245 1014 3320 recipiunt.
1050 3245 1292 3319 Semper
1310 3248 1505 3302 autem
1537 3263 1671 3304 cum
1721 3247 1905 3306 Gloria
1938 3252 1999 3307 in
2017 3267 2109 3308 ea:-

462 3339 620 3397 celsis
647 3318 839 3395 etiami
854 3336 918 3391 Te
962 3336 1134 3392 Deum
1183 3318 1242 3392 et
1288 3337 1365 3391 Ite
1416 3337 1586 3392 missa
1632 3345 1711 3393 est
1768 3339 2105 3412 recitamus,
2135 3318 2179 3386 C-

467 3427 584 3485 nisi
614 3426 686 3483 de
728 3424 1039 3483 Nativitate
1068 3424 1300 3481 Domini
1324 3423 1385 3479 in
1417 3429 1585 3482 nocte
1627 3426 1764 3482 etin
1797 3430 1969 3485 Coena
1995 3431 2107 3487 Do-

466 3516 633 3583 mini,
661 3519 719 3572 et
745 3514 804 3572 in
833 3512 1032 3588 vigilia
1059 3513 1293 3571 Pascha
1323 3518 1381 3571 et
1424 3514 1812 3573 Pentecostes.
1841 3517 2108 3592 Congrue

461 3610 660 3665 autem
690 3603 832 3662 etin
871 3602 1095 3660 festivis
1145 3602 1381 3660 diebus.
1407 3607 1489 3661 Ite
1515 3606 1684 3661 missa
1738 3611 1816 3662 est
1871 3607 2102 3678 dicitur,

460 3695 602 3770 quia
621 3698 764 3752 tunc
791 3691 1082 3767 generalis
1124 3694 1445 3749 conventus
1485 3692 1762 3751 celebrari
1806 3695 1972 3764 solet,
2005 3698 2107 3771 qui

456 3782 913 3858 perhuiusmodi
933 3780 1438 3838 denuntiationem
1454 3781 1752 3839 licentiam
1765 3783 2105 3843 discedendi

455 3873 719 3946 accipere
745 3870 913 3928 solet.
942 3870 1031 3925 Ad
1061 3869 1409 3942 quotidiana
1436 3874 1634 3927 autem
1664 3872 1981 3931 missarum
2009 3894 2102 3932 so-

451 3959 670 4017 lemnia
693 3975 808 4015 non
837 3956 1188 4031 generaliter
1217 3958 1291 4014 ab
1320 3959 1729 4029 omnibus,sed
1753 3978 1787 4017 a
1813 3962 2101 4036 religiosis

450 4046 919 4120 convenitur,qui
939 4045 1074 4119 plus
1094 4046 1502 4119 spiritualihus
1523 4049 1770 4122 negotiis
1793 4067 1969 4123 quam
1995 4072 2099 4110 sae-

446 4137 749 4197 cularibus
777 4134 1214 4209 invigilant,qui
1245 4139 1304 4192 et
1334 4136 1727 4210 reliqua,dum
1750 4139 2099 4210 licet,ofﬁcia

445 4227 709 4301 quotidie
737 4226 1131 4299 frequentant.
1163 4225 1314 4299 Ergo
1365 4227 1771 4285 convenienter
1810 4229 1927 4287 illis
1965 4238 2099 4305 post

446 4317 715 4385 missam,
743 4319 809 4371 ut
838 4331 955 4370 non
987 4313 1187 4371 statim
1217 4315 1540 4385 discedant,
1567 4318 1665 4373 sed
1697 4322 1760 4374 ut
1780 4319 2095 4379 Dominum

378 4448 383 4451 -
444 4404 811 4471 benedicant,
844 4403 1244 4460 denuntiatur.
1276 4403 1423 4461 Huic
1470 4407 1776 4464 assertioni
1825 4414 1883 4466 et
1907 4410 2094 4467 eccle-

441 4492 681 4551 siastica
700 4493 1061 4550 consuetudo
1080 4493 1311 4551 videtur
1325 4494 1652 4569 astipulari,
1685 4498 1824 4569 quia
1863 4516 1997 4556 cum
2018 4503 2093 4557 Ite

438 4584 607 4642 missa
634 4588 714 4642 est
742 4582 1018 4651 dicimus,
1049 4584 1120 4639 ad
1138 4583 1422 4657 populum
1444 4586 1748 4655 vertimur,
1771 4604 1947 4660 quem
1971 4589 2088 4645 dis-

1844 443 2157 511 MONUM.
2203 441 2517 511 LITURG.

2147 581 2203 648 Α
2232 579 2304 635 de
2331 578 2405 637 iis
2435 560 2685 653 singulis
2714 578 2773 635 in
2796 561 2999 637 eodem
3032 562 3295 652 symbolo
3346 575 3546 660 aliqua
3590 578 3889 652 reperitur

3675 414 3690 455 ⁵
3726 412 3889 508 ibis

2228 669 2724 725 commemoratio.
2758 670 2876 724 Hoc
2909 668 3143 741 quoque
3191 668 3517 724 notandum
3557 668 3714 745 quod
3747 685 3883 724 cum

2230 757 2413 814 Gloria
2442 760 2502 813 in
2531 758 2757 814 excelsis
2788 775 3018 833 semper
3046 757 3372 814 dalmaticae
3403 760 3461 814 et
3490 757 3882 814 subdiacona-

2227 844 2308 901 lia
2338 849 2741 919 resumuntur.

2529 939 2660 991 CAP.
2682 934 2897 991 XLVII.
2930 966 2997 976 —
3026 936 3102 991 De
3129 936 3573 1009 Septuagesima.

2300 1027 2365 1081 In
2392 1025 2834 1099 Septuagesima
2863 1024 3330 1097 Heptateuchum
3374 1023 3683 1097 incipiunt.
3717 1023 3886 1081 Unde

2226 1122 2281 1170 et
2307 1113 2632 1170 Alexander
2652 1131 2803 1187 papa
2823 1114 3120 1169 secundus
3153 1112 3458 1169 constituit
3488 1117 3554 1168 ut
3575 1129 3888 1186 responso-

2226 1203 2314 1259 ria
2341 1203 2412 1259 de
2434 1203 2637 1260 eadem
2658 1202 2905 1259 historia
2926 1202 2986 1257 in
3026 1202 3229 1258 eadem
3252 1200 3556 1258 Dominica
3586 1202 3884 1274 incipian-

2225 1295 2476 1364 tur,quaa
2500 1296 2557 1348 et
2579 1292 2637 1347 in
2663 1291 2928 1364 sequenti
2950 1291 3254 1347 Dominica
3274 1292 3884 1363 repetantur.Alleluz‘a

2227 1382 2404 1436 etiam
2438 1380 2495 1436 in
2528 1381 2780 1437 Sabbato
2811 1380 2880 1435 ad
2916 1395 3215 1452 vesperam
3231 1379 3414 1451 jussit
3466 1379 3683 1436 dimitti
3740 1386 3882 1436 ante

2226 1468 2841 1542 Septuagesimam.Ab
2875 1467 3013 1524 hinc
3043 1484 3231 1541 usque
3263 1467 3321 1523 in
3353 1472 3587 1524 Coenam
3618 1468 3878 1534 Domini,

2228 1560 2290 1616 Te
2318 1561 2509 1624 Deum,
2546 1558 2814 1619 Gloriain
2855 1557 3101 1624 excelsis,
3126 1560 3200 1614 Ite
3240 1560 3407 1613 missa
3434 1562 3533 1614 est.
3567 1561 3711 1613 Item
3740 1557 3880 1613 dal-

2226 1647 2450 1702 maticoe
2472 1649 2530 1701 et
2549 1644 2992 1701 subdiaconalia
3007 1644 3248 1717 antiquo
3283 1661 3442 1701 more
3473 1644 3878 1701 dimittuntur.

2224 1734 2287 1790 In
2316 1733 2602 1791 bissextili
2636 1750 2789 1790 anno
2820 1733 3181 1790 nativitatem
3213 1734 3400 1790 sancti
3449 1734 3702 1790 Matthim
3734 1736 3879 1807 apo-

2225 1823 2359 1882 stoli
2389 1823 2637 1880 colimus
2658 1824 2716 1878 in
2740 1823 2842 1879 illa
2876 1823 2970 1879 die
3005 1840 3134 1895 quae
3157 1822 3420 1896 vigiliam
3450 1825 3579 1895 ejus
3612 1812 3879 1896 proxime

2224 1914 2511 1987 sequitur,
2546 1931 2662 1970 non
2718 1913 2779 1968 in
2823 1913 2958 1981 alia,
2991 1930 3117 1985 quae
3168 1916 3404 1985 propter
3447 1912 3786 1971 bissextum
3807 1931 3878 1971 eo

2223 2020 2375 2059 anno
2405 2002 2466 2059 in
2494 2003 2697 2060 eodem
2729 2000 3075 2059 Kalendario
3106 2001 3368 2059 iteratur.

2221 2109 2355 2166 CAP.
2378 2109 2618 2166 XLVIII.
2650 2139 2720 2149 —
2748 2110 2823 2165 De
2858 2110 3013 2180 festis
3070 2111 3223 2180 infra
3276 2108 3743 2181 Septuagesimam
3792 2112 3882 2169 vel

2559 2182 3080 2252 Quinquagesimam
3112 2181 3540 2236 occurrentibus.

2292 2269 2348 2325 Si
2371 2269 2700 2325 Puriﬁcatio
2731 2273 2943 2325 sanctae
2974 2267 3165 2325 Mariae
3189 2269 3340 2325 infra
3365 2270 3874 2344 Septuagesimam

2220 2358 2494 2427 evenerit,
2509 2358 2656 2414 nihil
2678 2358 2738 2414 in
2762 2359 3007 2430 eajuxta
3028 2361 3350 2414 Romanam
3383 2359 3875 2430 consuetudinem

2218 2453 2427 2522 praeter
2463 2449 2702 2504 Alleluia
2731 2447 2803 2502 de
2849 2446 3020 2502 solita
3076 2445 3495 2519 gloriﬁcatione
3545 2451 3871 2506 mutamus.

2218 2538 2456 2611 Sergius
2486 2554 2658 2610 papa,
2691 2553 2726 2593 a
2771 2535 2939 2591 beato
2979 2536 3145 2592 Petro
3205 2536 3600 2609 octogesimus
3646 2542 3875 2605 sextus,

2217 2626 2522 2683 constituit
2540 2629 2605 2681 ut
2626 2625 2834 2682 diebus
2862 2625 3340 2682 Annuntiationis
3364 2625 3617 2694 Domini,
3649 2630 3707 2682 et
3730 2627 3877 2684 Dor-

2217 2714 2477 2773 mitionis
2508 2717 2564 2771 et
2593 2713 2920 2771 Nativitatis
2958 2717 3169 2770 sanctae
3217 2714 3432 2783 Mariae,
3464 2718 3523 2772 et
3558 2715 3744 2772 sancti
3779 2716 3874 2773 Si-

2215 2804 2460 2870 meonis,
2493 2804 2650 2876 quod
2681 2803 2860 2860 Graeci
2895 2811 3089 2872 ὑπαντή
3117 2806 3344 2871 vocant,
3376 2803 3602 2862 Litania
3638 2809 3806 2862 exeat
3839 2823 3878 2861 a

2215 2895 2428 2950 Sancto
2457 2893 2732 2960 Adriano,
2766 2896 2824 2947 et
2860 2892 2931 2947 ad
2982 2892 3259 2948 Sanctam
3305 2892 3550 2948 Mariam
3578 2968 3581 2971 γ
3610 2891 3875 2966 populus

2214 2986 2498 3040 occurrat.
2524 2989 2746 3049 Ὕπαντή
2768 2984 2964 3037 autem
2976 2981 3875 3053 nuncupaturobviatio,quiave-

2214 3071 2502 3129 nerabiles
2551 3087 2811 3143 personae
2841 3068 3078 3126 Simeon
3116 3072 3174 3125 et
3218 3072 3389 3125 Anna
3431 3086 3497 3126 eo
3545 3068 3640 3125 die
3669 3070 3871 3127 obvia-

2214 3165 2354 3217 runt
2379 3159 2645 3227 Domino,
2677 3159 2821 3215 dum
2869 3161 3320 3230 praesentaretur
3350 3158 3410 3213 in
3447 3158 3686 3231 templo.
3721 3160 3870 3216 Item

2215 3249 2565 3305 Cathedram
2614 3246 2802 3304 sancti
2856 3246 3008 3303 Petri
3061 3247 3236 3303 etiam
3292 3247 3443 3303 infra
3500 3247 3875 3320 Septuagesi-

2216 3355 2376 3395 mam
2407 3341 2465 3394 et
2489 3335 3005 3413 Annuntiationem
3035 3339 3091 3391 Ξ.
3125 3335 3316 3391 Maria:
3348 3335 3498 3391 infra
3528 3336 3867 3410 Quadrage-

2216 3428 2429 3484 simam
2459 3424 2888 3483 solemnissime
2927 3441 3061 3481 cum
3109 3423 3438 3495 dalmaticis
3495 3428 3554 3480 et
3585 3424 3772 3482 Gloria
3806 3429 3871 3482 in

2216 3519 2439 3574 excelsis
2462 3518 2721 3572 Romano
2743 3532 2903 3571 more
2918 3514 3300 3570 celebramus.
3320 3512 3632 3569 Sciendum
3665 3519 3869 3571 autem

2216 3607 2370 3680 quod
2403 3604 2756 3661 Laodicense
2780 3602 3112 3674 concilium,
3146 3620 3271 3675 cap.
3322 3604 3413 3671 51,
3447 3603 3755 3660 constituit
3800 3610 3871 3661 ut

2216 3693 2895 3767 natalitiamartyrumin
2916 3693 3376 3766 Quadragesima
3414 3709 3527 3748 non
3567 3686 3869 3750 celebren-

2213 3788 2331 3852 tur,
2359 3784 2461 3841 sed
2484 3798 2685 3839 eorum
2709 3782 3185 3839 commemoratio
3212 3781 3313 3837 ﬁat
3333 3781 3391 3836 in
3415 3780 3622 3837 diebus
3643 3778 3869 3838 Sabba-

2212 3879 2428 3941 torum,
2457 3872 2545 3930 vel
2571 3871 3032 3928 Dominicorum.
3066 3871 3229 3937 Quod
3278 3870 3373 3927 hic
3414 3869 3525 3926 soli
3577 3873 3872 3944 martyres

2212 3962 2612 4030 nominantur,
2644 3961 2754 4016 hoc
2785 3960 2913 4017 ideo
2945 3958 3085 4032 quia
3115 3959 3377 4015 nondum
3403 3959 3557 4032 apud
3588 3960 3873 4032 antiquos

2210 4051 2497 4109 memoria
2533 4050 2936 4106 confessorum
2985 4048 3128 4103 adeo
3177 4047 3423 4104 celebris
3482 4047 3612 4103 fuit.
3664 4047 3869 4105 Sancti

2208 4157 2441 4214 quoque
2471 4140 2669 4195 Patres
2701 4138 2762 4193 in
2804 4136 3078 4193 Toletano
3126 4136 3372 4193 concilio
3419 4137 3491 4192 de
3536 4138 3872 4194 Annu‘ntia-

2206 4231 2364 4287 tione
2394 4231 2452 4286 S.
2484 4228 2674 4283 Mariae
2707 4226 3141 4283 constituerunt
3174 4229 3240 4280 ut
3288 4226 3359 4281 de
3403 4224 3873 4298 Quadragesima

2203 4320 2264 4375 in
2294 4320 2363 4375 45
2391 4317 2681 4374 Kalendas
2701 4315 2967 4372 Januarii
2986 4313 3529 4383 transferretur,uhi
3552 4315 3867 4372 annuatim

2200 4407 2540 4465 solemniter
2551 4405 3027 4462 etconvenientcr
3040 4408 3174 4460 ante
3185 4402 3387 4459 Natale
3403 4403 3637 4460 Domini
3659 4408 3871 4475 posset

2199 4496 2479 4553 celebrari
2505 4513 2517 4565 ;
2551 4497 2616 4550 ut
2636 4498 2777 4567 puta
2796 4509 2931 4549 cum
2954 4492 3153 4548 omnia
3175 4490 3333 4548 illius
3354 4492 3637 4564 temporis
3665 4492 3869 4549 ofﬁcia

2200 4588 2270 4642 de
2290 4585 2494 4642 eadem
2507 4586 2778 4640 resonent
2791 4580 3269 4649 Annuntiatione,
3290 4585 3355 4637 ut
3382 4581 3440 4636 in
3463 4580 3861 4638 Ambrosiana

435 4672 639 4731 cedere
660 4673 943 4745 jubemus
973 4697 987 4741 ;
1018 4687 1155 4729 cum
1200 4677 1393 4729 autem
1441 4674 1832 4731 Benedica-mus
1858 4678 2089 4734 Domino
2116 4692 2164 4757 ι)
2198 4675 2539 4731 observatur
2561 4671 2938 4729 ecclesia.Sed
2966 4671 3294 4743 nos,magis
3326 4673 3540 4726 sanctae
3573 4669 3861 4727 Romanae

429 4762 711 4830 dicimus,
743 4778 860 4819 non
892 4761 964 4817 ad
996 4760 1298 4834 populum,
1333 4762 1433 4819 sed
1457 4763 1530 4818 ad
1562 4763 1766 4833 altare,
1801 4764 1859 4820 id
1892 4770 1982 4821 est
2011 4769 2081 4823 ad
2193 4764 2461 4821 Ecclesiae
2511 4778 2734 4819 morem
2778 4764 3067 4834 gerentes,
3114 4758 3267 4815 infra
3325 4759 3862 4832 Quadragesimam

430 4851 746 4908 Dominum
775 4850 1318 4925 vertimur,nosque
1346 4852 1507 4924 ipsos
1539 4868 1654 4907 non
1676 4854 1747 4908 ad
1781 4853 2083 4912 disceden-

352 4998 357 5003 ,
430 4940 597 5011 dum,
631 4940 732 4996 sed
763 4940 837 4996 ad
875 4940 1338 4996 benedicendum
1382 4940 1628 4996 Domino
1677 4941 2079 5002 adhortamur.

429 5027 748 5085 Sciendum
768 5032 965 5086 tamen
998 5030 1153 5102 quod
1186 5034 1262 5086 lle
1289 5031 1462 5085 missa
1481 5034 1557 5084 est
1581 5029 1732 5086 infra
1750 5032 2079 5090 Adventum

427 5115 662 5173 Domini
679 5121 738 5173 et
772 5118 1277 5192 Septuagesimam
1297 5135 1413 5173 non
1435 5117 1710 5174 recitetur
1735 5137 1748 5187 ;
1772 5130 1895 5177 non‘
1910 5124 2078 5194 quasi

426 5220 495 5262 eo
507 5210 769 5280 tempore
790 5206 991 5264 nullus
1014 5208 1116 5263 ﬁat
1127 5210 1446 5262 conventus
1463 5207 1562 5278 qui
1577 5205 1653 5263 sit
1667 5208 2073 5283 dimittendus,

424 5294 527 5351 sed
558 5295 754 5368 potius
776 5313 879 5368 pro
900 5294 1149 5351 tristitia
1171 5293 1452 5366 temporis
1491 5294 1865 5354 insinuanda.
1898 5299 1989 5355 Sic
2021 5306 2080 5357 et

423 5383 610 5441 Gloria
635 5386 697 5440 in
725 5386 955 5441 excelsis
984 5382 1322 5439 dimittitur.
1359 5382 1525 5439 Credo
1572 5385 1635 5440 in
1690 5403 1886 5457 unum,
1907 5389 2078 5459 juxta

417 5473 761 5542 canones,in
791 5473 951 5529 omni
972 5472 1277 5528 Dominica
1297 5476 1353 5528 et
1373 5472 1433 5528 in
1456 5474 1730 5532 omnibus
1754 5476 2075 5533 Dominicis

417 5561 1067 5630 solemnitatibus,item
1098 5560 1156 5615 in
1190 5560 1352 5617 festis
1378 5567 1590 5619 sanctis
1622 5564 1815 5621 Mariae
1850 5570 1906 5621 et
1933 5583 2071 5638 apo-

415 5650 789 5717 stolorum,et
816 5652 1033 5705 sancta:
1063 5649 1276 5718 crucis,
1302 5654 1360 5706 et
1387 5652 1663 5710 Omnium
1698 5655 2067 5726 Sanctorum,

2190 4853 2352 4909 illam
2366 4851 2749 4917 celebramus,
2773 4849 2928 4905 sicut
2947 4853 3004 4904 et
3025 4847 3274 4904 aliorum
3293 4864 3409 4920 quo
3427 4846 3701 4904 rumdam
3725 4865 3865 4905 san-

2192 4947 2442 4999 ctorum.
2474 4939 2841 5014 Synodaliter
2878 4942 3075 4993 autem
3107 4936 3322 5010 legitur
3345 4940 3633 4993 statutum
3663 4941 3730 4993 ut
3762 4954 3860 4995 ea-

2190 5034 2324 5088 dem
2352 5028 2813 5098 Annuntiatio,si
2844 5027 2905 5082 in
2935 5025 3130 5082 triduo
3153 5030 3288 5083 ante
3312 5025 3539 5086 Pascha
3557 5032 3862 5095 occurrat,

2188 5122 2245 5176 in
2282 5120 2535 5177 Sabbato
2577 5122 2710 5174 ante
2755 5115 2987 5172 Palmas
3040 5114 3425 5187 anticipetur;
3477 5114 3579 5186 qui
3637 5113 3765 5170 dies
3798 5119 3861 5172 et

2189 5209 2419 5281 proprio
2454 5206 2643 5264 ofﬁcio
2674 5210 2851 5274 caret,
2882 5208 2939 5259 et
2968 5220 3071 5277 per
3105 5207 3296 5259 totum
3347 5219 3569 5259 annum
3595 5193 3848 5268 venera-

2187 5297 2330 5353 tioni
2364 5298 2422 5353 S.
2458 5295 2649 5352 Maria).
2682 5293 2830 5352 solet
2859 5293 3294 5350 obsecundare:
3325 5309 3450 5366 quae
3499 5291 3849 5365 anticipatio

2185 5391 2241 5443 et
2270 5386 2430 5443 omni
2461 5384 2791 5441 necessaria
2812 5382 3109 5438 videretur
3137 5398 3313 5449 anno,
3346 5381 3488 5437 dum
3520 5381 3729 5437 eadem
3762 5382 3850 5438 fe-

2184 5475 2411 5531 stivitas
2444 5474 2601 5531 idem
2630 5473 2957 5530 Sabbatum
2982 5470 3387 5543 subsequitur,
3422 5487 3488 5527 eo
3521 5469 3679 5543 quod
3712 5470 3848 5527 due:

2182 5566 2610 5637 subsequentes
2639 5561 2980 5633 septimanae
3006 5559 3260 5634 propriis
3279 5559 3501 5631 _officiis
3528 5560 3585 5614 in
3605 5562 3849 5615 tantum

2182 5659 2322 5710 sunt
2342 5657 2655 5725 occupatae,
2691 5654 2755 5705 ut
2777 5654 2951 5705 tantm
2967 5649 3325 5706 solemuitati
3349 5649 3520 5723 digne
3541 5654 3850 5720 nequeant

412 5740 470 5793 et
498 5736 1082 5808 dedicationis,debet
1099 5739 1452 5812 cantari,nec
1482 5741 1777 5800 immerito
1805 5761 1818 5815 ;
1844 5760 1981 5801 nam
2007 5750 2066 5802 et
2177 5743 2484 5801 deservire.
2513 5741 2624 5798 Sed
2655 5757 2763 5797 nos
2793 5738 2939 5795 nihil
2973 5738 3032 5794 in
3064 5739 3172 5795 hac
3203 5738 3456 5797 editione
3487 5742 3709 5796 temere
3742 5754 3844 5795 ca-
