3976 6360
110 412 113 419 -
167 362 335 437 1013

1612 352 2139 441 MIGROLOGUS.

3423 356 3585 458 101i

168 505 516 565 ncnizatum
545 500 1057 578 deprehendimus.
1081 501 1227 560 Cum
1252 504 1448 561 autem
1478 502 1823 564 festivitates
1934 509 2154 583 Patres,
2188 511 2299 569 Leo
2327 511 2595 586 Magnus,
2628 507 2917 585 Gelasius,
2941 510 3254 587 Gregorius
3282 531 3433 590 papa
3459 510 3595 589 pri!

169 611 385 653 novem
411 594 729 651 lectionum
758 591 819 649 in
850 590 1310 666 Quadragesima
1340 593 1591 667 agimus,
1625 595 1826 651 omnia

168 685 246 743 de
275 685 452 753 festo,
473 683 568 740 die
596 685 945 750 acnocte,et
968 681 1213 736 missam
1243 683 1313 737 de
1343 681 1472 755 ipso
1504 683 1574 738 ad
1590 684 1822 740 tertiam

168 773 378 831 festive
408 771 766 828 dicimus.De
797 768 1256 842 Quadragesima
1287 786 1419 826 vero
1449 776 1583 844 post
1602 774 1825 830 Benedi-

167 879 361 921 eamus
392 860 773 933 antiphonam
804 857 1067 915 ferialem
1097 875 1232 914 cum
1264 859 1535 930 precibus
1583 866 1641 917 et
1688 880 1820 919 ora-

168 955 350 1019 tione,
383 950 581 1007 ethoc
629 948 700 1004 ad
746 947 1103 1004 matutinum
1134 950 1193 1002 et
1220 964 1528 1020 vesperum
1566 954 1819 1023 tantum,

168 1041 421 1100 missam
450 1054 682 1111 quoque
711 1037 783 1092 de
813 1036 1272 1108 Quadragesima
1318 1037 1389 1093 ad
1429 1038 1654 1096 Nonam
1685 1056 1820 1096 cum

167 1128 596 1207 genuﬂexione.
620 1202 623 1205 _

485 1217 620 1273 CAP.
650 1214 838 1271 XLIX.
868 1246 935 1254 —
968 1218 1045 1270 De
1081 1215 1257 1285 capite
1286 1215 1506 1286 iejunii.

244 1310 311 1367 In
341 1305 542 1379 Capite
569 1302 789 1376 Jejunii
827 1303 1071 1358 missam
1103 1302 1354 1360 dicimus
1384 1304 1455 1359 ad
1488 1305 1733 1374 Nonam,
1767 1309 1823 1362 et

170 1396 375 1455 omnia
404 1393 651 1450 facimus
682 1396 749 1448 ut
776 1391 836 1447 in
867 1391 1347 1462 Quadragesima.
1372 1392 1518 1447 Cum
1549 1393 1703 1449 enim
1735 1393 1818 1450 illi

168 1489 426 1558 quatuor
484 1481 607 1537 dies
656 1497 759 1553 pro
811 1478 1240 1552 complementa
1287 1480 1821 1554 Quadragesimalis

158 1572 379 1649 jejunii
427 1569 806 1643 recipiantur,
858 1565 1191 1623 necessario
1243 1566 1819 1641 Quadragesimalem

167 1659 602 1720 observantiam
634 1655 1002 1723 obtinebunt,
1023 1653 1290 1710 videlicet
1321 1660 1387 1711 ut
1414 1658 1649 1713 tandem
1681 1659 1820 1730 [non

165 1751 307 1822 nisi]
340 1751 474 1823 post
500 1762 802 1819 vesperam
828 1736 1124 1817 jejunium
1158 1742 1432 1814 solvatur,
1455 1745 1607 1800 sicut
1635 1746 1694 1802 in
1726 1765 1821 1802 ca-

167 1838 427 1897 nonibus
456 1833 971 1910 praecipitur,quod
993 1836 1191 1888 tamen
1222 1832 1334 1888 alio
1347 1836 1819 1905 temporestatim

164 1933 302 2002 post
328 1927 557 1984 Nonam
590 1923 996 1991 solvitur,cum
1020 1922 1077 1976 et
1106 1920 1290 1977 missa
1318 1923 1387 1978 ad
1422 1923 1653 1980 Sextam
1679 1924 1822 1982 cele-

166 2019 397 2074 bratur.
431 2014 494 2071 In
524 2014 635 2070 hoc
666 2012 823 2069 enim
868 2010 1383 2083 Quadragesimale
1399 2012 1697 2083 jejunium
1746 2014 1818 2070 ab

172 2104 307 2162 aliis
337 2103 534 2160 diﬂ'ert
563 2101 790 2172 diebus,
823 2100 979 2173 quod
1022 2099 1081 2154 in
1131 2097 1262 2154 aliis
1307 2104 1439 2173 post
1479 2102 1723 2170 Nonam,
1758 2102 1816 2156 in

168 2195 283 2251 hoc
329 2196 527 2249 autem
572 2196 706 2264 post
749 2205 1052 2262 vesperam
1085 2188 1319 2244 reﬁcere
1368 2189 1669 2246 debemus.
1702 2191 1818 2246 Nec

156 2285 334 2357 juxta
344 2297 595 2338 canones
609 2276 1198 2352 Quadragesimaliter
1200 2276 1281 2348 jej
1292 2294 1365 2332 un
1375 2294 1470 2334 are
1486 2294 1815 2344 censemur,

162 2374 212 2430 si
246 2377 382 2429 ante
406 2385 710 2443 vesperam
741 2366 1061 2423 reﬁcimur.
1093 2370 1241 2439 Ergo
1273 2369 1329 2421 et
1358 2365 1418 2419 in
1450 2364 1544 2420 his
1568 2370 1819 2436 quatuor

163 2461 375 2519 diebus
408 2457 683 2515 similiter
704 2457 975 2529 jejunare
1005 2455 1361 2522 debemus,si
1396 2470 1528 2509 cum
1558 2454 1629 2510 iis
1660 2455 1816 2518 Qua-

163 2547 555 2623 dragesimale
577 2545 876 2620 jejunium
909 2542 1226 2616 adimplere
1254 2542 1544 2599 volumus.
1579 2543 1742 2599 Unde
1764 2546 1821 2598 et

164 2640 353 2696 missa
381 2637 441 2694 in
472 2638 546 2693 iis
575 2636 784 2693 diebus
815 2651 930 2690 non
961 2634 1033 2688 ad
1066 2634 1322 2703 Sextam,
1357 2633 1456 2688 sed
1488 2634 1559 2688 ad
1591 2632 1816 2687 Nonam

166 2726 379 2785 merito
405 2726 751 2781 celebratur.
798 2724 899 2779 Est
933 2722 1090 2778 enim
1138 2721 1529 2779 ecclesiastica
1575 2736 1817 2777 consue-

165 2816 309 2871 tudo
342 2818 409 2870 ut
437 2814 511 2871 ad
540 2814 763 2870 Nonam
797 2811 1113 2878 reﬁciatur,
1147 2828 1281 2867 cum
1308 2811 1380 2867 ad
1410 2812 1643 2867 Sextam
1675 2809 1814 2864 mis-

168 2920 298 2961 sam
329 2902 726 2969 celebramus;
758 2903 831 2957 ad
861 2915 1161 2973 vesperam
1192 2905 1411 2968 autem,
1445 2916 1580 2955 cum
1611 2900 1681 2955 ad
1713 2900 1821 2955 No-

167 3010 306 3050 nam
338 2991 843 3059 sacriﬁcamus;ut
872 3006 1008 3063 ergo
1040 2994 1096 3046 et
1122 2989 1181 3045 in
1214 2990 1287 3046 iis
1316 2990 1523 3046 diebus
1546 3005 1732 3062 usque
1745 2989 1817 3044 ad

166 3072 473 3154 vesperam
498 3080 1223 3152 jejunemus,canonicum
1255 3082 1363 3147 est,
1397 3084 1462 3134 ut
1490 3082 1547 3134 et
1574 3079 1819 3133 missam

165 3171 238 3227 ad
272 3171 499 3227 Nonam
528 3168 1222 3225 diﬁ'eramus.Sciendum
1254 3173 1449 3224 autem
1478 3184 1593 3223 non
1626 3166 1817 3224 solum

1933 605 2150 668 mus,et
2179 602 2557 674 secundus,et
2579 599 3599 677 septimus,constituisseleguntur.'

1933 692 2209 747 Tractum
2243 708 2256 747 ε
2288 695 2529 760 Domine,
2560 709 2671 748 non
2699 694 3197 765 sec-undum,quem
3231 694 3290 749 in
3322 688 3601 763 Quadra-i

1932 782 2157 853 gesima
2189 782 2648 854 frequentamus,
2683 800 2799 838 non
2825 786 2945 838 tam
2975 799 3044 839 ex
3073 782 3335 840 Romano
3367 776 3603 847 Ordine’

1932 874 2109 942 quam
2133 888 2200 926 ex
2231 875 2431 927 nostra
2458 871 2879 927 consuetudine
2896 889 3273 945 usurpamus.
3299 868 3603 939 Melchia-f

1931 959 2035 1015 des
2053 976 2223 1032 papa,
2254 977 2288 1016 a
2312 960 2371 1015 B.
2396 961 2561 1016 Petro
2583 961 2919 1016 tricesimus
2937 960 3166 1028 tertius,
3188 962 3580 1029 constituitut
3606 990 3609 997 ν

1931 1048 2132 1104 nullus
2162 1048 2221 1103 in
2255 1049 2577 1117 Dominica,
2610 1065 2715 1105 nec
2758 1050 2817 1105 in
2849 1050 3056 1121 quinta
3093 1050 3236 1107 feria
3259 1051 3575 1123 jejunaret.

1932 1138 2095 1193 Unde
2123 1141 2361 1194 sanctus
2401 1139 2715 1211 Gregorius
2749 1139 2806 1194 in
2839 1138 3221 1212 dispositione
3251 1140 3578 1196 ofﬁciorum

1931 1226 2198 1298 quintam
2231 1226 2432 1283 feriam
2464 1227 2617 1283 infra
2646 1228 3165 1300 Quadragesimam
3182 1232 3481 1284 vacantem
3495 1229 3599 1293 di-p

1931 1315 2115 1381 misit,
2148 1319 2212 1370 ut
2258 1316 2397 1387 quia
2444 1315 2649 1372 festiva
2687 1320 2828 1381 erat,
2863 1317 3015 1372 sicut
3045 1317 3363 1385 Dominica,
3399 1318 3575 1373 etiam

1930 1403 2120 1458 ofﬁcio
2167 1403 2513 1459 Dominicali
2561 1404 2962 1461 honoraretur.
3015 1406 3126 1461 Sed
3185 1406 3325 1477 quia
3371 1407 3574 1462 eadem

1928 1492 2075 1547 feria
2104 1492 2348 1564 jejuniis
2380 1495 2759 1565 postmodum
2790 1494 3081 1566 applicata
3103 1498 3284 1563 est,ut
3315 1494 3570 1568 reliquae,

1931 1580 2243 1647 Gregorius
2273 1581 2481 1637 Junior
2509 1582 2714 1638 statuit
2743 1582 2934 1654 [Greg.
2967 1583 3177 1639 Junior
3223 1590 3287 1639 ut
3318 1583 3575 1655 reliquas

1931 1668 2157 1740 statuit]
2176 1686 2304 1726 esse
2334 1670 2655 1727 solemnem
2672 1671 3283 1744 ofﬁciisundecunque
3296 1672 3572 1740 collectis,

1931 1763 1988 1812 et
2018 1759 2268 1813 maxime
2289 1775 2359 1814 ex
2383 1758 2738 1815 mstivalibus
2768 1760 3109 1829 Dominicis,
3142 1761 3297 1817 unde
3334 1765 3392 1817 et
3423 1762 3576 1817 anti-

1929 1846 2135 1919 phonaa
2182 1863 2251 1902 ex
2299 1847 2764 1904 Dominicalibus
2816 1848 3131 1922 evangeliis
3162 1849 3383 1922 quintis
3414 1849 3574 1906 feriis

1929 1935 2122 1990 adhuc
2154 1936 2420 2007 ascripta:
2454 1936 2845 2009 reperiuntur,
2877 1943 2945 1993 ut
2972 1955 3040 1994 ex
3069 1932 3576 2010 evangelioiHoino

1927 2025 2151 2095 quidam
2178 2033 2297 2081 erat
2325 2025 2493 2094 dives,
2524 2029 2581 2082 et
2615 2044 2626 2081 :
2661 2027 2775 2081 Ibat
2802 2029 2985 2089 Iesus;
3011 2029 3068 2082 et
3116 2026 3175 2080 in
3207 2026 3579 2083 hebdomada

1928 2130 2161 2185 quoque
2191 2114 2559 2170 Pentecostes
2591 2115 2799 2187 quinta
2845 2115 2992 2171 feria
3038 2115 3228 2172 ofﬁcio
3267 2112 3575 2173 Deminicaz

1924 2201 2299 2259 inofﬁciatur.
2334 2204 2589 2259 Sabbata
2635 2208 2768 2259 ante
2796 2204 3314 2276 Quadragesimam
3358 2208 3415 2260 et
3443 2209 3577 2260 ante

1925 2291 2158 2346 Palmas
2190 2292 2624 2347 Dominicarum
2657 2309 2899 2348 suarum
2931 2293 3124 2349 ofﬁcia
3155 2293 3576 2365 recipiunt,nec

1926 2380 2383 2445 immerito,cum
2416 2379 2662 2452 quilibet
2691 2381 2816 2436 dies
2832 2380 3040 2451 privati
3072 2382 3142 2436 de
3163 2381 3287 2437 suis
3319 2382 3578 2437 Domini-

1926 2469 2009 2524 cis
2041 2466 2266 2524 soleant
2294 2469 2621 2524 inofﬁciari.
2653 2470 2737 2524 Ad
2769 2486 2972 2525 omnes
2997 2469 3171 2525 horas
3202 2470 3575 2545 quadragesi-

1928 2557 2109 2614 males
2154 2574 2346 2631 genua
2392 2559 2702 2614 flectimus.
2737 2558 2879 2613 Item
2921 2558 2994 2612 ad
3039 2557 3304 2626 missam,
3338 2558 3571 2616 etiamsi

1928 2646 2199 2702 salutatio
2230 2647 2519 2718 praecedat
2549 2647 2895 2714 orationem,
2928 2646 3043 2703 nisi
3087 2646 3203 2702 alia
3231 2647 3413 2702 oratio
3445 2647 3571 2703 sine

1928 2734 2275 2791 salutatione
2305 2736 2667 2807 praecesserit
2690 2753 2702 2790 :
2725 2738 2865 2790 tunc
2896 2734 3051 2793 enim
3083 2736 3154 2791 ad
3177 2735 3428 2808 priorem
3448 2740 3573 2791 tan-

1926 2828 2054 2879 tum
2100 2840 2290 2895 genua
2323 2822 2630 2889 ﬂectimus,
2664 2827 2901 2895 excepto
2929 2823 2991 2879 in
3032 2827 3239 2895 quarta
3269 2824 3413 2880 feria
3441 2828 3574 2896 post

1929 2913 2295 2980 Palmas,ubi
2329 2914 2397 2968 ad
2431 2917 2709 2985 utrasque
2732 2914 2902 2985 juxta
2932 2913 3263 2969 Romanum
3295 2913 3572 2969 Ordinem

1927 3016 2119 3072 genua
2143 3001 2452 3058 flectimus.
3490 3022 3493 3023 ν

2133 3091 2269 3146 CAP.
2302 3091 2390 3146 LI.
2425 3122 2494 3134 —-
2522 3093 2596 3147 De
2624 3093 2869 3148 oratione
2897 3108 3060 3163 super
3084 3094 3365 3165 papulum.

1999 3178 2331 3235 Orationem
2363 3196 2541 3253 super
2569 3178 2851 3253 populum
2880 3180 2941 3234 in
2971 3180 3573 3252 Quadragesimaideo

164 3259 501 3327 mOdemosa
535 3262 602 3313 ιη
648 3257 889 3329 qnidam
938 3262 1164 3329 Ρυίθιῖην
1203 3259 1304 3314 8θά
1356 3262 1410 3314 3t
1460 3256 1731 3329 antiquos
1781 3273 1815 3311 ἃ
1843 3245 1885 3312 C
1924 3245 2519 3340 frequentamusquia
2536 3245 2968 3339 majorem
2987 3245 3323 3325 conﬂictum
3353 3269 3575 3340 injeju-

162 3347 366 3422 Capite
392 3345 611 3419 Jejunii
643 3346 971 3419 incoepisse,
1000 3364 1133 3403 cum
1182 3353 1237 3403 et
1276 3348 1333 3402 S.
1369 3346 1682 3419 Gregorius
1729 3345 1813 3400 ibi

162 3435 703 3511 Quadragesimalia
732 3437 925 3492 ofﬁcia
947 3436 1215 3493 videatur
1244 3436 1632 3492 initiasse.Sic
1653 3435 1811 3491 enim

159 3528 219 3584 in
251 3525 631 3600 Gregorianis
662 3526 1145 3583 Sacramentariis
1176 3527 1292 3582 sive
1322 3525 1715 3582 Gradualibus
1745 3522 1813 3579 li-

161 3616 287 3673 bris
319 3614 762 3671 evidentissime
805 3613 1154 3671 declaratur.
1190 3615 1568 3688 Subsequens
1616 3618 1812 3670 tamen

162 3704 473 3762 Dominica
499 3705 734 3776 proprie
764 3700 1009 3759 initium
1050 3704 1518 3777 Quadragesimze
1559 3704 1810 3772 dicitur;

165 3795 321 3851 unde
351 3796 410 3850 et
440 3810 553 3848 XLII
601 3792 726 3850 dies
757 3810 943 3865 usque
991 3794 1051 3849 in
1091 3794 1316 3850 Pascha
1365 3797 1813 3866 computantur;

164 3883 382 3958 quibus
412 3898 547 3938 cum
587 3897 689 3938 sex
717 3882 1053 3939 Dominicas
1085 3882 1513 3954 subtrahimus,
1546 3900 1658 3938 non
1701 3881 1814 3937 nisi

162 3972 408 4045 triginta
437 3987 538 4027 sex
565 3970 625 4027 in
657 3971 1014 4028 abstinentia
1045 3974 1444 4049 observamus.
1480 3973 1625 4045 Ergo
1655 3990 1688 4028 a
1718 3972 1816 4028 Ca-

163 4062 281 4135 pite
307 4059 528 4133 Jejunii
557 4061 888 4117 necessario
920 4061 1255 4134 incipimus,
1288 4062 1338 4116 si
1385 4078 1518 4117 cum
1569 4061 1814 4117 Domino

154 4149 454 4223 jejunium
484 4149 875 4222 quadraginta
916 4150 1147 4206 dierum
1192 4150 1484 4223 complere
1519 4150 1814 4207 volumus.

162 4238 383 4297 Exinde
407 4239 585 4294 etiam
617 4238 940 4296 orationem
972 4257 1149 4313 super
1180 4240 1464 4313 populum
1488 4241 1661 4312 juxta
1677 4240 1813 4296 Gre-

165 4328 311 4404 gorii
343 4328 773 4385 institutionem
805 4329 1162 4397 exordimur,
1194 4347 1371 4402 quam
1402 4347 1704 4402 nunquam
1738 4330 1819 4384 di-

166 4419 357 4474 cimus
387 4415 501 4473 uisi
528 4434 659 4473 cum
693 4422 751 4474 et
780 4418 1368 4492 quadragesimaliter
1399 4420 1669 4491 jejunare
1718 4420 1815 4474 de-

163 4507 404 4565 bemus.

536 4597 670 4652 CAP.
707 4596 771 4652 L.
808 4628 872 4640 --
902 4599 976 4655 De
998 4599 1443 4669 Quadragesima.

237 4686 300 4744 In
332 4686 838 4759 Quadragcsimali
870 4688 1084 4744 dicitur
1115 4689 1525 4762 praefatio:Qui
1547 4689 1820 4761 corporali

157 4775 565 4850 jejuniojuxta
594 4779 882 4833 statutum
915 4776 1127 4851 Pelagii
1159 4795 1341 4850 papae,
1376 4795 1491 4833 non
1524 4778 1723 4834 minus
1756 4779 1813 4832 in

164 4863 485 4921 Dominicis
516 4881 691 4938 quam
723 4866 783 4922 in
816 4882 1018 4923 earum
1049 4866 1280 4922 feriis.A
1300 4867 1604 4922 Dominica
1619 4872 1814 4923 tamen

166 4953 598 5023 Palmarum,eo
628 4955 783 5029 quod
816 4955 896 5012 ibi
928 4957 1226 5030 passienes
1256 4956 1445 5029 legere
1476 4955 1814 5028 incipimus,

168 5042 567 5118 praefationem
588 5043 658 5101 de
690 5062 862 5101 cruce
891 5045 1145 5102 dicimus
1176 5062 1362 5118 usque
1382 5045 1441 5100 in
1464 5049 1697 5101 Coenam
1715 5045 1822 5101 Do-

170 5132 619 5199 mini,videlicet
644 5152 747 5207 per
770 5133 902 5192 illos
932 5136 1196 5207 quinque
1226 5134 1352 5190 dies
1386 5134 1823 5207 quinqueparti-

172 5228 291 5279 tam
310 5222 540 5279 Domini
558 5223 891 5295 passionem
924 5222 1823 5296 intimantes,ipsamquehebdo-

174 5311 410 5368 madam
433 5326 612 5383 quam
644 5312 831 5369 sancti
864 5313 1060 5369 Patres
1081 5313 1361 5385 Majorem
1386 5313 1820 5382 vocant,eadem

171 5399 511 5474 praefatione
538 5400 1061 5458 adornantesznam
1091 5406 1149 5456 et
1177 5400 1726 5458 convenientissime
1754 5418 1820 5457 eo

174 5494 438 5562 tempore
466 5488 683 5545 dicitur
711 5506 844 5546 cum
873 5491 944 5546 de
972 5491 1244 5563 passione
1272 5489 1504 5547 Domini
1534 5494 1655 5545 tam
1686 5507 1820 5563 spe-

173 5578 399 5637 cialiter
427 5576 710 5652 agitur.In
742 5580 935 5652 prima
961 5580 1331 5638 hebdomade
1352 5579 1822 5652 Quadragesimze

172 5666 588 5728 celebrandum
619 5673 709 5727 est
730 5669 1028 5741 jejunium
1057 5669 1314 5742 vernale,
1346 5669 1498 5727 sicut
1544 5672 1599 5725 et
1636 5666 1823 5726 sancti

1922 3355 2040 3410 niis
2071 3360 2128 3410 et
2159 3355 2522 3411 orationibus
2547 3360 2749 3411 contra
2771 3356 3063 3429 spiritales
3077 3357 3369 3428 nequitias
3390 3357 3574 3411 sumi-

1923 3460 2075 3513 mus,
2111 3444 2438 3500 necessario
2470 3462 2576 3500 nos
2625 3444 2942 3500 instanlius
2990 3445 3106 3501 Deo
3158 3445 3568 3501 commendare

1923 3533 2222 3589 debemus.
2242 3534 2388 3588 Nam
2419 3534 2601 3589 oratio
2633 3537 2766 3605 post
2792 3534 3265 3589 communionem
3297 3550 3401 3605 pro
3427 3532 3570 3589 solis

1923 3621 2495 3677 communicantibus
2527 3621 2673 3678 solet
2702 3639 2886 3678 orare.
2919 3621 3179 3695 Populus
3209 3624 3429 3689 autem,
3460 3619 3568 3676 etsi

1923 3710 2184 3782 quotidie
2237 3711 2298 3765 in
2351 3712 2810 3783 Quadragcsima
2857 3710 3179 3778 conveniat,
3213 3727 3331 3765 non
3371 3713 3571 3765 tamen

1925 3798 2205 3871 quotidie,
2240 3802 2305 3854 ut
2333 3800 2588 3867 deberet,
2622 3798 3124 3856 communicat.Ne
3153 3815 3290 3872 ergo
3323 3798 3575 3872 populus

1924 3888 2007 3943 ita
2053 3887 2313 3944 oratione
2361 3893 2428 3944 ut
2474 3889 2888 3945 communione
2945 3892 3188 3956 careret,
3221 3889 3450 3960 adjecta
3493 3891 3582 3944 est

1924 3977 2105 4033 oratio
2136 3994 2312 4050 super
2337 3977 2708 4049 populum,in
2739 3995 2857 4050 qua
2872 3994 2987 4033 non
3004 3978 3076 4034 de
3108 3976 3586 4033 communicatio-

1924 4084 2014 4134 ne,
2050 4067 2150 4121 sed
2185 4067 2254 4121 de
2288 4066 2482 4139 populi
2518 4067 2877 4139 protectione
2909 4066 3245 4138 specialiter
3275 4070 3494 4122 oratur.
3520 4066 3583 4120 In

1924 4155 2244 4211 Dominicis
2275 4161 2465 4211 tamen
2493 4156 2702 4213 diebus
2725 4173 2841 4212 non
2864 4155 3246 4229 dicitur,quia
3263 4154 3584 4228 genuﬁexio

1922 4244 2159 4310 vitatur,
2193 4262 2318 4315 quae
2352 4244 2487 4300 huic
2520 4245 2764 4301 orationi
2800 4264 2834 4301 a
2864 4244 3083 4318 populo
3115 4244 3445 4317 antiquitus
3462 4258 3587 4314 per-

1925 4332 2288 4401 solvebatur;
2320 4333 2417 4387 vcl-
2442 4333 2633 4405 potius
2666 4333 2794 4390 ideo
2825 4334 2965 4406 quia
2999 4350 3222 4401 omnes,
3230 4334 3403 4405 juxta
3435 4334 3585 4387 atte-

1926 4422 2236 4477 stationem
2268 4422 2453 4477 sancti
2486 4422 2865 4492 Ambrosii,in
2884 4422 3591 4479 Dominicisdiebuscomﬂ

1927 4509 2226 4566 municare
2257 4510 2554 4579 deberent,
2591 4509 2807 4581 quibus
2839 4516 2896 4566 et
2943 4511 3127 4567 oratio
3161 4517 3295 4584 post
3323 4527 3585 4567 commu-

1849 4619 1896 4683 D
1927 4599 2163 4655 nionem
2197 4614 2300 4670 pro
2332 4598 2736 4654 benedictione
2767 4598 3584 4672 sufﬁcereposset.Sciendum

1928 4693 2019 4746 est
2048 4688 2444 4758 autem,juxta
2474 4688 2747 4758 antiquos
2778 4689 3159 4759 Patres,quod
3193 4686 3585 4743 solicommu-

1925 4778 2188 4833 nicantcs
2237 4775 2451 4831 divinis
2483 4775 2775 4848 mysteriis
2806 4776 3084 4833 interesse
3134 4779 3584 4843 consueverunt,

1928 4868 2081 4922 unde
2113 4870 2170 4923 et
2201 4870 2335 4921 ante
2368 4864 2723 4921 oblationem
2747 4866 2919 4937 juxta
2949 4881 3203 4922 canones
3223 4864 3589 4936 jubebantur

1926 4956 2080 5012 exire
2112 4956 2516 5012 catechumeni
2548 4960 2605 5010 et
2653 4955 3022 5027 poenitentes,
3064 4953 3332 5011 videlicet
3361 4952 3461 5027 qui
3500 4951 3592 5027 [ut

1929 5043 2049 5116 qui]
2072 5047 2264 5100 nondu
2276 5062 2333 5101 m
2356 5062 2418 5101 se
2433 5049 2783 5118 paraverunt
2799 5045 2867 5100 ad
2885 5044 3591 5101 communicandum.Hoc

1931 5150 2163 5205 quoque
2197 5135 2325 5206 ipsa
2345 5134 3057 5191 sacramentoruminnuit
3080 5134 3453 5205 confectio,in
3473 5150 3591 5206 qua

1931 5223 2200 5277 sacerdos
2230 5239 2343 5278 non
2370 5240 2474 5296 pro
2507 5223 2631 5281 sola
2662 5241 2769 5281 sua
2800 5224 3091 5281 oblatione
3112 5228 3169 5281 et
3198 5224 3595 5281 communica-

1929 5311 2108 5380 tione,
2142 5311 2244 5367 sed
2275 5316 2332 5367 et
2362 5312 2615 5369 aliorum
2650 5319 2840 5389 rogat,
2872 5318 2929 5370 et
2960 5315 3212 5371 maxime
3240 5315 3298 5370 in
3332 5314 3593 5370 oratione

1931 5405 2064 5474 post
2089 5401 2586 5474 communionem,
2603 5421 2706 5475 pro
2720 5404 2861 5460 solis
2874 5404 3448 5460 communicantibus
3461 5419 3588 5458 ora-

1931 5508 1991 5546 re
2029 5491 2278 5545 videtur.
2312 5490 2426 5545 Nec
2460 5492 2695 5564 proprie
2728 5493 3062 5549 communio
3084 5494 3197 5549 dici
3233 5496 3441 5565 potest,
3476 5490 3596 5549 nisi

1932 5579 2151 5652 pluries
2175 5578 2245 5634 de
2268 5579 2472 5633 eodem
2496 5581 2784 5638 sacriﬁcio
2805 5581 3344 5656 participent.Apud
3369 5581 3595 5637 Graecos

1934 5670 2111 5727 etiam
2147 5672 2212 5726 ut
2241 5667 2472 5741 legitur,
2504 5672 3103 5730 excommunicandus
3138 5676 3247 5739 est,
3275 5668 3375 5742 qui
3406 5685 3595 5742 usque
