3976 6362
189 362 360 427 1017

1640 369 2173 438 MICROLOGUS.

3452 390 3611 455 1018

189 495 253 592 in
290 497 637 568 Sabbatum,
659 499 720 558 in
749 500 930 574 Albis,
963 504 1020 560 et
1054 520 1087 560 a
1117 502 1209 560 die
1256 504 1623 561 Pentecostes
1660 520 1849 577 usque
1877 508 1933 575 Α
1961 504 2336 578 sponsorium
2370 522 2382 561 :
2414 507 2624 581 Dignus
2650 526 2726 583 es,
2758 512 3608 592 Domine.Responsorium:Au-

191 585 257 641 in
276 586 602 645 Sabbatum
627 592 889 662 ejusdem
909 592 1431 661 hebdomadze,tres
1452 594 1711 666 psalmos
1728 598 1851 650 tan-

191 679 324 730 tum
357 677 429 733 ad
460 679 805 749 Nocturnas,
838 685 1073 755 tresque
1118 682 1397 739 lectiones
1417 683 1659 756 antiquo
1690 700 1850 738 more

192 770 514 847 cantamus,
537 772 593 824 et
620 756 891 842 legimus.
912 771 1197 829 Omnibus
1236 771 1369 828 aliis
1396 773 1603 828 diebus
1633 789 1734 843 per
1761 777 1848 826 to-

193 860 330 911 tum
360 873 604 926 annum,
658 859 707 915 si
756 861 1040 917 festivitas
1085 865 1192 929 est,
1235 877 1443 917 novem
1498 861 1756 933 psalmos
1795 866 1851 915 et

195 961 411 1001 novem
444 946 719 1004 lectiones
750 954 808 1004 et
850 951 1132 1021 Respons.
1165 951 1420 1006 dicimus
1447 969 1458 1016 ;
1493 949 1623 1005 aliis
1654 953 1849 1004 autem

194 1033 412 1090 diebus
441 1036 752 1092 duodecim
779 1038 1037 1109 psalmos
1068 1044 1125 1095 et
1161 1044 1282 1095 tres
1321 1038 1599 1094 lectiones
1646 1038 1849 1113 recita-

196 1138 358 1178 mus.
394 1112 465 1178 In.
491 1123 698 1180 diebus
728 1126 1048 1183 Dominicis
1079 1127 1400 1185 octodecim
1441 1127 1723 1199 psalmos,
1754 1112 1848 1183 ex-

197 1215 371 1282 cepto
402 1212 497 1267 die
527 1213 782 1285 Paschae,
814 1220 872 1270 et
896 1216 989 1271 die
1020 1220 1473 1283 Pentecostes,et
1504 1234 1709 1273 novem
1735 1217 1848 1271 lec-

198 1301 392 1356 tiones
424 1302 823 1359 dicimus.Hoc
853 1304 1032 1360 etiam
1082 1322 1508 1378 usquequaque
1539 1307 1707 1376 juxta
1739 1306 1848 1360 lto-

199 1404 446 1445 manum
468 1390 744 1446 Ordinem
778 1391 860 1447 ita
888 1393 1010 1447 fieri
1044 1395 1454 1461 statuimus,ut
1474 1411 1654 1466 supra
1685 1399 1847 1449 nota-

196 1477 417 1533 vimus.
450 1479 513 1534 In
544 1482 745 1535 octava
773 1481 1006 1537 Paschze
1036 1482 1341 1538 historiam
1380 1500 1392 1537 :
1425 1485 1638 1553 Dignus
1656 1486 1850 1550 es,Do-

194 1566 433 1635 mine,et
460 1568 846 1641 Apocalypsin
863 1571 1033 1641 juxta
1064 1571 1324 1627 ordinem
1358 1572 1690 1643 incipimus.
1729 1593 1757 1619 n

337 1655 474 1710 CAP.
504 1656 614 1712 LV.
653 1688 720 1700 -—
750 1664 830 1714 De
855 1662 1005 1730 festis
1036 1661 1185 1730 infra
1216 1660 1473 1732 paschale
1493 1665 1720 1732 tempus.

270 1743 357 1798 Ab
388 1749 591 1800 octava
619 1746 854 1802 Paschae
883 1764 1070 1819 usq-ue
1100 1749 1158 1802 in
1191 1749 1584 1816 Pentecosten,
1621 1749 1680 1803 in
1706 1748 1850 1803 festo

198 1834 385 1889 trium
420 1836 1142 1906 responsoriorum,unum
1173 1837 1409 1893 Alleluia
1432 1842 1661 1892 tantum
1699 1855 1712 1905 ;
1746 1854 1847 1892 no-

194 1938 329 1979 vem
360 1939 495 1979 vero
526 1923 862 1995 lectionum,
896 1926 1011 1980 duo
1038 1927 1274 1982 Alleluia
1295 1927 1366 1981 ad
1390 1926 1633 1981 missam
1656 1931 1850 1982 canta-

197 2027 358 2079 mus,
394 2011 512 2068 sive
543 2013 615 2069 de
645 2014 1087 2079 resurrectione,
1121 2015 1240 2070 sive
1284 2016 1354 2070 de
1412 2014 1523 2071 alio
1582 2016 1749 2070 festo.
1781 2016 1849 2070 Et

195 2117 334 2156 cum
368 2101 484 2157 duo
513 2103 753 2157 Alleluia
783 2103 1179 2170 dicimus,non
1211 2104 1606 2176 primum,sed
1639 2120 1843 2160 secun-

194 2189 340 2244 dum
375 2191 714 2262 repetimus.
739 2192 1144 2247 Praefationem
1175 2209 1405 2265 quoque
1427 2210 1615 2265 usque
1646 2192 1703 2247 in
1735 2196 1844 2248 As-

193 2278 531 2335 censionem
558 2279 791 2335 Domini
823 2298 937 2336 non
970 2282 1461 2353 omittimus,quia
1484 2282 1575 2336 die
1601 2286 1657 2337 et
1678 2286 1846 2337 nocte

192 2367 477 2423 Paschale
524 2368 784 2425 ofﬁcium
816 2370 1198 2441 celebramus.
1248 2375 1641 2443 Incd‘ngruum
1688 2372 1843 2426 enim

191 2460 352 2512 esset
380 2461 448 2512 ut
478 2457 601 2512 sola
630 2459 889 2530 praefatio
911 2458 1207 2526 ferialiter,
1238 2465 1296 2515 et
1325 2460 1523 2515 omnia
1553 2459 1667 2515 alia
1706 2478 1844 2532 pas-

190 2544 440 2600 chaliter
470 2548 937 2604 observarentur.
980 2548 1042 2602 In
1083 2549 1385 2603 nativitate
1422 2553 1619 2604 tamen
1669 2566 1842 2621 apos-

189 2632 448 2690 tolorum
482 2635 732 2708 Philippi
763 2642 822 2692 et
847 2637 1050 2693 Jacobi
1082 2637 1480 2709 praefationem
1511 2639 1582 2693 de
1612 2644 1839 2711 aposto-

190 2722 266 2777 lis
295 2722 572 2792 dicimus,
599 2724 751 2780 sicut
778 2730 835 2781 et
864 2727 934 2781 de
965 2742 1134 2781 cruce
1167 2726 1226 2780 in
1260 2727 1594 2782 Inventione
1631 2728 1838 2800 ipsius.

191 2811 311 2867 Hoc
335 2815 601 2884 tempore
630 2812 852 2869 nullius
884 2815 1014 2870 festi
1042 2814 1300 2887 vigiliam
1326 2816 1595 2887 jejunare
1624 2816 1712 2872 vel
1744 2817 1841 2871 ob-

192 2916 427 2955 servare
442 2901 861 2973 jubemur,nisi
875 2904 1249 2959 Ascensionis
1261 2908 1318 2959 et
1328 2905 1840 2961 Pentecostes.Hoc

192 3003 433 3061 quoque
452 3006 707 3063 congrue
737 2992 797 3046 in
827 2993 1101 3049 omnibus
1139 2992 1352 3065 vigiliis
1383 2994 1740 3062 observatur,
1775 3000 1841 3050 ut

188 3077 357 3133 Nona
377 3079 450 3135 de
480 3080 676 3136 futuro
707 3082 854 3137 festo
885 3082 1276 3154 peragatur,si
1306 3084 1500 3138 tamen
1535 3088 1666 3155 post
1693 3084 1837 3139 mis-

188 3182 316 3221 sam
360 3168 645 3235 differtur,
677 3169 944 3225 videlicet
974 3176 1037 3226 ut
1068 3176 1379 3243 postquam
1413 3173 1483 3227 de
1514 3172 1661 3227 festo
1707 3180 1839 3244 post

1955 594 2087 649 divi.
2123 595 2474 667 ResponSor.
2514 616 2527 653 :
2558 601 2725 655 Dulce
2754 603 2987 671 lignum.
3022 607 3085 662 In
3117 611 3284 667 tertio
3324 620 3609 673 nocturno

1958 681 2279 753 antipbona
2309 700 2321 737 :
2357 684 2609 743 Salvator
2636 690 2852 745 mundi.
2883 693 3222 767 Antiphone
3253 717 3266 755 :
3300 702 3465 759 Salva
3491 723 3607 762 nos.

1956 769 2291 865 antiphona
2322 791 2334 828 :
2370 772 2410 828 0
2470 792 2746 846 magnum.
2799 779 3061 840 Psalmi:
3112 787 3351 857 Cari-tate,
3408 792 3606 865 prim.:

1957 861 2221 916 Dominus
2250 867 2520 932 regnavit,
2551 869 2803 935 exsultet,
2858 873 3111 941 Cantate,
3159 861 3605 943 secund.—vers.:

1958 947 2093 1003 Mihi
2119 958 2300 1006 autem
2329 954 2471 1008 absit
2494 957 2744 1025 gloriari.
2780 959 3087 1032 Respons.:
3119 968 3330 1024 Bonum
3373 977 3450 1027 est
3477 991 3608 1031 con-

1958 1037 2102 1107 ﬁteri
2129 1041 2374 1098 Domino.
2427 1043 2733 1116 Respons.:
2765 1049 2958 1105 Dicant
3002 1069 3172 1109 nunc.
3225 1057 3532 1132 Respons.:
3569 1067 3608 1121 0

1957 1144 2100 1183 crum
2130 1129 2423 1187 benedicta.
2456 1134 2541 1187 Ad
2573 1133 2776 1193 laudes
2808 1142 3204 1200 matutinales.
3237 1129 3605 1223 Antiphone:

1959 1219 2163 1314 Helena
2220 1220 2582 1278 Constantini.
2643 1226 2978 1299 Antiphone.
3042 1249 3055 1287 :
3122 1237 3265 1290 Tum:
3324 1219 3603 1314 pra’ccpit.

1960 1308 2090 1397 Anti
2103 1308 2197 1397 ph.
2232 1310 2436 1365 Helena
2460 1317 2668 1368 sancta.
2696 1316 3030 1389 Antiphone
3052 1363 3064 1375 .
3101 1308 3342 1397 Cumque
3387 1308 3603 1388 ascend.

1959 1395 2336 1490 antiphona:
2391 1400 2590 1490 Orabat
2640 1404 2825 1460 ludas.
2878 1408 2941 1461 In
3001 1395 3297 1484 evangelio
3355 1420 3601 1490 antiph.:

1961 1483 2097 1538 Cum
2120 1491 2324 1542 orasset
2369 1489 2552 1545 ludas.
2589 1495 2666 1544 De
2698 1498 2898 1550 sancto
2942 1501 3134 1554 autem
3157 1483 3501 1563 iAlexandro
3550 1516 3607 1565 et

1959 1572 2132 1629 sociis
2162 1575 2289 1645 ejus
2337 1583 2469 1648 post
2514 1581 2901 1639 Benedicamus
2948 1603 3407 1651 commemorare
3456 1598 3604 1655 sole-

1960 1677 2115 1716 mus.
2144 1663 2425 1722 Exaltatio
2456 1671 2651 1723 autem
2684 1677 2895 1728 sanctas
2914 1677 3103 1734 crucis
3126 1696 3239 1735 non
3264 1684 3405 1741 adeo
3436 1703 3606 1759 gene-

1961 1748 2159 1805 raliter
2185 1755 2243 1806 et
2272 1753 2614 1811 solemniter
2641 1758 2986 1835 celebratur,
3000 1770 3055 1820 et
3086 1766 3192 1823 hoc
3216 1748 3471 1830 fortasse
3476 1775 3604 1833 ideo

1962 1838 2101 1909 quia
2132 1840 2359 1896 nullum
2395 1842 2529 1899 inde
2558 1850 2679 1901 tam
2711 1850 2961 1920 speciale
2991 1857 3275 1913 statutum
3309 1865 3374 1915 ut
3414 1863 3484 1919 de
3515 1864 3603 1921 in-

1956 1929 2224 1984 ventione
2256 1933 2560 2003 reperitur.

2250 2020 2383 2077 CAP.
2419 2022 2555 2078 LVI.
2590 2057 2658 2068 —
2689 2028 2761 2081 De
2787 2029 2995 2087 Pascha
3024 2038 3307 2091 annotino.

2030 2107 2274 2163 Romani
2305 2112 2653 2169 annotinum
2682 2116 2904 2174 Pascha
2941 2124 3107 2193 quasi
3140 2128 3601 2190 anniversarium
3703 2145 3719 2160 ‘

1955 2195 2177 2293 Pascha
2209 2198 2432 2293 dicunt,
2458 2202 2597 2293 quia
2640 2205 2969 2293 antiquitus
3013 2216 3168 2284 apud
3220 2216 3370 2287 illos,
3406 2222 3505 2293 qui
3543 2223 3602 2279 in

1955 2284 2131 2355 priori
2146 2287 2367 2342 Pascha
2378 2288 2654 2360 baptizati
2668 2296 2917 2363 erant,in
2935 2303 3201 2372 sequenti
3224 2284 3375 2362 anno
3400 2284 3601 2368 eadem

1954 2374 2046 2427 die
2078 2375 2147 2428 ad
2180 2376 2485 2431 ecclesiam
2520 2396 2855 2452 convenere,
2878 2402 3113 2460 suaeque
3146 2400 3602 2465 regenerationis

1953 2462 2414 2520 anniversarium
2445 2467 2601 2524 diem
2650 2487 2781 2526 cum
2831 2462 3237 2537 oblationibus:
3263 2484 3603 2545 solemniter

1952 2550 2607 2628 celebraverunt.Cujus
2636 2559 2750 2615 diei
2780 2561 2889 2617 hoc
2927 2570 3051 2620 erat
3090 2570 3368 2627 ofﬁcium:
3405 2579 3599 2633 Resur-

1951 2641 2091 2735 reari,
2127 2658 2229 2712 per
2257 2646 2466 2700 totum.
2515 2645 2724 2715 Lectio,
2771 2651 2890 2706 Vidi
2927 2657 3146 2713 ostium.
3200 2660 3436 2735 Evang.:
3470 2667 3601 2728 Erat

1951 2728 2105 2785 homo
2128 2745 2197 2785 ex
2227 2732 2549 2802 Pharisaeis,
2575 2752 2707 2792 cum
2740 2741 3101 2800 orationibus
3134 2747 3201 2801 ad
3235 2748 3344 2805 hoc
3358 2728 3597 2828 vcompe-

1949 2819 2210 2875 tentibus
2239 2839 2251 2887 ;
2288 2838 2413 2892 qua:
2446 2825 2643 2880 omnia
2669 2829 3037 2900 apertissime
3059 2835 3128 2890 de
3159 2838 3347 2909 gratia
3368 2819 3599 2915 regene-

1949 2912 2210 2963 ratorum
2267 2927 2436 2982 agere
2466 2913 2755 2972 videntur.
2783 2917 2892 2974 Sed
2942 2924 3210 2993 quamvis
3254 2912 3627 3000 hujusinodi,

1947 2997 2384 3055 anniversarius
2415 3019 2449 3056 a
2479 3004 2682 3074 paucis
2705 3007 2935 3079 uspiam
2968 2997 3593 3085 observetur,vauthen-

1946 3083 2041 3140 tici
2067 3090 2261 3183 tamen
2288 3089 2419 3144 libri
2449 3091 2642 3163 ipsum
2668 3095 3183 3158 observaridebere
3210 3083 3593 3183 inniuunt,qui

1945 3174 2115 3230 nobis
2147 3175 2451 3234 lectionem
2484 3184 2538 3235 et
2578 3185 2942 3256 evangelium
2993 3191 3103 3245 sub
3149 3193 3316 3250 titulo
3361 3174 3593 3256 Pascha:

184 3254 432 3312 missam
464 3257 1029 3330 incipimus,nullam
1061 3260 1333 3332 deinceps
1363 3277 1497 3316 cum
1538 3278 1692 3317 nona
1721 3262 1835 3317 dis-
1867 3240 1910 3309 C
1946 3264 2209 3320 annotini
2242 3270 2545 3323 annuatim
2594 3240 2997 3342 praescribunt.
3049 3279 3104 3333 Si
3137 3283 3294 3338 enim
3347 3287 3597 3357 quilibet

182 3345 517 3402 sonantiam
530 3347 855 3404 ofﬁciorum
870 3349 1359 3422 faciamus;quam
1374 3350 1625 3406 maxime
1646 3351 1833 3406 sancti

180 3438 383 3491 Patres
412 3436 473 3490 in
505 3436 886 3509 dispositione
916 3440 1255 3494 eorumdem
1296 3439 1550 3495 devitarc
1591 3442 1831 3496 studue-

179 3525 662 3581 runt.Seiendum
693 3530 888 3583 autem
920 3529 1075 3599 quod
1091 3528 1406 3600 antiquide
1437 3530 1656 3585 sanctis
1672 3546 1828 3585 com-

178 3614 437 3670 muniter
464 3614 525 3669 in
574 3615 956 3672 Paschalibus
988 3621 1222 3673 cantare
1271 3617 1555 3685 solebant,
1590 3620 1744 3675 unde
1775 3625 1831 3675 et

177 3703 371 3759 adhuc
400 3704 474 3759 de
504 3720 619 3759 uno
651 3721 779 3776 quae
813 3706 883 3760 ad
917 3705 1112 3778 plures
1152 3707 1459 3779 pertinent,
1495 3712 1826 3774 centantur,

176 3796 245 3847 ut
275 3793 516 3848 Alleluia
556 3793 823 3862 Gaudete;
859 3799 915 3850 et
955 3795 1349 3851 ol‘fertorium:
1376 3797 1828 3866 Conﬁtebuntur;

176 3885 233 3936 et
261 3882 723 3953 Responsorium
758 3901 771 3939 :
804 3886 867 3939 In.
903 3886 1073 3941 servis
1099 3887 1232 3941 suis.
1266 3886 1337 3940 Et
1374 3885 1483 3941 hoc
1532 3886 1659 3942 ideo
1692 3886 1829 3959 quia

178 3970 493 4026 universali
542 3972 984 4039 resurrectione,
1017 3975 1187 4046 cujus
1238 3979 1410 4047 typus
1467 3992 1533 4030 eo
1564 3978 1826 4048 tempore

176 4060 389 4133 agitur,
424 4062 757 4117 communis
786 4067 875 4118 est
902 4062 1101 4119 laetitia
1116 4068 1174 4119 et
1201 4064 1483 4120 festivitas
1502 4065 1821 4136 justorum.

176 4151 309 4205 Ideo
338 4148 517 4206 etiam
546 4150 843 4208 invenitur
871 4153 930 4208 in
953 4152 1376 4226 Martyrologiis
1407 4154 1595 4210 sivein
1627 4157 1826 4213 Sacra-

176 4238 481 4294 mentariis
510 4240 792 4297 festivitas
824 4247 1162 4298 sanctorum
1186 4243 1387 4298 Jacobi
1411 4248 1468 4299 et
1490 4244 1825 4317 Philippi,et

174 4328 441 4385 omnium
470 4330 1180 4402 apostolorum.Eusebius
1212 4350 1360 4405 papa
1392 4350 1424 4387 a
1453 4334 1621 4390 beato
1655 4339 1822 4391 Petro

172 4416 507 4473 tricesimus
539 4419 1247 4486 secundus,constituitut
1276 4437 1478 4475 omnes
1510 4421 1819 4477 Christiani

172 4505 574 4562 lnventionem
605 4512 817 4563 sanctae
839 4509 1029 4563 crucis
1060 4527 1094 4561 ν
1115 4510 1310 4565 Nonas
1334 4510 1467 4564 Maii
1483 4510 1822 4567 solemniter

1942 3369 2118 3407 suum
2151 3355 2425 3423 natalem,
2459 3375 2575 3429 quo
2606 3361 2677 3415 ad
2709 3367 2984 3420 aeternam
3012 3374 3259 3426 mortem
3288 3355 3460 3431 natus
3481 3384 3588 3444 est,

1941 3442 2227 3510 observat,
2263 3450 2481 3515 quanto
2529 3449 2716 3520 magis
2763 3451 2928 3508 illum
2980 3456 3284 3515 observare
3333 3442 3587 3536 deberet,

1941 3546 2056 3602 quo
2086 3532 2156 3586 ad
2190 3537 2463 3589 aeternam
2496 3535 2670 3592 vitam
2703 3548 3076 3611 regeneratus
3109 3550 3235 3602 est?

2348 3624 2480 3679 CAP.
2516 3626 2677 3681 LVII.
2710 3660 2777 3669 --
2805 3632 2880 3686 De
2907 3633 3164 3689 Litaniis.

2012 3709 2446 3805 Major-Litania
2476 3731 2510 3770 a
2537 3715 2705 3773 beato
2754 3719 3027 3793 Gregorio
3069 3740 3216 3797 papa
3246 3728 3435 3799 primo
3480 3750 3584 3805 pro

1937 3798 2268 3870 pestilentia
2287 3801 2769 3878 ipsiustemporis
2784 3808 3051 3867 instituta
3066 3815 3280 3887 est,qui
3299 3823 3355 3873 et
3373 3798 3582 3877 Joanni

1936 3888 2208 3961 episcopo
2242 3890 2560 3948 Ravennati
2591 3897 3034 3967 scribens,diem
3070 3903 3305 3960 Litaniae
3356 3912 3585 3982 tempus

1935 3977 2148 4033 cineris
2179 3982 2235 4033 et
2265 3979 2435 4035 cilicii
2468 3984 2740 4056 appellat.
2774 3988 3080 4047 'I‘riduanze
3120 3999 3314 4050 autem
3348 3977 3582 4056 Litaniie

1934 4070 2068 4121 ante
2100 4069 2512 4126 Ascensionem
2536 4073 2769 4130 Domini
2801 4095 2916 4133 non
2952 4079 3244 4151 Romamn,
3276 4086 3376 4141 sed
3405 4088 3581 4144 Galli-

1933 4170 2088 4209 canae
2121 4161 2294 4225 sunt;
2331 4158 2466 4230 quia
2498 4161 2690 4233 [quas]
2721 4164 2852 4221 illas
2902 4175 3142 4226 sanctus
3197 4173 3581 4235 lliammertus

1931 4241 2280 4300 Viennensis
2309 4247 2620 4322 episcopus
2646 4251 3374 4334 instituisse.lcgitur;quas
3397 4268 3581 4322 sancti

1932 4332 2130 4389 Patres
2153 4351 2267 4391 non
2287 4338 2743 4408 equitando,non
2771 4346 3029 4403 vestibus
3048 4332 3318 4421 pretiosis
3343 4357 3578 4426 utendo,

1931 4422 2030 4476 sed
2068 4422 2123 4475 in
2150 4423 2341 4479 cinere
2370 4430 2426 4481 et
2457 4427 2666 4497 cilicio,
2693 4432 2845 4488 sicut
2874 4440 2931 4490 et
2952 4439 3231 4509 majorem
3266 4422 3578 4515 Litaniam,

1929 4510 2223 4603 observari
2255 4517 2604 4572 statuerunt.
2634 4519 2691 4573 In
2728 4537 2982 4603 quarum
3019 4527 3226 4584 ultima
3259 4532 3375 4600 die,
3409 4533 3463 4589 id
3492 4510 3583 4591 est

172 4592 724 4653 celebrarent.Unde
755 4601 813 4653 et
842 4614 947 4653 nos
980 4597 1140 4653 illam
1163 4615 1294 4653 cum
1318 4597 1488 4670 pleno
1510 4599 1700 4655 ofﬁcio
1723 4602 1822 4656 ob-
1855 4609 1900 4673 D
1931 4598 1989 4652 in
2020 4598 2216 4670 vigilia
2245 4602 2615 4660 Ascensionis
2644 4607 2896 4679 Domini,
2926 4598 3159 4669 canitur
3187 4592 3578 4679 ofticidmﬂ’o-

171 4699 401 4739 servare
426 4684 729 4752 debemus,
762 4687 917 4757 quod
950 4703 1065 4742 non
1089 4688 1407 4760 incongrue
1439 4689 1520 4744 ita
1550 4688 1820 4745 ordinare

169 4774 847 4847 possumus.Antiphona
881 4793 893 4832 :
929 4777 1150 4831 Helena.
1186 4776 1592 4833 Invitatorium
1625 4794 1638 4834 :
1674 4780 1820 4834 Alle-

170 4861 308 4927 luia,
334 4862 531 4933 Regem
579 4867 925 4935 cruciﬁxum.
960 4865 1023 4920 In
1055 4882 1073 4919 1
1107 4869 1415 4933 nocturno,
1447 4866 1769 4939 antiphona
1804 4885 1815 4922 :

167 4948 483 5006 Adoremus.
511 4952 878 5024 Antiphone:
906 4954 1222 5010 Adoramus.
1256 4953 1591 5026 Antiphona
1616 4972 1628 5011 :
1656 4956 1817 5011 Tuam

168 5053 399 5094 crucem.
433 5039 610 5097 Psal.:
644 5044 871 5099 Domine
903 5045 1041 5100 Deus
1087 5051 1266 5099 noster
1318 5044 1560 5114 [Domini
1604 5048 1682 5100 est
1710 5054 1817 5101 ter-

1928 4704 2043 4742 cem
2075 4690 2483 4760 jucunditatis;
2516 4694 2875 4754 olfertorium
2907 4717 2919 4754 :
2979 4704 3093 4758 Viri
3140 4705 3361 4764 Calilcci
3381 4728 3392 4777 ;
3426 4728 3579 4767 com-

1931 4776 2134 4832 munio
2165 4794 2178 4832 :
2213 4783 2383 4835 Pater
2405 4798 2529 4838 cum
2550 4800 2739 4841 essem.

2092 4871 2222 4921 Cm».
2259 4869 2446 4927 LVIII.
2481 4905 2550 4913 -—
2578 4876 2652 4930 De
2683 4876 3015 4936 hebdomada
3045 4884 3394 4943 Pentecostes.

1996 4954 2297 5027 Jejunium
2330 4960 2581 5019 acstivale
2612 4981 2845 5040 semper
2879 4969 3029 5026 infra
3082 4972 3457 5035 Pentecosten
3491 4985 3580 5037 est

1927 5043 2516 5107 celebrandum.Nam
2549 5056 2841 5130 orationes
2865 5063 2920 5115 et
2949 5060 3225 5120 lectiones
3271 5067 3342 5123 dc
3373 5071 3577 5128 eodem

169 5126 271 5233 ra].
307 5127 579 5233 Conserva
605 5147 720 5232 me.
744 5133 972 5188 Domine
1019 5135 1080 5188 in
1100 5134 1343 5233 .virtute.
1392 5132 1595 5233 vers:
1632 5132 1818 5189 Omnis
1918 5133 2156 5233 jejunio
2178 5142 2359 5209 agunt
2390 5140 2461 5196 de
2491 5126 2711 5215 Spiritu
2743 5154 2944 5205 sancto
2976 5153 3144 5222 [festo
3175 5158 3362 5214 sancti
3396 5126 3576 5233 Spiri:

168 5219 334 5271 terra.
367 5220 831 5291 Responsorium
866 5237 880 5277 :
912 5224 1019 5277 Hoc
1058 5223 1280 5293 signum
1322 5224 1522 5276 crucis.
1556 5221 1819 5294 Respon-,

170 5305 388 5360 serium
425 5322 438 5361 :
472 5307 618 5377 Agni
655 5310 757 5365 Dei
811 5304 1076 5365 Christus.
1138 5309 1595 5382 Responsorium
1640 5327 1653 5364 ε
1688 5294 1822 5366 Ecce

164 5393 291 5449 vicit
322 5395 423 5456 leo,
466 5396 533 5453 In
561 5401 820 5455 secundo
850 5406 1136 5456 nocturno
1177 5399 1505 5471 antiphonae
1542 5417 1554 5453 :
1590 5399 1815 5455 Crucem

164 5487 424 5540 sanctam.
462 5486 572 5543 Per
607 5489 843 5559 signum
877 5492 1076 5556 crucis,
1116 5491 1222 5545 Nos
1278 5492 1480 5544 autem.
1540 5486 1759 5543 Psalmi
1795 5506 1808 5544 :

164 5571 381 5629 Domini
407 5582 490 5630 est
516 5580 686 5647 terra,
718 5579 942 5649 Magnus
975 5580 1253 5647 Dominus,
1287 5578 1540 5635 Jubilate.
1562 5580 1806 5632 Versus:

167 5660 337 5717 Dicite
362 5665 427 5717 in
471 5666 818 5735 nationibus,
853 5669 1116 5725 Dominus
1156 5669 1407 5738 regnavit
1438 5685 1471 5723 a
1503 5667 1669 5739 ligno.
1700 5665 1809 5722 Re-

1926 5222 2065 5315 tus].
2100 5224 2263 5280 Sicut
2291 5243 2426 5300 ergo
2445 5230 2988 5301 jejuniumvernale
3013 5246 3412 5315 semperinfra
3433 5222 3579 5314 Dua-

1926 5311 2316 5384 dragosimam
2349 5322 2437 5372 est
2464 5318 2972 5393 celebrandum,eo
3003 5311 3159 5401 quod
3191 5311 3575 5410 Qixadragesi-

1924 5400 2104 5496 malia
2122 5400 2335 5496 habeat
2353 5408 2652 5475 officia,ita
2671 5413 2896 5471 ctistud
2924 5400 3077 5474 infra
3089 5420 3304 5477 festum
3325 5400 3573 5496 Spiritus

1922 5489 2292 5559 sancti,unde
2322 5494 2723 5570 habetofﬁcia,
2760 5509 2893 5576 apte
2915 5507 3254 5566 celebratur.
3291 5489 3384 5568 Sic
3414 5514 3569 5570 enim

1920 5579 2106 5674 sancti
2131 5583 2339 5674 Patres
2370 5585 2441 5641 de
2471 5591 2955 5664 utroqucjejunio
2970 5598 3342 5656 constituisse
3372 5600 3572 5674 legun-

1921 5670 2344 5742 tur.Injejunio
2358 5674 2725 5737 Pentecostes
2739 5698 2930 5753 genua
2953 5703 3067 5742 non
3092 5670 3572 5764 ﬂectimusjuxta
