3976 6378
364 376 533 443 1019·

1729 365 2043 437 MONUM.
2086 365 2401 436 LITUBG.

3616 372 3783 439 1026

364 513 691 571 Romanum
722 505 1276 575 Ordinem.Quidam
1307 505 1482 564 etiam
1503 505 1577 564 ad
1607 504 1851 563 missam
1865 504 2016 578 jeju-
2039 504 2094 572 Α
2123 506 2433 579 tum,quod
2464 509 2523 565 et
2564 525 2668 582 per
2707 512 2891 567 totam
2941 506 3400 583 subsequentem
3445 506 3774 566 hebdoma-

264 637 274 651 ι
364 602 443 657 nii
477 618 582 657 nec
613 600 798 655 Gloria
828 602 883 655 in
906 599 1134 654 excelsis
1176 597 1644 670 praetermittunt,
1679 596 1781 653 sed
1807 597 2004 651 incon-

363 705 668 763 grue,cum
690 690 889 745 eadem
909 689 1091 744 missa
1111 689 1182 743 de
1202 685 1373 743 tertia
1387 689 1644 742 mutetur
1668 685 1739 740 ad
1762 688 2003 740 sextam.

363 780 512 835 Sunt
541 779 696 834 enim
727 782 846 833 tres
892 778 1045 845 horae
1077 777 1136 832 in
1168 776 1261 831 die
1289 792 1357 831 ex
1400 774 1701 831 Dominica
1738 772 2010 845 passione

363 868 435 923 ad
467 867 813 924 celebranda
840 866 1117 939 mysteria
1145 862 2010 930 consecratae,videlicet,tertia,

363 957 422 1011 in
456 973 573 1028 qua
617 954 836 1027 linguis
881 954 1259 1022 Judazorum;
1295 953 1542 1019 sexta,in
1591 966 1709 1024 qua
1738 950 2011 1005 manibus

361 1044 672 1116 gentilium
704 1043 1019 1098 cruciﬁxus
1050 1045 1177 1110 est;
1204 1042 1446 1109 nona,in
1479 1058 1594 1112 qua
1622 1038 1819 1095 emisit
1848 1036 2015 1110 spiri-

359 1135 674 1188 tum.Inter
699 1147 846 1202 quas
868 1130 1012 1185 hora
1024 1129 1262 1185 tertiain
1278 1129 1499 1186 festivis
1531 1128 1738 1183 diebus
1759 1127 2011 1181 maxime

361 1220 723 1286 observatur,
748 1236 815 1274 ea
863 1219 1111 1274 fortasse
1141 1218 1368 1273 ratione
1400 1218 1538 1289 quia
1576 1217 1727 1271 inter
1756 1213 2011 1287 reliquas

361 1306 651 1381 passionis
682 1308 878 1373 horas,
915 1307 1161 1379 tempori
1212 1304 1520 1362 Dominica:
1566 1303 2011 1360 resurrectionis

360 1398 481 1453 sive
504 1396 823 1452 nativitatis
848 1395 1227 1467 propinquior
1248 1412 1375 1450 esse
1390 1393 1854 1449 videatur.Sexta
1877 1408 2009 1446 vero

357 1485 443 1541 vel
473 1502 627 1540 nona
644 1484 1008 1556 jejuniorum
1032 1483 1242 1539 ofﬁciis
1263 1482 1893 1555 deputantur.Excepto
1914 1499 2010 1536 au-

357 1578 473 1630 tem
507 1572 565 1627 in
597 1573 770 1627 Cmna
799 1571 1052 1639 Domini,
1082 1572 1141 1626 in
1173 1571 1425 1627 Sabbato
1457 1575 1659 1626 sancto
1691 1569 1922 1625 Pascha:
1955 1572 2013 1624 et

356 1664 1061 1731 Pentecostes,nunquam
1095 1659 1269 1715 alicui
1298 1659 1496 1716 missas
1517 1658 2012 1714 Gloriainexcclsis

358 1749 813 1816 ascribitur,nisi
843 1747 924 1803 illi
954 1765 1132 1819 quam
1165 1753 1224 1804 et
1247 1749 1448 1805 festive
1480 1748 1552 1807 ad
1584 1747 1837 1813 Tertiam
1870 1745 2013 1802 cele-

357 1840 527 1895 brare
557 1837 1019 1909 debemus.Ergo
1052 1854 1165 1892 non
1198 1837 1519 1909 incongrue
1540 1841 1597 1891 et
1616 1834 2010 1905 missishujus
2037 1866 2105 1932 Β

352 1927 561 2000 jejunii
593 1927 778 1983 Gloria
808 1928 867 1980 in
893 1926 1123 1981 excelsis
1147 1924 1572 1991 subtrahimus,
1599 1941 1745 1996 quas
1776 1940 1893 1978 non
1926 1924 2006 1979 fe-

358 2016 503 2072 stive
535 2016 606 2070 ad
637 2014 1025 2082 Tertiam,sed
1060 2014 1132 2069 ad
1147 2014 1382 2070 Sextam
1405 2014 1712 2069 observare
1729 2012 2003 2068 solemus.

357 2105 607 2171 Quidam
668 2106 864 2159 autem
911 2102 1053 2158 satis
1109 2107 1243 2175 apte
1291 2103 1351 2157 in
1426 2103 1534 2158 hoc
1584 2101 1810 2173 jejunio
1861 2100 2007 2156 duas

358 2193 574 2250 missas
595 2196 857 2258 cantant,
874 2208 1052 2247 unam
1084 2193 1155 2247 ad
1190 2192 1445 2247 Tertiam
1478 2190 1837 2256 solcmniter,
1871 2206 2004 2244 cum

359 2282 543 2338 Gloria
573 2284 632 2337 in
672 2282 918 2349 excelsis,
956 2284 1021 2336 ut
1054 2280 1197 2337 festo
1244 2280 1495 2353 Spiritus
1547 2278 1733 2335 sancti
1780 2278 2005 2335 satisfa-

357 2371 514 2427 ciant
537 2389 549 2438 ;
588 2369 828 2426 alteram
862 2372 996 2441 post
1024 2372 1255 2424 Sextam
1279 2386 1383 2441 pro
1394 2368 1623 2441 jejunio
1648 2367 1828 2436 ;sicut
1856 2367 2003 2423 festo

355 2462 414 2516 S.
448 2459 684 2515 Thomas
713 2458 1086 2515 satisfaciunt
1112 2457 1173 2513 in
1221 2458 1445 2530 jejunio
1481 2456 1740 2524 hiemali,
1770 2460 1827 2511 et
1857 2455 2003 2512 festo

354 2548 540 2606 sancti
565 2548 819 2604 Matthaei
851 2547 909 2601 in
934 2547 1163 2619 jejunio
1212 2546 1536 2603 autumnali
1573 2565 1585 2602 :
1618 2545 1756 2602 item
1800 2548 2002 2602 sancto

354 2639 545 2694 Marco
577 2636 638 2692 in
668 2635 895 2692 Litania
938 2637 1180 2708 majore,
1213 2641 1270 2690 et
1316 2634 1752 2691 annuntiationi
1790 2638 2002 2691 sanctae

354 2726 548 2784 Maria:
578 2726 639 2781 in
670 2724 1149 2797 Quadragesima,
1197 2723 1465 2781 videlicet
1512 2727 1577 2780 ut
1624 2723 1785 2796 prior
1821 2724 2007 2779 missa

355 2818 521 2884 festo,
556 2814 816 2870 secunda
862 2830 997 2869 vero
1040 2811 1363 2869 satisfaciat
1404 2812 1653 2885 jejunio.
1700 2813 1787 2868 Ad
1826 2829 2003 2885 quam

357 2903 558 2977 [quod]
592 2903 768 2958 etiam
800 2917 913 2956 non
947 2900 1270 2974 gradualia,
1294 2905 1359 2956 ut
1386 2901 1734 2973 antiquitus,
1776 2902 1876 2958 sed
1907 2902 2004 2957 Al-

356 2994 529 3049 leluia
554 2994 884 3046 cantamus.

612 3081 745 3136 CAP.
780 3079 916 3134 LIX.
950 3109 1018 3120 —
1047 3081 1123 3135 De
1152 3081 1355 3138 octavis
1382 3080 1740 3136 Pentecostes.

427 3168 705 3239 Sequitur
736 3167 1033 3223 Dominica
1056 3184 1290 3236 vacans,
1324 3167 1415 3222 cui
1465 3167 1797 3225 attitulatur
1835 3167 2004 3224 lectio

2116 594 2252 651 dam
2285 598 2605 655 observand
2616 616 2714 655 um
2746 604 2975 672 putant,
2991 599 3092 656 sed
3107 616 3224 657 non
3238 602 3327 656 est
3343 598 3770 657 authenticum.

2116 687 2262 739 Nam
2294 686 2534 758 quidam
2566 687 2936 744 Leodicensis
2954 687 3288 760 Stephanus
3310 687 3465 745 idem
3488 685 3771 746 ofﬁcium.

2117 774 2272 830 sicut
2301 779 2357 831 et
2384 775 2688 832 historiam
2728 777 2798 832 de
2847 777 3179 833 inventione
3227 778 3416 834 sancti
3466 776 3771 849 Stephani,

2119 864 2521 934 composuisse
2553 866 2869 933 asseritur;
2904 882 3030 937 qum
3062 869 3312 937 utraque
3341 865 3415 920 ab
3455 863 3777 936 apostolica

2118 951 2254 1007 sede
2275 952 2821 1024 respuuntur.Unde
2838 952 2946 1025 piae
2968 953 3262 1009 memoriae
3277 952 3601 1009 Alexander
3620 970 3774 1026 papa

2119 1039 2189 1094 de
2220 1039 2329 1095 hac
2359 1057 2420 1095 re
2449 1039 2788 1112 inquisitus,
2811 1041 3113 1114 respondit
3125 1043 3297 1114 juxta
3318 1041 3648 1097 Romanum
3666 1041 3769 1097 Or-

2118 1128 2314 1184 dinem
2346 1127 2574 1184 nullum
2589 1129 2744 1185 diem
2760 1112 3089 1201 specialiter
3102 1112 3315 1185 ascribi
3330 1129 3541 1185 debere
3563 1129 3773 1185 solem-

2119 1215 2285 1272 nitati
2318 1217 2539 1273 Sancta:
2573 1217 2894 1284 Trinitatis,
2926 1218 3079 1274 sicut
3112 1233 3217 1273 nec
3247 1220 3462 1273 sanctae
3497 1216 3766 1285 unitatis,

2119 1307 2409 1379 praecipue
2447 1323 2583 1362 cum
2635 1306 2887 1364 inomni
2943 1306 3266 1372 Dominica,
3321 1306 3440 1361 imo
3481 1306 3766 1379 quotidie,

2119 1394 2425 1466 utriusque
2479 1397 2760 1450 memoria
2816 1394 3155 1451 celebretur.
3205 1395 3520 1450 Sciendum
3573 1397 3769 1450 autem

2119 1483 2432 1554 quemdam
2464 1482 2741 1538 Albinum
2774 1482 3122 1555 magistrum
3167 1482 3354 1539 Caroli
3385 1482 3530 1554 imp.
3562 1486 3770 1554 rogatu

2119 1572 2302 1627 sancti
2337 1571 2614 1627 Bonifacii
2658 1570 3103 1644 archiepiscopi,
3158 1578 3224 1627 ut
3265 1570 3450 1640 aiunt,
3503 1570 3773 1627 missales

2119 1658 2412 1715 orationes
2443 1660 2515 1715 de
2542 1660 2758 1716 Sancta
2808 1660 3091 1716 Trinitate
3138 1659 3562 1733 composuisse,
3612 1663 3669 1716 et
3708 1659 3769 1715 in

2120 1748 2376 1802 secunda
2405 1747 2550 1804 feria
2577 1749 2648 1804 de
2681 1747 3054 1820 sapientia,in
3083 1748 3254 1804 tertia
3283 1749 3356 1805 de
3387 1747 3609 1821 Spiritu
3639 1765 3773 1805 san-

2119 1840 2232 1904 cto,
2256 1837 2315 1891 in
2346 1840 2554 1909 quarta
2572 1837 2644 1893 de
2682 1836 3062 1906 charitate,in
3095 1836 3301 1909 quinta
3329 1838 3403 1893 de
3431 1836 3678 1910 angelis,
3705 1836 3769 1893 in

2119 1928 2280 1980 sexta
2308 1925 2379 1980 de
2411 1924 2668 1992 cruce,in
2703 1925 2955 1981 Sabbato
2985 1925 3058 1981 de
3093 1929 3296 1981 sancta
3325 1925 3528 1981 Maria.
3560 1926 3631 1981 Et
3658 1925 3771 1981 hoc

2118 2012 2247 2068 ideo
2277 2017 2342 2068 ut
2397 2014 2717 2087 presbyteri
2757 2012 2916 2069 illius
2957 2013 3241 2086 temporis
3266 2030 3456 2086 nuper
3486 2014 3560 2069 ad
3591 2014 3769 2070 ﬁdem

2116 2100 2397 2170 conversi,
2430 2102 2691 2158 nondum
2745 2102 3157 2159 ecclesiasticis
3213 2101 3422 2158 ofﬁciis
3471 2102 3768 2169 instructi,

2116 2190 2376 2246 nondum
2403 2189 2580 2247 etiam
2609 2191 2893 2248 librorum
2944 2191 3113 2264 copia
3141 2191 3389 2263 praediti,
3420 2189 3508 2247 vel
3543 2189 3771 2263 aliquid

2113 2277 2541 2335 haberentcum
2555 2297 2670 2352 quo
2687 2280 2946 2337 ofﬁcium
2963 2296 3137 2336 suum
3154 2278 3519 2352 qualibetdie
3531 2282 3775 2352 possent

2112 2367 2360 2439 explere.
2395 2368 2558 2424 Unde
2585 2372 2644 2424 et
2672 2368 2864 2449 adhuc
2911 2367 3154 2441 quidam
3187 2369 3427 2424 easdem
3474 2367 3771 2424 orationes

2111 2457 2391 2527 quotidie,
2424 2457 2603 2513 etiam
2651 2474 2786 2514 cum
2811 2462 2838 2523 γι
2865 2457 3099 2530 proprio
3150 2455 3430 2529 [propria]
3471 2457 3774 2517 abundent

2112 2544 2302 2601 ofﬁcio
2334 2545 2591 2615 [ofﬁcia],
2622 2545 2831 2601 nolunt
2878 2545 3341 2617 praetermittere.
3394 2545 3459 2601 In
3508 2542 3769 2618 singulis

2112 2650 2346 2706 quoque
2373 2633 3033 2704 hebdomadibus,sexta
3063 2633 3205 2691 feria
3231 2634 3304 2689 de
3333 2649 3525 2704 cruce,
3544 2637 3603 2689 et
3629 2632 3773 2690 Sab-

2113 2723 2247 2778 bato
2278 2723 2348 2777 de
2378 2726 2583 2779 sancta
2610 2723 2796 2779 Maria
2825 2739 2974 2795 pene
3019 2738 3441 2795 usquequaque
3480 2725 3768 2790 servatur,

2114 2827 2231 2866 non
2276 2815 2398 2866 tam
2427 2827 2496 2866 ex
2527 2812 2871 2867 auctoritate
2902 2827 3081 2883 quam
3133 2827 3204 2866 ex
3233 2810 3560 2868 devotione.
3604 2810 3775 2866 Sicut

2112 2899 2293 2973 igitur
2318 2898 2665 2971 bujusmodi
2687 2897 3123 2957 observationes
3153 2898 3301 2954 nulli
3335 2898 3527 2973 magis
3557 2898 3778 2954 hebdo-

2114 2988 2299 3044 made:
2333 3004 2511 3060 quam
2544 2986 2643 3043 alii
2675 2987 3163 3057 ascribuntur,ita
3184 2986 3578 3044 nihilominus
3598 2991 3655 3044 et
3673 2985 3781 3043 illa

2115 3078 2186 3133 de
2216 3080 2421 3133 sancta
2444 3075 3155 3149 Trid’itateJncongruum
3178 3092 3315 3148 ergo
3339 3075 3574 3132 videtur
3593 3091 3778 3132 unam

2117 3164 2483 3222 Dominicam
2512 3181 2647 3221 cum
2673 3163 3036 3221 orationibus
3085 3164 3302 3235 Albini,
3338 3168 3396 3220 et
3422 3168 3598 3221 cantu
3646 3165 3776 3221 Ste-

359 3257 481 3315 Vidi
499 3259 735 3325 ostium;
770 3256 1089 3313 orationem
1118 3273 1269 3324 vero,
1303 3255 1361 3311 id
1394 3260 1483 3312 est
1513 3256 2002 3329 deprecationem,
2036 3232 2081 3299 C
2118 3253 2297 3327 phani
2337 3255 2409 3310 de
2455 3257 2661 3310 sancta
2707 3252 2989 3309 Trinitate
3039 3251 3342 3322 celebrari,
3381 3269 3515 3309 cum
3564 3268 3776 3310 omnes

353 3365 422 3403 cx
452 3345 928 3418 Quadragesima,
962 3348 1017 3400 et
1058 3344 1439 3418 Evangelium
1468 3347 1538 3401 de
1567 3346 1793 3402 Pascha
1822 3362 2004 3402 anno-

351 3436 474 3493 tino
507 3435 797 3492 mutuavit
831 3452 843 3490 :
875 3434 1136 3491 ofﬁcium
1183 3439 1379 3491 autem
1409 3435 1481 3491 de
1520 3435 1647 3507 ipso
1677 3436 1770 3491 die
1798 3439 2004 3491 Penteo

353 3528 563 3594 costes,
583 3541 648 3581 eo
679 3525 833 3596 quod
861 3527 1064 3580 octava
1087 3524 1216 3595 ejus
1248 3523 1749 3596 sit,competenter
1772 3523 2001 3597 accipit.

350 3613 440 3669 Ad
491 3613 871 3679 Nocturnam,
906 3629 1112 3668 novem
1163 3611 1441 3668 lectiones
1464 3613 1638 3684 juxta
1673 3612 2001 3668 Romanum

352 3702 626 3759 Ordinem
661 3700 1074 3769 dicimus,licet
1102 3700 1345 3757 totidem
1379 3701 1749 3774 responsoria
1777 3701 1849 3757 de
1877 3700 2003 3773 Spi-

350 3791 466 3848 ritu
491 3794 691 3848 sancto
735 3790 794 3845 in
836 3790 1097 3862 antiquis
1126 3789 1569 3862 Antiphonariis
1601 3806 1716 3846 non
1745 3789 2003 3845 invenia-

351 3897 505 3936 mus.
540 3880 607 3934 Et
633 3878 741 3933 hoc
773 3878 1018 3933 fortasse
1048 3878 1178 3933 ideo
1211 3878 1351 3949 quia
1379 3878 1623 3935 Romani
1658 3895 1776 3933 non
1808 3878 2002 3951 singu-

350 3968 424 4023 lis
454 3965 812 4021 lectionibus
834 3965 1066 4038 singula
1096 3982 1328 4038 semper
1355 3966 1725 4038 subjungth
1763 3983 2001 4039 respon-

353 4055 528 4123 soria,
546 4071 683 4110 nam
726 4054 967 4109 tertium
998 4054 1120 4109 sive
1146 4071 1367 4110 nouum
1428 4054 1728 4112 multoties
1767 4061 2002 4129 praeter-

352 4142 734 4201 mittunt.Nos
764 4146 961 4198 tamen
991 4143 1286 4215 praedictis
1307 4159 1513 4199 novem
1540 4142 1889 4202 lectionibus
1923 4149 2003 4201 to-

350 4233 529 4290 tidem
558 4230 931 4304 responsoria
958 4230 1274 4298 alleluiata,
1308 4232 1697 4305 undecunque
1741 4233 1999 4303 collecta,

300 4350 307 4357 -
353 4320 708 4393 Gregoriano
742 4335 902 4374 more
931 4319 1420 4389 subnectimus,id
1450 4327 1538 4377 est
1558 4323 2002 4379 communiones

352 4426 458 4482 pro
485 4406 873 4481 responsoriis
906 4408 1277 4482 accipientes,
1300 4414 1366 4465 ut
1411 4410 1470 4465 in
1511 4409 1806 4483 aliquibus
1837 4410 2003 4468 libris

352 4496 731 4569 reperitur.ln
763 4499 1086 4553 crastinum
1119 4502 1316 4555 autem
1364 4499 1436 4553 de
1467 4497 1632 4555 libris
1673 4500 1896 4573 Regum
1930 4501 2002 4556 ad

2112 3342 2425 3401 Dominicis
2457 3341 2813 3409 authenticis
2862 3341 3165 3398 abundent
3211 3341 3446 3410 ofﬁciis,
3494 3359 3620 3415 quae
3652 3358 3771 3399 non

2113 3433 2311 3489 minus
2342 3432 2513 3488 nobis
2562 3431 2839 3488 intimant
2868 3430 3150 3488 honorem
3197 3435 3411 3487 sanctae
3439 3430 3788 3488 Trinitatis.~

2112 3522 2517 3578 Praefationem
2567 3524 2760 3577 autem
2793 3521 2866 3577 de
2920 3524 3122 3578 sancta
3157 3520 3459 3587 Trinitate,
3503 3536 3679 3593 quam
3702 3520 3768 3576 in

2114 3610 2322 3667 diebus
2352 3609 2672 3666 Dominicis
2701 3611 3287 3682 frequentamus,non
3315 3626 3385 3666 ex
3407 3609 3637 3679 Albino,
3657 3609 3766 3666 sed

2114 3716 2183 3755 ex
2232 3699 2497 3755 Romana
2542 3698 2888 3755 auctoritate
2918 3698 3309 3771 suscepimus.
3343 3699 3489 3755 Nam
3521 3698 3643 3754 haec
3673 3702 3769 3754 est

2114 3805 2232 3844 una
2257 3804 2325 3843 ex
2354 3787 2470 3844 illis
2501 3804 2708 3843 novem
2736 3803 2884 3859 quas
2915 3785 3071 3843 solas
3101 3786 3371 3860 Pelagius
3401 3803 3573 3860 papa,
3602 3789 3767 3843 ante-

2111 3894 2307 3934 cessor
2336 3875 2619 3950 Gregorii,
2649 3876 2957 3934 constituit
3003 3875 3322 3932 observari.
3357 3876 3515 3933 Fecit
3562 3880 3766 3932 tamen

2112 3968 2267 4023 idem
2317 3966 2564 4023 Albinus
2606 3966 2667 4021 in
2712 3969 2917 4022 sancta
2947 3964 3206 4022 Ecclesia
3236 3981 3352 4022 non
3392 3967 3774 4021 contemnen—

2111 4058 2252 4113 dum
2279 4071 2591 4133 opus,nam
2621 4054 3009 4128 Gregorianas
3041 4055 3334 4111 orationes
3364 4054 3425 4110 in
3456 4053 3625 4110 libris
3667 4054 3770 4109 Sa-

2111 4148 2544 4202 cramentorum
2577 4143 2886 4217 collegisse
2915 4143 3219 4212 asseritur,
3254 4142 3458 4216 paucis
3505 4142 3638 4199 aliis
3670 4143 3773 4198 ad-

2103 4234 2452 4307 jectis,quas
2478 4236 2673 4289 tamen
2706 4233 2816 4289 sub
2846 4232 3011 4289 obelo
3061 4232 3350 4288 notandus
3379 4246 3511 4288 esse
3539 4230 3769 4287 indica-

2112 4322 2436 4379 vit.Deinde
2452 4321 2597 4378 alias
2625 4323 2915 4378 orationes
2948 4321 3067 4377 sive
3094 4321 3483 4394 prmfationes,
3506 4320 3616 4377 etsi
3646 4336 3766 4377 non

2111 4409 2935 4486 Gregorianas,ecclesiasticae
2965 4414 3160 4467 tamen
3184 4408 3507 4467 celebritati
3523 4409 3766 4465 idoneas

2112 4500 2364 4574 collegit,
2398 4500 2553 4556 sicut
2609 4498 2886 4573 prologus
2938 4504 3189 4556 testatur
3237 4516 3413 4571 quem
3463 4501 3594 4570 post
3623 4498 3766 4555 Gre-

352 4591 700 4642 nocturnam
733 4584 985 4660 legimus
1005 4590 1062 4643 et
1084 4586 1436 4656 canimus,et
1464 4587 1722 4643 ofﬁcium
1749 4588 1821 4644 ad
1855 4588 2001 4645 mis-
2032 4606 2080 4672 D
2112 4590 2384 4665 gorianas
2414 4588 2703 4645 orationes
2742 4588 2805 4645 in
2836 4588 3027 4646 medio
3071 4590 3338 4660 ejusdem
3364 4587 3497 4645 libri
3525 4586 3771 4644 colloca-

351 4691 478 4732 sam
513 4691 526 4731 :
556 4675 804 4742 Domine,
832 4676 892 4730 in
921 4675 1157 4743 tua,nisi
1190 4674 1429 4747 aliquod
1461 4674 1753 4732 celebrare
1784 4676 2001 4733 festum

350 4764 672 4821 habeamus
685 4764 921 4835 [festum
934 4762 1225 4821 celebrare
1238 4764 1808 4836 debeamus].lpsum
1827 4764 1901 4820 eti
1909 4781 2003 4820 am

352 4841 611 4909 ofﬁcium
642 4852 702 4907 in
735 4852 1004 4924 sequenti
1035 4852 1341 4909 Dominica
1371 4852 1633 4909 Romano
1676 4869 1836 4909 more
1866 4869 1998 4925 pos-

352 4958 560 4997 sumus
589 4944 866 5012 repetere,
896 4941 945 4996 si
975 4944 1171 4998 tamen
1201 4957 1268 4996 eo
1299 4957 1450 4997 anno
1481 4958 1669 5013 usque
1688 4940 1749 4997 in
1777 4941 1999 4997 Adven-

351 5035 481 5087 tum
512 5028 745 5084 Domini
776 5027 974 5101 plures
1004 5028 1383 5085 hebdomadae
1413 5029 1759 5086 fuerint.Sin
1781 5034 1999 5099 autem,

353 5116 544 5175 ofﬁcio
577 5133 590 5172 :
622 5117 870 5183 Domine,
894 5118 951 5171 in
986 5120 1102 5188 tua,
1136 5117 1269 5173 solre
1303 5118 1455 5175 feris:
1489 5118 1787 5174 sufﬁciant
1819 5119 2001 5185 [sufﬁ-

354 5206 564 5276 ciunt],
596 5204 749 5261 sicut
778 5204 1015 5260 cuilibet
1046 5206 1387 5262 Dominicali
1422 5207 1610 5262 ofﬁcio
1654 5207 1807 5263 ferite
1839 5210 2002 5264 sufﬁ-

355 5296 536 5362 ciunt,
559 5294 730 5365 cujus
755 5293 1120 5351 Dominicam
1151 5295 1383 5369 aliquod
1418 5295 1711 5352 celebrare
1743 5297 2002 5355 ofﬁcium

356 5384 745 5458 occupaverit.

559 5479 691 5530 CAP.
727 5473 837 5529 LX.
871 5505 939 5513 —-
966 5475 1040 5530 De
1059 5477 1236 5548 ofﬁcio
1267 5480 1472 5533 sancta
1503 5476 1803 5532 Trinitatis.

430 5562 677 5628 Quidam
706 5551 902 5619 autem
934 5564 1192 5621 ofﬁcium
1246 5567 1318 5621 de
1371 5568 1575 5621 sancta
1617 5564 1899 5621 Trinitate
1946 5567 2006 5623 in

359 5659 559 5716 octava
588 5657 959 5711 Pentecostes
990 5653 1467 5726 instituunt,1icet
1488 5670 1603 5710 non
1635 5653 1714 5711 sit
1743 5652 2005 5715 alleluia-

2110 4680 2213 4736 vit.

2197 4768 2331 4824 CAP.
2365 4766 2499 4822 LXI.
2533 4795 2601 4807 -—-
2631 4771 2712 4823 De
2738 4768 3026 4824 concordia
3054 4775 3105 4823 et
3130 4767 3321 4824 ordine
3347 4767 3676 4839 ofﬁciorum.

2180 4855 2495 4912 Sciendum
2526 4838 2722 4912 autem
2751 4857 2907 4928 quod
2939 4860 3180 4913 sanctus
3208 4838 3523 4929 Gregorius
3559 4854 3644 4909 ita
3670 4870 3766 4910 ec-

2111 4944 2436 5003 clesiastica
2459 4944 2748 5001 ordinavit
2764 4944 2974 5013 ofﬁcia,
2990 4948 3057 5001 ut
3072 4944 3458 5018 primaoratio
3477 4944 3537 4999 in
3555 4941 3763 5010 missa,

2111 5032 2565 5104 ofﬁcio,lectioni
2594 5037 2652 5089 et
2678 5034 2976 5108 evangelio
3008 5050 3241 5108 semper
3269 5033 3598 5102 concordet,
3612 5030 3770 5088 sicut

2110 5124 2170 5179 in
2195 5123 2472 5180 omnibus
2502 5121 2979 5180 solemnitatibus
3010 5122 3365 5195 deprehendi
3411 5124 3623 5194 potest.
3653 5119 3765 5176 Sed

2112 5213 2265 5269 hanc
2294 5211 2665 5268 concordiam
2678 5210 2738 5268 in
2751 5211 3108 5270 aastivalibus
3138 5210 3460 5269 Dominicis
3479 5209 3563 5266 illi
3585 5207 3772 5264 maxi-

2112 5318 2207 5358 me
2236 5299 2730 5373 confundunt,qui
2745 5302 3079 5359 vacantium
3099 5301 3537 5359 Dominicarum
3559 5296 3770 5355 oratio-

2112 5405 2218 5446 nes
2274 5390 2594 5463 incongrue
2644 5394 2980 5447 assumunt.
3040 5389 3217 5447 Verbi
3259 5388 3468 5463 gratia,
3508 5389 3576 5442 ut
3599 5383 3767 5441 illam

2113 5478 2919 5550 orationem:Deprecationem,
2934 5481 3044 5537 etsi
3071 5480 3132 5536 in
3165 5483 3367 5537 octava
3394 5479 3770 5534 Pentecostes

2115 5571 2247 5642 post
2277 5568 2571 5642 jejunium
2632 5567 2893 5631 Quatuor
2938 5571 3294 5644 Temporum
3352 5566 3614 5643 legitime
3669 5581 3771 5638 po-

2115 5655 2614 5729 natur,multoties
2646 5659 2842 5713 tamen
2876 5662 2933 5716 et
2960 5659 3110 5717 inter
3141 5659 3474 5718 Dominicas
3500 5656 3563 5714 in
3594 5653 3770 5712 tertio
