3976 6378
320 369 342 430 1
360 367 477 431 023

1680 370 1994 440 MONUM.
2047 370 2369 440 DIPLOM.

3558 373 3743 438 ..1024

318 509 413 563 sise
435 509 888 578 nostrorumque
909 505 1171 563 ﬁdelium
1193 506 1564 575 universitas,
1587 509 1962 581 presentium
1993 514 2048 580 Α
2079 513 2152 568 ad
2171 527 2468 567 summam
2486 509 2757 568 duxerint
2773 508 3263 585 dignitatem,nos
3280 506 3744 582 quidem,exem-

317 596 538 651 scilicet
553 613 618 650 ac
637 595 1134 666 futurorum,quia
1151 595 1500 652 venerabilis
1518 597 1698 653 abbas
1717 598 1968 654 Haimoi-

318 703 430 740 nus
464 685 533 739 de
565 685 916 739 monasterio
950 685 1147 739 Sancti
1178 686 1419 740 Andreae
1442 685 1709 758 apostoli,
1735 687 1794 742 in
1828 688 1935 742 civi
1957 719 1970 730 -

316 777 432 829 tate
462 774 721 846 Vigenna
776 773 1054 840 siti,cum
1095 774 1399 829 monachis
1449 775 1559 829 sibi
1611 776 1967 840 commissis,

317 867 450 918 ante
482 863 848 934 przesentiam
882 867 1144 917 nostram
1177 869 1530 935 praeceptum
1570 866 1752 936 patris
1785 866 1968 920 nostri

315 953 602 1019 deferens,
624 951 936 1024 postulavit
958 956 1021 1006 ut
1043 967 1133 1006 res
1159 969 1285 1022 quae
1318 951 1374 1006 in
1400 953 1527 1024 ipso
1561 954 1629 1008 ad
1663 955 1967 1025 praefatum

315 1041 738 1097 monasterium
765 1057 797 1094 a
817 1057 877 1096 se
900 1041 1255 1110 jamdudum
1280 1046 1668 1096 restauratum
1692 1043 1967 1115 delegata:

314 1135 480 1184 erant
502 1146 603 1200 pro
628 1129 838 1184 animae
862 1129 1065 1184 matris
1089 1135 1299 1185 nostrzn
1325 1131 1622 1186 Mathildis
1647 1132 1856 1203 regina:
1881 1149 1968 1185 re-

315 1218 505 1273 medio
539 1234 606 1272 ac
637 1235 775 1278 suae,
801 1223 1012 1273 nostra:
1043 1218 1407 1274 auctoritatis
1439 1225 1721 1291 praecepto
1747 1221 1814 1274 ad
1837 1237 1967 1274 sus-

313 1307 689 1361 tentationem
716 1306 830 1360 Deo
856 1305 934 1359 ibi
966 1305 1341 1360 servientium
1369 1308 1742 1362 corroborare
1763 1309 1966 1379 digna-

312 1411 528 1450 remur.
555 1395 702 1450 Sunt
733 1398 927 1448 autem
962 1411 1050 1449 res
1084 1395 1220 1466 ipsae
1260 1395 1317 1448 in
1361 1412 1507 1467 pago
1538 1395 1783 1467 Vigenni
1819 1397 1967 1472 sitas,

309 1484 366 1538 in
398 1483 536 1538 villa
563 1483 825 1538 Vitrosco
871 1482 1117 1538 ecclesia
1149 1500 1279 1537 cum
1325 1484 1685 1556 appendiciis
1734 1486 1877 1552 suis,
1912 1491 1967 1540 et

309 1571 594 1644 quidquid
615 1571 671 1625 in
691 1570 820 1641 ipsa
841 1570 1092 1636 villa,vel
1113 1571 1170 1624 in
1189 1570 1355 1642 A_relo
1376 1577 1538 1644 pater
1558 1579 1758 1628 noster
1776 1579 1833 1629 et
1849 1591 1970 1630 ma-

308 1667 398 1716 ter
428 1664 629 1716 nostra
658 1661 728 1714 de
759 1660 1120 1715 Teudowino
1159 1660 1578 1731 acquisierunt,
1605 1667 1663 1717 et
1699 1662 1755 1716 in
1788 1665 1964 1718 Arcas

308 1767 582 1805 mansum
600 1753 878 1813 unum,et
897 1749 951 1802 in
976 1748 1236 1804 Masiano
1260 1749 1517 1805 colonica
1541 1767 1677 1806 una.
1699 1752 1814 1806 Nos
1832 1769 1962 1807 vero

2084 599 2180 670 pla
2201 601 2461 672 priorum
2485 601 2907 672 perpendentes
2931 617 2996 656 ac
3013 599 3226 655 molem
3249 602 3584 654 nostrorum
3611 616 3740 672 pec-

2081 689 2400 760 caminum,
2425 706 2495 744 ne
2526 689 2612 744 ira
2633 687 2880 744 districti
2896 687 3119 759 judicis
3141 687 3333 760 pavidi
3359 687 3734 756 damnemur,

2080 777 2641 849 archiepiscopatum
2689 776 2960 832 Hibernis
3010 776 3448 832 incursionibus
3499 776 3737 848 penitus

2080 866 2520 939 depopulatum,
2553 881 2727 937 quem
2771 865 2992 932 Amizo,
3026 870 3200 937 prout
3242 865 3394 920 vires
3425 869 3735 938 appetunt,

2079 954 2413 1009 ordinatum
2445 953 2694 1020 vestivit,
2740 954 3019 1009 comitatu
3069 954 3379 1021 donamus,
3415 969 3502 1019 ac,
3552 954 3737 1025 hujus

2080 1045 2422 1098 auctoritate
2444 1041 2626 1098 nostri
2657 1042 2950 1114 praecepti,
2974 1042 3130 1098 hunc
3155 1046 3351 1098 autem
3379 1043 3538 1111 juste
3559 1046 3617 1098 et
3646 1042 3735 1098 1e-

2078 1131 2286 1204 galiter
2309 1148 2437 1187 esse
2467 1133 2672 1187 datum
2706 1132 3030 1199 ﬁrmamus,
3057 1135 3122 1185 ut
3145 1131 3294 1186 sicut
3319 1131 3732 1202 praedictorum

2079 1220 2346 1292 malignae
2388 1220 2709 1276 incursioni
2762 1219 3083 1291 saepissime
3137 1219 3354 1275 decidit
3402 1220 3616 1287 furore,
3653 1219 3736 1276 ita

2078 1309 2262 1364 nostri
2314 1309 2637 1380 juvaminis
2698 1309 3034 1365 sublevetur
3089 1308 3327 1363 honore.
3362 1308 3480 1364 Hoc
3533 1312 3729 1365 autem

2078 1397 2235 1453 omni
2267 1398 2728 1454 consideratione
2759 1397 2916 1452 cordi
2941 1397 3364 1464 commitimus,
3390 1397 3732 1452 Dominum-

2078 1504 2189 1558 que
2211 1487 2506 1542 Christum
2528 1489 2727 1543 Jesum
2751 1486 2880 1540 ﬁxis
2902 1486 3150 1558 genibus
3184 1485 3593 1557 imploramus,
3611 1501 3729 1556 quo

2076 1575 2168 1631 his
2201 1575 2448 1648 peractis
2480 1576 2549 1629 ad
2584 1575 2833 1630 cmlestis
2863 1573 3063 1646 patriae
3103 1573 3403 1628 valeamus
3435 1574 3731 1646 deportari

2074 1682 2342 1736 regnum,
2365 1681 2429 1718 ac
2458 1667 2805 1736 potestatem
2833 1668 3045 1717 sanctae
3079 1661 3174 1717 Dei
3207 1661 3477 1717 Ecclesiae
3509 1663 3728 1718 Taren-

2074 1753 2234 1808 tasiaa
2266 1753 2557 1824 integrum
2589 1752 2946 1807 conferimus
2978 1750 3340 1817 comitatum,
3365 1766 3480 1822 quo
3511 1751 3727 1807 beatis-

307 1857 422 1894 non
455 1838 647 1894 solum
680 1838 738 1892 in
771 1837 879 1891 hoc
922 1837 972 1892 ei
1018 1854 1326 1893 assensum
1360 1840 1702 1910 praebentes,
1727 1842 1826 1896 sed
1871 1842 1960 1896 in-
1988 1881 2037 1945 B
2075 1843 2362 1898 simorum
2392 1840 2788 1914 apostolorum
2823 1839 3104 1912 principis
3127 1840 3254 1910 jam
3287 1839 3510 1894 dictum
3544 1839 3726 1896 comi-

306 1943 484 1999 super
513 1944 615 1998 per
643 1926 952 1981 consilium
985 1926 1205 1981 dilecta
1247 1928 1512 2000 conjugis
1559 1934 1771 1984 nostra}
1799 1930 1955 2001 Agil-

305 2016 512 2072 drudis
542 2015 774 2088 reginae,
808 2031 874 2070 ac
910 2015 1102 2070 fratris
1141 2016 1324 2070 nostri
1367 2016 1686 2072 Burchardi
1722 2019 1952 2089 Lugdu-

308 2105 506 2160 nensis
535 2103 974 2175 archiepiscopi,
1000 2104 1316 2175 quamdam
1341 2104 1536 2160 villam
1565 2105 1954 2163 Crisinciacus

307 2193 665 2249 nominatam
690 2209 822 2247 cum
854 2192 1094 2248 familiis
1119 2193 1428 2265 utriusque
1455 2211 1629 2249 sexus
1661 2200 1716 2250 et
1746 2197 1952 2264 mtatis,

305 2287 363 2338 et
393 2283 568 2338 rebus
597 2281 869 2337 omnibus
901 2283 971 2336 ad
1005 2282 1190 2354 ipsam
1229 2283 1702 2354 respicientibus,
1732 2301 1857 2355 qure
1887 2303 1953 2339 ex

305 2372 491 2427 multo
522 2375 780 2444 tempore
801 2372 871 2426 de
903 2371 1140 2443 przefato
1169 2372 1522 2427 monasterio
1555 2372 1788 2427 abblata
1818 2373 1948 2441 fuit,

302 2478 405 2533 pro
437 2460 690 2516 remedio
722 2461 930 2516 animae
964 2460 1150 2532 patris
1181 2461 1383 2526 nostri,
1408 2461 1562 2516 sicut
1592 2461 1715 2532 ipse
1746 2461 1803 2516 in
1841 2463 1952 2519 ﬁne

301 2552 496 2605 obitus
527 2551 616 2606 sui
646 2549 919 2616 reddidit,
946 2552 1148 2604 sancto
1170 2550 1407 2604 Andreae
1436 2555 1755 2623 sanctoque
1777 2552 1953 2607 Maxi-

301 2657 397 2695 mo
431 2640 729 2694 reddimus
762 2643 817 2693 et
847 2637 1246 2704 concedimus,
1271 2643 1326 2694 et
1352 2655 1454 2709 per
1483 2639 1591 2694 hoc
1621 2645 1830 2695 nostrae
1855 2659 1953 2695 au-

301 2727 584 2784 ctoritatis
617 2731 972 2800 prmceptum
1006 2726 1326 2796 sancimus,
1352 2732 1417 2782 ut
1447 2728 1721 2799 deinceps
1752 2729 1951 2785 nullus

301 2818 436 2887 dux,
457 2816 740 2886 marchio,
761 2831 976 2879 comes,
992 2813 1076 2869 vel
1101 2814 1372 2886 quaelibet
1392 2816 1632 2887 grandis
1655 2823 1754 2872 aut
1776 2834 1951 2888 parva

300 2906 464 2978 regni
494 2905 677 2960 nostri
706 2921 952 2976 persona
982 2905 1052 2958 de
1084 2920 1264 2975 supra
1287 2903 1602 2959 nominatis
1623 2907 1798 2960 rebus
1825 2907 1950 2961 nul-

299 2996 420 3050 lum
447 2993 763 3060 teloneum,
784 2992 870 3047 vel
901 2992 1158 3063 aliquam
1180 2991 1527 3047 fonctionem
1551 2994 1775 3065 exigere
1805 3013 1946 3066 prcc-

299 3087 515 3150 sumat,
550 3081 649 3136 sed
697 3081 767 3134 ad
803 3080 1066 3136 subsidia
1104 3081 1523 3137 monachorum
1558 3083 1614 3136 in
1649 3083 1946 3155 praelibato

301 3171 654 3227 monasterio
677 3170 792 3224 Deo
825 3169 1223 3237 servientium,
1245 3172 1508 3226 omnium
1531 3171 1836 3228 hominum
1865 3174 1949 3228 in-

299 3259 638 3332 quietudine
669 3262 909 3325 remota,
934 3263 1139 3315 cuncto
1171 3265 1552 3331 permaneant
1581 3266 1860 3334 tempore.

367 3349 422 3402 Si
456 3350 588 3420 quis
619 3352 814 3404 autem
847 3347 1026 3419 hujus
1059 3350 1241 3404 nostri
1273 3351 1543 3422 praecepti
1575 3351 1820 3406 violator
1847 3369 1942 3407 ex-

297 3437 681 3506 stiterit,sciat
693 3454 752 3492 se
766 3436 1226 3509 compositurum
1247 3439 1372 3493 auri
1389 3438 1592 3511 optimi
1616 3439 1795 3496 libras
1812 3459 1943 3509 xxx,

298 3527 667 3583 medietatem
697 3543 938 3582 camerae
980 3527 1181 3599 palatii
1235 3529 1438 3593 nostri,
1472 3533 1528 3583 et
1571 3529 1944 3585 medietatem

297 3617 601 3672 monachis
650 3616 1024 3688 supradictis.
1061 3617 1130 3670 Ut
1189 3622 1384 3671 autem
1441 3617 1633 3672 verius
1685 3635 1720 3673 a
1776 3619 1944 3675 nobis

280 3707 513 3762 [factum
545 3706 837 3770 credatur,
869 3709 926 3760 et
956 3705 1028 3760 ab
1060 3705 1334 3760 omnibus
1375 3705 1712 3778 diligentius
1745 3725 1943 3762 succe-

297 3796 569 3851 dentibus
601 3795 966 3866 temporibus
1015 3795 1374 3860 observetur,
1411 3812 1621 3851 manus
1666 3795 1810 3851 illud
1841 3814 1943 3852 no-

296 3891 427 3940 strae
477 3884 905 3955 subscriptione
959 3884 1317 3949 roborantes,
1369 3882 1543 3954 sigilli
1597 3884 1779 3938 nostri
1829 3885 1944 3939 im-

295 3973 593 4045 pressione
619 3971 881 4026 adnotari
905 3971 1200 4041 jussimus
1226 3987 1238 4026 :
1263 3975 1320 4026 et
1344 3972 1415 4026 ad
1442 3971 1944 4029 conﬁrmationem

294 4061 653 4134 praelibatam
700 4061 1164 4115 conﬁrmandam
1216 4060 1488 4115 addimus
1537 4061 1842 4118 ecclesiam
1875 4063 1945 4118 de

291 4149 582 4206 Masclatis
625 4165 758 4203 cum
815 4149 1177 4220 appendiciis
1231 4148 1355 4203 suis
1415 4149 1486 4203 ad
1537 4150 1942 4220 praedictorum

294 4237 716 4294 monachorum
753 4235 1035 4291 subsidia.

363 4327 592 4396 Signum
621 4326 810 4379 domni
839 4325 1050 4394 Radulﬁ
1081 4325 1412 4380 nobilissimi
1443 4329 1602 4399 regis.

362 4413 662 4469 Paldolfus
693 4412 1098 4481 cancellarius,
1135 4415 1459 4487 recognovi.

363 4504 564 4558 Datan
589 4501 725 4556 Idus
753 4503 1041 4568 Januarii,
1067 4520 1218 4558 anno
1256 4505 1676 4562 Incarnationis
1711 4506 1946 4574 Domini

2069 1936 2252 1987 tatum
2286 1937 2396 1986 Deo
2429 1931 2765 1998 deferimus,
2802 1933 2868 1984 ut
2897 1929 2953 1984 in
2989 1929 3264 1984 omnibus
3297 1929 3565 1984 eamdem
3598 1929 3724 2001 ipse

2067 2020 2377 2092 praedictus
2408 2019 2884 2090 archiepiscopus
2934 2021 3279 2089 potestatem
3325 2016 3537 2073 habeat
3567 2019 3722 2090 regi-

2064 2125 2198 2164 men
2232 2109 2350 2164 sive
2399 2107 2785 2164 ordinationis
2833 2123 3076 2162 suorum
3127 2105 3309 2162 tantis
3357 2107 3720 2178 temporibus

2065 2198 2334 2270 episcopo
2358 2194 3091 2266 committere.Quicunque
3117 2192 3296 2266 igitur
3312 2193 3486 2249 istius
3509 2198 3720 2250 nostra;

2062 2286 2390 2341 donationis
2413 2285 2621 2340 seriem
2643 2284 2950 2339 temerario
2969 2300 3116 2338 ausu
3135 2286 3417 2338 temerare
3435 2300 3720 2354 praesum-

2064 2375 2262 2448 pserit,
2281 2374 2555 2430 omnibus
2577 2374 2676 2428 Dei
2701 2371 3212 2428 maledictionibus
3235 2372 3553 2443 subjaceat,
3581 2389 3719 2428 san-

2061 2470 2405 2535 ctorumque
2436 2461 2832 2534 apostolorum
2881 2461 3146 2515 omnium
3188 2459 3358 2516 nodis
3389 2465 3446 2516 et
3475 2461 3721 2518 nexibus

2062 2553 2340 2613 irretitus.
2367 2551 2736 2606 anathemate
2785 2552 3065 2621 perpetuo
3113 2548 3444 2603 damnetur.
3480 2548 3550 2604 Et
3595 2547 3719 2604 haec

2060 2646 2262 2697 nostra
2287 2639 2601 2695 auctoritas
2651 2639 2840 2707 ﬁrma,
2884 2636 3114 2692 stabilis
3165 2641 3400 2692 maneat
3447 2652 3714 2708 semper;

2059 2730 2416 2802 insuperque
2438 2727 2648 2784 sentiat
2679 2743 2740 2782 se
2773 2725 3236 2798 compositurum
3268 2728 3503 2780 centum
3533 2725 3716 2781 libras

2059 2819 2263 2891 optini
2295 2818 2443 2884 auri,
2473 2815 2842 2872 medietatem
2877 2831 3118 2870 camerae
3155 2817 3384 2881 nostrae,
3410 2818 3465 2869 et
3496 2813 3714 2869 medie-

2059 2912 2236 2962 tatem
2270 2905 2728 2977 archiepiscopo,
2752 2903 2839 2959 vel
2863 2903 3302 2958 successoribus
3326 2901 3469 2957 suis.
3495 2905 3714 2958 Verum

2058 3002 2121 3052 ut
2150 2989 2259 3051 hcc
2293 2995 2545 3050 credatis
2574 2991 2806 3058 melius,
2839 3007 3094 3063 praesens
3124 2994 3479 3062 praceptum
3512 2991 3708 3046 ﬁrma-

2054 3086 2268 3151 vimus,
2301 3087 2618 3154 nostroque
2647 3080 2840 3154 sigillo
2869 3079 3138 3152 insigniri
3159 3079 3476 3151 jussimus.

2127 3173 2373 3245 Signum
2406 3171 2627 3226 domini
2659 3168 3016 3226 serenissimi
3048 3169 3202 3241 regis
3237 3167 3546 3241 Rodulphi.

1973 3242 2016 3308 C
2125 3242 2438 3318 Anselmus
2469 3260 2622 3332 regis
2653 3257 3033 3314 cancellarius
3073 3257 3182 3313 hoc
3231 3257 3466 3328 scripsit
3496 3274 3709 3330 praece-

2055 3357 2220 3426 ptum
2253 3366 2407 3406 anno
2440 3349 2666 3405 Domini
2695 3347 3121 3403 Incarnationis
3147 3346 3592 3419 nongentesimo
3611 3364 3714 3403 no-

2058 3440 2355 3514 nagesimo
2387 3443 2568 3502 sexto,
2599 3435 2917 3492 indictione
2961 3452 3094 3491 vero
3125 3435 3372 3503 decima,
3410 3434 3571 3507 regni
3607 3452 3711 3490 au-

2054 3536 2170 3587 tem
2204 3527 2498 3598 Rodulpbi
2530 3525 2723 3581 tertio.

2124 3621 2336 3673 Actum
2369 3617 2428 3671 in
2455 3619 2700 3687 Agauno
2731 3613 2991 3669 feliciter.

2836 3721 2932 3776 Ill.

2147 3815 2442 3869 Ecclesium
2471 3811 2525 3866 S.
2559 3811 2770 3866 Nicolai
2797 3811 2861 3865 de
2889 3811 3172 3865 Poliniaco
3207 3809 3260 3862 S.
3297 3808 3516 3866 Odz'lon-i
3546 3826 3609 3864 ac

2385 3884 2711 3939 monasterio
2744 3882 3091 3937 Cluniacensi
3114 3881 3374 3936 concedit.

2683 3973 2870 4042 (Anno
2900 3971 3085 4038 1029.)

2057 4068 2220 4138 [Dom
2252 4065 2550 4139 Maerens,
2585 4061 2835 4139 Thesaur.
2870 4059 3168 4139 ΑηεεάᾈΙἶ
3204 4059 3328 4128 H7,
3362 4075 3431 4139 ex
3448 4057 3713 4139 ‘arcbivis

2301 4136 2554 4190 Cameren
2582 4136 3002 4204 Computorum
3048 4130 3464 4201 Divionensis.]

2127 4243 2189 4298 In
2222 4240 2458 4296 nomine
2485 4242 2694 4295 sanctae
2719 4242 2775 4294 et
2807 4237 3117 4292 individua:
3137 4235 3461 4304 Trinitatis,
3489 4235 3713 4292 RABUL-

2059 4349 2187 4394 rus,
2223 4330 2322 4385 Dei
2353 4327 2542 4401 gratia
2572 4325 3043 4398 Burgundiorum
3077 4341 3196 4379 rex.

2128 4420 2293 4475 Sicut
2325 4421 2548 4473 certum
2593 4422 2682 4472 est
2730 4415 2868 4486 quia
2916 4415 3013 4468 Dei
3067 4414 3321 4485 potentis
3371 4429 3507 4468 non.
3547 4454 3558 4466 .
3595 4455 3608 4468 .
3647 4455 3659 4467 .
3699 4454 3712 4467 .

2057 4508 2276 4580 quippe
2306 4507 2430 4562 sine
2453 4522 2567 4577 quo
2592 4509 2847 4576 potestas
2879 4520 2994 4558 non
3028 4506 3135 4569 est,
3162 4503 3242 4557 ita
3265 4518 3497 4574 quoque
3527 4500 3718 4572 liquet

288 4593 413 4659 994,
442 4591 641 4646 indict.
663 4609 718 4658 ν,
743 4607 895 4646 anno
917 4608 1050 4647 vero
1073 4592 1271 4648 domni
1299 4593 1527 4649 Radulﬁ
1552 4596 1705 4668 regis
1730 4598 1940 4668 primo.
1982 4611 2026 4675 D
2057 4597 2208 4670 quod
2244 4600 2546 4668 potentum
2577 4610 2752 4665 opera
2781 4591 3180 4664 interrogabit.
3207 4592 3278 4646 Et
3298 4592 3369 4646 ob
3403 4591 3510 4646 hoc
3539 4591 3710 4648 nobis

367 4685 574 4736 Actum
604 4680 878 4752 Vigennze
913 4681 969 4734 in
1003 4681 1099 4736 Dei
1133 4683 1368 4738 nomine
1400 4684 1661 4741 feliciter.
1695 4688 1899 4741 Amen.

1096 4771 1163 4826 ll.

292 4861 560 4926 Amizoni,
592 4859 991 4930 archiepiscopo
1024 4862 1445 4930 Tarantasiensi,
1468 4865 1785 4918 comitatum
1804 4864 1947 4934 ejus-

862 4949 983 5003 dem
1013 4950 1166 5005 urbis
1195 4951 1380 5006 donat.

937 5040 1124 5109 (Anno
1160 5040 1310 5110 996.)

622 5126 966 5192 [MURATORI,
999 5129 1183 5199 Anliq.
1220 5129 1368 5194 Ital.,
1404 5127 1445 5192 Ι,
1483 5127 1630 5196 415.]

365 5217 428 5271 In
462 5213 698 5270 nomine
720 5221 930 5270 sancta),
961 5221 1018 5272 et
1042 5216 1355 5271 individuze
1380 5215 1703 5286 Trinitatis,
1729 5216 1954 5274 RODUL-

296 5322 464 5371 Pnus,
490 5302 688 5359 aaterni
712 5304 931 5374 judicis
967 5303 1368 5359 misericordia
1402 5321 1516 5358 rex.

367 5398 511 5451 Dum
530 5393 587 5447 in
610 5392 928 5464 primordio
950 5393 1294 5449 Christiana:
1320 5393 1621 5465 religionis
1649 5383 1954 5451 constituti

291 5489 431 5544 sunt
459 5498 644 5554 reges,
686 5483 1078 5538 Ecclesiarum
1121 5479 1576 5538 sollicitudinem
1625 5500 1946 5557 curamque

292 5573 633 5649 pontiﬁcum
677 5571 791 5626 Dco
835 5570 1249 5626 famulantium
1293 5571 1754 5642 considerantes,
1805 5590 1956 5645 aug-

295 5660 608 5730 mentando
644 5663 929 5714 terrarum
961 5659 1130 5714 donis
1164 5658 1535 5731 pontiﬁcatus
1566 5661 1951 5736 quamplures

2059 4701 2433 4757 summopere
2465 4683 2789 4739 curandum
2820 4686 2908 4737 est
2938 4686 3003 4736 ut
3027 4697 3162 4736 cum
3193 4680 3282 4736 vel
3312 4679 3715 4751 prodesse,vel

2059 4777 2283 4840 obesse,
2317 4773 2444 4845 ipso
2476 4771 2843 4844 disponente,
2868 4785 3209 4842 possumus,
3240 4772 3509 4825 nostrum
3543 4785 3717 4840 posse

2061 4864 2170 4920 sub
2201 4863 2328 4934 ejus
2355 4866 2500 4917 nutu
2533 4861 2766 4932 penitus
2796 4858 3157 4932 subigentes,
3182 4862 3239 4914 et
3268 4858 3475 4914 honori
3503 4861 3715 4912 sanctas

2059 4953 2189 5024 ejus
2218 4951 2483 5007 Ecclesiae
2532 4949 2818 5023 proﬁciat,
2851 4947 3120 5004 certatim
3171 4947 3477 5004 faciamus.
3516 4947 3719 5017 Itaque

2060 5042 2262 5115 prisca
2285 5040 2494 5096 seriem
2519 5037 2983 5104 consuetudinis,
3005 5036 3377 5108 regalemque
3389 5034 3721 5092 Christiana

2062 5130 2360 5202 religionis
2379 5145 2599 5185 morem
2616 5127 3053 5184 considerantes
3075 5126 3211 5182 totis
3230 5124 3461 5181 nisibus
3478 5127 3719 5195 totoque

2063 5219 2277 5274 mentis
2311 5219 2520 5274 affectu
2547 5217 2765 5272 imitari
2797 5214 3089 5287 cupimus,
3117 5220 3175 5270 et
3203 5214 3360 5286 quod
3394 5213 3508 5286 ipsi
3538 5213 3719 5268 duxe-

2065 5309 2201 5360 runt
2224 5306 2296 5360 ad
2329 5295 2734 5362 ecclesiasticae
2759 5301 3125 5358 celsitudinis
3157 5317 3381 5372 curam,
3409 5317 3516 5356 nos
3550 5299 3722 5371 spiri-

2062 5393 2322 5450 tualibus
2353 5394 2554 5465 armis,
2577 5397 2635 5449 et
2663 5391 2863 5464 clypeo
2883 5390 3198 5446 Dominicaa
3217 5387 3594 5462 protectionis
3617 5389 3717 5444 de-

2064 5484 2221 5540 fendi
2261 5485 2527 5540 eamdem
2581 5498 2732 5537 cura:
2783 5478 3240 5536 sollicitudinem
3289 5478 3718 5546 subintremus,

2066 5573 2216 5629 sicut
2231 5573 2334 5647 qui
2352 5579 2464 5630 Deo
2488 5569 2914 5629 famulantibus
2931 5568 3247 5640 placabiles
3265 5567 3721 5624 misericorditer

2065 5664 2428 5721 exstiterunt.
2450 5663 2813 5733 Quapropter
2843 5657 3089 5729 cunctis,
3117 5663 3240 5716 tam
3263 5657 3522 5731 regibus,
3539 5673 3719 5730 quam
