3976 6362
255 408 415 477 1025

1357 414 1747 482 HENRICUS
1791 418 1815 481 I
1859 370 2343 485 FRANCORIiM
2388 417 2570 486 REX.

3505 380 3663 487 i026

253 547 638 621 reliquarum,
690 548 1045 622 dignitatum
1088 550 1769 624 personis,pra3sentibus
1814 553 1903 609 vel
1931 556 1984 622 Α
2017 553 2263 627 campis,
2298 556 2553 627 pascuis,
2587 555 2749 633 omni
2768 555 3008 611 omnino
3038 560 3194 612 terra
3213 556 3370 613 culta
3397 558 3665 615 videlicet

252 636 490 704 futuris,
515 641 719 693 notum
750 637 829 694 sit
857 638 1012 711 quod
1035 638 1200 712 petiit
1219 656 1254 695 a
1274 639 1443 696 nobis
1463 641 1704 712 quidam
1718 641 1907 698 ﬁdelis

254 730 456 782 noster
484 726 806 784 Reinaldus
828 744 1045 799 comes,
1070 728 1229 785 filius
1259 729 1505 789 Othonis
1521 735 1906 803 cognomento

250 814 557 885 Willelmi,
606 815 716 871 viri
761 815 1172 888 illustrissimi,
1205 822 1498 890 quatenus
1533 819 1905 877 Cluniacensi

251 904 515 961 coenobio
544 905 605 960 in
622 905 841 962 honore
866 905 1191 980 primorum
1210 906 1361 975 cmli,
1386 907 1536 964 Petri
1557 908 1825 965 videlicet
1849 914 1906 965 et

250 992 416 1049 Pauli
430 998 784 1067 constructo,
809 994 902 1050 cui
925 999 1133 1066 praeest
1159 995 1510 1053 reverendus
1532 997 1702 1054 Pater
1713 998 1902 1066 Odilo,

252 1083 708 1141 concederemus
755 1100 859 1156 per
905 1084 1016 1141 hoc
1045 1091 1257 1141 1108th
1305 1086 1668 1143 auctoritatis
1699 1104 1906 1159 praece-

252 1176 422 1245 ptum
454 1172 760 1236 ecclesiam
793 1172 912 1231 sive
942 1175 1365 1231 monasterium
1396 1175 1455 1230 in
1483 1175 1829 1233 honoreDei
1851 1181 1908 1233 et

253 1261 574 1319 Salvatoris
602 1262 635 1318 J
642 1278 746 1318 esu
781 1261 1017 1333 Christi,
1042 1264 1423 1336 ejusdemque
1450 1264 1757 1321 Genitricis
1790 1266 1906 1323 Ma-

251 1349 371 1417 riae,
400 1350 706 1424 sanctique
736 1351 887 1408 Petri
918 1351 1191 1425 apostoli,
1214 1369 1438 1409 necnon
1461 1356 1517 1409 et
1537 1354 1722 1409 sancti
1743 1354 1906 1410 Nico-

253 1437 328 1493 lai
352 1438 705 1496 confessoris
727 1438 865 1497 almi
889 1443 1315 1509 consecratum,
1333 1440 1405 1495 ad
1419 1439 1805 1497 habitandum
1823 1440 1903 1495 ibi

250 1526 667 1586 Cluniacenses
698 1528 1037 1595 monachos,
1068 1527 1168 1600 qui
1196 1533 1314 1584 tam
1350 1545 1453 1602 pro
1496 1533 1698 1585 nostra
1727 1546 1903 1602 quam

249 1616 520 1673 omnium
549 1616 737 1674 salute
768 1617 884 1674 Deo
924 1618 1159 1675 assidue
1192 1634 1391 1689 preces
1435 1622 1491 1672 et
1521 1622 1652 1673 vota
1683 1617 1904 1690 persol-

246 1710 411 1762 vant.
437 1705 825 1764 Concedimus
848 1723 984 1780 ergo
998 1708 1126 1778 jam
1144 1707 1298 1762 dicto
1316 1707 1574 1764 coenobio
1599 1707 1903 1779 praefatum

246 1794 467 1863 locum,
488 1795 668 1853 situm
689 1794 749 1849 in
771 1794 1109 1866 episcopatu
1128 1794 1582 1851 Vesuntionensi
1592 1796 1763 1866 juxta
1774 1795 1904 1851 Pol-

2013 647 2070 698 et
2094 643 2332 710 inculta,
2366 661 2499 723 cum
2530 646 2760 701 cunctis
2790 644 3129 716 ubicunque
3161 645 3368 717 positis
3398 648 3471 702 ad
3503 664 3664 703 eam-

2013 732 2146 789 dem
2167 731 2431 788 villulam
2451 732 2897 806 pertinentibus.
2921 732 3131 789 Villam
3148 751 3380 807 queque
3395 735 3666 794 Mediola-

2013 837 2178 888 num,
2211 820 2654 895 ecclesiamque,
2707 838 2842 878 cum
2871 822 3114 878 decimis
3146 826 3203 878 et
3232 824 3507 882 omnibus
3537 826 3664 882 suis

2013 909 2404 981 pertinentiis,
2419 911 2790 983 maximeque
2809 915 3084 966 aeternam
3099 914 3583 970 consuetudinem
3606 915 3663 970 in

2013 996 2159 1054 silva
2188 999 2570 1072 Maydunensi
2596 999 2828 1056 :villam
2853 1017 3084 1072 quoque
3105 1000 3661 1071 Vesanensem,cum

2013 1087 2258 1143 ecclesia
2287 1090 2343 1143 et
2391 1087 2655 1156 decimis,
2688 1092 2746 1145 et
2799 1088 3025 1145 cunctis
3064 1090 3133 1144 ad
3168 1091 3433 1146 eamdem
3464 1090 3665 1147 villam

2012 1175 2462 1247 pertinentibus,
2496 1176 2692 1233 locum
2743 1177 2921 1232 etiam
2955 1179 3055 1249 qui
3110 1178 3325 1234 dicitur
3355 1180 3577 1248 Mutua,
3612 1185 3669 1236 et

2012 1264 2211 1320 omnia
2240 1265 2312 1320 ad
2347 1281 2409 1320 se
2441 1265 2815 1338 pertinentia.
2852 1267 2964 1322 Sed
2996 1272 3052 1322 et
3079 1267 3467 1323 Guntherium
3499 1269 3667 1341 P0pi-

2012 1350 2355 1420 lianensem,
2389 1369 2524 1408 cum
2542 1353 2816 1410 omnibus
2833 1355 3102 1426 quaeipse
3132 1358 3294 1411 visus
3325 1355 3664 1424 esthabere,

2011 1444 2131 1495 tam
2151 1441 2210 1496 in
2243 1440 2430 1498 alodis
2449 1460 2626 1515 quam
2652 1442 2712 1497 in
2733 1443 3032 1499 beneﬁciis
3064 1444 3368 1510 comitum,
3387 1449 3669 1502 etcuncta

2012 1531 2250 1587 omnino
2281 1532 2652 1603 possessione
2669 1534 2819 1604 ejus,
2848 1533 3161 1604 piscariam
3182 1550 3414 1605 quoque
3444 1528 3668 1589 Guiria-

2012 1637 2267 1689 censem,
2300 1637 2433 1675 cum
2460 1622 2619 1676 omni
2642 1626 2797 1677 terra
2817 1622 2891 1677 ad
2917 1637 3046 1676 eam
3078 1621 3412 1694 pertinenti.
3436 1622 3667 1679 Pra‘i'ati

2014 1708 2192 1780 igitur
2218 1709 2487 1765 Reinaldi
2507 1710 2757 1776 comitis,
2783 1710 2869 1765 vel
2894 1710 3141 1765 aliorum
3164 1710 3425 1766 ﬁdelium
3445 1715 3670 1768 nostro-

2013 1813 2144 1853 rum
2158 1797 2626 1869 obtemperantes
2642 1797 2928 1870 petitioni,
2946 1816 3077 1853 cum
3093 1814 3381 1855 consensu
3401 1799 3669 1873 conjugis

247 1882 556 1951 liniacum,
588 1883 646 1939 in
671 1881 796 1940 loco
828 1884 928 1957 qui
959 1887 1112 1940 recte
1142 1882 1327 1939 Vallis
1358 1888 1598 1941 vocatur
1630 1883 1906 1941 constitu-
1934 1929 1983 1994 Β
2013 1886 2457 1959 Yrmengardis,
2476 1886 2872 1955 concedimus,
2899 1887 3052 1942 sicut
3072 1887 3296 1942 dictum
3320 1892 3426 1956 est,
3444 1887 3672 1944 Clunia-

248 1976 373 1994 1--..
441 1990 563 1994 ---μ
596 1976 744 1994 L-_.__
789 1976 835 1994 ,ι
871 1972 1106 1994 .1-_!___'-
1159 1990 1255 1994 ____
1297 1972 1564 1994 __.._2L__-
1601 1973 1706 1994 ,ξιξ
1737 1973 1880 1994 ..Α-ΛΞ
2023 1975 2170 1994 Αᾼηκε
2214 1991 2228 1994 -
2253 1993 2259 1994 ,
2297 1993 2318 1994 η
2345 1975 2454 1994 -LS,
2509 1993 2518 1994 κ
2553 1993 2560 1994 η
2605 1976 2654 1994 ν·
2854 1993 2859 1994 ,
2909 1977 2919 1987 ο
3057 1993 3062 1994 ,
3112 1993 3125 1994 γ
3308 1980 3346 1994 ιγ
3586 1977 3601 1994 1
3656 1982 3666 1994 ι

248 1976 401 2041 tum,
436 1990 572 2041 cum
596 1976 754 2037 terra
783 1976 839 2029 et
866 1972 1130 2043 decimis,
1156 1990 1260 2029 seu
1291 1972 1567 2029 omnibus
1598 1973 1708 2030 sibi
1735 1973 1908 2045 perti-

2015 1975 2174 2031 censi
2205 1975 2467 2031 cmnobio
2499 1976 2695 2031 omnia
2727 1977 2997 2048 superius
3040 1980 3383 2045 memorata,
3424 1994 3489 2033 ac
3516 1977 3674 2033 velut

247 2062 548 2130 nantibus,
580 2065 637 2123 et
666 2079 701 2119 a
724 2061 887 2118 bonae
920 2061 1214 2117 memoriae
1241 2061 1486 2127 Othone,
1520 2068 1903 2134 cognomento
2006 2065 2131 2134 jam
2165 2064 2423 2119 diximus
2454 2065 2730 2137 deinceps
2757 2066 3131 2137 acquirenda,
3166 2068 3237 2122 ad
3270 2068 3592 2123 tenendum
3613 2072 3670 2122 et

248 2148 567 2218 Willelmo,
582 2151 702 2215 sive
719 2149 999 2209 Reinaldo
1017 2151 1146 2223 ejus
1175 2149 1319 2219 ﬁlio,
1350 2149 1441 2207 vel
1472 2151 1545 2206 ab
1564 2150 1758 2223 aliquo
1776 2167 1905 2223 pos-

246 2255 478 2296 sessore
509 2238 589 2294 ibi
628 2238 859 2295 collatis
890 2255 995 2298 seu
1043 2237 1429 2306 conferendis,
1463 2243 1520 2295 et
1562 2239 1793 2295 cunctis
1824 2239 1905 2294 ibi

247 2328 642 2401 undecunque
671 2327 732 2384 in
765 2344 943 2402 regno
974 2331 1172 2385 nostro
1203 2328 1531 2400 acquisitis,
1562 2327 1653 2384 vel
1684 2328 1742 2384 in
1772 2345 1901 2400 per-

245 2421 497 2490 petuum
531 2417 925 2490 acquirendis.
972 2417 1060 2472 Ad
1090 2433 1345 2489 praesens
1380 2433 1613 2489 quoque
1655 2422 1906 2491 quatuor

245 2508 472 2563 ferreas
502 2505 809 2573 caldarias,
846 2507 1115 2579 situsque
1146 2523 1348 2562 earum
1378 2505 1438 2562 in
1471 2505 1697 2574 salinis,
1728 2512 1785 2562 et
1819 2507 1902 2563 vi-

251 2611 399 2653 neas
430 2612 558 2669 quea
576 2596 874 2670 quondam
897 2595 1137 2652 fuerunt
1154 2595 1455 2663 Beatricis,
1480 2599 1537 2651 et
1556 2595 1754 2651 omnia
1776 2613 1903 2669 quze

245 2684 662 2742 Cluniacenses
693 2683 967 2742 monachi
1002 2674 1061 2739 in
1092 2684 1368 2756 pradicto
1401 2685 1586 2757 burgo
1616 2685 1902 2759 acquisie-

247 2772 388 2829 rint.
424 2773 489 2829 In
517 2774 706 2846 burgo
734 2773 912 2829 etiam
940 2772 1305 2842 Giosonensi,
1339 2773 1495 2846 quod
1528 2773 1670 2846 quia
1698 2773 1780 2827 ibi
1809 2791 1903 2830 ac-

244 2860 601 2934 quisierunt,
625 2861 712 2918 vel
730 2865 1009 2934 praeterea
1029 2861 1329 2934 acquirere
1352 2866 1688 2934 potuerunt,
1703 2861 1903 2919 villam

247 2950 506 3021 denique
554 2946 901 3017 Glenonem,
943 2966 1079 3005 cum
1109 2949 1355 3005 ecclesia
1386 2954 1442 3015 et
1470 2950 1735 3019 decimis,
1769 2968 1904 3009 cum

250 3037 434 3095 servis
447 3042 504 3095 et
516 3036 764 3103 ancillis,
780 3053 914 3093 cum
925 3037 1131 3105 vineis,
1152 3036 1401 3107 silvulis,
1418 3037 1622 3110 pratis,
1645 3039 1904 3106 ruribus,

2007 2153 2139 2223 jure
2152 2157 2431 2225 perpetuo
2449 2148 2893 2225 possidendum,
2911 2156 3036 2210 sine
3060 2156 3151 2227 cuj
3164 2154 3375 2211 uslibet
3388 2172 3670 2228 personae,

2012 2241 2101 2296 vel
2134 2241 2302 2297 nobis
2336 2241 2705 2297 succedentis
2749 2243 2806 2296 in
2848 2260 3044 2312 regno,
3077 2242 3163 2298 vel
3197 2243 3437 2299 alterius
3469 2245 3672 2315 cujus-

2013 2347 2245 2402 cunque
2269 2330 2491 2386 ordinis
2521 2347 2623 2387 seu
2655 2330 2911 2404 dignatis
2935 2331 3410 2398 contradictione,
3439 2332 3529 2389 vel
3554 2332 3674 2388 ulla

2013 2419 2087 2474 ab
2117 2417 2313 2490 aliquo
2333 2417 2413 2473 ibi
2432 2422 2656 2474 retenta
2688 2420 3128 2475 consuetudine.
3159 2421 3229 2475 Et
3245 2421 3434 2476 hocut
3457 2421 3672 2477 anobis

2012 2506 2210 2562 verius
2228 2507 2516 2577 credatur,
2548 2514 2605 2564 et
2628 2525 2661 2563 a
2693 2508 2942 2580 posteris
2973 2509 3190 2564 nostris
3209 2525 3323 2563 non
3343 2509 3668 2582 frangatur,

2014 2595 2249 2668 propria
2276 2612 2454 2651 manu
2486 2602 2687 2652 nostra
2715 2595 3138 2665 rohoravimus,
3189 2602 3245 2652 et
3276 2596 3457 2670 sigilli
3487 2599 3672 2655 nostri

2013 2684 2399 2756 impressione
2426 2685 2698 2758 insigniri
2724 2685 3036 2756 jussimus.

2085 2773 2333 2846 Signum
2366 2774 2565 2830 domni
2596 2773 2825 2830 Radulﬁ
2856 2774 3029 2848 regis.

2084 2864 2290 2918 Actum
2326 2862 2519 2936 Logis,
2556 2880 2710 2919 anno
2742 2863 3168 2921 Incarnationis
3201 2865 3360 2935 1029,
3395 2870 3673 2938 regnante

2014 2951 2262 3008 Radulfo
2296 2969 2429 3024 rege
2459 2969 2610 3008 anno
2639 2970 2807 3009 xxxv.

577 3208 582 3213 ’
649 3286 1529 3391 ι-ιεικηιαυε
1605 3290 1667 3387 ι
1752 3288 1886 3389 r1

2026 3266 2836 3393 meone!“
2921 3216 3270 3391 nux

1662 3477 1805 3558 (An.
1844 3479 2249 3559 1032-1060.)

1489 3730 2437 3866 DIPLOMATA

1054 4092 1074 4147 Ι

249 4165 358 4220 Pro
418 4165 750 4219 monasterio
808 4162 863 4236 S.
928 4163 1106 4219 Saleii
1162 4164 1306 4236 apud
1372 4165 1775 4222 Monsterolum.
1830 4198 1899 4207 —

322 4236 712 4307 Hemicusiavi
738 4235 830 4307 sui
876 4236 1117 4306 (lagonis
1158 4235 1444 4307 patrisque
1483 4238 1699 4294 Robem'
1736 4238 1904 4294 dona-

321 4308 495 4363 tiones
525 4306 702 4362 eidem
733 4306 846 4361 loco
869 4307 1046 4377 factas
1074 4306 1378 4376 conﬁrmat.

877 4388 1068 4456 (Anno
1102 4387 1287 4458 1042.)

322 4467 494 4538 [Dom
527 4465 776 4546 ΜΑΒιΗἌ
802 4467 1005 4546 Annal.
1062 4466 1296 4546 BenedL,
1342 4472 1384 4546 ti.
1544 4469 1830 4546 Append.,

584 4555 642 4611 p.
671 4538 799 4605 733,
833 4554 902 4593 ex
932 4537 1222 4593 chartario
1254 4542 1310 4593 S.
1343 4537 1564 4606 Salvii.]

325 4626 388 4682 In
421 4626 663 4683 nomine
704 4630 918 4683 sanctis
962 4630 1020 4682 et
1057 4625 1371 4682 individua:
1423 4628 1752 4695 Trinitatis,
1799 4645 1905 4702 ego

254 4714 562 4772 Heinricus
587 4715 777 4789 gratia
804 4715 905 4771 Dei
937 4715 1294 4771 Francorum
1321 4732 1440 4782 rex,
1472 4721 1581 4772 etc.

324 4804 489 4861 Unde
517 4803 733 4861 loco.S.
751 4803 1074 4878 Wingaloei
1094 4804 1426 4860 Monsteroli
1457 4805 1617 4862 sitoa
1638 4806 1906 4879 pluribus

252 4891 483 4963 collata,
532 4896 819 4965 praecepto
865 4898 1062 4949 nostro
1110 4893 1475 4949 auctoritatis
1514 4894 1821 4951 ﬁrmamus
1850 4900 1908 4952 et

251 4980 433 5055 sigilli
463 4982 651 5037 nostri
702 4981 1090 5055 impressione
1120 4980 1371 5053 signare.
1404 4983 1794 5055 praecipimus.
1842 4986 1903 5040 In

251 5069 462 5141 primis
491 5086 559 5126 ea
588 5087 715 5143 quaa
748 5089 782 5126 a
830 5075 1032 5126 nostra
1060 5069 1413 5126 liberalitate
1439 5070 1527 5127 vel
1560 5072 1745 5144 patris
1788 5073 1904 5130 mei

251 5155 512 5223 Roberti,
544 5155 633 5211 vel
659 5157 749 5212 avi
770 5157 886 5213 mei
907 5155 1168 5229 Hugonis
1190 5156 1464 5228 praedicto
1483 5157 1610 5215 loco
1629 5176 1908 5218 concessa

251 5248 414 5311 sunt,
446 5244 672 5302 scilicet
698 5245 1069 5302 molendinos
1091 5245 1241 5301 duos
1272 5246 1531 5303 cervisia
1560 5249 1768 5305 usibus
1798 5251 1909 5306 de-

252 5332 590 5399 servientes,
624 5350 659 5389 a
691 5351 786 5390 me
815 5333 1066 5392 alterum
1108 5349 1242 5392 cum
1274 5333 1535 5408 quinque
1582 5337 1816 5405 accolis,
1847 5344 1906 5396 et

253 5421 507 5480 alterum
541 5424 613 5483 ab
646 5438 751 5481 avo
781 5440 910 5481 meo
944 5422 1218 5497 praedicto
1239 5422 1480 5497 Hugone
1511 5441 1646 5481 cum
1678 5426 1904 5487 decimo

251 5511 449 5583 pontis
479 5511 741 5581 denario,
772 5516 830 5569 et
849 5513 1081 5570 duabus
1112 5511 1448 5571 ecclesiisin
1478 5515 1763 5573 memoria
1780 5533 1911 5575 san-

254 5599 336 5656 cti
366 5600 575 5658 Judoci
603 5602 872 5671 sacratis,
905 5618 1156 5676 quarum
1183 5618 1304 5658 una
1332 5606 1422 5659 est
1449 5601 1603 5660 infra
1632 5605 1908 5664 munitie-

253 5704 415 5761 nem,
448 5689 565 5750 alia
583 5704 764 5768 super
782 5692 1141 5753 ﬂuvium.....
1170 5708 1306 5752 cum
1326 5692 1642 5771 piscatoria
1656 5711 1821 5773 εειοω
1837 5698 1910 5757 ab

1930 4099 1972 4164 C
2011 4096 2317 4152 Atimacho
2366 4111 2671 4168 usque.....
2719 4094 3007 4151 Addimus
3057 4099 3337 4167 praeterea
3380 4095 3671 4150 ﬁrmando

2016 4201 2084 4240 ea
2114 4202 2242 4257 qua
2272 4190 2442 4258 pater
2471 4202 2638 4241 meus
2669 4185 2939 4252 contulit,
2994 4188 3116 4241 tres
3160 4182 3456 4251 ecclesias,
3490 4200 3670 4239 unam

2017 4274 2241 4329 scilicet
2270 4274 2329 4328 in
2361 4273 2581 4330 honore
2607 4274 2795 4330 sancti
2828 4272 3000 4341 Petri,
3025 4272 3200 4328 aliam
3224 4273 3283 4328 in
3307 4272 3527 4328 honore
3543 4288 3675 4327 san-

2015 4362 2093 4418 cti
2122 4362 2470 4434 Wingaloei,
2491 4363 2805 4419 tertiamin
2832 4363 3051 4419 honore
3072 4361 3260 4417 sancti
3283 4360 3667 4417 Salviisacra-

2015 4455 2128 4518 tas;
2143 4456 2200 4506 et
2214 4451 2531 4516 transitum
2560 4468 2719 4507 novze
2735 4450 2904 4506 villm.
2916 4490 2949 4506 ..
2964 4492 2977 4505 .
2990 4450 3379 4507 .Inculeamus
3393 4453 3676 4522 praeterea

2014 4540 2443 4595 corroborando
2491 4555 2558 4595 ea
2605 4556 2733 4610 quas
2765 4557 2799 4594 a
2850 4539 3060 4610 primis
3108 4538 3517 4594 fundatoribus
3558 4537 3672 4593 loci

2016 4631 2155 4682 sunt
2184 4626 2415 4694 collata,
2445 4626 2664 4682 scilicet
2713 4644 2746 4682 a
2774 4626 3018 4699 Hilgodo
3050 4626 3280 4693 comite,
3328 4626 3429 4697 qui
3462 4626 3671 4698 thBdl-

2015 4720 2174 4786 ctum
2205 4720 2475 4771 sanctum
2502 4731 2689 4787 nuper
2730 4731 2764 4770 a
2795 4714 3063 4787 partibus
3094 4713 3405 4769 Britannias
3437 4718 3672 4785 propter

2015 4808 2238 4860 metum
2271 4804 2593 4877 piratarum
2622 4804 2991 4876 deportatum
3023 4802 3278 4875 hospitio
3300 4819 3434 4858 cum
3466 4802 3673 4859 libera-

2013 4894 2174 4949 litate
2203 4899 2258 4948 et
2284 4893 2962 4965 muniﬁcentiatempore
2990 4891 3263 4947 Ludovici
3300 4891 3671 4963 imperatoris

2016 4983 2119 5038 lilii
2167 4983 2352 5039 Caroli
2407 4983 2561 5039 Calvi
2612 4981 2964 5056 suscipiens,
3016 4983 3177 5039 dedit
3207 4981 3312 5051 illi,
3366 4982 3425 5037 in
3456 4982 3668 5054 primis

2015 5071 2226 5127 atrium
2263 5071 2588 5144 publicum,
2606 5072 2970 5144 sepulturam
2994 5071 3218 5127 scilicet
3238 5070 3595 5127 advenarum
3614 5075 3674 5127 et

2013 5160 2477 5234 peregrinorum,
2510 5160 2720 5216 deinde
2753 5177 2956 5217 novem
2985 5176 3224 5217 mansos
3238 5160 3450 5216 subtus
3464 5159 3673 5216 Firmi-

2013 5254 2285 5306 tatem....
2321 5249 2422 5305 His
2473 5250 2747 5306 addimus
2797 5254 2997 5306 nostra
3043 5249 3388 5306 auctoritate
3438 5267 3505 5305 ea
3541 5266 3668 5321 quae

2013 5338 2387 5395 contulerunt
2433 5337 2823 5395 Herlewimus
2878 5350 3093 5407 comes,
3140 5340 3460 5410 Raynerus,
3495 5339 3662 5405 llato,

2015 5426 2335 5501 Scylaldus,
2351 5427 2782 5495 Wenerannus,
2795 5427 3160 5493 Clarboldus,
3173 5426 3275 5482 Ald
3283 5444 3355 5481 on
3363 5443 3432 5482 us
3447 5443 3569 5481 com
3580 5444 3662 5496 es,

2017 5520 2330 5584 Anscerus,
2374 5514 2598 5581 Saleco,
2644 5515 2929 5572 Arnulfus
2971 5532 3187 5581 comes,
3221 5512 3538 5569 Balduinus
3568 5530 3664 5569 00-

2021 5622 2165 5673 mes,
2190 5603 2911 5673 Gonfridus,Benzelinus,
2927 5603 3207 5674 Alfridus,
3230 5602 3488 5674 Hagano,
3519 5606 3663 5657 Aut-

2019 5711 2194 5773 gerus
2244 5692 2513 5765 clericus,
2546 5693 2870 5753 Balduinus
2913 5692 3267 5765 marchisus,
3301 5690 3664 5772 lngerannua
