3976 6382
281 359 439 420 102⁸7

1640 357 1928 423 MONUM
1939 404 1953 420 .
2002 355 2322 430 DIPLOM.

3533 361 3710 440 1028,

279 510 497 562 comes,
526 493 831 562 Rodult‘us,
858 464 1453 566 Landricus-Largus,
1487 493 1652 560 Hato,
1689 494 1918 550 Frame-
1950 493 2005 560 Α
2037 493 2229 548 nitens
2260 492 2600 565 compulsus
2650 469 2874 550 annuit.
2910 490 2968 550 Si
3019 493 3217 572 abbati
3247 499 3350 552 aut
3401 495 3698 554 ministris

276 583 456 649 ricus,
495 583 682 654 Hugo,
713 581 1036 652 Walterus,
1066 580 1474 652 Herleboldus,
1507 599 1758 654 quorum
1809 582 1924 654 pri-

279 688 412 726 mus
443 669 815 726 Herlewinus
845 687 1041 726 comes
1067 670 1226 726 dedit
1257 671 1316 726 in
1341 670 1480 727 villa
1511 672 1720 744 Sguira
1751 671 1926 727 eccle-

277 760 428 815 siam
461 776 640 816 unam
665 761 722 815 in
757 760 974 816 honore
996 760 1183 815 sancti
1205 759 1462 828 Vedasti,
1485 765 1542 816 et
1569 760 1764 816 villam
1799 778 1923 833 quze

277 849 541 921 Longum
575 853 806 920 pratum
837 848 1070 911 dicitur,
1086 865 1218 904 cum
1238 847 1382 904 silva
1397 853 1455 903 et
1474 849 1680 904 arabili
1699 855 1851 904 terra
1871 853 1927 904 et

273 937 478 1010 pratis.
511 937 680 993 Dedit
701 937 953 1010 denique
983 936 1184 992 villam
1215 936 1612 1002 Silviniacum,
1645 941 1752 994 etc.

342 1027 549 1082 Actum
583 1025 918 1082 Monsteroli
968 1025 1198 1097 publice
1251 1043 1403 1082 anno
1435 1027 1720 1082 incarnati
1753 1025 1924 1081 Verbi

273 1113 588 1170 millesimo
619 1113 1068 1186 quadragesimo
1101 1115 1377 1180 secundo,
1413 1118 1470 1169 et
1495 1113 1658 1185 regni
1693 1112 1920 1168 Henrici

272 1203 428 1276 regis
458 1203 786 1259 undecimo.
822 1204 937 1276 Ego
989 1202 1308 1259 Balduinus
1345 1201 1726 1258 cancellarius
1767 1201 1920 1274 regis

272 1291 582 1366 relegendo
614 1291 937 1363 subscripsi
969 1293 1063 1362 (1).

376 1472 648 1526 Placitum
677 1485 775 1542 pro
803 1469 1258 1542 ('«cuobio_8a_ncti
1285 1467 1528 1524 Medardi
1555 1467 1812 1522 adversus

347 1561 354 1566 ·
678 1540 1008 1596 Vllotbcrlum.
1039 1540 1484 1596 Codiciaccnsem.

889 1631 1074 1702 (Anno
1108 1629 1290 1698 1047.)

268 1721 455 1792 [Dom.
508 1719 772 1786 MARILL,
806 1719 880 1774 De
918 1734 980 1772 re
1007 1717 1255 1844 (1210112.,
1305 1717 1407 1799 lib:
1437 1735 1536 1798 “vr,
1589 1734 1645 1789 p.
1691 1717 1816 1782 604,
1849 1733 1918 1771 ex

728 1790 1019 1844 chartario
1073 1791 1106 1842 ‘.
1143 1789 1453 1844 Medardm

728 1790 1019 1844 chartario
1051 1789 1106 1844 S.
1143 1789 1453 1859 Medardij

339 1882 416 1936 Eo
449 1895 634 1950 usque
677 1876 943 1932 inolitum
984 1877 1372 1933 humanitatis
1414 1876 1620 1932 vitium
1652 1877 1916 1932 videmus
1946 1860 1994 1925 B

268 1968 600 2040 profusum,
631 1970 696 2021 ut
717 1963 1037 2037 principale
1063 1965 1218 2036 quod
1251 1968 1341 2020 est
1370 1970 1594 2020 naturas
1623 1964 1748 2020 suis
1769 1981 1912 2036 quo-

267 2057 580 2112 dammodo
613 2053 844 2110 nebulis
870 2054 1154 2120 obfnscet,
1178 2057 1236 2109 et
1257 2054 1481 2125 abjecta
1501 2053 1754 2126 puritate
1770 2053 1912 2108 sim-

265 2144 564 2218 plicitatis,
597 2143 790 2216 girum
819 2142 1040 2198 laboris
1070 2142 1490 2198 delectabiliter
1517 2143 1626 2198 sub
1653 2143 1797 2215 jugo
1821 2142 1914 2197 cui

267 2250 328 2290 se
361 2238 565 2305 sponte
599 2233 926 2304 supposuit,
965 2236 1171 2304 portet.
1209 2231 1368 2287 Unde
1399 2231 1722 2288 necessario
1752 2231 1920 2287 testi-

266 2322 480 2378 moniis
509 2320 996 2394 egetsimplicitas
1020 2337 1150 2375 rara
1167 2321 1377 2390 fulciri,
1403 2321 1679 2392 quoniam
1712 2321 1915 2392 nequit

265 2411 432 2467 aliter
461 2411 730 2465 humana:
771 2408 1008 2465 malitiae
1041 2408 1427 2482 multiplicata
1454 2409 1709 2465 versutia
1738 2409 1908 2465 vinci.

264 2501 381 2556 Hac
413 2516 481 2556 ex
511 2515 690 2555 causa
719 2498 998 2570 Raynoldi
1049 2498 1278 2554 abbatis
1319 2498 1514 2554 Sancti
1569 2498 1824 2553 Medardi
1859 2502 1916 2554 et

264 2587 524 2644 Rotberti
550 2588 622 2643 de
651 2587 952 2642 Codiciaco
1000 2586 1295 2642 altercatio
1350 2585 1524 2660 longa
1563 2585 1622 2642 in
1663 2604 1911 2659 praesen-

265 2679 409 2732 tiam
454 2693 641 2748 usque
681 2675 908 2730 Henrici
942 2674 1309 2730 invictissimi
1359 2675 1510 2748 regis
1558 2677 1911 2732 Francorum

263 2767 561 2838 perducta,
593 2765 720 2834 ejus
751 2767 838 2820 est
868 2763 928 2818 in
952 2763 1114 2834 justo
1133 2763 1358 2833 judicio
1379 2769 1435 2818 et
1453 2763 1632 2836 regali
1663 2765 1913 2820 auctori-

264 2860 381 2911 tate
397 2855 578 2909 ﬁnita.
607 2859 680 2908 De
694 2851 961 2925 pluribus
975 2868 1101 2922 quae
1119 2853 1418 2923 tyrannica
1428 2852 1483 2907 vi
1499 2853 1685 2908 facere
1699 2853 1777 2924 inj
1790 2858 1916 2909 uste

263 2943 492 3000 valebat
509 2942 567 2996 in
585 2939 836 3009 abbatia,
853 2941 1353 3012 regequejubente
1375 2957 1466 2996 res
1479 2942 1745 2997 eamdem
1770 2941 1913 2998 ratio

265 3033 443 3087 ﬁnitae
456 3027 849 3086 altercationis
862 3027 953 3084 his
971 3028 1248 3084 conclusa
1263 3033 1321 3084 et
1336 3028 1568 3085 ﬁrmata
1597 3035 1686 3084 est
1708 3029 1916 3087 litteris

267 3121 337 3176 ad
351 3118 758 3176 testimonium
770 3115 1128 3184 veritatis,ne
1150 3116 1305 3172 ultra
1317 3118 1626 3190 praedictus
1642 3117 1810 3175 miles
1829 3119 1914 3176 vel

2036 583 2164 651 ejus
2194 583 2265 638 de
2293 581 2630 638 hominibus
2689 583 3040 650 forensibus,
3088 583 3260 640 sicuti
3310 585 3383 640 de
3413 583 3562 643 ledis
3591 589 3702 642 aut

2036 669 2166 726 aliis
2187 671 2650 738 tortitudinibus,
2672 672 2975 744 quidpiam
3011 676 3315 745 potentum
3348 677 3450 729 aut
3472 674 3698 731 vicino-

2034 777 2166 814 rum
2194 759 2414 832 aliquid
2445 760 2642 816 fecerit
2679 761 2966 832 injustum
3003 766 3060 818 et
3089 762 3272 818 abbas
3301 767 3404 819 aut
3435 761 3700 824 ministri

2034 848 2162 918 ejus
2177 865 2278 920 per
2299 866 2360 904 se
2383 853 2656 921 poterunt
2679 849 2892 906 habere
2907 855 2964 906 et
2981 849 3235 922 recipere
3249 855 3496 919 rectum,
3509 852 3569 906 in
3584 852 3700 908 hoc

2033 953 2149 991 non
2182 937 2492 992 Rotbertus
2533 955 2721 1010 neque
2742 929 2958 1010 posteri
2991 940 3120 1012 ejus
3143 938 3290 995 nihil
3312 939 3697 997 clamandum

2033 1024 2352 1081 habebunt.
2387 1027 2445 1081 Si
2469 1031 2664 1083 autem
2693 1027 2890 1084 abbati
2921 1032 3024 1084 aut
3055 1028 3306 1085 ministri
3339 1029 3469 1102 ejus
3500 1030 3572 1085 ad
3597 1029 3701 1086 ob-

2030 1113 2332 1169 tinendam
2356 1113 2652 1186 justitiam
2683 1116 2961 1172 defecerit
2989 1117 3198 1184 virtus,
3235 1122 3294 1173 et
3322 1118 3394 1174 ob
3433 1117 3544 1174 hoc
3564 1118 3695 1191 ipse

2033 1201 2343 1257 Rotbertus
2375 1207 2476 1259 aut
2508 1204 2720 1276 posteri
2755 1205 2885 1275 ejus
2916 1206 2990 1260 ab
3021 1206 3230 1263 abbate
3259 1211 3362 1262 aut
3394 1206 3688 1280 ministris

2031 1290 2214 1362 ipsius
2245 1292 2450 1348 moniti
2484 1292 2700 1349 fuerint
2723 1298 2780 1348 et
2804 1293 3029 1351 invitati
3053 1295 3124 1350 ad
3147 1295 3474 1352 faciendam
3492 1295 3693 1353 defens-

2031 1378 2297 1448 sionem;
2347 1381 2396 1436 si
2446 1398 2550 1452 per
2585 1398 2684 1437 eos
2709 1383 3008 1454 justitiam
3052 1385 3398 1458 receperint,
3449 1390 3589 1442 tunc
3619 1403 3692 1442 ex

2021 1467 2278 1538 justitia,
2298 1484 2473 1540 quam
2493 1469 2667 1542 vulgo
2681 1475 2888 1526 vocant
2912 1472 3143 1544 Legem,
3175 1459 3414 1530 tertiam
3447 1478 3686 1530 tantum

2032 1557 2324 1612 habebunt
2355 1564 2600 1630 partem.
2647 1559 2795 1622 Quia
2845 1561 3026 1634 igitur
3055 1563 3124 1616 de
3144 1562 3327 1632 justis
3359 1568 3416 1619 et
3444 1562 3690 1635 injustis

2026 1647 2316 1702 custumis
2346 1648 2417 1702 ad
2449 1647 2598 1703 hanc
2631 1648 2816 1704 solam
2849 1649 3169 1708 multorum
3208 1651 3564 1708 testimoniis
3593 1669 3685 1710 re-

2026 1751 2382 1808 cognoscens
2395 1741 2482 1792 est
2498 1736 2816 1794 adductus‘:
2833 1737 3174 1795 idoneorum
3189 1741 3430 1797 testium
3448 1742 3694 1802 nomina

2026 1825 2240 1895 quibus
2275 1825 2660 1897 praesentibus
2689 1825 2748 1881 id
2783 1831 2978 1883 actum
3011 1833 3100 1884 est
3149 1833 3204 1884 et
3233 1829 3558 1902 ﬁrmatum,
3590 1831 3687 1887 hic

2025 1912 2266 1968 inferius
2315 1913 2700 1986 signavimus,
2751 1931 2824 1971 ne
2873 1917 3051 1988 (quod
3095 1917 3339 1990 posthac
3373 1935 3682 1992 nunquam

2025 2001 2146 2056 ﬁeri
2160 2002 2475 2073 credimus)
2505 2002 2575 2056 ad
2589 2002 2846 2075 amplius
2865 2005 3285 2077 requirendum
3311 2005 3400 2063 vel
3418 2007 3542 2080 ipse
3556 2023 3686 2065 res-

2023 2090 2214 2162 pirare
2245 2091 2476 2158 audeat,
2501 2091 2589 2146 vel
2612 2107 2852 2148 suorum
2870 2092 3086 2166 aliquis
3110 2099 3503 2166 posterorum.
3522 2096 3593 2152 Et
3607 2111 3682 2154 ne

2023 2177 2272 2234 ulterius
2305 2180 2482 2245 ﬁeret,
2509 2179 2685 2250 jussu
2719 2181 2873 2254 regis
2902 2182 2961 2238 in
2994 2183 3439 2255 praesentiarum
3471 2201 3680 2242 omnes

2023 2267 2278 2340 episcopi
2311 2268 2412 2338 qui
2445 2268 2758 2341 subscripti
2801 2275 2962 2337 sunt,
3015 2271 3676 2342 anathematizaverunt,

2023 2357 2177 2427 quod
2209 2373 2306 2411 rex
2323 2358 2558 2428 propria
2581 2373 2759 2413 manu
2794 2358 3066 2428 ﬁrmavit,
3097 2363 3268 2434 atque
3290 2360 3482 2435 sigillo
3505 2363 3680 2436 regiae

2024 2445 2390 2502 auctoritatis
2419 2445 2750 2520 consignari
2786 2448 2938 2504 fecit.

2095 2529 2339 2606 Signum
2353 2533 2623 2591 Widonis
2637 2535 2952 2592 Remorum
2967 2537 3408 2612 archiepiscopi.
3431 2539 3678 2612 Signum

2023 2623 2250 2679 Beraldi
2278 2627 2637 2679 Suessonum
2681 2623 2960 2698 episcopi.
2995 2627 3241 2699 Signum
3270 2626 3517 2684 Walteri
3539 2627 3680 2684 Mel-

2023 2713 2296 2768 densium
2325 2712 2854 2786 episcopi.Signum
2869 2714 3106 2770 Gibuini
3123 2715 3532 2778 Laudunensis
3553 2717 3682 2789 epi-

2025 2802 2204 2874 scopi.
2273 2801 2518 2874 Signum
2560 2802 2847 2876 Drogonis
2908 2803 3348 2860 Belvacensium
3396 2805 3676 2878 episcopi.

2025 2891 2270 2962 Signum
2324 2891 2530 2963 Rogeri
2581 2891 3027 2948 Catalaunensis
3084 2893 3362 2965 episcopi.
3424 2894 3675 2967 Signum

2025 2978 2293 3034 Frolandi
2316 2978 2768 3036 Silvanectensis
2800 2980 3079 3054 episcopi.
3113 2981 3361 3053 Signum
3402 2981 3677 3040 Rainaldi

2025 3067 2521 3140 comitis.Signum
2539 3067 2822 3125 Guidonis
2836 3069 3352 3142 ﬁliiejus.Signum
3365 3070 3673 3144 Drogonis.

2026 3156 2272 3228 Signum
2303 3156 2620 3213 Godefridi.
2647 3156 2845 3213 Sancti
2875 3157 3135 3224 Quintini
3167 3157 3394 3215 militis.
3425 3159 3676 3232 Signum

265 3204 1913 3320 311’:933321?ﬁ"f}1‘1‘j°j‘{?ﬂ‘i{°}ffff;ﬂEfﬂnffiﬁ‘fj
1945 3229 1988 3294 c
2028 3204 2319 3302 Βεῧάυίηί.
2345 3246 2592 3319 Signum
2615 3245 2851 3304 Walteri
2873 3204 3368 3320 leani.Signum
3383 3204 3676 3304 Wiﬁermi

265 3297 408 3351 dum
440 3293 763 3368 saepissime
799 3311 977 3366 super
1021 3293 1295 3352 ecclesias
1327 3295 1679 3352 insatiabilis
1702 3298 1912 3370 cupido

267 3384 602 3441 mortalium
649 3383 837 3439 facere
887 3383 1052 3440 solet.
1105 3384 1318 3440 Notum
1351 3385 1427 3440 sit
1475 3402 1610 3457 ergo
1637 3385 1913 3442 omnibus

266 3478 478 3530 sanctae
508 3471 609 3528 Dei
638 3471 906 3528 Ecclesiae
945 3471 1078 3528 ﬁliis
1121 3478 1178 3528 et
1209 3472 1502 3541 ﬁdelibus,
1549 3479 1669 3530 tam
1698 3475 1913 3532 futuris

265 3579 442 3636 quam
473 3561 878 3636 praesentibus,
931 3562 1210 3634 quoniam
1241 3562 1564 3619 Rainaldus
1593 3564 1782 3636 gratia
1815 3565 1911 3620 Dei

263 3652 616 3709 constitutus
673 3651 855 3707 abbas
913 3651 1160 3708 cmnobii
1219 3652 1374 3724 quod
1430 3656 1638 3724 praeter
1695 3654 1912 3709 moenia

259 3741 644 3798 Suessionica:
676 3740 840 3796 urbis
886 3740 1195 3796 fundatum
1236 3744 1325 3796 est
1374 3741 1434 3794 in
1473 3740 1692 3797 honore
1723 3742 1909 3797 sancti

261 3831 544 3896 Medardi,
584 3845 799 3901 magna
827 3828 1171 3885 necessitate
1211 3827 1551 3900 compulsus
1595 3829 1908 3886 Henricum

263 3936 458 3992 regem
489 3918 635 3973 adiit
685 3919 742 3971 in
793 3917 1028 3973 abbatia
1082 3917 1276 3974 Sancti
1329 3917 1630 3990 Stephani,
1693 3919 1751 3974 in
1782 3918 1908 3975 loco

264 4007 364 4080 qui
396 4007 609 4062 dicitur
633 4005 994 4073 Codiciacus,
1045 4023 1240 4062 coram
1279 4006 1568 4079 epiSCOpis
1598 4013 1654 4063 et
1683 4008 1906 4064 abbati-

262 4098 375 4152 bus
405 4113 471 4152 ac
506 4094 801 4151 nobilibus
835 4092 1039 4149 multis
1069 4093 1169 4166 qui
1200 4095 1352 4150 infra
1381 4095 1566 4150 notati
1598 4099 1737 4151 sunt
1768 4097 1906 4151 asti-

264 4185 532 4258 pulandze
571 4200 750 4240 causa
786 4182 1084 4252 veritatis;
1121 4188 1178 4238 et
1220 4199 1400 4255 supra
1438 4184 1757 4240 Robertum
1805 4203 1908 4258 pro

263 4273 553 4331 custumis
571 4271 1045 4346 quamplurimis,
1069 4273 1385 4344 contrajus
1415 4277 1472 4329 et
1501 4273 1588 4330 fas
1613 4274 1673 4330 in
1704 4276 1908 4332 eadem

265 4363 500 4420 abbatia
529 4362 751 4418 scilicet
780 4362 852 4417 ab
883 4362 1010 4433 ipso
1041 4361 1266 4430 levatis,
1291 4363 1689 4435 querimonias
1709 4363 1910 4422 intulit

266 4453 510 4508 auribus
540 4450 790 4524 piissimi
815 4449 987 4522 regis,
1011 4450 1308 4508 adfuitille
1325 4451 1484 4525 regia
1511 4457 1748 4510 coactus
1769 4471 1910 4526 pra:-

265 4541 546 4614 ceptione,
567 4545 769 4613 etquae
795 4540 1011 4610 injuste
1034 4548 1488 4614 praesumpserat
1517 4548 1575 4598 et
1603 4542 1905 4614 levaverat,

265 4631 397 4686 licet
427 4629 526 4686 diu
542 4629 762 4686 frustra
779 4627 973 4685 nitens
996 4630 1324 4699 defendere,
1341 4632 1713 4704 tandemjam
1731 4633 1908 4704 jussu

264 4719 656 4792 potentissimi
686 4718 969 4792 principis
982 4736 1159 4792 quam
1178 4721 1556 4792 praesentium
1574 4721 1797 4778 ratione
1811 4723 1909 4777 ﬁr-

264 4809 534 4864 missima
558 4807 843 4864 nobilium
874 4807 1085 4874 victus,
1117 4808 1174 4863 id
1195 4808 1384 4865 solum
1416 4811 1570 4882 quod
1595 4810 1748 4866 infra
1777 4811 1912 4866 sub-

264 4897 631 4971 scripsimus,
656 4897 716 4950 in
747 4896 984 4952 abbatia
1000 4895 1111 4952 sibi
1128 4897 1346 4965 deberi,
1365 4899 1437 4953 de
1454 4897 1763 4970 praeteritis
1792 4914 1908 4970 poe-

2021 3335 2220 3392 fratris
2251 3336 2400 3407 ejus.
2433 3335 2678 3408 Signum
2711 3335 2983 3392 Widonis
3017 3337 3391 3394 vicecomitis.
3425 3336 3676 3410 Signum

2021 3423 2308 3480 Guidonis
2339 3423 2409 3479 de
2459 3423 2715 3480 Cerchia.
2761 3423 3008 3497 Signum
3052 3425 3338 3482 Wazelini
3379 3426 3450 3482 de
3493 3421 3675 3483 Chas-

2020 3528 2184 3584 neyo.
2218 3511 2466 3584 Signum
2495 3511 2766 3568 Widonis
2794 3513 3155 3570 marescalci.
3178 3515 3426 3588 Signum
3457 3514 3680 3588 Drogo-

2021 3601 2113 3656 nis
2170 3601 2485 3674 prmpositi.
2536 3601 2784 3673 Signum
2834 3601 3072 3658 Odardi.
3135 3602 3381 3675 Signum
3441 3601 3674 3660 Odelini

2019 3690 2355 3746 Camerar-ii.
2403 3690 2650 3761 Signum
2701 3689 3023 3747 Gunzelini.
3070 3691 3316 3766 Signum
3368 3689 3667 3748 Fulconis.

2019 3779 2266 3851 Signum
2316 3777 2544 3833 Evraldi
2589 3779 2692 3834 ﬁlii
2738 3779 3044 3835 Hesselini.
3102 3780 3348 3850 Signum
3403 3779 3666 3837 Gerardi.

2019 3869 2265 3940 Signum
2282 3866 2788 3940 Vivieni.Signum
2819 3868 3089 3924 Aeilberti
3118 3886 3130 3924 :
3163 3867 3410 3942 Signum
3434 3868 3666 3926 Henrici

2016 3956 2170 4028 regis
2202 3957 2557 4012 Francorum
2586 3955 2978 4012 invictissimi.

2088 4044 2387 4118 Descripta
2412 4045 2536 4100 vice
2583 4043 2852 4100 Rainoldi
2883 4045 3213 4104 cancellarii
3245 4046 3490 4118 jubente
3520 4046 3658 4102 Rai-

2017 4134 2191 4192 naldo
2209 4135 2440 4203 abbate,
2473 4150 2627 4189 anno
2657 4133 2941 4190 incarnati
2973 4133 3144 4190 Verbi
3181 4134 3492 4192 millesimo
3521 4151 3665 4208 qua-

2017 4224 2346 4297 dragesimo
2395 4223 2644 4295 septimo
2687 4224 2784 4295 (2),
2815 4223 3132 4280 indictione
3175 4225 3382 4292 quinta
3417 4225 3664 4296 decima,

2019 4313 2181 4388 regni
2207 4329 2340 4369 vero
2372 4311 2601 4368 Henrici
2633 4312 2787 4384 regis
2819 4329 2972 4370 nono
3003 4313 3250 4370 decimo.

2795 4447 2890 4502 Ill.

2020 4538 2284 4593 Henricus
2326 4537 2351 4590 I
2395 4551 2494 4590 rex
2541 4537 2874 4591 Francorum
2921 4538 3198 4594 canonicis
3247 4537 3669 4596 Carnotensibus

2284 4609 2519 4663 liberum
2545 4607 2791 4664 concedit
2815 4609 3008 4679 ﬁscum
3040 4609 3398 4681 Unigradum.

2645 4706 2830 4776 (Anno
2863 4706 3049 4776 1048.)

2377 4793 2540 4864 [θαιι.
2575 4793 2772 4850 Christ.
2807 4797 2850 4849 t.
2883 4793 3031 4863 VIII,
3074 4812 3131 4869 p.
3164 4796 3311 4867 aco].
3424 4837 3428 4843 .

2092 4901 2152 4955 In
2183 4899 2419 4955 nomine
2459 4905 2672 4956 sanctae
2699 4905 2757 4956 et
2783 4900 3095 4958 individua:
3125 4903 3450 4972 Trinitatis,
3483 4903 3670 4960 Patris

337 5023 426 5096 (1),
443 5022 706 5096 Sequitur
732 5023 788 5096 in
807 5021 1148 5096 cliarlulario
1170 5023 1370 5096 charta
1390 5021 1660 5077 Widonis
1683 5021 1911 5096 comitis
2021 5043 2151 5080 rum
2184 5029 2414 5096 sceptra
2430 5028 2678 5080 tenente.
2704 5025 2822 5096 Ego
2843 5025 3018 5082 Wido
3048 5026 3423 5084 Pontivorum
3449 5041 3668 5094 comes,

263 5093 488 5149 Pontivi
537 5093 908 5149 concedentis
968 5095 1228 5150 coenobio
1285 5098 1625 5149 sanctorum
1657 5093 1908 5148 confess.

265 5165 440 5238 Salvii
485 5168 542 5220 et
587 5164 916 5238 Wingaloei
960 5181 1164 5238 omnes
1212 5165 1438 5238 hannos
1491 5166 1548 5216 et
1595 5179 1797 5219 omnes
1841 5165 1912 5219 de

265 5237 715 5308 quibuscunque
736 5235 1368 5308 forfacturisjustitias,
1402 5250 1552 5304 quas
1582 5238 1911 5308 antecesso-

267 5306 360 5364 res
384 5309 477 5364 sui
510 5306 844 5378 tenuerunt,
875 5313 1012 5376 etc.,
1038 5306 1130 5362 an.
1165 5323 1244 5362 MC
1274 5306 1546 5379 Romanae
1578 5306 1734 5379 sedis
1766 5323 1910 5379 prae-

265 5380 491 5458 sidente
511 5379 726 5458 domno
748 5375 899 5458 papa
925 5375 1637 5458 Piaynero,.cognominato
1659 5375 1910 5458 Pascha-

267 5453 375 5519 sio,
419 5451 724 5507 Bernensis
748 5448 1040 5506 'ec'clesias'.
1065 5448 1633 5520 archiepiscopatum
1678 5454 1911 5508 tenente

267 5517 556 5588 Manasse,
609 5526 822 5578 sanctae
851 5519 1156 5578 Ambianis
1209 5517 1463 5574 ecclesia:
1515 5520 1818 5578 Perrevino
1851 5522 1906 5589 [l.

265 5593 533 5664 Gervino]
572 5593 864 5664 pontiﬁce,
917 5592 1256 5664 Normanno
1292 5590 1471 5662 hujus
1517 5589 1626 5647 loci
1679 5593 1907 5662 abbate,

268 5661 534 5742 Philippo
563 5661 696 5741 rege
726 5681 862 5723 cum
889 5661 1008 5722 ﬁlio
1047 5661 1332 5724 Ludovico
1360 5661 1513 5722 anno
1541 5680 1628 5723 xc.
1661 5661 1908 5726 Francoé

2021 5102 2128 5152 etc.
2159 5096 2278 5169 Sig.
2312 5097 2721 5169 Agnetismeae
2749 5096 2907 5169 ﬁliae.

2092 5169 2168 5239 (2)
2204 5167 2264 5222 In
2296 5167 2612 5240 chartario
2647 5168 2933 5240 scriptum
2992 5171 3136 5235 erat,
3191 5185 3336 5225 anno
3392 5167 3673 5240 incarnati

2023 5237 2179 5295 Verbi
2205 5237 2504 5312 millesimo
2531 5237 2944 5312 quadragesimo
2965 5256 3145 5303 nono;
3173 5244 3235 5296 at
3265 5239 3672 5312 reponendum

2018 5313 2266 5383 septimo,
2301 5310 2350 5365 si
2380 5308 2622 5366 indictio
2652 5308 2756 5367 hic'
2779 5315 2933 5368 recte
2965 5313 3184 5384 scripta
3201 5315 3312 5380 est,
3330 5308 3523 5366 'ducto
3555 5308 3670 5365 cal-

2020 5382 2150 5437 culo
2185 5381 2408 5436 Henrici
2470 5381 2632 5438 regni
2664 5382 2737 5437 ab
2767 5383 2896 5438 eius
2925 5383 3318 5438 coronatione.
3351 5398 3504 5438 anno
3535 5381 3674 5436 1027

2020 5398 2150 5437 cqu
2185 5398 2408 5436 ﬂeDI‘ICI
2470 5398 2632 5454 regni
2664 5398 2737 5437 an
2767 5399 2798 5438 e
2826 5400 2896 5438 us
2925 5398 3318 5453 coronauone,
3351 5398 3504 5438 anno
3535 5398 3669 5436 1UZI

2021 5454 2189 5510 facta.
2222 5453 2431 5528 Confer
2455 5451 2738 5528 placitum
2757 5400 3009 5528 Pbilippi
3039 5454 3196 5528 regis
3225 5456 3430 5528 contra
3449 5451 3673 5528 Alb_eri-

2019 5542 2154 5599 cum
2183 5523 2647 5599 Cauciasensem.
2670 5525 2775 5580 Hic
2805 5523 3246 5599 extraordinarii
3267 5525 3504 5599 signum
3521 5523 3672 5599 Hen-

2020 5596 2122 5654 rici
2154 5596 2308 5672 regis
2329 5595 2584 5672 positum
2611 5599 2720 5667 est,
2755 5597 2909 5670 quod
2926 5597 3179 5671 primum
3217 5595 3351 5655 esse
3373 5596 3670 5654 debuerat.
