3976 6350
204 370 366 452 loss

1289 385 1680 453 HENRICUS
1722 390 1772 453 Ι.
1818 385 2303 454 FRANCORUM
2345 385 2534 452 REX.

3454 387 3614 452 1030

205 521 493 589 videlicet,
526 525 584 578 et
613 519 765 592 Filii,
794 523 852 579 et
880 522 1125 596 spiritus
1156 524 1365 592 sancti,
1397 540 1502 597 ego
1558 525 1855 581 Hsumcus
1884 525 1939 593 Α
1966 523 2214 579 libenter
2243 522 2629 578 succedendo.
2663 521 2863 594 Neque
2908 520 3063 578 enim
3094 521 3289 578 locum
3316 522 3491 585 ofﬁcii
3522 522 3611 576 vel

202 611 564 668 Francorum
593 628 695 669 rex
719 612 822 669 Dei
852 613 1060 687 gratia.

275 701 337 758 Si
368 717 509 775 erga
537 701 760 758 cultum
795 708 1130 759 sanctorum
1160 707 1217 759 et
1246 703 1554 760 utilitatem
1586 703 1857 760 ecclesia-

201 806 338 846 rum
369 790 747 863 antiquorum
771 792 1063 849 institutio
1097 809 1200 849 nos
1228 792 1411 849 voluit
1440 810 1567 849 esse
1597 794 1854 858 devotos,

202 882 425 952 quanto
455 880 646 954 magis
679 896 818 954 erga
867 881 1227 954 singularem
1259 882 1602 938 memoriam
1645 886 1857 937 nostrae
1909 897 1913 901 ·

201 968 566 1035 salvationis,
589 970 857 1027 videlicet
884 970 983 1026 Dei
1004 970 1276 1039 Genitris,
1311 978 1487 1043 quam
1512 975 1644 1043 post
1674 976 1856 1026 Deum

202 1057 500 1115 credimus
530 1064 588 1115 et
617 1059 969 1117 confidimus
1000 1077 1116 1115 non
1148 1059 1339 1116 solum
1386 1064 1598 1139 nostrae
1649 1059 1857 1115 salutis

202 1146 678 1216 amminiculum,
706 1149 806 1204 sed
838 1152 895 1205 et
924 1148 1163 1221 plenum
1193 1149 1462 1205 effectum
1491 1150 1504 1205 !
1538 1148 1701 1205 Unde
1753 1164 1856 1221 pro

201 1235 595 1308 acquisitione
622 1241 846 1294 internae
876 1236 1172 1294 felicitatis
1198 1237 1519 1294 admodum
1548 1236 1855 1303 sollicitus,

200 1324 592 1399 circumspexi
623 1326 674 1382 si
704 1326 859 1383 circa
883 1343 979 1383 me
1007 1326 1228 1399 aliquid
1248 1327 1706 1400 haberem,quod
1728 1327 1858 1397 ejus

203 1414 584 1472 famulatuiet
595 1417 992 1488 promerendm
1013 1416 1211 1489 gratiae
1232 1416 1570 1490 impendere
1591 1432 1853 1489 possem;

202 1506 262 1558 et
289 1503 401 1561 hoc
430 1503 578 1561 mihi
611 1504 1044 1578 aliquantisper
1072 1506 1349 1578 cogitanti
1382 1507 1452 1562 ad
1512 1506 1857 1562 memoriam

201 1592 378 1649 rediit
434 1591 854 1650 canonicorum
910 1594 1287 1650 Carnotensis
1341 1592 1619 1661 ecclesiae,
1680 1611 1856 1666 quam

202 1682 423 1754 saepius
452 1682 908 1751 inculcaverant,
939 1683 1160 1755 petitio,
1194 1700 1296 1756 per
1326 1700 1503 1755 quam
1537 1702 1571 1739 a
1612 1683 1859 1739 diversis

201 1769 665 1827 exhibitionibns
685 1775 743 1827 et
772 1772 1069 1827 exactione
1098 1770 1354 1841 illa,quze
1376 1771 1599 1843 vulgari
1625 1772 1860 1827 nomine

1969 612 2166 668 sedem
2198 611 2566 667 celsitudinis
2595 612 2933 684 usurpando
2964 616 3236 684 appetere
3287 612 3481 677 debet,
3513 612 3611 685 qui

1965 701 2094 773 ejus
2124 701 2391 756 effectum
2422 700 2716 756 vindicare
2744 717 2859 757 non
2888 702 3083 756 audet.
3103 701 3263 756 Unde
3286 719 3391 757 nos
3412 700 3614 756 libera-

1966 789 2189 845 litatem
2240 794 2299 845 et
2329 789 2791 846 munificentiam
2823 805 3026 861 regum
3076 797 3133 845 et
3170 791 3610 862 imperatorum,

1967 878 2181 950 quibus
2213 895 2347 933 cum
2379 879 2568 933 officio
2593 882 2720 934 tum
2751 878 3159 951 dignitate,Dei
3189 879 3377 951 gratia
3405 896 3616 951 praeve-

1968 968 2184 1034 niente,
2218 967 2633 1037 successimus,
2694 984 2798 1039 pro
2829 985 2997 1040 posse
3042 971 3445 1039 exsequentes,
3476 985 3614 1041 erga

1965 1056 2093 1113 loca
2123 1059 2460 1112 sanctorum
2492 1062 2547 1112 et
2593 1057 3076 1130 congregationes
3120 1056 3376 1112 ﬁdelium
3408 1057 3614 1112 divinae

1967 1145 2259 1216 majestati
2295 1145 2729 1213 famulantium,
2762 1146 2846 1201 ita
2886 1144 3158 1201 liberales
3187 1150 3244 1201 et
3272 1145 3463 1201 devoti
3491 1146 3614 1202 cul-

1964 1237 2119 1290 tores
2151 1251 2278 1290 esse
2316 1234 2608 1304 cupimus,
2669 1238 2736 1290 ut
2789 1236 2861 1290 ab
2919 1252 3122 1290 eorum
3178 1235 3515 1291 excellentia
3561 1238 3617 1290 et

1965 1323 2233 1397 largitate
2262 1325 2493 1381 desides
2523 1328 2581 1380 et
2609 1326 2923 1397 degeneres
2954 1342 3081 1380 esse
3137 1341 3253 1380 non
3291 1324 3613 1380 videamur.

1968 1413 2034 1467 Et
2062 1412 2193 1468 licet
2222 1412 2332 1468 hoc
2361 1413 2420 1467 in
2443 1429 2756 1468 commune
2777 1413 3051 1468 omnibus
3068 1412 3329 1468 ecclesiis
3351 1412 3615 1468 debueri-

1968 1519 2123 1569 mus,
2159 1506 2223 1557 ut
2242 1502 2326 1557 eis
2339 1500 2770 1557 amminiculari
2794 1506 2848 1556 et
2872 1502 3177 1556 subvenire
3199 1501 3617 1574 dignumjudi-

1968 1606 2259 1660 caremus,
2292 1590 2529 1646 illorum
2565 1595 2761 1646 tamen
2820 1590 3237 1645 necessitudini
3271 1591 3618 1664 propensius

1968 1681 2249 1736 debemus
2280 1680 2471 1735 debito
2501 1686 2557 1735 et
2588 1679 2810 1735 ratione
2864 1680 3321 1735 condescendere
3357 1697 3526 1751 ,quos
3559 1680 3617 1735 in

1969 1770 2202 1824 servitio
2236 1773 2435 1825 nostro
2477 1769 2805 1833 insudasse,
2866 1774 2923 1823 et
2972 1768 3032 1822 in
3092 1768 3365 1824 fidelitate
3420 1773 3621 1825 nostra

200 1858 439 1915 Vicaria
465 1864 722 1929 Vocatur,
754 1860 923 1916 illum
954 1860 1286 1927 ﬁsCum,cui
1316 1860 1862 1932 Unigradus[al.1n-
1890 1894 1938 1960 Β
1972 1857 2218 1930 contigit
2243 1856 2650 1913 vehementius
2679 1856 3029 1912 elaborasse.
3065 1857 3278 1911 Notum
3331 1856 3620 1928 siquidem

201 1949 455 2022 graium]
472 1948 818 2006 vocabulum
838 1949 1203 2018 est,liberum
1218 1954 1274 2005 et
1294 1949 1558 2022 quietum
1583 1950 1856 2022 deinceps

203 2054 337 2094 esse
362 2038 759 2094 concederem.
793 2039 912 2111 Ego
936 2055 1072 2094 vero
1104 2037 1400 2111 petitionis
1439 2038 1702 2111 ipsorum
1762 2056 1858 2095 ex-

203 2128 541 2202 aggerando
566 2126 891 2195 cumulum,
924 2127 1197 2183 universa
1223 2128 1476 2183 concedo
1498 2142 1859 2199 quaecunque

203 2216 484 2290 quaelibet
510 2221 667 2273 terra
695 2217 917 2290 praefati
950 2216 1075 2271 fisci
1108 2216 1253 2271 mihi
1284 2220 1341 2272 et
1388 2216 1534 2271 meis
1578 2216 1861 2272 hactenus

202 2305 532 2380 persolvere
561 2308 962 2374 consueverat,
1016 2308 1308 2377 quatenus
1339 2304 1396 2359 in
1431 2320 1497 2359 eo
1528 2304 1862 2360 habitantes

202 2394 393 2452 tutius
422 2395 631 2464 vivere,
682 2399 740 2451 et
768 2395 982 2451 idcirco
1019 2410 1383 2468 quaecunque
1414 2394 1487 2449 ab
1514 2394 1597 2449 eis
1652 2393 1861 2449 usibus

202 2484 624 2543 canonicorum
665 2484 972 2549 debentur,
1030 2481 1261 2555 plenius
1318 2483 1547 2538 valeant
1599 2483 1860 2550 reddere,

202 2573 464 2648 exceptis
494 2576 748 2646 quatuor
786 2571 1051 2628 sextariis
1080 2572 1200 2628 vini
1231 2573 1303 2627 de
1362 2587 1715 2643 unoquoque
1771 2587 1862 2625 ar-

204 2680 421 2738 penno,
457 2679 607 2735 quos
631 2661 777 2717 mihi
809 2660 1204 2717 advocationis
1235 2660 1423 2733 gratia
1454 2660 1686 2726 retinui,
1720 2677 1862 2731 qua-

203 2752 372 2808 tinus
400 2751 451 2807 si
481 2751 539 2807 in
567 2755 865 2825 posterum
897 2750 1031 2822 quis
1080 2750 1129 2806 ei
1163 2750 1302 2804 fisco
1329 2749 1605 2821 injuriam
1650 2749 1864 2805 inferre

205 2841 543 2909 tentaverit,
574 2855 708 2913 rege
739 2838 1056 2896 auxiliante
1079 2855 1352 2911 superno,
1389 2855 1482 2894 me
1521 2839 1862 2894 advocatum

207 2928 325 2986 sibi
348 2928 565 2985 sentiat
594 2945 723 2985 esse
752 2928 1052 2984 infestum.
1078 2928 1147 2983 Et
1176 2931 1242 2983 ut
1266 2932 1475 2983 nostra:
1498 2925 1866 2983 liberalitatis

210 3017 622 3074 muniﬁcentia
649 3017 923 3073 omnibus
938 3021 1153 3072 sanctae
1168 3016 1374 3071 matris
1387 3016 1658 3071 Ecclesiae
1681 3014 1865 3072 ﬁdeli-

207 3107 324 3163 bus
349 3108 408 3162 et
436 3105 655 3171 nostris
678 3109 834 3162 esset
855 3109 1010 3172 nota,
1035 3121 1267 3160 summo
1311 3104 1504 3160 studio
1534 3108 1592 3160 et
1621 3103 1866 3178 diligen-

204 3196 291 3252 tia
316 3193 691 3268 praecipimus
721 3193 945 3250 exarari
974 3197 1033 3250 et
1064 3192 1241 3266 sigilli
1268 3192 1450 3248 noslri
1479 3192 1866 3265 impressione

188 3284 435 3358 signari
460 3300 473 3340 :
509 3280 799 3356 quatenus
831 3284 987 3356 quod
1019 3299 1199 3338 manu
1229 3282 1466 3355 propria
1486 3282 1651 3354 signo
1672 3282 1864 3338 crucis
1895 3258 1937 3325 (ἶ

203 3374 497 3447 impresso
527 3373 847 3430 statuimus
877 3387 1004 3428 esse
1037 3376 1253 3439 ratum,
1287 3388 1390 3443 per
1419 3370 1712 3426 curricula
1732 3388 1863 3427 sue-

205 3462 543 3519 cedentium
572 3465 907 3534 temporum
950 3464 1187 3515 maneat
1232 3459 1662 3515 inconvulsum.
1696 3460 1767 3515 Et
1815 3460 1866 3515 si

207 3552 346 3625 quis
374 3551 558 3624 hujus
586 3549 990 3607 conventionis
1048 3565 1177 3606 esse
1233 3549 1542 3604 tentaverit
1597 3548 1863 3619 violator,

206 3641 368 3713 quod
393 3640 568 3710 absit,
601 3639 750 3696 iram
773 3638 874 3695 Dei
904 3638 1184 3706 incurrat,
1200 3642 1376 3710 atque
1405 3642 1606 3693 nostra
1636 3642 1863 3693 nostro-

207 3732 463 3803 rumque
484 3728 827 3787 auctoritate
844 3728 1141 3784 convictus
1158 3727 1517 3792 abscedat,et
1539 3743 1640 3798 pro
1661 3726 1866 3782 illicita

206 3817 667 3892 praesumptione
696 3817 822 3873 auri
849 3817 1029 3873 libras
1060 3820 1295 3872 centum
1355 3815 1531 3888 regali
1564 3816 1703 3871 fisco
1735 3831 1863 3887 per-

205 3908 417 3965 solvat.
1218 3922 1223 3929 '

278 4001 489 4054 Actum
521 3993 751 4069 publice
781 3994 1038 4051 Parisius
1069 4011 1222 4051 anno
1251 3993 1424 4051 Verbi
1448 3993 1668 4049 incarn.
1705 3992 1863 4062 1048,

200 4085 524 4143 indictione
553 4084 764 4157 prima,
797 4087 1078 4157 regnante
1107 4083 1355 4139 Henrico
1377 4099 1509 4155 rege
1525 4099 1663 4137 xvni
1690 4099 1863 4148 anno,

196 4192 276 4231 xv
305 4172 601 4230 Kalendas
628 4173 785 4229 Maii.

195 4353 572 4423 Privilegz‘um
609 4367 712 4422 pro
740 4352 1070 4407 monasterio
1100 4351 1289 4407 Sancti
1347 4350 1656 4423 Theoderici
1703 4366 1871 4422 prope

275 4422 488 4481 Rembs.
522 4454 592 4462 —
619 4423 848 4494 Adjutus
895 4439 995 4478 rex
1024 4423 1091 4477 ab
1122 4424 1339 4478 Alberto
1367 4422 1559 4478 abbate
1613 4423 1673 4477 in
1698 4437 1868 4492 expu-

278 4496 545 4566 gnatione
605 4493 967 4560 Cestri-Novi,
1023 4496 1141 4566 ejus
1206 4496 1604 4550 monasterium
1659 4510 1693 4547 a
1733 4494 1870 4566 jugo

279 4565 669 4622 advocatorum
694 4574 745 4622 et
770 4567 1149 4622 vcxatz'onz'bus
1205 4566 1720 4622 archidz’aconorum
1773 4565 1868 4619 ab-

279 4639 458 4695 solvit.

778 4708 965 4780 (Circa
994 4724 1087 4763 an.
1116 4707 1296 4778 1050.)

280 4797 451 4871 [Dom
482 4796 782 4863 MABTENE,
811 4797 987 4871 Ampi.
1018 4795 1275 4871 collect_.,_
1300 4796 1340 4863 Ι,
1374 4797 1499 4863 422,
1534 4811 1602 4851 ex
1631 4811 1742 4850 ms.

792 4874 850 4923 S.
886 4868 1275 4937 Theodorici.]

276 4975 341 5033 In
373 4974 611 5033 nomine
642 4978 853 5032 sancta:
876 4978 933 5030 et
963 4972 1275 5031 individuse
1294 4973 1625 5028 Trinitatis.
1660 4973 1775 5045 Ego
1794 4973 1848 5043 (3

198 5065 523 5132 Hsumcus,
556 5064 744 5138 gratia
775 5064 872 5119 Dei
904 5064 1260 5120 Francorum
1295 5062 1865 5129 rex,successoribus

200 5154 350 5211 meis
370 5152 611 5225 regibus
643 5168 846 5225 pacem
881 5157 937 5209 et
959 5151 1230 5208 salutem.

275 5242 483 5299 Omnis
514 5241 850 5316 quicunque
890 5240 1066 5298 alicui
1096 5242 1157 5297 in
1205 5240 1404 5314 aliquo
1435 5239 1739 5314 dignitatis
1770 5257 1864 5312 ge-

204 5348 342 5389 nere
370 5331 651 5401 succedit,
701 5332 830 5403 ejus
876 5330 1141 5387 imitator
1194 5345 1322 5387 esse
1380 5329 1554 5386 debet
1591 5329 1652 5384 in
1705 5329 1867 5385 omni

204 5419 533 5478 honestatis
557 5418 876 5494 proposito,
927 5420 1098 5491 cujus
1155 5418 1345 5475 ofﬁcio
1403 5435 1465 5475 se
1510 5418 1866 5491 mancipavit

249 5545 355 5628 ⁶,(3)
384 5543 659 5628 Aliquam
686 5542 866 5628 hujus
885 5542 1224 5628 diplomatis
1250 5541 1713 5628 partemnedidit
1740 5541 1866 5597 Ma-

203 5614 566 5755 gllqlniglsin
579 5614 1296 5675 AnnalibusBenedictinis
1308 5614 1550 5673 tom.lV:
1570 5614 1865 5689 integrum

268 5705 301 5747 e
370 5705 405 5748 a
470 5704 562 5748 us.

1969 1950 2055 2002 est
2087 1947 2361 2002 omnibus
2391 1962 2537 2019 pene
2566 1945 2731 2019 regni
2764 1944 3064 2001 Gallorum
3095 1944 3302 2000 incolis
3333 1950 3622 2016 quantum

1966 2036 2226 2092 laborem
2260 2035 2723 2107 impenderimus
2752 2034 2811 2089 in
2842 2035 3106 2105 captione
3127 2033 3303 2089 castri
3329 2034 3484 2106 quod
3516 2034 3625 2089 No-

1969 2143 2107 2180 vum
2140 2129 2395 2180 vocatur.
2427 2125 2511 2178 Ad
2544 2141 2719 2196 quam
2751 2127 2984 2179 strenue
3006 2127 3062 2178 et
3089 2122 3332 2179 viriliter
3347 2139 3625 2197 peragen-

1970 2215 2130 2280 dam,
2180 2230 2461 2285 magnum
2515 2213 2776 2269 solamen
2839 2212 3008 2267 nobis
3067 2211 3317 2283 praebuit
3345 2212 3508 2267 locus
3564 2217 3621 2267 S.

1972 2300 2358 2357 Bartholomei
2392 2302 2491 2371 (/1),
2524 2300 2757 2355 Alberto
2788 2302 2919 2370 ejus
2977 2300 3085 2354 loci
3146 2304 3287 2354 tunc
3342 2300 3625 2372 temporis

1972 2391 2196 2457 abbate,
2225 2390 2535 2462 diligenter
2563 2394 2619 2444 et
2649 2393 2982 2444 constanter
3010 2389 3151 2443 adeo
3206 2387 3531 2456 insistente,
3561 2394 3626 2445 ut

1973 2481 2147 2537 etiam
2179 2497 2213 2534 a
2243 2478 2389 2534 meis
2421 2494 2574 2549 saepe
2621 2477 2884 2533 monitus
2939 2492 3150 2543 essem,
3204 2482 3269 2531 ut
3324 2477 3375 2531 ei
3408 2478 3624 2533 bonam

1970 2570 2155 2623 vicem
2186 2568 2510 2634 redderem,
2560 2570 2616 2621 et
2663 2565 2905 2638 dignam
2958 2565 3488 2621 remunerationem
3519 2582 3624 2637 pro

1974 2657 2179 2714 merito
2247 2656 2592 2712 conferrem.
2654 2653 2778 2718 Qua
2832 2653 3232 2726 persuasionis
3290 2654 3625 2710 inductione

1975 2763 2241 2804 meorum
2274 2748 2640 2818 provocatus,
2677 2742 2993 2798 deliberavi
3024 2759 3279 2814 quaerere
3309 2744 3449 2815 quid
3481 2762 3626 2816 pras-

1975 2836 2127 2891 dicto
2157 2834 2281 2889 loco
2312 2837 2370 2890 et
2399 2833 2597 2889 abbati
2628 2848 2861 2905 possem
2893 2830 3163 2887 exhibere
3195 2849 3297 2911 pro
3330 2832 3625 2889 suixbene-

1976 2925 2091 2980 ficii
2123 2928 2179 2979 et
2207 2922 2426 2979 laboris
2456 2920 2946 2977 remuneratione.
2981 2921 3093 2975 Sed
3148 2936 3280 2976 cum
3312 2922 3626 2992 comperis-

1975 3030 2100 3070 sem
2131 3014 2203 3069 ab
2236 3012 2445 3068 abbate
2474 3015 2530 3066 et
2555 3009 2983 3065 habitatoribus
3029 3008 3137 3064 loci
3188 3009 3627 3066 advocationem

1975 3101 2242 3169 abbatiae,
2276 3117 2455 3172 quam
2486 3098 2724 3171 quidem
2754 3097 3053 3154 castellani
3078 3102 3405 3165 tenuerant,
3430 3084 3541 3154 sibi
3572 3103 3631 3154 et

1976 3191 2101 3247 suis
2120 3190 2299 3246 fuisse
2318 3189 2686 3257 infestam,eo
2705 3188 2861 3259 quod
2887 3187 3101 3242 multas
3128 3186 3377 3257 injurias
3397 3187 3629 3259 publice

1975 3284 2029 3336 et
2080 3279 2351 3352 privatim
2381 3294 2486 3350 per
2513 3293 2642 3333 eam
2670 3275 2933 3348 perpessi
2991 3276 3242 3343 fuerant,
3277 3275 3518 3331 consilio
3574 3280 3632 3332 et

1975 3368 2389 3441 astipulatione
2421 3381 2708 3433 meorum,
2753 3365 2880 3436 jam
2910 3362 3128 3419 dictam
3189 3363 3627 3419 advocationem

1974 3474 2105 3513 cum
2136 3455 2417 3513 beneﬁcio
2438 3455 2510 3510 ad
2541 3470 2668 3510 eam
2701 3452 3049 3525 pertinente,
3081 3451 3354 3523 pracdicto
3389 3453 3629 3511 omnino

1975 3545 2377 3603 concessimus
2405 3543 2550 3599 loco.

2046 3634 2266 3690 Deinde
2296 3636 2508 3689 nostrae
2557 3630 2856 3687 serenitati
2888 3633 3316 3702 suggesserunt
3369 3629 3525 3701 quod
3557 3629 3629 3684 ab

1975 3720 2513 3793 archidiacono,qui
2528 3723 2866 3793 procurator
2886 3723 2942 3774 et
2956 3718 3218 3792 provisor
3233 3718 3497 3789 ejusdem
3518 3716 3629 3773 loci

1975 3813 2045 3868 ad
2071 3811 2381 3868 utilitatem
2438 3825 2567 3865 esse
2622 3809 2924 3876 debuerat,
2984 3807 3172 3862 multa
3219 3807 3331 3862 sub
3389 3806 3626 3862 obtentu

1974 3899 2269 3958 canonicze
2327 3898 2715 3955 institutionis
2771 3897 3147 3970 patiebantur
3203 3896 3463 3951 adversa.
3521 3895 3630 3951 Pro

1975 3991 2192 4062 quibus
2222 3988 2436 4061 sacpius
2468 3988 2621 4061 apud
2667 3984 3170 4058 archiepiscopum
3205 3984 3631 4057 proclamantes

1976 4078 2354 4136 saecularibus
2385 4077 2633 4151 negotiis
2664 4074 3103 4148 archiepiscopo
3134 4073 3350 4147 saepius
3382 4074 3627 4143 intento,

1974 4185 2176 4242 pacem
2209 4167 2534 4224 secundum
2565 4166 2721 4239 quod
2751 4164 3073 4231 voluerant,
3107 4169 3163 4219 et
3222 4163 3335 4219 sibi
3394 4178 3631 4219 necesse

1976 4260 2185 4325 fuerat,
2244 4274 2361 4313 non
2421 4256 2818 4312 obtinuerunt.
2878 4254 2996 4309 Hac
3048 4253 3395 4309 necessitate
3425 4251 3630 4333 coacti,

1975 4348 2148 4403 nobis
2172 4346 2590 4401 intimaverunt
2618 4344 2757 4417 quid
2797 4342 3191 4415 patiebantur,
3212 4339 3457 4397 adversi.
3486 4338 3631 4395 Huic

1975 4435 2337 4508 compatiens
2379 4432 2806 4506 conquestioni,
2866 4430 3255 4487 amicabiliter
3311 4445 3629 4502 aggressus

1977 4542 2108 4581 sum
2133 4522 2607 4595 archipiseopum
2644 4537 2776 4576 cum
2818 4519 3073 4576 ecclesiae
3124 4517 3627 4584 ministerialibus,

1896 4631 1944 4695 Β
1976 4618 2181 4687 petens
2194 4617 2259 4668 ut
2277 4612 2431 4683 quod
2448 4615 2648 4666 contra
2662 4624 2954 4665 canonum
2977 4610 3197 4661 statuta
3224 4610 3279 4662 et
3300 4603 3629 4695 apostolicae

1977 4703 2133 4759 sedis
2162 4703 2393 4757 decreta
2442 4698 2748 4773 perspicue
2803 4695 3156 4765 injuriosum
3188 4696 3331 4760 erat,
3389 4692 3629 4748 omnino

1972 4790 2563 4865 praetermitterent,et
2592 4784 2879 4858 quidquid
2905 4782 3199 4839 malorum
3229 4781 3381 4855 exigi
3401 4785 3630 4854 poterat

1973 4882 2082 4938 sub
2115 4879 2306 4953 specie
2335 4877 2494 4946 boni,
2529 4892 2707 4932 causa
2738 4873 2924 4930 nostri
2968 4871 3185 4929 amoris
3215 4875 3274 4926 et
3329 4869 3630 4943 petitionis

1973 4970 2213 5027 omnino
2246 4965 2688 5037 frustrarentEt
2716 4962 2898 5034 hujus
2922 4961 3217 5035 petitionis
3240 4958 3629 5016 conditionem

1974 5064 2283 5133 postquam
2316 5057 2388 5112 ab
2420 5056 2537 5110 illis
2569 5071 2683 5110 non
2716 5051 3040 5110 voluntarie
3097 5050 3343 5120 obtinui,
3376 5050 3487 5105 sub
3518 5049 3627 5104 im-

1974 5148 2274 5221 pressione
2311 5144 2496 5201 nostri
2528 5143 2706 5217 sigilli
2738 5142 3036 5215 scriptam,
3097 5145 3153 5196 et
3183 5139 3456 5196 manibus
3486 5138 3627 5194 ﬁde-

1974 5237 2120 5292 lium
2153 5241 2488 5291 nostrorum
2521 5232 2978 5297 corroboratam,
3040 5229 3325 5302 praedictae
3376 5227 3627 5284 ecclesiae

1973 5325 2205 5399 publice
2236 5321 2680 5388 contulimus,et
2708 5336 2812 5393 per
2831 5334 3139 5375 assensum
3163 5321 3507 5373 cunctorum
3526 5315 3626 5386 qui

1974 5415 2269 5471 affuerunt
2292 5408 2779 5468 contradidimus.
2802 5407 3065 5464 Petimus
3093 5422 3230 5479 ergo
3261 5418 3626 5463 successores

2052 5539 2129 5610 (4)
2161 5538 2348 5610 Locus
2404 5537 2465 5593 S.
2517 5533 2921 5610 B‘arlholomaei
2974 5536 3062 5610 est
3116 5528 3536 5610 monasterium
3567 5531 3623 5582 S.

1974 5599 2321 5668 Theoderici
2346 5624 2525 5681 prope
2548 5606 2957 5678 Remos,cujus
2970 5602 3067 5681 ille
3087 5599 3387 5674 apostolus
3408 5599 3624 5674 prima-

1974 5683 2098 5744 rius
2128 5675 2413 5760 patronus
2441 5675 2725 5740 hactenus
2756 5675 3115 5753 agnoscitur.
