3976 6382
375 413 542 475 W081

1758 405 2086 474 MONUMV
2119 406 2436 472 DIPLOM.

3628 404 3812 469 103B

391 549 621 601 nostros
653 547 718 600 ut
762 543 1050 616 quidquid
1081 560 1184 616 pro
1209 543 1405 599 salute
1436 543 1766 598 animarum
1798 559 2040 598 suarum
2069 545 2124 610 Α
2155 543 2302 598 duas
2323 540 2599 598 ecclesias
2625 545 2682 596 et
2707 540 3080 596 medietatem
3101 539 3290 612 ipsius
3312 538 3478 594 villis.
3513 538 3576 594 In
3611 535 3809 596 castro

394 633 730 700 statuerint,
759 639 818 688 et
862 632 1042 688 velint
1095 650 1222 688 sese
1264 633 1319 686 in
1382 635 1749 704 perpetuum,
1807 632 1887 685 ita
1937 632 2046 688 hoc

395 726 662 776 nostrum
695 725 978 777 statutum
1004 737 1108 792 per
1135 720 1424 775 curricula
1455 725 1916 792 temporum.pcr
1945 737 2046 776 eos

385 814 593 866 contra
613 811 1018 882 episcoporum
1042 809 1313 864 alumnos
1335 814 1595 864 servetur
1615 808 2042 864 inconvulsum.

388 899 510 954 Hoc
541 904 735 954 autem
769 901 980 954 nostra;
997 897 1363 954 auctoritatis
1381 901 1836 969 preeceptumme
1865 896 2045 954 alicu-

375 989 482 1059 jus
511 988 814 1044 temeritas
839 991 1040 1043 contra
1071 988 1158 1043 fas
1172 991 1229 1042 et
1250 987 1389 1058 jura
1406 985 1620 1042 violare
1643 989 2040 1059 praesumeret,

386 1077 446 1132 in
479 1093 759 1132 concessu
781 1077 1190 1148 episcOporum
1225 1079 1562 1130 nostrorum
1592 1075 2044 1142 firmavimus,et

386 1183 488 1239 per
518 1181 718 1222 eorum
751 1164 1410 1222 excommunicationem
1443 1165 1967 1232 corroboravimus,
1987 1168 2044 1220 et

386 1255 694 1326 prasentia
723 1256 800 1326 (5)
831 1271 990 1326 papae
1023 1253 1094 1309 ad
1126 1253 1236 1309 hoc
1259 1251 1412 1309 idem
1440 1253 1773 1308 faciendum
1797 1269 2042 1325 prasen-

386 1343 496 1399 tari
520 1342 832 1415 jussimus.
867 1342 1318 1398 Conventionem
1360 1341 1610 1414 denique
1642 1359 1818 1414 quam
1852 1341 2040 1397 archi-

382 1430 692 1502 episcopus
723 1435 778 1485 et
809 1430 1258 1487 archidiaconus
1289 1430 1600 1486 nobiscum
1660 1431 2041 1485 ﬁrmaverunt

385 1525 440 1575 et
461 1519 615 1591 pacti
639 1521 1024 1592 sunt,scripto
1041 1519 1222 1574 nostri
1244 1519 1515 1592 praecepti
1539 1519 1794 1576 inserere
1817 1517 2039 1591 placuit

383 1624 453 1663 ne
483 1608 616 1678 quis
649 1607 707 1662 in
739 1611 1036 1680 posterum
1085 1612 1426 1680 emergeret,
1473 1609 1572 1679 qui
1629 1607 1764 1662 inde
1813 1606 2035 1678 aliquid

383 1697 594 1754 addere
641 1696 729 1752 vel
779 1697 1065 1766 minuere,
1129 1713 1232 1752 seu
1289 1701 1654 1753 commutare
1713 1695 2036 1768 aliquando

381 1789 597 1858 posset.

1160 1891 1228 1946 V.

2157 632 2226 689 de
2271 631 2827 686 Monte-Vasconum
2863 629 3166 702 capellam.
3199 628 3263 684 In
3293 627 3430 683 villa
3458 629 3516 683 S.
3552 627 3811 684 Victoris

2155 720 2303 775 duas
2352 719 2627 775 ecclesias
2653 735 2665 774 :
2687 719 2746 773 in
2777 717 3068 774 territorio
3100 717 3346 774 Rocensi
3401 715 3715 772 ecclesiam
3747 717 3808 773 S.

2153 807 2437 864 Desiderii
2459 824 2550 880 ep.
2575 811 2634 863 et
2663 811 2834 862 mart.
2858 807 2921 862 In
2961 806 3256 862 territorio
3305 805 3710 878 Lugdunensi,
3747 806 3810 860 in

2151 895 2288 952 villa
2327 913 2453 968 quae
2475 897 2692 953 dicitur
2711 895 3006 966 Sociacus,
3029 895 3337 952 ecclesiam
3368 899 3424 950 ὃ.
3459 895 3813 950 Mariaacum

2153 985 2282 1057 ipsa
2336 985 2476 1041 villa
2521 991 2578 1042 et
2608 986 2882 1042 omnibus
2940 987 3012 1040 ad
3073 1002 3200 1040 eam
3259 983 3720 1057 pertinentibus,
3753 987 3816 1040 et

2151 1075 2328 1130 etiam
2355 1073 2631 1147 perplura
2661 1073 2878 1148 praedia
2894 1073 3493 1140 villarum,terrarum
3509 1072 3813 1128 cultarum

2151 1168 2208 1218 et
2265 1163 2644 1232 incultarum,
2698 1163 3000 1228 silvarum,
3057 1163 3383 1230 vinearum,
3417 1178 3709 1234 aquarum
3752 1165 3812 1218 et

2150 1268 2525 1325 pascuorum.
2543 1251 2822 1324 Quisquis
2841 1257 3037 1307 autem
3065 1251 3321 1324 aliquam
3343 1250 3808 1307 controversiam

2146 1339 2234 1396 vel
2265 1341 2620 1397 calumniam
2653 1341 2791 1396 huic
2823 1339 3125 1397 donationi
3160 1341 3372 1396 inferre
3409 1355 3805 1412 prasumpse-

2148 1429 2224 1485 rit
2267 1471 2280 1484 .
2327 1472 2339 1484 .
2386 1473 2398 1485 .
2445 1472 2458 1484 .
2501 1429 2702 1502 petitio
2730 1429 2888 1484 illius
2914 1429 3078 1484 irrita
3100 1433 3300 1485 nostro
3337 1433 3624 1501 praecepto
3657 1429 3804 1495 fiat;

2147 1523 2204 1574 et
2234 1519 2491 1591 episcopi
2525 1518 2920 1591 compatriota:
2943 1518 3178 1590 plenam
3208 1517 3528 1574 vindictam
3561 1517 3803 1576 faciant.

2147 1607 2370 1664 Habeat
2384 1613 2577 1664 autem
2596 1609 2872 1680 praedicta
2888 1607 3134 1664 ecclesia
3151 1607 3450 1664 licentiam
3465 1608 3803 1680 adaugendi

2146 1698 2580 1754 etaccrescendi
2597 1699 2772 1768 jussu
2799 1701 3010 1753 nostra:
3038 1697 3386 1769 majestatis.
3419 1697 3486 1752 Et
3509 1696 3804 1768 quidquid

2147 1792 2406 1843 rectores.
2450 1789 2577 1858 ejus
2625 1787 2682 1840 in
2729 1803 3115 1858 quascunque
3157 1779 3354 1858 partes
3402 1785 3589 1841 nostri
3639 1785 3806 1841 salvo

2047 1911 2094 1976 Β
2139 1877 2276 1948 jure
2303 1875 2694 1932 ecclesiastico
2727 1876 3130 1948 acquisierint,
3163 1879 3283 1930 tam
3315 1875 3374 1930 in
3407 1874 3562 1930 villis
3621 1872 3808 1948 quam

379 1981 744 2051 Privilegium
796 1981 1021 2036 Henrici
1074 1982 1100 2036 I
1146 1982 1479 2036 Francorum
1529 1981 1670 2051 regis
1709 1995 1808 2052 pro
1857 1979 2026 2038 Casa?-

2177 1981 2207 2020 n
2261 1965 2513 2036 praediis,
2546 1969 2648 2020 aut
2704 1963 2998 2036 aliquibus
3046 1963 3236 2034 bonis,
3271 1963 3549 2019 ﬁrmitate
3579 1967 3799 2019 nostra;

967 2053 1066 2107 Dei
1092 2055 1444 2107 monasterio.

1031 2161 1162 2227 (An.
1201 2159 1382 2227 1052.)

881 2265 1040 2332 [GalL
1075 2265 1201 2321 Chr.
1237 2265 1306 2332 Il,
1343 2265 1526 2335 1031.]

449 2389 511 2445 In
538 2389 772 2445 nomine
804 2389 1054 2456 Domini,
1087 2394 1196 2444 etc‘

446 2477 1144 2535 Notumessevolumus.
1837 2519 1849 2532 .
1897 2517 1909 2529 .
1957 2516 2028 2530 ..

377 2567 533 2639 quod
562 2572 824 2624 nostram
855 2567 1060 2622 adiens
1118 2566 1631 2623 mansuetudinem
1687 2563 2034 2621 venerabilis

377 2655 464 2710 vir
493 2659 550 2712 et
581 2661 692 2714 Deo
722 2657 938 2728 dignus
962 2655 1248 2711 Robertus
1271 2655 1624 2712 Brivatensis
1643 2653 1960 2710 canonicus
1977 2657 2034 2709 et

378 2744 804 2812 thesaurarius,
837 2761 871 2798 a
901 2743 1138 2798 domino
1193 2745 1480 2799 Rencone.
1526 2786 1538 2798 .
1585 2785 1598 2798 .
1645 2785 1657 2798 .
1705 2746 2030 2798 .Arverno-

379 2850 513 2888 rum
544 2833 816 2904 episcOpo
849 2833 1071 2888 missus
1102 2837 1156 2888 et
1187 2849 1289 2904 per
1317 2831 2028 2898 litteraséommendatus,

377 2921 636 2977 innotuit
664 2909 726 2976 se
757 2920 1054 2992 quandam
1081 2920 1386 2976 ecclesiam
1436 2921 1495 2976 in
1529 2937 1676 2994 pago
1707 2919 2030 2976 Avernensi

376 3009 435 3064 in
468 3024 660 3066 eremo
690 3009 885 3076 sitam,
921 3015 976 3064 et
1006 3009 1148 3066 adeo
1181 3008 1500 3065 honoribus
1531 3008 1894 3080 ampliatam,
1927 3011 2030 3063 Ca-

376 3097 634 3154 sam-Dei
677 3097 1060 3166 nominatam,
1093 3099 1164 3154 ad
1198 3097 1430 3154 culmen
1459 3103 1515 3154 et
1547 3097 1824 3153 honorem
1854 3097 2030 3152 abba-

379 3188 482 3246 tiae.
499 3203 838 3258 promovere
866 3187 1032 3255 velle,
1066 3191 1278 3243 nostrai
1334 3187 1703 3243 liberalitatis
1752 3188 1926 3259 jussu
1977 3191 2034 3242 et

379 3280 682 3349 potestate,
734 3281 790 3332 et
844 3277 1103 3349 episcopi
1160 3277 1252 3334 sui
1311 3277 1716 3349 permissione.
1771 3279 2027 3348 Agentes
2057 3281 2099 3347 ρ,

375 3366 574 3438 itaque
605 3364 915 3422 consilium
949 3382 1258 3422 commune
1285 3382 1420 3421 cum
1451 3365 1790 3438 proceribus
1819 3369 1878 3420 et
1905 3363 2024 3436 pri-

374 3449 640 3522 moribus
669 3453 868 3527 palatii
927 3453 1112 3511 nostri
1169 3454 1536 3510 decrevimus
1593 3454 1721 3524 ejus
1770 3468 2026 3508 annuere

375 3543 662 3616 precibus,
695 3547 752 3600 et
781 3548 900 3599 tam
933 3559 1036 3616 pro
1066 3547 1263 3599 nostro
1320 3545 1404 3614 [f.,
1434 3543 1680 3614 nostra],
1713 3557 1892 3613 quam
1924 3558 2026 3614 pa-

371 3638 530 3688 trum
559 3636 894 3688 nostrorum
915 3631 1413 3706 indulgentia,per
1437 3634 1794 3704 praeceptum
1813 3634 2024 3686 nostra;

371 3714 667 3778 firmitatis
693 3721 1154 3791 authorisamus,
1171 3725 1228 3777 et
1257 3720 1555 3778 abbatiam
1581 3719 1707 3776 fieri
1729 3718 2026 3792 jussimus

369 3815 429 3866 et
458 3809 858 3882 permisimus,
890 3815 1000 3865 etc.

445 3900 766 3955 Omittimus
789 3901 1040 3969 plurima
1094 3899 1158 3955 de
1187 3899 1288 3954 hac
1335 3915 1478 3954 nova
1505 3899 1732 3953 abbatia
1785 3895 2028 3969 ecclesia?

374 3966 808 4024 Claromontensi
858 3970 1118 4040 subjecta,
1177 3987 1301 4025 cum
1346 3985 1509 4024 onere
1559 3966 1900 4040 persolvendi
1926 3982 2026 4040 pro

371 4057 533 4096 censu
567 4040 770 4095 libram
803 4039 1009 4095 incensi
1038 4043 1095 4095 in
1125 4043 1260 4111 festo
1298 4039 1692 4112 Assumptionis
1716 4041 1780 4093 B.
1813 4039 2021 4094 Mariae.

372 4113 600 4182 Reliqua
621 4127 744 4182 qua?
762 4113 1046 4184 continent
1063 4113 1370 4180 catalogum
1383 4113 1785 4184 possessionum
1803 4125 2026 4165 nascen-

370 4185 438 4239 tis
467 4184 792 4238 monasterii
819 4183 1225 4254 descripsimus.

442 4277 602 4328 Dona
631 4273 809 4328 etiam
841 4288 942 4344 pro
992 4272 1087 4326 Dei
1145 4287 1343 4328 amore
1389 4276 1448 4328 et
1503 4271 1712 4328 timore
1768 4269 2026 4326 ecclesia:

371 4361 666 4433 praedictas
695 4377 990 4426 concessa,
1052 4361 1395 4417 auctoritate
1452 4365 1665 4418 nostrae
1699 4356 2026 4432 potestatis

371 4449 756 4522 signavimus,
789 4455 846 4504 et
877 4448 1067 4522 sigillo
1100 4451 1256 4523 regio
1275 4449 1772 4518 conﬁrmavimus,
1805 4448 2028 4504 scilicet

370 4537 426 4594 in
458 4539 662 4594 eadem
693 4537 833 4594 villa
853 4538 1156 4595 ecclesiam
1177 4541 1496 4612 quamdam
1525 4539 1586 4594 in
1618 4539 1902 4594 honorem
1921 4537 2022 4592 SS.

371 4618 693 4714 martyrum
724 4627 932 4685 Vitalis
951 4633 1008 4684 et
1045 4629 1324 4702 Agricolae
1353 4633 1771 4686 consecratam.
1810 4629 1874 4683 In
1903 4629 2024 4681 ter-
2057 4651 2105 4714 Β

369 4712 567 4774 ritario
597 4718 920 4774 Brivatensi
964 4718 1271 4776 ecclesiam
1325 4735 1506 4774 unam
1535 4718 1596 4773 in
1652 4718 1933 4773 honorem
1967 4715 2025 4770 S.

367 4808 610 4864 Andreee
641 4809 711 4863 de
741 4807 972 4880 Comps.
1009 4825 1143 4864 cum
1175 4809 1450 4864 omnibus
1480 4807 1550 4863 ad
1584 4822 1712 4862 eam
1733 4804 2028 4878 pertinen-

375 4896 552 4950 tibus.
587 4896 650 4950 In
680 4897 805 4952 vico
837 4897 1089 4952 'l‘uniaco
1122 4897 1428 4952 ecclesiam
1461 4897 1519 4952 S.
1571 4893 1844 4950 Germani
1874 4909 2028 4948 mar-

372 4984 680 5056 tyris,cum
713 4986 837 5058 ipso
871 4987 992 5042 vico
1025 4991 1079 5042 et
1113 4988 1389 5042 omnibus
1421 4986 1492 5040 ad
1525 5001 1658 5040 cum
1691 4982 2030 5054 pertinenti-

371 5075 502 5140 bus,
538 5074 594 5128 in
626 5075 914 5132 territorio
945 5073 1308 5132 Fornoliensi
1343 5071 1651 5128 ecclesiam
1712 5087 1848 5126 cum
1899 5070 2029 5141 ipsa

373 5161 509 5218 villa
537 5167 595 5218 et
624 5165 899 5221 omnibus
931 5166 1003 5220 ad
1055 5179 1184 5220 eam
1217 5162 1674 5234 pertinentibus.
1703 5159 2027 5216 Ecclesiam

370 5253 440 5308 de
467 5251 904 5324 Bello-pomerio
935 5270 1069 5309 cu-m
1100 5252 1230 5324 ipsa
1258 5251 1396 5306 villa
1413 5256 1470 5307 et
1489 5251 1766 5307 omnibus
1795 5250 1866 5305 ad
1897 5264 2025 5304 eam

370 5343 817 5414 pertinentibus.
852 5342 1148 5415 Capellam
1203 5341 1274 5396 de
1319 5338 1906 5397 Castello-Bullionis.
1962 5339 2023 5393 In

369 5431 492 5488 vico
553 5431 841 5489 Luziliaco
899 5437 1018 5487 tres
1072 5429 1348 5486 ecclesias
1408 5447 1542 5486 cum
1599 5431 1728 5502 ipso
1784 5429 1911 5484 vico
1970 5431 2027 5483 et

367 5521 644 5578 omnibus
675 5523 744 5578 ad
777 5536 914 5578 eum
945 5519 1470 5594 pertinentibus.ln
1491 5519 1632 5592 villa
1658 5520 1716 5575 S.
1750 5517 2024 5574 Domnini

2105 3164 2107 3167 η
2141 3102 2311 3182 Aymo
2365 3099 3090 3182 Bituricen'sis’archiepisco

2152 2053 2473 2126 majestatis
2503 2053 2867 2126 signavimus
2893 2072 2906 2118 ;
2936 2058 2995 2108 et
3025 2057 3146 2109 tam
3190 2053 3390 2108 futura
3416 2051 3803 2124 acquirenda,

2149 2159 2326 2214 quam
2386 2142 2676 2215 praeterita
2703 2146 2762 2198 et
2789 2142 3080 2214 acquisita
3139 2143 3292 2198 bona
3345 2141 3704 2198 tradidimus
3748 2145 3806 2198 et

2147 2231 2664 2299 authorisavimus,
2697 2236 2804 2286 etc.
3514 2237 3518 2244 ‘
3586 2231 3594 2236 ’

2216 2320 2332 2374 Hoc
2364 2323 2561 2375 autem
2591 2323 2968 2392 praeceptum,
2998 2323 3062 2374 ut
3080 2319 3345 2375 validiori
3380 2319 3799 2392 astipulatione

2146 2409 2385 2475 nitatur,
2401 2407 2620 2464 annulo
2640 2412 2840 2464 nostro
2880 2407 3471 2476 subterlirmavimus,
3505 2411 3562 2462 et
3579 2409 3796 2463 Arver-

2143 2497 2310 2553 nensi
2367 2497 2638 2570 episcopo
2669 2501 2726 2552 et
2755 2498 2978 2552 caeteris
3007 2496 3191 2552 nostri
3251 2496 3414 2568 regni
3445 2495 3795 2553 auctoritate

2142 2585 2430 2658 episcopis
2460 2585 2887 2641 mandavimus.

2213 2676 2421 2730 Actum
2471 2673 2725 2730 Vitriaco
2756 2673 2971 2746 palatio
3010 2673 3241 2746 publice
3271 2674 3512 2729 obtentu
3542 2673 3701 2728 dom.
3735 2677 3796 2730 et

2141 2762 2492 2819 venerabilis
2550 2762 2814 2835 Hugonis
2871 2761 3245 2818 Nivernensis
3276 2761 3554 2834 episcopi,
3588 2777 3794 2818 mense

2141 2850 2646 2924 Septembri,luna
2677 2868 2759 2920 x1,
2779 2851 2852 2905 ab
2883 2852 3108 2906 Incarn.
3130 2851 3296 2906 Dom.
3322 2867 3418 2906 an".
3449 2850 3606 2920 1052,
3637 2865 3794 2906 anno

2143 2939 2306 3012 regni
2332 2939 2552 2994 domini
2587 2955 2653 2995 ac
2683 2939 3049 2994 invictissimi
3081 2939 3312 2994 Henrici
3345 2938 3499 3011 regis
3529 2955 3644 2994 χιι.
3731 2942 3736 2946 ’

2214 3029 2574 3084 Su‘bscribunt
2595 3028 3006 3100 huicprircepto
3027 3029 3288 3100 prmsules
3315 3029 3412 3099 qui
3435 3033 3746 3099 sequuntur
3777 3045 3789 3082 :

2183 3116 2311 3182 ymo
2365 3099 3200 3184 Bituricen'sis’archiepiscopus‘
3222 3117 3240 3153 :
3272 3099 3444 3184 Remo
3473 3105 3793 3184 Isti-vemen-

2141 3169 2217 3226 sis
2272 3187 2356 3242 ep.
2399 3173 2550 3242 Hugo
2606 3169 2960 3226 Nivernensis
3016 3189 3034 3225 :
3089 3169 3410 3226 Mainardus
3437 3169 3794 3228 -Senonensis

2141 3243 2386 3314 archiep.
2417 3241 2692 3318 rimulfus
2723 3243 2920 3318 Tu_r0n.
2965 3241 3314 3318 Isqmoardus
3355 3243 3792 3318 {inreliangpi-

2135 3313 2377 3384 scapus:
2413 3314 2712 3368 Enzclinus
2769 3315 2950 3368 Paris.
3004 3313 3299 3383 Agobertus
3347 3313 3568 3384 Cernat.
3631 3313 3792 3368 Heri-

2137 3383 2318 3467 qertus
2368 3384 2658 3440 Autissiod.
2709 3385 3032 3439 Helmuin-us
3078 3383 3372 3456 Augustod.
3435 3384 3616 3440 Gutdo
3687 3384 3791 3438 Ca-

2138 3456 2662 3599 bugprincipibus
2691 3535 2742 3582 et
2760 3527 3111 3599 optimatibus
3149 3527 3406 3599 Robertus
3439 3525 3790 3597 Burgundio-

2135 3615 2271 3670 num
2314 3597 2444 3652 ’dua:
2482 3597 2626 3670 regis
2657 3597 2832 3669 fratér
2863 3616 2882 3652 :
2915 3597 3022 3670 Otto
3072 3597 3313 3670 ejusdem
3338 3599 3509 3670 gregis
3535 3599 3742 3670 ΔῘνιιιιςν
3771 3617 3790 3652 :

2137 3669 2476 3735 Guillelmus,
2533 3668 2932 3740 Aquitanorum
2975 3668 3128 3724 duae:
3157 3669 3496 3737 Guillelmus,
3523 3668 3794 3740 Norman-

2134 3757 2333 3796 norum
2388 3741 2502 3795 dua:
2531 3758 2550 3794 :
2581 3739 2801 3796 comites
2858 3740 3203 3807 Guitlelmus,
3263 3741 3552 3810 Rodulfus,
3616 3739 3789 3796 Theo-

2135 3812 2324 3868 baldus
2399 3812 2724 3878 Bai-naidas,
2776 3811 3068 3882 Seguinus.
3137 3812 3348 3868 Sciolus
3421 3812 3644 3882 scripsit
3718 3811 3790 3868 ad

2135 3885 2308 3938 vicem
2336 3883 2600 3938 Balduini
2619 3885 2761 3954 regis
2789 3881 3113 3938 cancellarii
3135 3901 3216 3938 x11
3241 3883 3369 3954 Kal.
3407 3881 3668 3939 Octobris.

2205 3955 2403 4010 Eodem
2447 3957 2562 4025 fere
2591 3953 2827 4026 tempore
2855 3956 2958 4010 Leo
2999 3971 3142 4026 papa
3195 3953 3338 4010 idem
3387 3955 3796 4026 monasterium-

2133 4027 2233 4080 sub
2265 4027 2496 4082 tuitione
2537 4026 2591 4080 S.
2623 4025 2779 4080 Sedis
2835 4025 3146 4097 apostOIicaz
3201 4027 3457 4097 suscepit,
3489 4025 3791 4097 diplomate

2133 4097 2258 4153 dato
2285 4114 2342 4151 v1
2370 4112 2544 4153 nonas
2601 4097 2752 4162 Maii,
2783 4095 3138 4168 pontiﬁcatus
3181 4099 3269 4151 sui
3297 4095 3445 4152 anno
3477 4095 3558 4162 1v,
3593 4095 3786 4168 Indici.

2133 4186 2188 4234 v,
2212 4175 2396 4240 postea
2433 4183 2556 4223 vero
2575 4171 2650 4222 tot
2680 4167 3000 4240 huiusmodi.
3024 4167 3416 4240 diplomatibus
3437 4169 3550 4240 sive
3567 4167 3790 4240 ponti)?»

2135 4238 2238 4294 ciis
2257 4241 2372 4294 sive
2389 4241 2578 4308 regiis,
2600 4243 2723 4306 etc.,
2747 4238 2948 4294 donata
2957 4241 3066 4310 fuit
3091 4239 3312 4294 abbatia
3337 4238 3706 4310 (ἕαδε-ῥάψε
3719 4254 3789 4310 ex

2134 4311 2248 4366 illis
2265 4311 2434 4382 facile
2463 4311 2707 4383 amplum
2736 4309 2989 4366 volumen
3017 4311 3206 4380 colligi
3233 4317 3427 4383 posset,
3461 4309 3550 4363 sed
3579 4311 3647 4366 ab
3670 4309 3788 4383 illis

2133 4381 2617 4437 commemorandis
2661 4383 3015 4437 abstinemus.
3046 4381 3246 4436 Primi
3265 4381 3630 4453 bene/"actores
3660 4381 3784 4453 fue-

2133 4457 2264 4508 runt
2299 4453 2598 4524 Stephanus
2639 4453 2704 4508 de
2749 4453 3026 4521 Mereorio,
3056 4453 3326 4509 Gerard-us
3383 4450 3446 4508 de
3487 4450 3783 4524 Turlqmla,

2141 4522 2439 4596 Willelmus
2493 4524 2556 4579 de
2616 4525 2814 4594 Bafﬁa,
2854 4525 2945 4580 sed
2998 4527 3312 4596 praesertim
3371 4522 3542 4580 Guido
3601 4522 3783 4578 dictus-

2135 4594 2460 4650 Guillelmus
2487 4612 2563 4651 vn
2593 4597 2904 4666 Aquitania:
2933 4594 3064 4651 dum.

2906 4688 2999 4739 VI.

2140 4773 2339 4828 Charta
2391 4788 2490 4844 pro
2545 4775 2876 4830 monasterio
2935 4773 2990 4828 S.
3025 4774 3249 4830 Victoris
3307 4773 3682 4832 Nivernensis.
3717 4803 3784 4813 ——

2209 4845 2405 4915 Erepto
2429 4860 2457 4898 e
2505 4845 2769 4900 Iaicorum
2825 4862 2993 4900 manu
3053 4845 3272 4901 abbatia
3313 4844 3367 4899 S.
3407 4844 3629 4901 Victoris
3686 4845 3784 4899 Ni-

2211 4917 2486 4971 vernensis
2513 4919 2877 4972 resto-uratur.

2745 5005 2932 5076 (Anno
2959 5005 3141 5077 ¹1055).

2139 5094 2225 5164 [D.
2260 5093 2554 5167 MARTENE,
2588 5094 2764 5167 Ampi.
2801 5095 3040 5164 Collect.,
3073 5099 3114 5149 t.
3152 5095 3193 5167 I_,
3232 5111 3288 5167 p.
3321 5094 3448 5160 45L
3481 5109 3550 5149 ex
3595 5091 3782 5147 archi-

2491 5164 2580 5218 vis
2609 5170 2666 5220 S.
2685 5164 2952 5222 Victoris
2984 5164 3418 5236 Massiliensis.]

2206 5257 2270 5307 In
2302 5253 2538 5308 nomine
2570 5258 2784 5310 sanctae
2814 5261 2870 5310 et
2899 5255 3213 5311 individua;
3236 5254 3563 5324 Trinitatis,
3578 5252 3785 5309 HENRI-

2135 5357 2262 5409 crs,
2295 5342 2482 5415 gratia
2513 5342 2614 5398 Dei
2645 5344 3003 5408 Francorum
3037 5361 3156 5400 rex.
3763 5365 3768 5368 ·

2205 5429 2401 5486 Sciant
2420 5448 2624 5488 omnes
2649 5433 3024 5506 posteri,quaa
3049 5434 3120 5488 ad
3142 5431 3632 5489 instaurationem
3648 5435 3780 5486 san"-

2133 5521 2235 5574 ctae
2268 5519 2536 5576 Ecclesiae
2589 5519 2888 5576 catholicae
2938 5522 3225 5593 pertinere
3277 5524 3623 5589 noscuntur,
3659 5519 3785 5574 sine

439 5720 518 5793 (5)
546 5717 718 5793 Haud
744 5717 993 5793 dubium
1024 5715 1408 5793 Leonispapw
1441 5715 1775 5790 lV,quando
1807 5713 2020 5773 Remos
2051 5715 2316 5784 accessit,
2354 5719 2411 5774 et
2443 5715 2505 5772 in
2537 5713 2782 5775 ecclesia
2807 5717 2866 5775 S.
2887 5717 3158 5793 Remigii,
3193 5734 3374 5793 quam
3417 5730 3789 5774 consecrave-

375 5787 830 5860 rat,coucilium
858 5787 1191 5850 celebravit.
