3976 6374
69 424 226 488 103⁸1

1168 422 1560 493 HENRICUS
1604 424 1629 491 1
1671 422 2155 519 FRANCORUM
2200 423 2386 490 nux.

3324 423 3485 488 1088
3538 415 3543 420 ’

70 557 414 616 Theudonis
430 554 624 614 fratris
652 555 927 630 ejus,sig.
948 558 1185 614 Guarini
1203 560 1399 617 fratris
1421 561 1709 633 ejusdem,
1740 567 1789 631 Α
1825 565 2114 634 quatenus
2144 561 2205 616 in
2236 560 2584 632 perpetuum
2614 554 2773 629 regio
2794 554 2930 627 jure
2952 554 3024 611 ab
3046 555 3323 613 omnibus
3360 557 3482 616 fore

69 649 175 721 sig.
201 647 517 716 Frederici,
563 647 671 719 sig.
703 645 995 715 Balduini,
1027 648 1433 721 sig.Simonis,
1461 649 1569 722 sig.
1586 651 1730 723 Ago-

1839 652 2190 707 concedatur
2217 648 2421 717 libera,
2483 651 2604 703 tam
2665 644 2934 701 videlicet
2988 644 3143 700 intra
3192 645 3482 705 ambitum

71 736 221 794 berti
252 735 531 809 episcopi,
566 735 676 807 sig.
710 736 972 808 Hugonis
1005 737 1229 806 decani,
1263 738 1372 811 sig.
1426 733 1724 794 Guillelmi
1834 739 2180 796 munitionis
2210 740 2359 811 ejus,
2386 753 2564 810 quam
2596 738 2755 792 extra
2782 734 2839 790 in
2873 733 3177 807 procinctu
3207 732 3390 807 illius,
3422 734 3485 792 in

66 824 384 899 praepositi,
431 824 666 897 signum
720 824 975 897 Sigonis,
1021 826 1261 899 signum
1303 826 1577 895 Ascelini,
1611 828 1720 901 sig.

68 914 371 972 Gencelini
400 913 620 969 decani.

866 1003 930 1057 X.

63 1094 330 1149 Henricus
358 1094 383 1148 Ι
410 1108 509 1147 rex
537 1090 751 1146 inducit
786 1094 1072 1147 canonicos
1122 1093 1397 1162 regulares
1448 1095 1508 1148 in
1546 1094 1717 1148 eccle-

190 1166 341 1221 siam
372 1164 426 1219 S.
456 1163 682 1217 Martini
709 1179 740 1217 a
774 1162 1012 1235 Campis,
1046 1181 1079 1217 a
1106 1182 1162 1219 sc
1194 1168 1581 1221 restauratum.

686 1254 875 1323 (Anno
911 1253 1091 1324 1060.)

563 1341 730 1412 [θαιι.
762 1340 891 1397 Chr.
927 1341 1043 1409 v11,
1074 1343 1189 1412 32.]

134 1451 197 1505 In
222 1447 459 1504 nomine
487 1449 788 1514 sanctast
818 1445 1131 1502 individua:
1164 1447 1490 1513 Trinitatis,
1522 1451 1630 1502 etc.

134 1538 325 1611 Igitur
353 1551 459 1608 ego
489 1534 809 1601 anmcus,
848 1534 943 1589 Dei
970 1535 1159 1606 gratia
1188 1553 1286 1591 rex
1331 1536 1709 1602 Francorum,

65 1626 270 1682 sedula
297 1623 646 1696 cogitatione
669 1622 930 1678 recolens
948 1622 1198 1695 qualiter
1213 1625 1477 1679 decorem
1502 1624 1713 1679 domus

64 1705 288 1771 Domini
322 1712 586 1769 etlocum
606 1711 1001 1767 habitantium
1018 1713 1141 1782 [al.,
1164 1712 1565 1782 habitationis]
1585 1713 1713 1782 ejus

64 1803 255 1868 dilexi,
288 1801 566 1858 omnibus
600 1806 717 1855 tam
742 1801 1129 1872 praesentibus
1160 1818 1340 1873 quam
1371 1802 1587 1855 futuris
1610 1817 1711 1855 no-

62 1899 184 1948 tum
214 1890 340 1946 ﬁeri
372 1888 548 1945 volui.
582 1893 759 1944 Porro
791 1893 926 1944 ante
956 1889 1258 1944 Parisiacae
1290 1888 1452 1944 urbis
1484 1892 1711 1960 portam

60 1982 115 2037 in
145 1981 369 2036 honore
391 1977 742 2034 confessoris
771 1976 986 2033 Christi
1018 1977 1250 2033 Martini
1281 1976 1515 2033 abbatis
1532 1976 1714 2033 fuisse

61 2068 530 2142 dignoscebatur,
582 2083 761 2138 quam
805 2067 1109 2139 tyrannica
1159 2065 1317 2122 rabie
1374 2065 1563 2137 (quasi
1596 2081 1710 2120 non

57 2155 249 2227 fuerit)
274 2153 514 2210 omnino
542 2152 815 2219 deletam,
835 2154 906 2208 ab
923 2154 1143 2226 integro
1176 2153 1516 2225 ampliorem
1541 2153 1708 2208 resti-

60 2247 159 2311 tui,
192 2243 524 2310 ecclesiam,
558 2260 685 2315 quae
716 2242 814 2298 diu
848 2243 1062 2299 sterilis
1092 2243 1312 2299 amissa
1338 2242 1496 2315 prole
1540 2244 1709 2298 fleve-

60 2342 164 2403 rat,
196 2349 464 2407 quaarens
496 2334 737 2387 reddere
794 2333 1113 2388 secundam
1172 2332 1391 2388 caelesti
1441 2336 1705 2405 Sponso;

62 2424 467 2498 religiosorum
501 2420 741 2477 consilio
772 2421 1051 2489 virorum,
1102 2421 1414 2477 canonicos
1453 2419 1707 2493 regulari

60 2511 489 2591 conversatione
517 2509 737 2565 ibidem
763 2510 881 2566 Deo
913 2509 1265 2565 famulantes
1297 2508 1608 2576 attitulavi,
1640 2513 1709 2564 ut

57 2602 178 2658 sine
206 2597 607 2656 sollicitudine
640 2598 831 2671 magis
854 2597 1070 2653 divinis
1100 2614 1277 2670 quam
1319 2596 1516 2652 smculi
1547 2595 1706 2651 curis

56 2692 325 2744 vacantes
353 2685 588 2743 valeant
617 2686 828 2752 vivere,
862 2686 934 2741 de
966 2685 1344 2741 facultatibus
1392 2686 1584 2740 dotem
1620 2684 1703 2739 fa-

58 2778 210 2833 ciens
239 2774 497 2832 ecclesite
527 2775 601 2831 ob
632 2773 958 2830 remedium
991 2775 1173 2847 patris
1216 2774 1328 2829 mei
1384 2773 1705 2845 matrisque

61 2883 192 2922 mea:
224 2865 580 2931 animarum,
606 2867 778 2934 atque
801 2879 905 2934 pro
923 2863 1037 2917 mei
1068 2864 1197 2934 conj
1209 2862 1453 2935 ugisque
1485 2877 1627 2918 mea:
1650 2865 1708 2917 et

60 2955 231 3028 prolis
262 2952 451 3010 salute
482 2956 540 3008 et
570 2968 709 3025 pace
760 2951 883 3007 haec
914 2951 1031 3008 illis
1076 2952 1295 3023 largior
1352 2951 1708 3023 possidenda

61 3047 329 3117 perpetuo
354 3043 490 3113 jure
519 3058 532 3095 :
565 3040 749 3097 altare
779 3040 837 3095 in
882 3039 1088 3113 primis
1139 3041 1403 3113 ejusdem
1453 3039 1706 3095 basilicae

61 3133 211 3189 omni
242 3130 628 3188 clarificatum
678 3129 964 3195 libertate,
1009 3133 1066 3185 et
1113 3134 1298 3185 terras
1347 3145 1497 3201 quas
1554 3128 1708 3183 circa

59 3222 319 3278 eamdem
350 3218 655 3276 ecclesiam
682 3218 845 3291 prius
871 3217 1184 3285 habebam,
1216 3222 1273 3272 et
1302 3234 1449 3289 quas
1488 3216 1707 3271 ibidem

1831 829 2098 898 teloneis,
2131 829 2190 883 in
2222 826 2423 893 fredis,
2455 826 2513 881 in
2522 823 2790 898 justitiis,
2822 822 2882 879 in
2905 822 3181 881 omnibus
3202 839 3480 896 quiscun-

1831 935 1945 990 que
1970 920 2073 990 jus
2103 916 2287 973 nostri
2317 914 2495 988 exigit
2521 912 2669 980 fisci,
2702 929 2873 969 nemo
2904 928 3166 985 unquam
3197 911 3358 969 illam
3376 908 3477 968 'in-

1830 1007 2090 1079 quietare
2119 1006 2349 1062 audeat.
2378 1003 2653 1060 Canonici
2710 1001 2889 1058 etiam
2937 1001 3090 1058 hanc
3127 1004 3477 1074 potestatem

1826 1095 2101 1162 habeant,
2128 1093 2437 1162 ut,abbate
2467 1092 2737 1158 obeunte,
2770 1106 3015 1146 assensu
3045 1090 3315 1157 fratrum,
3335 1089 3475 1147 boni

1826 1183 2149 1240 testimonii
2178 1184 2392 1249 virum,
2435 1181 2670 1237 nemine
2715 1179 3116 1253 perturbante,
3163 1178 3479 1236 restituant

1823 1273 2039 1329 Verum
2071 1272 2246 1329 etiam
2278 1274 2341 1327 ut
2368 1287 2437 1326 ea
2465 1271 2607 1326 ﬁsca
2637 1270 3007 1325 firmamento
3036 1271 3344 1325 teneantur
3362 1271 3480 1326 sta-

1824 1362 1949 1430 bili,
1982 1361 2132 1418 hanc
2189 1360 2453 1415 chartam
2502 1358 2562 1413 in
2620 1375 2756 1430 qua,
2790 1372 2884 1412 me
2928 1355 3318 1430 precipiente,
3350 1356 3475 1413 hec

1823 1452 2021 1507 omnia
2051 1450 2268 1522 scripta
2291 1452 2449 1515 sunt,
2478 1446 2673 1520 sigillo
2705 1462 2834 1502 meo
2863 1444 3315 1501 subterﬁrmavi.
3355 1445 3474 1517 Ego

1824 1542 1946 1613 ipse
1978 1558 2075 1596 rex
2106 1539 2392 1595 Henricus
2448 1542 2505 1592 et
2533 1536 2737 1609 regina
2782 1534 3024 1608 pariter,
3054 1538 3112 1590 et
3162 1533 3473 1609 Philippus

1823 1631 1979 1687 filius
2010 1646 2176 1685 meus
2201 1643 2332 1683 cum
2365 1627 2644 1682 fratribus
2664 1624 2789 1680 suis
2821 1640 3000 1679 manu
3028 1623 3322 1680 firmatam
3344 1639 3469 1679 cor-

1824 1717 2248 1774 roboravimus.
2282 1716 2468 1779 Quam
2498 1714 2735 1786 quidem
2784 1712 3121 1768 Mainardus
3170 1713 3469 1769 Senonum

1823 1806 2297 1877 archiepiscopus
2329 1819 2464 1858 cum
2493 1802 2772 1857 Ymberto
2802 1798 3160 1856 Parisiorum
3199 1799 3466 1872 praesule,

1822 1896 2038 1967 aliique
2069 1910 2246 1966 quam
2304 1891 2567 1964 plurimi,
2626 1894 2745 1945 tam
2777 1888 3083 1961 pontifices
3123 1904 3304 1962 quam
3333 1879 3468 1945 laici

1820 1984 2113 2056 principes
2143 1980 2569 2037 conﬁrmarunt
2596 1982 2653 2034 et
2699 1977 3149 2034 co'rroborarunt
3194 1976 3472 2035 omnibus

1820 2089 2000 2145 supra
2030 2069 2377 2126 memoratis
2407 2068 2686 2124 faventes.
2719 2065 2776 2121 Si
2814 2065 2948 2138 quis
2978 2069 3175 2122 autem
3226 2066 3473 2140 posthac

1818 2160 2186 2235 privilegium
2220 2158 2328 2214 hoc
2354 2156 2569 2213 violare
2600 2154 3058 2229 praesumpserit,
3088 2156 3350 2230 primum
3377 2173 3472 2213 sa-

1816 2248 2038 2322 crilegii
2061 2248 2180 2304 sive
2191 2250 2363 2302 tantae
2392 2243 2757 2300 auctoritatis
2773 2242 3142 2315 negligentia:
3172 2259 3307 2301 reus
3322 2244 3471 2305 duro

1816 2338 2185 2395 anathemate
2216 2334 2476 2400 feriatur,
2492 2332 2704 2389 deinde
2719 2331 2981 2387 nefandae
2993 2331 3471 2405 praesumptionis

1812 2428 2018 2484 irritus
2073 2423 2233 2500 gravi
2275 2439 2488 2479 census
2540 2420 2888 2477 detrimento
2936 2420 3267 2477 damnetur.
3300 2422 3467 2476 Anno

1816 2516 1978 2589 regni
2010 2531 2192 2586 supra
2221 2512 2361 2568 dicti
2394 2510 2546 2583 regis
2576 2526 2750 2565 xxvu.

1887 2605 1962 2677 (7)
1993 2606 2201 2659 Actum
2260 2617 2414 2656 anno
2445 2599 2517 2655 ab
2575 2596 2980 2654 lncarnatione
3038 2596 3269 2654 Domini
3300 2596 3462 2666 1060,

1816 2693 2018 2749 indict.
2050 2709 2145 2756 xv,
2178 2688 2420 2745 Parisiis
2450 2686 2701 2761 publice.

1885 2782 2132 2855 Signum
2161 2776 2395 2833 Henrici
2426 2775 2674 2849 regis.S.
2709 2773 2963 2847 Philippi
2993 2773 3170 2848 regis.
3201 2775 3261 2831 S.
3283 2774 3465 2831 Anna

1816 2871 2047 2943 reginae.
2081 2869 2139 2924 S.
2182 2864 2465 2922 Mainardi
2515 2863 2939 2936 archiepiscopi
2990 2863 3370 2921 Senonensis.
3402 2863 3467 2920 S.

1816 2958 2073 3018 Gcrvasii
2101 2956 2407 3013 Remensis
2421 2952 2843 3026 archiepiscopi
2863 2956 2918 3007 S.
2937 2951 3198 3009 Ymherti
3210 2952 3470 3026 episcopi

1816 3046 2186 3105 Parisiensis.
2218 3050 2275 3099 S.
2309 3042 2560 3099 Odolrici
2588 3040 2983 3097 archidiaconi
3009 3039 3378 3099 Parisiensis.
3406 3041 3467 3098 S.

1815 3135 2088 3194 Balduini
2119 3131 2468 3190 cancellarii.
2501 3134 2559 3185 S.
2591 3128 2872 3186 Viozelini
2921 3128 3228 3203 capellani.
3276 3130 3336 3186 S.
3370 3128 3469 3186 Bi-

1816 3226 2015 3283 chardi
2048 3221 2352 3296 capellani.
2388 3222 2447 3277 S.
2490 3217 2722 3276 Radulﬁ
2780 3218 3030 3275 comitis.
3065 3219 3125 3274 S.
3182 3217 3467 3275 Thebaldi

59 3309 349 3367 Ansoldus
374 3325 509 3365 cum
524 3308 833 3381 nepotibus
863 3308 987 3362 suis
1002 3306 1215 3363 Milone
1244 3305 1466 3361 scilicet
1494 3311 1550 3361 et
1568 3305 1701 3360 Wa—
1731 3300 1774 3366 C
1813 3318 1884 3372 de
1915 3310 2388 3370 Montemorenci.
2422 3310 2481 3365 S.
2516 3305 2784 3364 Rainaldi
2814 3308 3139 3363 camerarii.
3160 3311 3217 3362 Β.
3248 3300 3481 3364 Albrici.

59 3401 180 3457 rino
209 3398 359 3455 mihi
387 3397 567 3466 dedit,
592 3396 941 3452 concedente
969 3396 1210 3467 Hugone
1241 3395 1452 3451 comite
1473 3398 1709 3466 propter

60 3486 275 3562 praefati
303 3485 540 3543 Milonis
597 3482 1148 3551 reconciliationem,
1209 3482 1310 3554 qui
1369 3487 1509 3537 tunc
1571 3498 1706 3537 reus

32 3618 35 3641 π
62 3575 252 3649 magni
285 3573 552 3630 criminis
584 3577 708 3628 erat
748 3572 1059 3627 adversum
1109 3588 1201 3626 me
1222 3588 1242 3632 ;
1275 3571 1375 3626 sed
1432 3569 1707 3642 precibus

62 3665 317 3722 Ymberti
349 3662 617 3736 praesulis
677 3665 914 3732 accepta
953 3666 1117 3715 terrae
1170 3658 1402 3715 cultura
1430 3676 1465 3714 a
1495 3676 1707 3732 supra-

64 3754 225 3811 dictis
257 3752 570 3821 militibus,
631 3750 1017 3806 commissum
1066 3748 1210 3803 illud
1267 3748 1444 3817 (unde
1472 3752 1706 3803 centum

65 3842 233 3899 libras
256 3839 653 3913 justojudicio
680 3838 1043 3905 exsolveret),
1066 3836 1284 3892 dimisi.
1304 3841 1421 3892 Has
1451 3854 1555 3908 ego
1583 3836 1705 3907 [al.,

66 3932 212 4004 ergo]
245 3935 433 3986 terras
462 3928 618 3984 circa
639 3944 840 3983 muros
863 3926 1118 3984 ecclesiae
1150 3927 1293 3983 sitas
1321 3926 1511 3981 eidem
1535 3924 1709 3981 eccle-

64 4021 150 4074 sia:
179 4018 456 4083 concedo,
489 4034 558 4072 ea
584 4015 856 4071 videlicet
886 4016 1156 4071 libertate
1187 4019 1253 4069 ut
1299 4012 1496 4069 nullus
1530 4014 1585 4068 in
1619 4015 1703 4069 eis

66 4108 312 4180 aliquam
346 4104 795 4162 redhibitionem
808 4104 1034 4175 exigere
1048 4108 1394 4176 prmsumat:
1421 4104 1574 4176 apud
1603 4108 1704 4159 Pa-

37 4197 226 4251 .risios
257 4211 391 4250 vero
413 4192 816 4250 molendinum
838 4210 1021 4248 unum
1048 4211 1060 4247 :
1096 4192 1307 4248 invilla
1335 4209 1463 4264 quae
1493 4193 1710 4247 dicitur

66 4284 273 4341 Alberti
305 4282 528 4353 villare,
562 4288 778 4338 terram
810 4299 987 4355 quam
1021 4280 1101 4335 ibi
1129 4281 1418 4336 habebam
1444 4299 1456 4336 :
1482 4280 1707 4336 Noisia-

68 4390 190 4429 cum
221 4389 355 4428 vero
386 4387 566 4444 super
621 4371 944 4426 Maternum
1004 4370 1208 4436 situm,
1252 4387 1385 4425 cum
1434 4370 1710 4426 omnibus

67 4460 382 4518 redditibus
396 4459 955 4517 etxedhibitionibus
978 4463 1166 4525 terrae,
1197 4458 1378 4527 silvae,
1405 4458 1709 4514 vinearum

70 4556 233 4623 atque
264 4555 567 4622 pratorum
596 4548 694 4603 :a’n
723 4548 1016 4605 territorio
1048 4552 1246 4609 autem
1291 4547 1574 4606 Meldensi
1604 4548 1710 4603 vil-

70 4637 179 4735 lain
204 4637 452 4735 nomine
473 4628 769 4692 Anethum
979 4636 1263 4734 omnibus
1299 4637 1627 4693 redditibus
1658 4641 1714 4692 et
1745 4672 1791 4735 Β

71 4724 551 4782 redhibitionibus
578 4729 765 4795 terrae,
786 4724 1300 4793 silvsz,vincarum,
1330 4730 1507 4798 atque
1520 4730 1715 4799 prato-

44 4804 56 4859 ζ’
72 4833 191 4871 rum
216 4832 230 4870 :
260 4815 333 4869 de
350 4812 676 4869 redditibus
701 4813 938 4885 quidem
962 4813 1276 4886 passionis,
1328 4814 1518 4870 vierite
1559 4814 1713 4870 silva:

73 4902 404 4975 atqueliegii
427 4901 735 4977 [al.,leigii]
750 4920 985 4958 omnem
1011 4903 1466 4959 decimam.ltem
1486 4905 1547 4958 in
1566 4920 1712 4976 pago

76 4990 667 5064 ParisiensiBongeias
679 5008 813 5047 cum
827 4992 1100 5047 omnibus
1114 4992 1209 5047 red
1218 4991 1437 5047 ditibus
1454 4997 1510 5048 et
1527 4991 1716 5048 redhi-

76 5081 389 5137 bitionibus
419 5078 598 5134 libere
629 5080 739 5135 sibi
774 5081 1196 5151 adjacentibus.
1231 5081 1341 5136 Sed
1374 5087 1431 5135 et
1459 5080 1517 5135 in
1569 5097 1716 5153 pago

77 5168 439 5225 Laudunensi
474 5168 682 5225 Diciaci
716 5170 970 5243 (excepto
1004 5168 1192 5239 altari)
1220 5170 1530 5225 dimidium
1580 5187 1714 5225 cum

52 5260 322 5341 ,prefatis
372 5256 847 5331 possessionibus
906 5259 1179 5328 habeant,
1226 5263 1477 5327 teneant,
1514 5265 1718 5333 regant

50 5352 244 5420 ,atque
274 5347 630 5421 possideant.
656 5346 805 5404 lllud
832 5365 969 5422 ergo
992 5348 1353 5422 praetermitti
1382 5349 1719 5405 nullatenus

52 5430 213 5509 fvold,
246 5436 389 5509 quia
412 5436 715 5509 praefatam
745 5436 1052 5493 ecclesiam
1084 5455 1152 5495 ea
1188 5437 1465 5493 ﬁrmitate
1495 5439 1715 5507 munio,

139 5634 209 5707 (77)
238 5633 447 5689 Annus
478 5649 626 5707 xxvn
666 5633 831 5707 regni
885 5633 1118 5691 Henrici
1171 5638 1228 5691 et
1257 5651 1449 5692 annus
1508 5634 1721 5707 Christi

80 5704 205 5766 1060
231 5723 352 5769 non
381 5704 762 5779 conveniunt,
816 5722 979 5768 error
1013 5710 1102 5767 est
1153 5710 1432 5785 praeterea
1473 5707 1536 5768 in
1566 5706 1719 5767 indi-

1830 5724 2042 5770 numer

1816 3399 2287 3462 conestabularii.
2319 3403 2375 3452 S.
2406 3394 2688 3452 Willelmi
2730 3393 3054 3451 seniscalci.
3110 3395 3170 3451 S.
3202 3394 3467 3468 Hugonis

1816 3489 2174 3549 buticularii.
2209 3489 2267 3543 S.
2305 3484 2540 3545 Roberti
2587 3484 2729 3539 coci.
2763 3484 2821 3539 S.
2871 3482 3103 3539 Radulﬁ
3151 3483 3462 3540 Belvacen-

1820 3585 1925 3639 sis.
1961 3582 2022 3636 S.
2059 3575 2275 3634 Yvonis
2306 3571 3079 3631 subcamerarii.S.Walteri
3110 3568 3466 3629 filiiBerneri

1816 3673 1870 3728 S.
1906 3665 2182 3725 Amalrici
2213 3664 2364 3719 Rufi.
2419 3662 2477 3717 S.
2528 3660 2816 3716 Willelmi
2871 3660 3067 3716 fratris
3096 3660 3368 3718 Baldrici.
3400 3664 3461 3716 8.

1814 3757 2087 3814 Widonis
2115 3751 2524 3810 Ambianensis
2552 3750 2902 3823 episcopi.S.
2934 3749 3180 3807 Walteri
3207 3750 3465 3809 Melden-

1818 3849 1900 3904 sis
1930 3843 2208 3919 episcopi.
2232 3844 2291 3898 S.
2324 3839 2594 3897 Elinandi
2625 3838 3034 3895 Laudunensis
3088 3839 3368 3914 episcoPi.
3401 3840 3462 3898 S.

1820 3933 2114 3993 Frollandi
2143 3928 2595 4003 Silvanectensis
2623 3928 2904 4001 episcOpi.
2935 3932 2991 3983 S.
3022 3928 3325 3988 Trecensis
3344 3929 3466 4003 epi-

1813 4023 1995 4097 scopi.
2024 4024 2082 4079 s.
2118 4019 2354 4077 Roberti
2387 4002 2488 4074 ﬁlii
2520 4017 2752 4074 comitis
2779 4016 3073 4074 Balduini.
3107 4018 3168 4075 s.
3200 4002 3466 4077 Widonis

1815 4110 2220 4170 Ponthivensis
2250 4107 2501 4164 comitis.
2531 4112 2587 4163 S.
2636 4105 2902 4164 Baldrici.
2938 4108 2997 4163 S.
3049 4106 3372 4180 Engenulfi.
3403 4107 3465 4164 S.

1814 4200 2088 4257 Amalrici
2122 4200 2193 4254 de
2229 4195 2581 4253 Monteforti.
2634 4196 2691 4252 S.
2724 4195 3003 4269 Stephani
3054 4195 3370 4269 praepositi.
3403 4196 3464 4253 S.

1818 4287 2128 4346 Framerici
2159 4287 2297 4343 coci.
2320 4324 2323 4327 -

2649 4377 2691 4427 I.

1819 4469 2081 4524 Henricus
2138 4480 2238 4519 rem
2265 4463 2519 4518 ecclesias
2576 4460 2671 4516 SS.
2732 4460 3014 4533 Stephani,
3045 4462 3282 4530 Iuliani,
3309 4465 3466 4523 Seve-

1944 4538 2080 4603 rini,
2107 4543 2157 4591 et
2187 4535 2382 4589 Bacchi
2411 4533 2688 4587 canonicis
2713 4534 3122 4589 Parisiensibus
3152 4533 3337 4589 tradit.

2494 4620 2626 4691 (An.
2654 4616 2795 4691 inc.)
2906 4612 2929 4666 '.

2338 4710 2500 4783 [GatL
2536 4710 2662 4766 Chr.
2693 4708 2813 4777 v11,
2846 4710 2960 4780 ει]

1896 4826 1956 4875 In
1993 4817 2228 4875 nomine
2259 4821 2472 4873 sanctae
2503 4819 2560 4873 et
2588 4814 2898 4871 individua:
2929 4813 3253 4885 Trinitatis,
3267 4815 3478 4873 Heum-

1824 4927 1955 4977 cus,
1987 4908 2173 4981 gratia
2207 4907 2301 4961 Dei
2337 4908 2689 4962 Francorum
2716 4921 2832 4962 rex.

1895 4996 2128 5052 Noverit
2183 4996 2494 5069 posteritas
2553 4994 2821 5051 omnium
2865 4998 2921 5050 S.
2956 4993 3164 5050 matris
3208 4994 3474 5052 Ecclesia

1827 5085 2087 5141 ﬁdelium
2119 5089 2177 5139 et
2205 5087 2563 5151 nostrorum,
2580 5084 2735 5155 quod
2758 5083 2998 5155 quidam
3010 5082 3300 5139 Imbertus
3320 5085 3479 5142 Pari-

1826 5173 2109 5231 siacensis
2156 5172 2421 5228 Ecclesiae
2487 5172 2823 5244 episcopus,
2872 5175 3084 5229 nostrae
3142 5172 3476 5230 serenitatis

1828 5263 2038 5319 adierit
2068 5259 2462 5334 praesentiam,
2488 5275 2698 5332 rogans
2736 5263 2793 5314 et
2835 5259 3043 5316 obnixe
3073 5261 3382 5334 postulans
3410 5265 3480 5318 ut

1831 5350 2117 5424 quasdam
2148 5347 2424 5403 ecclesias
2452 5348 2511 5401 in
2534 5346 2815 5402 suburbio
2845 5347 3477 5416 Parisiacensi,nostraa

1829 5437 2102 5512 potestati
2155 5440 2212 5493 et
2276 5440 2712 5493 antecessorum
2763 5442 3097 5494 nostrorum
3153 5437 3478 5512 antiquitus

1832 5635 2025 5694 ctione
2045 5652 2183 5767 31a.-
2213 5649 2329 5689 non
2359 5650 2435 5691 xv
2474 5637 2539 5690 ut
2559 5633 2619 5689 in
2651 5633 2876 5707 charta,
2910 5635 3010 5693 sed
3039 5650 3141 5701 xm
3167 5647 3321 5694 anno
3340 5630 3484 5692 1060

1832 5724 2042 5767 numer
2120 5710 2271 5767 stur.
3142 5730 3147 5735 υ

2120 5722 2271 5768 που.
3142 5730 3147 5735 ’

2774 5810 2803 5819 οι
2835 5812 2891 5823 ,πμ
2937 5812 3009 5830 ν.
3054 5810 3113 5819 μ..
3154 5809 3163 5815 -
