3976 6398
519 412 684 511 i659

1880 425 2199 519 MoNuﬂIl
2248 426 2567 517 ﬁIrLoti.

3776 427 3927 519 ὦ*

426 617 435 625 -
524 560 908 659 mancipata‘s.
937 562 996 639 ἑ.
1029 584 1307 658 Stephani
1341 585 1594 669 scilicet,
1613 586 1832 643 Juliani
1874 587 2168 660 martyris,
2198 589 2254 654 Α
2281 587 2463 643 vitare
2494 572 3457 671 suppliciisperamusincendium,
3473 576 3524 642 si
3553 583 3614 640 in
3636 575 3924 671 quantum

524 670 779 728 severini
807 672 1077 743 solitarii,
1097 691 1204 751 nec
1236 692 1351 731 non
1371 680 1427 732 et
1457 663 1642 733 sancti
1675 675 1895 745 Baebii,
1920 688 2170 749 quarum

529 761 805 836 quaedam
828 760 969 839 olim
1001 761 1371 841 abbatiarum
1402 764 1687 838 dignitate
1735 752 2084 829 sublimatae,
2118 768 2175 820 et

528 846 661 906 ideo
690 843 1120 925 receptaculum
1152 852 1535 929 etstationem
1551 849 1985 926 congregationi
2009 868 2177 908 cano-

529 938 795 1013 nicorum
835 932 1178 1015 praebentes
1210 941 1269 997 S.
1329 940 1543 1010 Marize,
1586 942 1689 997 sed
1739 930 1982 1014 propter
2013 940 2176 1009 regni

528 1024 1024 1102 perturbationem
1056 1029 1232 1085 rebus
1261 1028 1555 1086 concessis
1585 1028 1844 1102 spoliatae
1876 1026 2177 1084 solitudini

527 1096 820 1191 vaclahtes,
850 1115 1095 1193 parvum
1124 1121 1226 1173 aut
1242 1115 1470 1174 nullum
1501 1116 1754 1190 antiqua:
1787 1115 2177 1192 possessionis

528 1198 893 1287 retinuerant
921 1208 1161 1281 statum,
1196 1207 1481 1279 praedictae
1504 1202 1939 1281 congregationi
1969 1221 2177 1262 conce-

529 1287 820 1369 deremus.
855 1294 967 1351 Se’d
992 1296 1138 1375 quia
1162 1295 1316 1368 apud
1349 1312 1456 1352 nos
1486 1313 1590 1369 pro
1621 1296 1746 1352 suis
1778 1295 2003 1351 meritis
2033 1312 2177 1367 prcr-

529 1381 719 1453 dic'tus
748 1384 1059 1461 episcopus
1089 1382 1214 1442 erat
1245 1382 1516 1459 magnus,
1541 1386 1668 1457 ejus
1684 1383 1970 1442 voluntati
1985 1385 2180 1441 nolen-

524 1460 626 1553 tes:
662 1470 890 1549 aliquid
949 1460 1247 1549 derogare,
1316 1474 1715 1532 concessimus
1746 1476 1875 1548 ejus
1907 1472 2177 1547 petitioni

526 1556 801 1638 prﬁdicta
831 1560 957 1620 loca’
1012 1563 1192 1637 regali
1250 1568 1538 1638 praecepto
1596 1567 1653 1620 et
1696 1562 2066 1631 liberalitate,
2112 1579 2179 1618 eo

506 1640 694 1729 pacto
726 1650 781 1707 et
811 1650 1161 1721 conditione,
1190 1656 1257 1708 ut
1302 1652 1564 1725 quandiu
1616 1651 1887 1709 Giraldus
1931 1650 2181 1707 clericus

528 1740 731 1816 earum
759 1738 1065 1817 possessor
1094 1740 1321 1810 vixerit,
1355 1741 1482 1798 sine
1512 1740 1917 1814 inquietudine
1955 1757 2058 1814 per
2087 1756 2180 1795 as-

530 1824 771 1902 sensum
803 1829 1218 1907 canonicorum
1246 1830 1426 1886 totius
1455 1828 1929 1903 congregationis
1965 1831 2177 1895 teneat,

531 1918 591 1971 et
622 1916 755 1993 post
770 1917 908 1993 ejus
928 1934 1234 1973 excessum
1264 1916 1470 1974 usibus
1497 1918 1908 1974 canonicorum
1939 1916 2065 1974 sine
2090 1932 2179 1972 re-

532 2000 882 2081 clamatione
903 2006 1304 2083 mancipetur:
1335 2008 1391 2061 et
1420 2007 1500 2061 ibi
1532 2023 1636 2080 pro
1668 2006 1923 2062 remedio
1973 2005 2181 2061 animae

537 2090 796 2171 mezevel
829 2088 1138 2171 parentum
1175 2098 1439 2151 meorum
1473 2094 1736 2152 canonici
1771 2098 2178 2168 aggregentur,

506 2256 507 2263 γ
532 2182 635 2255 qui
666 2180 769 2256 pro
799 2176 956 2259 statu
987 2181 1452 2239 etincolumitate
1474 2184 1635 2255 regni
1670 2183 1854 2239 nostri
1879 2186 2183 2239 exorantes

534 2262 608 2328 ad
646 2264 982 2353 utrumque
1038 2270 1355 2342 sufficiant,
1416 2270 1642 2328 scilicet
1684 2276 1740 2327 et
1768 2272 1841 2328 ad
1871 2264 2183 2351 stationem

501 2348 696 2433 .more
722 2348 895 2433 solito
922 2358 1280 2418 reddendam
1310 2361 1586 2429 ecclesiae,
1621 2362 1679 2416 et
1709 2361 1779 2417 ad
1812 2348 2182 2417 serviendum

530 2424 808 2505 canonice
837 2446 1063 2505 valeant
1092 2448 1482 2505 communiter
1510 2450 1737 2522 degere.

1306 2555 1426 2613 XII.
1454 2614 1459 2621 ,

508 2624 513 2635 ’
538 2624 802 2701 Henricus
830 2661 929 2702 rex
972 2626 1303 2702 abba‘tiolam
1330 2645 1387 2701 S.
1438 2645 1697 2703 Germani
1724 2648 1783 2703 in
1834 2647 1965 2704 Laia
1996 2646 2178 2701 Eccle-

998 2718 1103 2773 siae
1130 2716 1437 2773 Parisimzsi
1459 2716 1716 2772 concedit.

1210 2805 1339 2878 (An.
1374 2806 1516 2875 inc.)

622 2962 625 2973 ,
967 2958 973 2966 _
1048 2886 1208 2967 [CalL
1245 2895 1370 2950 Chr.
1403 2894 1527 2962 VII,
1560 2896 1674 2966 31.]

602 2985 747 3049 Cum
773 3001 906 3040 vere
928 2980 1146 3061 gaudia
1169 2983 1634 3042 immertalitatis
1682 2987 2018 3040 sanctorum
2050 3001 2178 3059 pro-

501 3070 627 3154 _cul
658 3069 839 3153 dubio
867 3064 1056 3146 neque
1086 3071 1217 3154 aliis
1247 3072 1532 3130 virtutum
1585 3072 1967 3145 acquirantur
2014 3074 2180 3131 obse-

506 3152 707 3237 quiis,
758 3158 816 3219 et
856 3152 1311 3233 eihibitionibus
1358 3160 1859 3235 el‘eemosynarum
1889 3163 1960 3217 ad
1993 3162 2180 3235 profe-

2283 680 2496 733 nostra'e
2531 676 2894 749 permittitur
2914 666 3199 747 facultati,
3225 675 3487 733 divinum
3518 666 3927 731 cessamusex-

2283 763 2441 837 plere
2498 763 2914 821 ministerium.
2957 762 3059 821 His
3114 763 3296 838 igitur
3350 776 3632 820 accensus
3692 758 3928 819 monitis

2284 871 2388 926 ego
2419 851 2702 909 Henricus
2716 853 2986 926 princeps
3014 853 3151 909 licet
3178 850 3558 909 nonidoneus
3592 852 3653 907 in
3685 846 3928 924 regnum

2288 943 2664 1008 Francorum,
2698 941 2811 997 Deo
2842 942 3092 1009 volente,
3124 941 3503 1009 constitutus,
3547 943 3673 997 tam
3706 939 3929 996 domini

2285 1029 2525 1084 lmberti
2557 1029 2915 1086 Parisiorum
2946 1028 3213 1103 praesulis
3230 1027 3490 1101 acquievi
3523 1026 3927 1100 petitionibus,

2287 1132 2464 1192 quam
2497 1118 2858 1176 Christicolis
2882 1120 3158 1176 omnibus
3186 1122 3307 1175 tam
3339 1108 3553 1175 futuris
3582 1133 3767 1190 quam
3789 1133 3932 1191 prae-

2288 1207 2554 1264 sentibus
2603 1209 2985 1265 reverentiam
3016 1207 3359 1265 Christianae
3409 1205 3713 1280 religionis
3743 1207 3933 1263 debita

2287 1314 2394 1353 nec
2425 1313 2539 1353 non
2572 1297 2861 1371 condigna
2906 1284 3277 1355 veneratione
3326 1295 3675 1353 colentibus.
3711 1296 3933 1353 Sancta

2288 1385 2495 1442 matris
2552 1387 2899 1459 supradicta:
2959 1372 3202 1444 feliciter
3258 1374 3628 1442 acunabulis
3676 1384 3936 1441 educatis

2287 1474 2566 1530 uberibus
2601 1474 2962 1531 innotescere
2993 1473 3309 1542 decrevi,ut
3330 1472 3685 1530 abbatiolam
3720 1468 3936 1546 quam-

2289 1563 2424 1618 dam
2452 1563 2509 1618 in
2542 1562 2689 1619 silva
2722 1580 2848 1636 quae
2882 1565 2999 1620 Lea
3023 1563 3263 1631 dicitur,
3294 1563 3478 1637 patris
3510 1561 3623 1619 mei
3656 1561 3936 1619 Rodberti

2289 1651 2597 1706 clementia
2628 1652 2685 1707 in
2708 1651 2997 1708 honores.
3026 1652 3301 1709 Germani
3320 1650 3685 1721 fabricatam,
3710 1648 3774 1707 S.
3793 1649 3938 1708 Pari-

2291 1739 2539 1795 siacensi
2572 1739 2839 1796 Ecclesia
2871 1742 3271 1798 concederem.
3305 1741 3489 1808 Quod,
3522 1739 3662 1812 quia
3692 1728 3938 1815 dignum

2288 1827 2592 1884 videbatur
2621 1844 2909 1898 annuens,
2935 1846 3032 1885 ore
3065 1832 3241 1903 atque
3269 1830 3441 1886 corde
3468 1829 3723 1903 benigno
3754 1828 3940 1886 susci-

2292 1917 2479 1988 piens,
2509 1934 2642 1972 cum
2676 1934 2964 1974 consensu
2994 1935 3059 1974 ac
3089 1919 3385 1975 voluntate
3416 1916 3839 1995 episcopomm
3862 1922 3939 1974 at-

2293 2021 2405 2079 que
2436 2005 2735 2073 abbatum,
2768 2023 2869 2062 seu
2920 2006 3187 2063 omnium
3232 2008 3633 2080 comitumque
3681 2000 3940 2079 militum

2292 2112 2552 2151 meorum
2586 2094 2642 2150 S.
2677 2093 2776 2151 Dei
2794 2096 3067 2151 Genitrici
3100 2102 3232 2151 cum
3248 2096 3522 2152 omnibus
3556 2087 3684 2169 quae
3715 2096 3793 2153 ad
3819 2111 3941 2154 eam

2293 2184 2604 2257 pertinent,
2664 2173 2854 2256 ipsam
2887 2184 3242 2241 abbatiolam
3295 2184 3537 2255 contuli,
3570 2190 3635 2240 ut
3674 2185 3941 2257 quandiu

2269 2264 2401 2329 'loci
2434 2272 2591 2329 illius
2623 2274 2901 2346 praesides
2930 2275 3141 2343 vivent,
3178 2278 3435 2342 teneant,
3486 2273 3942 2354 regant,_nullo-

2294 2379 2407 2436 que
2435 2366 2767 2418 uestrorum
2799 2379 3204 2419 successorum
3238 2362 3536 2419 auferente
3578 2352 3941 2435 possideant,

2289 2449 2556 2507 videlicet
2612 2454 2828 2507 terram
2884 2450 3229 2508 Filiolicurti
3286 2451 3432 2507 etin
3465 2460 3614 2525 pago
3672 2450 3945 2509 Pinciaco

2292 2539 2472 2596 altare
2493 2544 2695 2596 Aureae
2717 2539 2881 2597 vallis
2907 2544 2965 2596 et
2979 2541 3039 2596 in
3054 2555 3203 2615 pago
3215 2538 3524 2597 Valcasino
3545 2537 3729 2596 altare
3751 2541 3943 2611 Treci,

2292 2629 2350 2684 in
2381 2646 2530 2702 pago
2562 2629 2889 2685 Belvacensi
2920 2628 3101 2686 altare
3154 2620 3393 2686 Borreti.
3430 2630 3488 2685 et
3534 2624 3852 2686 ecclesiam
3895 2632 3945 2686 S.

2292 2717 2528 2773 Marinae
2559 2716 2618 2772 in
2648 2718 2843 2774 insula
2874 2717 3260 2786 Parisii,item
3293 2717 3532 2791 praefato
3558 2716 3802 2790 praesuli
3826 2728 3947 2792 qua:

2291 2806 2363 2863 ad
2396 2806 2701 2862 ecclesiam
2718 2806 2910 2879 ipsam
2925 2808 3039 2863 non
3055 2806 3419 2880 pertinentin
3435 2805 3720 2862 suburbio
3737 2806 3947 2864 Parisii

2290 2900 2543 2967 quatuor
2573 2913 2864 2969 arpennos
2883 2896 3208 2952 vinearum.
3229 2896 3341 2951 Sed
3367 2896 3431 2951 ut
3457 2895 3566 2951 hoc
3596 2892 3817 2953 ucstra:
3841 2892 3946 2953 cle-

2292 2984 2523 3040 mentia:
2566 2984 2785 3040 donum
2827 2985 3048 3040 nostris
3089 2984 3423 3057 futurisque
3449 2982 3824 3056 temporibus
3857 2986 3946 3041 ﬁr-

2289 3090 2451 3129 mum
2465 3073 2771 3139 habeatur,
2782 3070 3004 3147 placuit
3018 3074 3186 3130 nobis
3200 3078 3491 3148 quatenus
3504 3073 3716 3130 exinde
3730 3090 3943 3147 prisce-

2288 3167 2458 3235 ptum
2472 3162 2593 3219 fieri
2600 3162 2625 3234 j
2633 3162 2870 3219 uberem
2880 3161 3315 3230 u‘s,videlicetut
3328 3172 3432 3218 nec
3447 3161 3666 3219 nostris
3677 3170 3809 3231 ,nec
3825 3162 3944 3221 reli-

525 3238 1086 3327 ctum'perveniatur
1114 3244 1479 3317 animarum;
1509 3252 1763 3324 eumque
1800 3251 1968 3324 regiae
1991 3252 2181 3323 digni-
2214 3320 2247 3327 μ
2291 3250 2425 3325 quis
2450 3254 2581 3325 post
2618 3244 2949 3324 futurisque
2973 3251 3361 3325 temporibus,
3386 3250 3599 3324 aliquis
3631 3246 3942 3309 hominum

501 3320 665 3427 itii;
695 3320 927 3415 semper
956 3320 1211 3413 requirat
1225 3339 1484 3396 ofﬁcium
1516 3320 1731 3397 sancta:
1764 3320 1969 3397 matris
1988 3320 2181 3398 Eccle-
2214 3320 2262 3391 B
2293 3320 2592 3413 quodlibet
2620 3320 3173 3413 eiimpedimentum
3194 3340 3266 3396 de
3295 3320 3709 3425 ii’sdem'rebus
3733 3340 3945 3427 inferre

530 3424 648 3498 sia,
678 3428 727 3485 si
761 3424 916 3503 quad
949 3426 1237 3495 imminet,
1270 3428 1653 3485 exterminare
1692 3428 2039 3502 periculum,
2092 3429 2179 3502 ip-

529 3512 771 3605 siusque
797 3514 1086 3605 longeque
1106 3504 1437 3605 propagare
1494 3518 1847 3574 beneficium
1878 3518 2181 3575 defuncto-

526 3602 661 3679 rum
691 3602 928 3681 patrum
953 3602 1169 3681 pietate
1222 3605 1526 3675 Collatum,
1586 3605 1925 3664 nullomodo
1977 3608 2178 3665 :eterni

2293 3432 2624 3502 prazsumat.
2658 3427 2728 3483 Et
2785 3430 2850 3483 ut
2887 3426 3007 3483 haec
3066 3427 3248 3483 nostri
3304 3418 3574 3500 priscepti
3624 3420 3946 3484 auctoritas

2293 3518 2518 3574 firmior
2548 3517 2856 3589 habeatur,
2891 3534 3072 3572 manu
3102 3518 3304 3573 nostra
3346 3510 3945 3585 subterﬁ‘rmavimu's,

2293 3612 2351 3662 et
2380 3604 2558 3681 sigilli
2581 3605 2766 3662 nostri
2799 3605 3185 3678 impressione
3215 3604 3600 3679 signavimus.

610 3740 797 3782 ,1η
1014 3744 1019 3753 ,
1480 3744 1485 3747 ,

1319 3911 2461 4015 cnuoxnanus
2547 3914 2682 4012 ιι
2771 3912 3147 4012 IMP.

577 4094 804 4166 HUJUS
841 4094 1141 4165 NOMIle
1179 4104 1395 4165 INTER
1432 4096 1661 4164 nscas
1700 4104 2092 4176 SECUNDUS,
2133 4107 2351 4166 INTER
2387 4107 2762 4167 AUGUSTOS
2800 4106 3094 4179 PRIMUS,
3132 4100 3545 4165 COGNOMINE
3587 4105 3898 4166 SALICUS

1948 4262 2086 4343 (An.
2122 4261 2510 4342 4024-1039.)

858 4465 1825 4659 CHUONRADI
1919 4504 2040 4655 Π
2135 4506 3577 4660 CONSTITUTIONES

1211 4752 1276 4808 D.
1312 4716 1512 4820 l’sa'rz,
1543 4752 1895 4809 Monumenla
1926 4751 2236 4809 Gennaniae
2263 4750 2547 4821 historica,
2577 4751 2709 4826 Leg.
2744 4755 2885 4810 tom.
2920 4752 2988 4819 ll,
3021 4767 3079 4826 p.
3109 4751 3225 4824 38.)

706 5108 958 5172 noicrUM
998 5132 1069 5172 nn
1107 5132 1399 5171 MANCIPIIS
1440 5131 1831 5172 ECCLRsunUM
1872 5117 1887 5190 (
1902 5118 1969 5188 1).

620 5276 623 5281 Α
1074 5202 1261 5277 (Circa
1292 5224 1384 5261 an.
1421 5205 1604 5277 1031.)

592 5288 1001 5363 CHUONRADUS,
1034 5294 1135 5352 Dei
1165 5294 1353 5368 gratia
1403 5294 1799 5350 Romanorum
1849 5294 2166 5368 imperator

512 5386 837 5461 angustus,
918 5383 1300 5440 BERENHARDO
1366 5382 1537 5449 duci,
1593 5387 1886 5440 SIGIFRIDO
1944 5384 2162 5454 comiti,

510 5454 867 5530 stigmam
899 5472 1245 5541 marchioni,
1279 5472 1529 5529 salutem
1560 5477 1616 5528 et
1644 5472 1913 5545 gratiam.

580 5598 661 5670 (4)
694 5597 1025 5671 Proditjam
1054 5597 1246 5671 prima
1264 5597 1385 5654 vice
1416 5613 1485 5653 ex
1512 5596 1802 5671 tabulario
1825 5596 2165 5671 regioAHan-

513 5668 823 5741 noverano,
858 5668 957 5725 ubi
987 5668 1137 5727 inter
1166 5668 1807 5741 chartas__episcopatus
1853 5668 2166 5727 Verdensis

513 5739 913 5801 authenticum
932 5741 1123 5818 sigillo
1147 5739 1438 5819 imperiali
1453 5739 1801 5815 insignitum
1815 5746 2164 5805 asservatur.

2342 5027 2616 5093 Quamvis
2650 5043 2753 5100 pro
2768 5023 2948 5081 totius
2978 5020 3059 5079 rei
3084 5017 3327 5094 publicae
3344 5017 3517 5092 lenge
3536 5015 3774 5099 lateque
3795 5012 3938 5093 pro.

2271 5118 2532 5174 curanda
2561 5115 2833 5179 utilitate,
2859 5115 3063 5187 jugem
3095 5109 3415 5166 debeamus
3463 5102 3936 5167 Sollicitudinem

2271 5222 2491 5281 gerere,
2524 5210 2721 5261 tamen
2755 5207 2822 5258 ut
2852 5219 2954 5275 pro
2982 5196 3365 5257 ecclesiarum
3395 5196 3494 5253 Dei
3526 5199 3683 5253 statu
3714 5195 3936 5254 soller-

2273 5297 2390 5352 tius
2423 5292 2820 5368 invigilemus,
2849 5308 2956 5347 nos
2981 5288 3355 5362 obligatiores
3384 5303 3513 5344 esse
3544 5301 3660 5341 non
3691 5283 3938 5361 ignora-

2274 5402 2428 5442 mus.
2464 5382 2644 5451 Unde,
2678 5381 2816 5454 quia
2844 5381 3057 5434 sanctze
3092 5376 3406 5434 Fardensis
3433 5374 3690 5433 ecclesias
3710 5374 3938 5455 manci;

2274 5473 2370 5545 pia
2398 5488 2503 5528 ceu
2535 5471 2707 5526 bruta
2736 5466 3014 5524 animalia
3042 5483 3146 5540 pro
3169 5454 3690 5539 quantulocunque
3737 5455 3937 5535 pretio

2273 5594 2694 5725 Apograggum
2724 5591 2852 5674 ejus
2882 5595 3072 5674 exstat
3099 5591 3159 5677 in
3189 5592 3475 5678 QOpiario,
3493 5588 3803 5677 Yerdensi,
3826 5590 3935 5647 ubi

2274 5676 2471 5725 tamen
2590 5664 2835 5722 uonradi
2863 5662 2989 5725 loco
3022 5668 3319 5723 Hemrzcus
3349 5664 3646 5722 scribitur.

2274 5662 2471 5728 ta-me'n
2500 5662 2835 5725 Chuonradi
2863 5662 2989 5727 Ιοοο
3022 5662 3319 5723 ηθῑηνίειῖδ
3349 5662 3646 5722 scribitur.
