3976 6360
43 427 217 528 φθῆ

1365 421 1895 524 αΗῠοΝΒᾼυυξ
1937 425 1994 524 1.1
2034 416 2200 516 IMP.

3320 423 3482 540 49ἐὲ

42 561 359 640 hactenus
382 562 718 632 venundata
747 563 930 627 fuisse
961 564 1313 634 audivimus,
1354 581 1469 621 non
1527 563 1719 620 solum
1748 563 1805 632 Α
1903 564 1956 618 4.
1989 565 2132 620 Item
2163 564 2211 621 si
2243 562 2509 634 clericus,
2542 562 2764 622 habens
2794 560 3143 634 beneﬁcium
3173 579 3209 640 a
3237 579 3370 642 rege
3389 541 3486 642 de:

46 652 235 712 illam
286 647 572 712 nefariam
601 655 1092 712 consuetudinem
1147 653 1490 720 admiratur,
1522 669 1725 708 verum

47 743 247 800 etiam
280 747 348 812 ut
375 760 500 801 rem
521 749 635 800 Deo
655 744 1113 816 hominibusque
1136 741 1537 798 detestabilem
1560 758 1726 796 exse-

49 833 593 901 oramur,maxime
617 850 752 890 cum
775 834 1100 890 secundum
1125 831 1462 887 canonicam
1486 831 1728 886 auctori-

51 925 249 977 tatem
285 920 504 977 nullius
537 921 792 978 ecclesia:
820 921 1038 994 pradia
1059 919 1147 975 vel
1170 919 1591 994 mancipia,pro
1614 918 1729 974 alia

48 1009 266 1082 aliqua
287 1009 832 1080 vicissitudine,nisi
858 1010 1076 1082 praedia
1095 1027 1200 1082 pro
1226 1007 1718 1084 praediis,manci-

57 1099 163 1171 pia
196 1115 307 1171 pro
338 1098 670 1172 mancipiis,
705 1116 809 1172 pro
840 1116 1001 1172 teque
1048 1097 1216 1154 bonis
1247 1097 1335 1154 vel
1381 1097 1726 1153 melioribus

56 1187 328 1245 debeant
341 1187 849 1244 mutuari.Idcirco
867 1191 1062 1244 autem
1075 1185 1481 1260 hujuscemodi
1505 1202 1727 1241 morem

57 1279 416 1350 sanctorum
435 1280 674 1331 Patrum
694 1276 1111 1334 traditionibus
1133 1279 1556 1349 repugnantem
1580 1274 1726 1330 ulte-

54 1365 186 1422 rius
215 1365 437 1420 ibidem
467 1365 740 1432 exerceri,
772 1370 972 1421 nostra
999 1364 1290 1440 imperiali
1322 1367 1606 1438 potestate
1633 1363 1726 1419 in-

53 1451 438 1519 terdicimus,
472 1455 530 1508 et
558 1452 721 1508 vobis
764 1453 983 1525 quibus
1033 1451 1246 1507 harum
1297 1451 1728 1523 provinciarum

56 1541 335 1614 regimen
369 1540 795 1614 commisimus,
842 1542 952 1596 sub
1005 1541 1105 1597 Dei
1163 1544 1489 1616 nostraeque
1531 1539 1728 1612 gratia:

61 1630 314 1686 obtentu
334 1629 716 1702 imperamus,
748 1634 814 1686 ut
842 1629 1200 1704 ubicunque,
1220 1629 1307 1685 vel
1330 1629 1482 1685 inter
1505 1634 1727 1685 vestros

59 1717 150 1774 vel
179 1717 334 1788 alios
374 1719 640 1790 ejusdem
698 1717 954 1775 ecclesiae
1015 1717 1308 1791 mancipia
1356 1718 1440 1773 ita
1492 1717 1729 1782 vendita

60 1807 469 1874 inveniantur,
502 1805 662 1863 illius
720 1805 829 1863 loci
873 1807 1144 1880 episcopo
1193 1811 1385 1863 vestro
1423 1805 1728 1878 juvamine

57 1896 414 1966 reddantur,
446 1911 514 1962 ea
562 1895 784 1952 scilicet
841 1896 1088 1965 ratione,
1123 1899 1190 1951 ut
1243 1896 1555 1969 episcopus
1605 1911 1726 1950 em-

60 1971 219 2064 ptori
255 1988 488 2064 tantum
520 1988 806 2058 quantum
840 2002 945 2058 pro
985 1986 1068 2042 eis
1125 1981 1304 2053 dedit,
1335 1984 1626 2054 restituat,
1668 1988 1725 2039 et
1758 1971 1774 2014 ⁴

61 2090 184 2146 sum
215 2071 476 2142 ecclesias
499 2072 793 2148 mancipia
813 2073 1073 2147 recipiat.
1109 2073 1208 2128 Sin
1229 2089 1360 2129 vero
1384 2072 1580 2146 aliqua
1602 2089 1727 2146 per-

62 2179 214 2218 sona
243 2161 340 2217 his
371 2178 573 2234 parere
599 2159 870 2231 noluerit,
895 2165 1088 2218 vestra
1109 2161 1422 2233 judiciaria
1442 2165 1724 2236 potestate

61 2239 193 2307 eam
219 2249 576 2324 distringite,
600 2252 785 2306 donec
805 2251 944 2307 huic
966 2255 1164 2309 nostro
1178 2250 1515 2322 justissimo
1537 2251 1724 2307 edicto

61 2337 154 2394 vel
206 2342 408 2406 coacta
437 2338 687 2395 obediat.
726 2340 812 2395 Ad
847 2339 1354 2395 evidentissimum
1411 2338 1606 2410 itaque
1646 2339 1724 2393 si-

65 2444 254 2502 gnum
268 2427 545 2484 omnibus
559 2432 768 2484 nostra
781 2427 1059 2502 imaginis
1081 2429 1322 2501 proponi
1337 2427 1724 2501 princepimus

66 2517 354 2589 sigillum.

460 2607 542 2676 (L.
578 2607 661 2676 s.)

863 2695 931 2750 ΙΙ.

462 2800 737 2840 currum
778 2799 849 2839 na
889 2799 1202 2842 BENEFICIIS
1231 2784 1329 2855 (2).

625 2872 752 2943 (An.
787 2872 947 2940 1031,
981 2871 1162 2946 Maii.)

144 2961 273 3018 Haec
293 2964 434 3017 sunt
460 2959 714 3035 capitula
735 2977 862 3034 quze
893 2963 908 2995 ¹
942 2949 1239 3017 Conradus
1267 2960 1400 3017 fecit
1420 2962 1479 3017 in
1505 2965 1722 3018 Ronca-

71 3049 152 3107 lia
177 3053 199 3086 ³
227 3051 302 3107 de
333 3050 649 3106 beneficiis.
683 3049 999 3106 Constituit
1029 3049 1185 3107 enim
1219 3053 1302 3105 ut.

140 3141 191 3196 1.
223 3139 283 3195 Si
305 3143 440 3212 post
459 3142 706 3196 mortem
732 3125 956 3196 domini
983 3139 1272 3195 vassallus
1301 3137 1386 3195 vel
1415 3143 1546 3212 post
1566 3155 1719 3196 mor-

67 3232 184 3285 tem
215 3226 454 3285 vassalli
485 3227 727 3284 heredes
748 3229 875 3300 ejus
897 3245 1001 3301 per
1020 3245 1242 3284 annum
1275 3232 1331 3283 et
1359 3228 1514 3284 diem
1547 3232 1717 3284 stete-

1834 656 1961 709 tum
1992 670 2108 709 non
2137 653 2326 710 solum
2350 670 2610 728 personis
2633 656 2732 711 sed
2750 654 3005 710 ecclesias
3027 655 3230 709 datum
3241 652 3496 727 6,ipsu‘r‘n'
3567 644 3572 649 ’

1837 744 1975 815 per"
2006 760 2175 799 suam
2208 743 2442 816 culpam
2473 745 2740 817 perdat“,
2765 743 2990 799 vivente
3021 760 3088 800 eo
3118 741 3486 800 et'ho'norem

1835 831 2296 888 ecclesiasticum
2329 831 2600 898 habente,
2635 835 2705 889 ad
2731 829 2926 905 regem
2985 833 3291 906 pertineat,
3352 817 3497 906 post

1836 924 2084 976 mortem
2115 937 2256 977 vero
2281 922 2409 993 ejus
2441 924 2511 976 ad
2542 938 2940 990 successorem
2972 925 3313 996 revertatur.
3355 921 3380 928 ”
3413 923 3418 927 ”

2238 1116 2490 1156 EDICTUM
2540 1117 2611 1156 ns
2625 1029 2977 1157 “deuastans
3001 1101 3107 1173 (5).

2368 1188 2500 1259 (An.
2534 1189 2693 1254 4037,
2731 1189 2845 1245 Mai
2874 1190 2989 1258 28.)

1908 1276 1972 1331 In
1996 1278 2231 1333 nomine
2253 1283 2464 1334 sanctae
2481 1278 2569 1334 ’et
2591 1278 2904 1334 individua:
2927 1280 3490 1349 Trinitatis,Chuon-

1838 1366 2014 1421 radus
2029 1367 2123 1421 Dei
2145 1367 2389 1438 gratia10
2411 1367 2808 1424 Romanorum
2822 1368 3140 1441 imperator
3160 1365 3483 1450 Augustus,

1837 1453 2122 1510 Omnibus
2162 1458 2374 1510 sanctas
2408 1455 2504 1511 Dei
2538 1456 2802 1512 Ecclesiaa
2825 1453 3160 1530 nostrisque
3189 1451 3483 1527 ﬁdelibus.

1837 1543 2224 1622 praesentibus
2245 1545 2285 1578 “
2319 1544 2541 1600 scilicet
2571 1550 2628 1600 et
2657 1545 2897 1618 futuris,
2928 1550 3133 1602 notum
3163 1561 3291 1618 esse
3321 1545 3484 1624 volu-

1838 1648 1991 1698 mus,
2026 1632 2179 1705 quod
2202 1649 2308 1688 nos
2336 1633 2406 1688 ad
2439 1633 2898 1691 reconciliandos
2925 1635 3154 1702 animos
3186 1635 3484 1710 seniorum

1837 1724 1894 1774 et
1921 1718 2197 1788 militum,
2232 1726 2296 1775 ut
2352 1722 2423 1777 ad
2464 1722 2711 1778 invicem
2763 1739 2996 1795 semper
3025 1724 3067 1759 ¹²
3115 1720 3488 1792 inveniantur

1836 1809 2169 1878 concordes,
2204 1813 2260 1863 et
2289 1813 2355 1864 ut
2384 1810 2633 1866 ﬁdeliter
2660 1813 2716 1866 et
2746 1816 3183 1882 perseveranter
3213 1812 3383 1884 nobis
3431 1797 3489 1871 et

1837 1896 1963 1952 suis
1988 1897 2316 1954 senioribus
2347 1898 2602 1955 serviant
2632 1899 2854 1968 devote,
2886 1899 3260 1976 praecipimus
3299 1897 3361 1958 "et
3390 1899 3488 1958 nr:

1835 1985 2009 2041 miter
2021 1986 2358 2055 statuimus,
2375 1990 2440 2043 ut
2461 1986 2659 2044 nullus
2685 1987 2854 2044 miles
2881 1986 3491 2066 episcoporum,abba-

1834 2083 1982 2142 tum,
2019 2075 2479 2144 abbatissarum,
2511 2082 2612 2131 aut
2642 2076 3050 2134 marchionum
3073 2079 3165 2134 vel
3184 2076 3486 2149 comitum,

1830 2162 1919 2219 vel
1954 2163 2218 2218 omnium
2252 2165 2352 2236 qui
2386 2159 2733 2220 beneﬁcium
2761 2166 2832 2222 de
2862 2166 3081 2223 nostris
3103 2165 3490 2240 publicis'bo-

1831 2252 1923 2306 nis
1956 2253 1997 2287 1³
2028 2256 2129 2308 aut
2158 2253 2228 2309 de
2258 2253 2636 2309 ecclesiarum
2671 2254 2907 2326 praediis
2931 2253 2974 2289 “
3001 2271 3157 2312 nunc
3199 2259 3360 2313 tenet
3389 2256 3493 2313 aut

1831 2341 2084 2397 tenuerit
2119 2341 2205 2398 vel
2263 2341 2548 2398 hactenus
2593 2341 2813 2412 injuste
2860 2343 3201 2416 perdidlt“,
3253 2329 3384 2414 tam,
3422 2346 3494 2401 de

1832 2429 2048 2484 nostris
2077 2429 2400 2501 majoribus
2421 2429 2880 2496 walvassoribus
2903 2433 2966 2501 “5,
2993 2449 3170 2504 quam
3193 2436 3251 2488 et
3281 2431 3488 2504 eorum

1833 2517 2141 2584 militibus,
2165 2518 2290 2573 sine
2321 2522 2482 2573 certa
2505 2523 2562 2572 et
2592 2517 2854 2574 convicta
2875 2518 3047 2592 culpa
3069 2537 3247 2576 suum
3272 2505 3490 2595 benefi-

1831 2607 1988 2662 cium
2020 2607 2244 2679 perdat,
2272 2605 2385 2662 nisi
2409 2607 2734 2662 secundum
2767 2606 3244 2664 constitutionem
3268 2593 3310 2644 η
3331 2593 3488 2666 ante-

1832 2711 2129 2752 cessorum
2153 2699 2486 2750 nostrorum
2509 2699 2566 2749 et
2579 2694 2872 2766 judicium
2895 2696 2937 2730 ¹⁸
2961 2696 3191 2769 parium
3213 2714 3478 2754 suorum.

1831 2785 1890 2840 Si
1915 2785 1956 2818 ¹⁹
1977 2784 2269 2856 contentio
2295 2783 2472 2839 fuerit
2501 2783 2729 2858 aointer
2777 2783 3033 2840 seniores
3063 2788 3120 2842 et
3166 2785 3384 2860 milites
3413 2788 3477 2854 ²¹,

1831 2873 2099 2946 quamvis
2131 2889 2298 2944 pares
2328 2871 2793 2942 adjudicaverint
2820 2871 2990 2936 illum
3029 2890 3138 2932 suo
3197 2875 3480 2946 beneficio

1830 2977 2026 3017 carere
2051 2960 2280 3025 debere,
2314 2958 2363 3014 si
2387 2958 2486 3014 ille
2526 2958 2736 3014 dixerit
2763 2958 2873 3016 hoc
2930 2959 3150 3032 injuste
3204 2961 3294 3018 vel
3349 2962 3482 3019 odio

1829 3050 2048 3106 factum
2081 3064 2228 3118 esse,
2261 3048 2388 3121 ipse
2419 3065 2594 3104 suum
2635 3048 2987 3106 beneficium
3033 3053 3247 3127 teneat,
3297 3050 3481 3108 donec

1829 3139 2025 3195 senior
2048 3142 2106 3193 et
2125 3139 2168 3172 ²²
2189 3137 2284 3194 ille
2305 3153 2478 3210 quem
2511 3137 2732 3209 culpat,
2755 3153 2888 3194 cum
2915 3138 3158 3212 paribus
3189 3127 3318 3197 suis
3345 3141 3481 3205 ante

1828 3226 2198 3300 praesentiam
2232 3231 2494 3282 nostram
2524 3225 2778 3292 veniant,
2811 3230 2868 3282 et
2895 3225 2939 3261 ²³
2969 3227 3048 3282 ibi
3098 3245 3277 3286 causa
3317 3229 3482 3302 justo

66 3317 201 3387 rint,
226 3317 380 3392 quod
403 3317 708 3374 dominum
734 3317 822 3374 vel
846 3317 1119 3374 heredem
1142 3318 1271 3394 ejus
1287 3317 1309 3350 ³
1331 3333 1445 3372 non
1470 3317 1722 3373 adierint
1751 3304 1794 3371 C
1836 3316 2072 3372 ﬁniatur
2091 3317 2153 3371 ²⁴.
2176 3315 2235 3370 Si
2258 3319 2451 3370 autem
2475 3331 2644 3385 pares
2661 3315 2704 3349 ²⁶
2725 3314 2943 3386 culpati
2964 3314 3025 3370 in
3038 3316 3264 3388 judicio
3283 3317 3482 3380 senio-

65 3399 410 3463 ﬁdelitatem
443 3404 792 3479 pollicendo,
828 3405 877 3462 si
902 3405 1016 3461 tale
1053 3405 1132 3461 sit
1160 3405 1529 3472 beneficium,
1565 3410 1629 3461 ut
1658 3407 1722 3460 ﬁ-

1831 3406 1997 3461 ribus
2017 3406 2060 3439 ²⁶
2100 3403 2439 3468 defecerint,
2490 3401 2588 3457 ille
2617 3402 2716 3474 qui
2748 3402 3022 3475 culpatur
3051 3410 3226 3460 suum
3259 3405 3478 3484 beneﬁ-

63 3493 275 3552 delitas
305 3496 638 3567 praestanda
659 3495 737 3551 sit
759 3494 1166 3550 investituram
1185 3494 1487 3566 petendo‘,
1524 3495 1716 3566 ipsum
1827 3495 1982 3550 cium
2013 3495 2226 3559 teneat,
2276 3493 2457 3547 donec
2489 3491 2611 3563 ipse
2641 3507 2774 3546 cum
2816 3508 2923 3547 suo
2955 3493 3182 3549 seniore
3210 3498 3268 3550 et
3324 3489 3480 3568 pari-

106 3583 270 3639 erdat
302 3584 400 3643 (3).

67 3584 270 3658 perdat
302 3584 400 3657 (3).

136 3675 191 3726 2.
225 3671 299 3728 Ut
329 3671 502 3728 liceat
545 3673 803 3728 dominis
861 3689 1063 3728 omnes
1119 3672 1503 3729 alionationes
1562 3673 1718 3728 l‘cudi

69 3761 272 3828 factas,
301 3760 468 3818 nulla
496 3761 764 3820 obstante
797 3761 1250 3834 praescriptione,
1286 3777 1573 3818 revocare.

140 3851 192 3904 3.
227 3849 511 3906 Simlliter
538 3850 598 3906 in
627 3849 966 3906 ostandiciis
997 3851 1018 3885 ⁸
1048 3849 1313 3922 petendis
1346 3851 1444 3923 (4).

1827 3585 1938 3649 bus
1967 3584 2010 3617 ²⁷
2061 3585 2194 3638 ante
2244 3585 2506 3636 nostram
2554 3579 2926 3653 praesentiam
2972 3581 3228 3638 veniant.
3276 3581 3481 3638 Senior

1828 3677 2025 3730 autem
2053 3671 2096 3705 ³⁸
2126 3674 2228 3725 aut
2256 3668 2425 3725 miles
2456 3668 2555 3741 qui
2583 3668 2875 3742 culpatur,
2909 3669 3010 3742 qui
3037 3671 3123 3725 ad
3143 3687 3250 3726 nos
3277 3667 3478 3749 venire

1828 3759 2164 3826 decreverit,
2193 3775 2293 3815 sex
2318 3757 2718 3814 hebdomadas
2741 3761 3058 3831 antequam
3090 3759 3199 3816 iter
3215 3757 3476 3833 incipiat,

1830 3852 1880 3906 ei
1921 3866 2056 3906 cum
2087 3865 2202 3920 quo
2233 3847 2545 3920 litigaverit
2572 3848 2616 3883 ²⁹
2655 3847 2981 3905 innotescat
3027 3849 3091 3904 ³ο.
3138 3845 3257 3920 Hoc
3283 3846 3478 3920 autem

1406 3947 1644 4002 VARUE
1686 3947 2090 4004 LECTIONES.

145 4036 160 4070 ¹
194 4053 432 4110 quare;
462 4037 710 4110 coradus
739 4039 792 4093 5.
826 4037 907 4110 Ed
937 4037 1138 4110 Spang.
1183 4037 1204 4070 ²
1235 4036 1430 4092 ictalia
1469 4052 1609 4094 corr.
1644 4037 1906 4110 runcalia
1933 4035 2254 4110 5.Α³Αάειτξδιἶ
2281 4038 2333 4089 2.
2363 4035 2404 4110 ᾖ
2435 4034 2472 4090 i.

73 4105 462 4181 hostandiciis
490 4109 544 4164 6.
591 4109 611 4143 ⁸
641 4107 804 4181 deest.
859 4105 940 4163 5.’
969 4105 988 4181 ἴ
1020 4105 1257 4181 propter
1284 4110 1337 4163 6.
1368 4110 1408 4181 _3
1441 4125 1590 4181 v.7eo

2500 4051 2557 4105 p.
2616 4035 2826 4090 desunt.
2857 4035 2909 4089 6.
2962 4035 2983 4069 ⁸
3012 4033 3395 4092 hostendiciis
3421 4035 3475 4092 5.

1620 4125 1678 4180 p.
1709 4111 1773 4163 II.
1812 4110 1832 4144 ⁹
1862 4107 2082 4180 domini
2124 4109 2184 4180 V.
2218 4109 2312 4162 Vn.
2349 4105 2467 4180 Cas.
2517 4106 2680 4180 φθῇ.
2714 4105 3176 4180 gloriosissimus
3203 4106 3352 4180 imp.
3375 4107 3473 4180 _Cr.

81 4179 117 4251 ff
150 4179 269 4251 tam
300 4196 356 4251 p.
391 4195 568 4251 quam
599 4185 654 4235 et
685 4179 723 4234 f.
759 4181 819 4234 L.
857 4181 912 4234 V.
953 4177 1046 4234 Vn:
1081 4177 1310 4235 “deest.
1348 4179 1434 4234 Cr.
1485 4180 1524 4213 ³³
1557 4177 1853 4236 beneﬁciis
1884 4179 2099 4245 Herold,
2151 4179 2192 4212 "
2218 4178 2501 4251 praesidiis
2536 4179 2588 4251 If.
2616 4179 2689 4251 II.
2728 4177 2770 4212 η
2795 4177 3111 4251 perdiderit
3145 4178 3206 4236 νζ
3238 4177 3328 4251 VII
3356 4178 3474 4251 Cas.

79 4249 118 4284 ¹⁶
149 4248 571 4319 walvasoribus
602 4253 698 4307 Cr.
730 4251 1143 4306 vavassoribus
1175 4251 1232 4306 L.
1270 4252 1322 4304 V.
1362 4252 1464 4306 VII.
1498 4251 1876 4307 vavasoribus
1925 4251 2043 4305 Cas.
2099 4248 2514 4304 vassalloribus
2550 4250 2641 4303 Vn.
2679 4250 2718 4282 ¹⁷
2753 4248 3235 4305 consuetudinem
3281 4249 3341 4305 L.
3382 4248 3474 4306 Vn.

88 4322 178 4374 Vn.
211 4317 331 4375 Cas.
367 4321 408 4355 ¹⁸
446 4317 717 4392 ,Ῑιιὰἰοιπῐι
752 4323 841 4377 Cr.
911 4323 953 4356 ¹⁰
983 4323 1050 4377 Et
1078 4321 1124 4376 si
1154 4325 1214 4376 .L.
1249 4320 1314 4376 V.
1356 4321 1449 4376 Vn.
1487 4322 1604 4376 Cas.
1658 4323 1700 4356 ²⁰
1729 4322 2118 4392 θῐηθτεθτὶιίν.
2161 4323 2253 4374 I'n.
2309 4321 2426 4374 Cas.
2477 4321 2514 4353 ²¹
2552 4319 2838 4392 seniorem
2870 4325 2927 4376 et
2955 4319 3199 4376 militem
3229 4321 3289 4376 L.
3329 4322 3380 4378 V.
3420 4321 3475 4376 V.

78 4395 214 4464 Cas._
248 4393 292 4426 ”
321 4392 378 4448 d.
415 4391 559 4447 suus
591 4393 787 4448 senior
809 4392 898 4448 vel
934 4393 1029 4448 ille
1063 4393 1162 4464 qui
1197 4393 1465 4464 culpatur
1500 4395 1600 4449 VII.
1649 4394 1693 4427 ’³
1722 4399 1778 4448 et
1810 4393 1911 4449 illa
1942 4409 1991 4447 c.
2042 4391 2141 4445 ibi.
2170 4393 2329 4464 juste
2365 4391 2468 4464 VII.
2520 4391 2939 4464 "nterminetur
2967 4393 3050 4462 (L)
3089 4394 3140 4446 V.
3174 4393 3267 4448 VII
3295 4393 3390 4448 Vn.
3424 4393 3480 4428 ’³⁸

79 4479 134 4569 p’.
167 4462 297 4543 ejus
325 4479 374 4544 (ξ.
408 4465 470 4518 L.
508 4466 562 4520 V.
605 4467 698 4521 Vn.
731 4466 774 4499 ²⁶
813 4462 1102 4546 seniorem
1135 4462 1424 4520 defuerint
1452 4467 1512 4520 L.
1547 4466 1588 4499 ³⁷
1618 4466 1736 4521 haec
1761 4466 1958 4521 ultima
1989 4479 2092 4519 v0.1:
2121 4462 2320 4518 codicis
2347 4463 2671 4517 I’lorenlini.
2695 4464 2737 4496 ’⁸
2769 4480 2901 4519 vero
2928 4465 2988 4517 L.
3017 4466 3068 4519 V.
3105 4466 3195 4537 I’II
3221 4466 3322 4538 νη.
3355 4464 3477 4520 Cas.

148 4532 395 4588 litlzawt
425 4539 486 4588 L.
525 4536 581 4588 γ.
614 4535 720 4588 Νη.
759 4536 878 4588 Cas.
911 4537 957 4572 ⁸ο
987 4540 1218 4588 intimet
1255 4537 1358 4588 VII.

172 4551 187 4588 ι

149 4691 223 4762 (2)
254 4692 554 4767 Habentur
583 4693 642 4748 in
675 4694 842 4750 libris
876 4695 1206 4767 Feudorum
1235 4694 1276 4749 1.
1304 4711 1365 4762 ιι,
1389 4711 1440 4749 c.
1464 4606 2104 4767 40,corI:f)E/l;urtanze,
2136 4692 2310 4758 mbr.,
2343 4691 2402 4745 in
2438 4689 2557 4758 tol.,
2590 4707 2720 4746 szec.
2753 4707 2849 4746 xxv
2878 4690 3146 4756 habetur,
3203 4693 3480 4765 proponi-

217 4533 395 4606 igavit
425 4539 486 4591 L.
525 4536 581 4591 γ.
614 4535 720 4592 Νη.
759 4536 878 4591 Cas.
911 4537 957 4572 ⁸ο
987 4535 1218 4592 intimet
1255 4537 1358 4592 VII.

83 4763 365 4819 mentario
391 4763 673 4832 involuta,
706 4782 880 4832 quem
914 4767 1049 4821 inde
1107 4766 1426 4821 discretum
1462 4763 1546 4820 in'
1572 4765 1726 4821 notis

81 4834 258 4914 textui
281 4835 563 4914 subjectis
592 4834 1242 4914 exhibemusﬁapitula
1263 4853 1330 4891 ex
1349 4837 1726 4914 inscriptione

82 4903 232 4960 tituli
274 4905 345 4960 ad
375 4903 791 4975 Chuonradum
808 4909 857 4962 II
873 4903 1194 4975 referenda,
1211 4923 1412 4962 mense
1424 4903 1573 4962 Maio
1588 4907 1726 4963 anni

84 4977 379 5050 1037,cum
399 4973 746 5050 imperator,
769 4977 1063 5050 episcopis
1095 4973 1461 5050 Vercellensi,
1495 4981 1725 5034 Cremo-

87 5047 252 5131 nensi
297 5053 356 5131 et
399 5047 734 5131 Placentino
792 5047 1485 5131 captis—,"enpeditionem
1514 5055 1729 5131 .contra

85 5117 445 5175 Heribertum
475 5117 978 5195 archiepiscopum
1002 5117 1491 5195 Medi‘olanensem
1508 5118 1730 5195 instau-

86 5195 336 5265 raturus,
361 5191 691 5265 exercitum
710 5191 1110 5265 congregaret,
1129 5191 1478 5265 _iu__carnpis_
1505 5192 1727 5246 Rouca-

84 5258 580 5344 liempr‘omulgata.
598 5264 801 5344 fuisse,
1015 5258 1284 5344 absimile
1304 5258 1482 5344 videri
1515 5267 1726 5344 potest.

156 5333 393 5388 Textum
426 5333 616 5406 qualis
642 5335 699 5389 in
733 5335 993 5406 codice2)
1025 5333 1281 5406 Haleﬁnsi,
1302 5334 1484 5406 mbr.,
1516 5333 1587 5406 in,
1607 5333 1726 5401 fol.,

90 5406 213 5477 sed.
235 5421 356 5477 _nv,
384 5404 613 5461 collatis
629 5408 687 5477 5)
711 5404 1096 5477 Gottinge'nsi,
1123 5405 1260 5460 olim
1289 5404 1728 5477 Schwarziano,

90 5472 148 5529 in
178 5473 294 5543 fol.,
327 5472 461 5532 sese.
491 5494 606 5548 XIV,
641 5472 698 5534 et
727 5478 784 5547 Ο)
815 5472 1177 5534 bibliothecae
1203 5475 1451 5549 publicae
1484 5476 1732 5531 Franco-

148 5581 220 5642 (a)
247 5581 414 5636 Medio
441 5582 542 5632 XII
570 5583 843 5634 denarium
873 5584 931 5643 2;
963 5581 1132 5643 medio
1159 5581 1258 5632 XII
1286 5580 1404 5630 den.
1434 5583 1480 5639 5,
1503 5584 1549 5632 6.
1588 5582 1664 5630 Ila
1686 5584 1735 5630 et

89 5643 130 5706 'IA
147 5645 191 5692 et
217 5648 244 5691 8
271 5645 448 5706 legere
478 5645 746 5696 videntur.
767 5646 839 5694 De
865 5643 1142 5706 mediolan.
1164 5644 1258 5693 XII
1280 5643 1341 5692 de
1377 5643 1610 5706 roncalia
1633 5647 1734 5706 ter-

93 5703 392 5772 tiam_edit_io
428 5711 448 5755 1
481 5708 992 5772 αρυᾲξξριξτιῃεηῦε
1021 5705 1192 5772 γῃοᾴἰο
1221 5707 1324 5755 XII
1351 5705 1532 5772 denqr.
1563 5705 1731 5772 Rehd.

92 5777 172 5831 ap.
318 5767 394 5819 De
422 5767 575 5826 modo
602 5767 709 5821 XII
723 5767 962 5821 dendrios
1008 5770 1072 5821 ed
1102 5769 1328 5832 Sprang.
1359 5795 1418 5806 —-
1459 5769 1737 5820 Sententia

1839 4783 1991 4822 mus.

1907 4839 1982 4908 (3)
2013 4835 2175 4908 Sicut
2202 4839 2260 4908 et
2287 4831 2612 4908 antiquitus
2643 4833 3003 4908 consuetudo
3056 4833 3188 4903 fuit,
3221 4834 3322 4891 sed
3363 4850 3478 4890 non

1836 4904 2379 4964 Mediolanensium.
2412 4904 2694 4959 Praeterea
2724 4908 2790 4958 ut
2816 4904 2979 4961 Feud.

1907 4980 1982 5048 (4)
2014 4977 2347 5033 Ostandicie
2377 4975 2651 5048 dicuntur
2680 4975 3036 5046 adjutorium
3069 4977 3228 5048 quod
3257 4976 3482 5034 faciunt

1837 5045 2115 5130 Romanis
2148 5066 2281 5130 cum
2316 5065 2450 5121 rege
2474 5047 2534 5130 in
2563 5045 2812 5130 hostem‘
2830 5045 3224 5130 pergentibus
3243 5048 3482 5130 vaesalli

1880 5121 1936 5174 ui
1965 5137 2100 5174 cum
2131 5121 2216 5175 eis
2271 5118 2410 5191 non'
2429 5119 2666 5191 vadunt,
2699 5118 2859 5191 verbi
2888 5118 3077 5191 gratia
3106 5119 3165 5174 in
3200 5119 3484 5176 Lombar-

1880 5137 1936 5174 ιιι
1965 5137 2100 5174 cum
2131 5137 2216 5175 818
2271 5137 2384 5175 non
2429 5137 2666 5184 vadunt,
2699 5137 2859 5174 verm
2888 5137 3077 5191 gratia
3106 5137 3165 5174 1n
3200 5137 3481 5176 Damnar-

1836 5137 1934 5247 dia
1963 5191 2035 5246 de
2082 5190 2409 5246 Mediolano
2439 5191 2513 5261 (a)
2569 5188 2979 5261 duodecimum
3041 5191 3370 5259 denarium,
3419 5191 3481 5247 in

1837 5261 2153 5318 'l‘eutonica
2194 5262 2423 5316 tertiam
2483 5265 2704 5332 partem
2756 5260 3052 5317 fructuum
3107 5261 3481 5320 solummodo

1839 5332 2138 5413 ejus‘anni
2169 5348 2282 5413 quo
2314 5332 2542 5412 hostem
2575 5333 2813 5413 faciunt.
2845 5332 3010 5413 F0151.

1911 5406 1986 5476 (5)
2017 5402 2205 5459 Veluti
2236 5402 2549 5475 episcopus
2580 5403 2666 5460 vel
2696 5404 2896 5462 abbas.
2928 5403 3093 5462 Feud.

1841 5596 1954 5633 esse
1985 5580 2211 5636 videtur,
2249 5579 2300 5628 in
2334 5579 2651 5630 Lombardia
2675 5583 3082 5634 Mediolanensis
3111 5555 3508 5633 duodecimum,

1841 5644 2141 5708 denarium.
2167 5641 2533 5708 duodecimam
2549 5643 2877 5708 facultatum
2927 5651 3150 5708 partem,
3181 5643 3488 5708 Germanice

1842 5706 1942 5775 den
1972 5705 2212 5775 moui/ten
2233 5703 2454 5775 Pfennig
2485 5705 2706 5764 solvere,
2738 5703 3003 5760 Teutones
3032 5703 3362 5760 solummodo
3387 5707 3489 5758 ter-

1841 5770 1973 5820 tiam
2000 5769 2267 5819 fructuum
2299 5769 2443 5816 anni.
