3976 6376
206 404 389 479 1048
1506 411 1846 482 ΟΗΠΟΝΒΑ

1966 410 2041 481 IS
2079 413 2134 480 ῙΙ
2175 411 2339 482 IMP.
3461 412 3637 497 1046)

204 545 669 623 pertinentibus,
700 542 761 605 in
789 544 1056 606 nostrum
1075 546 1561 606 mundiburdium
1582 565 1648 606 ac
1679 547 1873 605 defen-
1895 548 1952 617 Α
1980 548 2172 618 nachi,
2196 550 2246 606 si
2276 547 2597 608 necessitas
2625 546 2871 617 venerit,
2901 546 3176 618 habeant,
3209 546 3478 609 abbatem
3510 548 3622 608 eli-

206 638 448 696 sio’nem
478 654 549 696 ex
575 638 800 711 integro
831 637 1224 710 suscepimus.
1253 636 1659 710 Praecipientes
1688 637 1870 710 igitur
1976 639 2151 712 gendi
2180 640 2252 695 de
2283 639 2560 697 fratribus
2591 641 2736 707 suis,
2760 643 2817 695 et
2844 643 2911 695 ut
2938 639 3140 695 nullus
3187 639 3496 713 episcopus
3526 642 3630 712 aut

196 728 494 800 jubemus
522 730 588 783 ut
615 726 815 784 nullus
835 728 1020 799 judex
1049 726 1321 799 publicus
1341 741 1530 798 neque
1559 725 1772 798 aliquis
1799 743 1868 781 ex
1966 729 2154 800 judex
2174 728 2444 802 publicus
2464 728 2550 785 vel
2594 729 2842 801 quilibet
2887 728 3289 800 exjudiciaria
3317 732 3624 801 potestate,

196 816 532 890 judiciaria
546 819 828 888 potestate
847 815 1116 872 homines
1144 815 1431 888 praedictas
1444 814 1697 872 ecclesia:
1720 813 1864 871 libe-

204 922 316 962 ros
345 922 449 962 seu
482 904 739 973 colonos,
770 903 907 960 litos
941 908 1042 959 ant
1072 920 1289 972 servos,
1312 904 1370 959 in
1397 903 1591 977 aliquo
1622 904 1862 976 negocio

204 994 567 1068 distringere
616 997 935 1066 presumat,
967 993 1082 1049 nisi
1127 996 1359 1049 tantum
1408 993 1722 1048 advocatus
1752 991 1862 1048 loci

204 1083 775 1155 illius,habeantque
804 1080 1411 1138 sanctimonialesilla:
1439 1080 1682 1137 liberam
1708 1085 1862 1154 pote-

206 1175 429 1229 statem
460 1188 565 1245 per
613 1172 1041 1228 successionem
1087 1170 1368 1242 temporis
1414 1169 1565 1225 inter
1621 1186 1682 1226 se
1740 1170 1860 1226 sive

206 1261 455 1319 aliunde
486 1260 845 1317 abbatissam
870 1259 1371 1333 eligendi,nullius
1401 1258 1860 1315 saecularidomi;

205 1350 313 1407 nio
342 1350 641 1421 subjectae,
672 1352 905 1422 excepto
934 1351 1154 1416 nostro,
1188 1347 1289 1419 qui
1336 1363 1538 1403 earum
1568 1347 1855 1414 defensor,

204 1438 328 1496 Deo
358 1441 670 1507 annuente,
702 1453 831 1494 esse
855 1435 1146 1493 volumus.

280 1532 417 1584 Haec
446 1531 587 1585 sunt
632 1527 833 1600 predia
865 1542 995 1598 qua:
1022 1525 1331 1598 pertinent,
1351 1526 1424 1581 ad
1446 1542 1624 1597 supra
1642 1525 1858 1582 dictam

206 1617 520 1675 ecclesiam
543 1615 897 1672 Viscbiki.ln
926 1615 1025 1671 illo
1053 1614 1179 1671 loco
1211 1631 1267 1669 v1
1289 1614 1481 1669 mansi
1506 1613 1881 1686 pleni.Insu-'

202 1723 317 1781 per
345 1706 524 1763 etiam
546 1705 606 1761 in
626 1705 721 1762 his
739 1704 881 1760 locis
906 1704 988 1760 ita
1012 1702 1348 1759 nominatis.
1366 1703 1781 1759 Vuendredesa
1811 1703 1854 1758 ι.

200 1794 765 1870 Vuigbaldeshusun
786 1808 871 1849 Im
885 1792 1075 1849 mansi
1102 1790 1527 1848 Benneshusun
1550 1808 1567 1847 ι
1589 1807 1853 1848 mansus.
1899 1800 1908 1808 '

201 1885 692 1942 Haddeshusuni
741 1898 1005 1938 mansus.
1056 1880 1479 1937 Tiadanhusun
1524 1897 1542 1934 1
1588 1896 1851 1936 mansus.

202 1973 637 2031 Hainanhusun
666 1989 707 2027 II
740 1971 952 2027 mansi.
986 1971 1055 2026 Et
1082 1970 1140 2025 in
1172 1968 1304 2025 aliis
1333 1968 1478 2024 locis
1500 1968 1571 2024 ad
1589 1968 1856 2025 ministe-

203 2064 365 2120 rium
387 2062 643 2119 ecclesiae
663 2059 923 2116 Viscbiki
942 2076 1136 2114 XXVIIII
1172 2057 1361 2114 mansi
1402 2057 1460 2112 in
1483 2074 1631 2131 pago
1654 2056 1854 2113 Tilithi

201 2154 268 2210 in
296 2152 577 2210 comitatu
599 2148 939 2206 Herimanni
960 2147 1211 2216 comitis,
1245 2147 1575 2218 iterumque
1614 2146 1672 2201 in
1707 2163 1855 2220 pago

201 2244 481 2301 Merstem
510 2240 569 2295 in
601 2238 879 2294 comitatu
905 2237 1168 2309 ejusdem
1202 2235 1432 2291 comitis
1460 2252 1560 2291 VIII
1583 2235 1858 2303 mansi,et

202 2334 265 2389 in
289 2348 440 2404 pago
458 2328 715 2402 Lapinga
741 2342 800 2383 v1
828 2326 1022 2382 mansi
1068 2325 1128 2381 in
1166 2325 1442 2380 comitatu
1485 2323 1761 2391 Dodican,
1794 2325 1854 2380 in

203 2438 359 2497 pago
376 2417 662 2475 Westfala
678 2416 739 2471 in
760 2415 1039 2472 comitatu
1058 2413 1312 2470 Heinrici
1359 2413 1590 2469 comitis
1618 2430 1656 2467 x
1683 2417 1741 2469 et
1754 2430 1854 2468 vui

204 2508 425 2575 mansi,
456 2512 515 2565 et
544 2507 603 2562 in
635 2505 913 2561 comitatu
944 2504 1332 2559 Hrodvverkes
1362 2520 1417 2557 v1
1449 2503 1661 2557 mansi.
1698 2502 1763 2556 Et
1792 2501 1853 2557 in

201 2599 346 2656 villa
373 2614 501 2671 quae
523 2600 763 2652 vocatur
781 2593 1212 2663 Hramnesberg
1233 2609 1273 2647 ιι
1304 2590 1854 2658 mansi,Fiahtthor-

202 2705 279 2763 pe
307 2706 326 2744 1
357 2702 624 2753 mansus,
650 2684 710 2739 in
740 2682 930 2738 Anion
974 2698 1061 2737 ιιιι
1109 2679 1322 2747 mansi,
1355 2683 1413 2734 et
1462 2679 1521 2734 in
1572 2678 1853 2735 comitatu

204 2773 568 2834 Wirinhardi
602 2776 825 2830 curtem
856 2771 1094 2827 nomine
1124 2768 1444 2824 Thuliberh
1476 2786 1511 2823 ν
1542 2766 1752 2823 mansi.
1788 2768 1853 2822 In

201 2864 488 2924 Tundirin
514 2878 593 2918 vn
611 2860 820 2918 mansi.
847 2862 907 2915 In
937 2856 1415 2929 Hartingehusun
1437 2855 1575 2911 villa
1603 2856 1849 2928 integra.

200 2958 273 3013 Et
298 2958 362 3011 ut
381 2954 504 3010 haec
524 2954 725 3008 nostra
749 2947 1115 3005 confirmatio
1139 2945 1370 3003 stabilis
1419 2949 1477 3001 et
1513 2943 1853 3000 inconvulsa

202 3040 720 3120 permaneat,hanc
749 3036 934 3094 nostri
966 3035 1232 3110 praecepti
1256 3034 1529 3107 paginam
1563 3033 1697 3089 inde
1722 3049 1853 3089 con-

203 3135 489 3208 scriptam
535 3146 716 3186 manu
765 3127 1001 3201 propria
1053 3126 1394 3181 roborantes
1442 3121 1619 3195 sigilli
1668 3121 1850 3177 nostri

203 3221 590 3297 impressione
620 3216 887 3290 insigniri
914 3214 1231 3286 jussimus.

1976 817 2091 874 nisi
2113 817 2274 874 solus
2304 817 2465 872 illius
2486 817 2596 873 loci
2628 816 2888 890 provisor
2916 819 2974 872 et
3008 817 3325 873 advocatus
3356 816 3619 890 praedicti

1974 905 2411 974 monasterii,in
2432 905 2707 962 ecclesias
2738 909 2838 962 aut
2865 905 2992 962 loca
3017 904 3106 962 vel
3138 921 3310 978 agros
3340 921 3441 976 seu
3473 904 3617 962 reli-

1972 1012 2121 1067 quas
2142 994 2543 1068 possessiones
2563 994 2781 1067 praefati
2805 993 3143 1061 monasterii
3163 1011 3311 1067 quas
3334 994 3615 1051 moderno

1970 1089 2230 1157 tempore
2239 1085 2398 1156 juste
2417 1088 2476 1140 et
2492 1082 2914 1139 rationabiliter
2946 1083 3246 1155 possidere
3261 1083 3508 1152 videtur,
3532 1083 3614 1139 ad

1967 1189 2178 1230 causas
2201 1173 2522 1229 audiendas
2549 1172 2639 1227 vel
2670 1173 2833 1228 freda
2851 1171 3131 1245 exigenda
3151 1175 3252 1229 aut
3279 1172 3616 1231 mansiones

1965 1261 2055 1318 vel
2076 1269 2309 1335 paratas
2329 1262 2625 1318 faciendas
2653 1264 2754 1317 aut
2774 1262 3148 1333 ﬁdejussores
3171 1261 3480 1329 tollendos,
3511 1264 3616 1317 aut

1967 1351 2119 1407 ullas
2147 1350 2570 1407 redhibitiones
2613 1349 2701 1406 vel
2750 1349 2985 1406 illicitas
3033 1350 3368 1407 occasiones
3417 1349 3609 1423 requi-

1965 1440 2309 1509 rendas,aut
2326 1439 2594 1495 homines
2614 1438 2803 1511 ipsius
2820 1437 3158 1495 monasterii
3178 1442 3299 1496 tam
3324 1439 3613 1512 ingenuos

1966 1546 2146 1604 quam
2175 1533 2233 1585 et
2261 1545 2457 1585 servos
2486 1527 2574 1584 vel
2597 1528 2732 1584 litos
2771 1528 2989 1599 injuste
3017 1528 3457 1601 distringendos
3488 1528 3610 1586 ullo

1967 1635 2231 1691 unquam
2252 1623 2512 1690 tempore
2533 1617 2743 1673 audeat
2770 1617 3017 1689 ingredi,
3049 1614 3139 1673 vel
3179 1633 3248 1673 ea
3274 1633 3403 1689 qua
3430 1634 3612 1690 supra

1968 1712 2288 1765 memorata
2317 1711 2457 1763 sunt
2473 1706 2703 1779 penitus
2733 1706 2961 1779 exigere
2982 1708 3084 1761 aut
3120 1706 3360 1763 actitare
3387 1723 3609 1779 praesu-

1965 1801 2105 1854 mat.
2136 1797 2248 1853 Sed
2279 1800 2336 1852 et
2365 1797 2435 1851 de
2456 1794 2827 1851 dominicatis
2851 1794 3076 1850 mansis
3099 1793 3189 1851 vel
3218 1812 3375 1851 nunc
3392 1794 3611 1852 habitis

1962 1886 2050 1943 vel
2080 1890 2211 1959 post
2235 1884 2628 1958 acquirendis,
2654 1901 2689 1939 a
2742 1883 3054 1939 reddendis
3101 1883 3348 1942 decimis
3372 1884 3609 1958 plenam

1964 1977 2120 2033 idem
2152 1974 2572 2031 monasterium
2617 1972 2828 2028 habeat
2866 1971 3322 2047 immunitatem,
3354 1978 3431 2041 et,
3458 1973 3611 2030 sicut

1965 2066 2252 2122 hactenus
2284 2064 2484 2131 fuit,ut
2512 2063 2725 2118 dentur
2754 2062 2827 2116 ad
2847 2064 3079 2133 portam
3099 2061 3159 2117 in
3178 2063 3609 2136 susceptionem

1963 2148 2263 2227 hospitum
2293 2157 2350 2210 et
2362 2150 2888 2225 peregrinorum,in
2902 2149 3264 2222 quibuslibet
3278 2152 3607 2225 episcopiis,

1965 2244 2130 2318 pagis
2157 2242 2246 2299 vel
2278 2240 2611 2306 territoriis,
2640 2238 2729 2295 vel
2759 2238 3037 2295 omnibus
3068 2255 3194 2312 qua:
3220 2239 3452 2299 ,ibidem
3474 2258 3608 2314 pro-

1962 2337 2091 2406 pter
2111 2332 2374 2388 divinum
2397 2344 2657 2385 amorem
2674 2331 2732 2384 et
2760 2326 2920 2384 illius
2952 2327 3136 2384 sancti
3154 2327 3265 2384 loci
3284 2329 3606 2386 veneratio-

1961 2438 2097 2478 nem
2117 2419 2326 2476 collata
2352 2417 2591 2486 fuerint,
2621 2420 2687 2472 ut
2714 2416 2887 2472 liceat
2929 2415 3150 2471 ibidem
3176 2417 3293 2473 Deo
3320 2416 3608 2474 famulan-

1959 2510 2119 2566 tibus
2139 2508 2248 2565 sub
2271 2511 2481 2563 nostra
2504 2504 2898 2561 immunitatis
2927 2504 3174 2561 tuitione
3195 2506 3389 2577 quieto
3401 2506 3605 2564 ordine

1957 2599 2147 2655 vivere
2200 2613 2265 2653 ac
2314 2596 2589 2663 residere,
2622 2598 2680 2649 et
2725 2592 2939 2649 melius
2986 2592 3120 2649 illos
3168 2592 3403 2650 dilectet
3443 2597 3606 2669 omni

1958 2691 2220 2758 tempore
2253 2698 2358 2756 pro
2387 2681 2555 2738 nobis
2583 2686 2641 2736 et
2669 2681 2917 2753 conjuge
2946 2684 3147 2738 nostra
3175 2684 3349 2754 atque
3380 2683 3606 2739 stabili-

1960 2780 2076 2830 tate
2100 2773 2261 2847 regni
2285 2776 2442 2827 aDeo
2460 2770 2630 2826 nobis
2642 2768 2858 2837 collati,
2892 2768 3125 2825 Domini
3144 2769 3608 2830 misericordiam

1961 2864 2242 2921 attentius
2271 2877 2525 2918 exorare.
2562 2861 2807 2931 Insuper
2833 2858 3011 2914 etiam
3051 2858 3308 2915 decimas
3336 2859 3428 2916 vel
3449 2861 3606 2921 deci-

1961 2953 2146 3010 males
2174 2950 2453 3007 ecclesias
2484 2949 2544 3004 in
2576 2948 2910 3020 quibusque
2928 2946 3241 3020 episcopiis
3260 2947 3343 3004 ita
3368 2952 3607 3007 teneant

1961 3049 2136 3116 atque
2166 3042 2498 3113 disponant,
2533 3038 2688 3093 sicut
2718 3037 2826 3092 sub
2859 3036 3331 3111 antecessoribus
3386 3039 3605 3113 nostris

1961 3133 2195 3206 regibus
2224 3128 2493 3185 videlicet
2520 3131 2578 3183 et
2622 3125 3076 3199 imperatoribus
3100 3128 3298 3182 tenere
3326 3143 3431 3199 per
3457 3145 3603 3201 prae-

1963 3226 2129 3294 cepta
2173 3219 2284 3275 visi
2342 3220 2484 3274 sunt
2539 3219 2713 3287 atque
2771 3215 3099 3286 disponere.
3132 3214 3608 3288 EpiscOpisvero

274 3283 506 3384 έίρηωη
532 3309 719 3365 damni
740 3283 1064 3361 ‘Chaoaradz'
1092 3303 1179 3373 (L.
1205 3301 1304 3370 M.)
1352 3300 1732 3369 gloriosissimi
1760 3315 1846 3354 re-

1966 3283 2179 3385 quibus
2209 3306 2512 3365 servitium
2543 3309 2600 3360 et
2638 3301 3064 3357 mansionatica
3109 3283 3323 3359 debent
3336 3283 3612 3378 tempore

241 3420 307 3459 ιδ.

241 3420 307 3459 ιδ.

204 3420 239 3476 g
276 3487 581 3547 Odalricus
612 3481 992 3541 cancellarius
1022 3480 1142 3534 vice
1187 3477 1458 3532 Aribonis
1498 3475 1851 3549 archicapcl-

201 3579 322 3638 lani
354 3573 676 3649 recognovi.

274 3669 422 3725 Data
449 3681 491 3721 ιι
522 3664 583 3719 ld
613 3663 878 3728 Januar.,
910 3656 1225 3713 indictione
1262 3672 1382 3722 VIII,
1416 3670 1567 3709 anno
1599 3653 1854 3708 Domini-

203 3774 284 3816 cm
312 3751 741 3813 Incarnationis
772 3750 795 3805 Ι
807 3751 932 3814 052,
967 3762 1119 3802 anno
1150 3749 1346 3801 autem
1388 3742 1588 3799 domni
1617 3742 1847 3798 Chuon-

201 3845 332 3904 radi
360 3842 606 3901 secundi
630 3837 931 3913 regnantis
954 3848 1014 3890 l°.
1049 3837 1252 3889 Actum
1288 3832 1561 3888 Corbeiaa.

996 3939 1065 3995 II.

203 4037 520 4098 Chuonradi
548 4035 597 4092 ll
618 4030 1103 4107 privilegiumpro
1149 4018 1481 4107 monasterio
1514 4024 1841 4091 Corbeiensz’,

595 4097 1193 4179 petente'Truclitmaro
1224 4097 1435 4152 abbate.

816 4193 1004 4260 (Anno
1034 4188 1218 4257 1025.)

696 4283 976 4355 [Ennaam
1009 4277 1108 4333 ubi
1134 4274 1346 4347 supra]

267 4378 330 4435 C.
381 4378 444 4432 In
497 4371 733 4430 nomine
780 4373 995 4425 sanctae
1045 4369 1103 4421 et
1150 4363 1463 4419 individuaa
1514 4360 1839 4428 Trinitatis,

196 4465 601 4531 Chuonradus,
630 4459 829 4517 divina
853 4457 1078 4512 favente
1119 4451 1448 4519 clementia,
1472 4465 1591 4508 rex.

265 4554 478 4613 Notum
509 4552 585 4608 sit
641 4547 915 4606 omnibus
958 4542 1175 4600 Christi
1233 4540 1531 4611 nostrique
1569 4539 1842 4595 fidelibus

1963 3399 2240 3456 circuitus
2272 3394 2386 3460 sui,
2419 3392 2745 3449 secundum
2771 3390 2992 3463 scripta
3020 3390 3405 3465 sua'singulis
3434 3394 3627 3469 annis,

1961 3485 2383 3561 persolvant.Et
2416 3487 2479 3537 ut
2507 3481 2629 3536 haec
2659 3478 2976 3535 auctoritas
3006 3479 3412 3554 concessionis.
3431 3484 3607 3554 atque

1961 3572 2422 3633 confirmationis
2442 3572 2650 3625 nostrae
2674 3565 2897 3622 ﬁrmior
2907 3565 3190 3621 habeatur
3208 3569 3264 3622 et
3284 3583 3388 3640 per
3406 3568 3613 3626 futura»

1957 3668 2222 3735 tempora
2252 3658 2540 3715 acunctis
2601 3654 2874 3710 ﬁdelibus
2920 3657 3138 3709 sanctae
3185 3654 3284 3730 Dei
3311 3654 3600 3731 Ecclesia;

1959 3752 2294 3823 nostrisque
2323 3744 2708 3820 praesentibus
2736 3747 2795 3798 et
2824 3741 3041 3799 futuris
3090 3742 3303 3799 melius
3331 3745 3605 3802 credatur

1958 3840 2414 3915 diligentiusque
2467 3835 2823 3900 observetur,
2875 3848 3056 3887 manu
3086 3831 3348 3904 propria
3388 3833 3603 3905 subter

1958 3948 2087 3989 eam
2118 3925 2483 3985 firmavimus
2512 3927 2569 3978 et
2598 3919 2775 3993 sigilli
2808 3920 2992 3976 nostri
3039 3919 3426 3992 impressione
3455 3923 3601 3980 assi-

1955 4019 2106 4094 gniri
2130 4017 2444 4089 jussimus.

1931 4074 2253 4179 -ῡδίρῆητη
2281 4103 2467 4160 damni
2495 4097 2811 4157 Chuonradi
2838 4098 2921 4170 (L.
2956 4097 3057 4168 M.)
3102 4074 3490 4167 ριονίοέςίζςδῖὴιί
3515 4116 3600 4157 re-

1993 4214 2060 4254 ιδ.
3436 4230 3445 4235 .

1993 4216 2060 4254 ιδ.
3436 4230 3445 4235 -

1953 4216 1986 4268 g
2024 4283 2325 4341 Odalricus
2356 4276 2737 4335 cancellarius
2768 4274 2889 4330 vice
2925 4272 3199 4349 Aribonis
3245 4256 3621 4348 ιιι-οὶιίθὰρὠ

1952 4374 2071 4430 lani
2101 4369 2426 4443 recognovi.

2021 4464 2170 4519 Data
2195 4478 2250 4515 χι
2282 4456 2430 4521 Kal.,
2467 4456 2658 4522 Febr.,
2692 4451 3010 4508 indictione
3055 4469 3179 4519 vm,
3229 4470 3382 4510 anno
3413 4455 3607 4517 Domi.

1952 4553 2091 4608 nica:
2122 4542 2539 4604 Incarnationis
2571 4542 2730 4608 1025,
2765 4557 2919 4595 anno
2956 4556 3089 4595 vero
3140 4541 3341 4597 domni
3375 4542 3606 4601 Chilon-

199 4641 583 4719 praesentibus
613 4637 835 4696 scilicet
882 4639 1059 4705 atque
1103 4630 1338 4699 futuris,
1375 4626 1624 4701 qualiter
1669 4644 1839 4719 vene-
1874 4648 1921 4713 Β
1954 4639 2077 4698 radi
2111 4632 2353 4693 secundi
2384 4628 2681 4703 regnantis
2705 4644 2741 4683 I.

197 4716 393 4791 rabilis
423 4730 605 4787 abbas
634 4726 872 4784 nomine
916 4721 1340 4779 Truchtmarus
1393 4720 1653 4773 nostram
1698 4716 1842 4771 adiit

198 4817 620 4883 excellentiam,
654 4812 999 4888 suppliciter
1019 4824 1192 4865 orans
1223 4809 1287 4861 ut
1315 4809 1517 4861 nostra
1536 4804 1847 4877 magnifica

198 4906 595 4966 muniﬁcentia
609 4903 1077 4978 prospiceremus
1104 4893 1457 4951 monasterio
1480 4893 1573 4948 cui
1595 4910 1843 4965 praeesse

198 4998 511 5064 videretur,
557 4993 713 5067 quod
770 4995 861 5048 est
917 4988 1317 5044 constructum
1368 4998 1546 5054 super
1601 4980 1841 5037 fluvium

200 5086 428 5143 Wisera
455 5083 653 5140 inloco
684 5080 784 5154 qui
801 5079 1017 5135 dicitur
1045 5070 1454 5131 NovaGorbeia
1476 5070 1536 5125 in
1562 5069 1842 5126 honorem

203 5175 301 5233 Dei
331 5179 389 5231 et
417 5173 603 5230 sancti
635 5169 914 5243 Stephani
975 5160 1436 5238 protomartyris,
1468 5158 1569 5214 ubi
1607 5163 1663 5213 et
1689 5159 1843 5214 beati

202 5264 311 5320 Viti
344 5262 618 5332 martyris
650 5259 904 5331 pretiosa
956 5255 1200 5327 pignora
1247 5247 1465 5305 servari
1497 5252 1841 5303 noscuntur.

206 5351 380 5425 Cujus
399 5347 665 5423 petitioni
685 5343 1015 5403 rationabili
1038 5344 1275 5415 propter
1304 5335 1563 5391 divinum
1587 5352 1844 5392 amorem

206 5444 261 5497 et
309 5436 742 5497 venerationem
792 5435 1098 5490 beatorum
1157 5430 1481 5499 martyrum
1537 5441 1857 5480 assensum.

209 5528 544 5602 prabentcs,
604 5525 714 5581 hos
788 5522 983 5595 apices
1040 5515 1372 5575 serenitatis
1430 5517 1639 5569 nostra:
1698 5513 1850 5571 circa

208 5616 395 5690 ipsum
427 5612 850 5673 monasterium
878 5606 1445 5679 ﬁerijussimus,per
1474 5618 1623 5673 quos
1651 5602 1847 5658 decer-

208 5706 399 5764 nimus
420 5707 599 5778 atque
618 5695 1224 5775 jubemus,praecipue
1255 5696 1320 5749 ut
1347 5694 1695 5764 potestatem
1725 5706 1848 5750 mo.

2020 4729 2226 4785 Actum
2258 4720 2515 4779 Goslare.

2729 4807 2824 4862 ΙΙΙ.

1953 4902 2269 4963 Chuonradi
2298 4902 2344 4955 11
2374 4898 2557 4980 Italian.
2581 4897 2724 4980 regis
2765 4896 3162 4980 diglqma,_guno
3200 4896 3490 4980 conﬁrmat
3505 4899 3603 4971 ju-

2164 4991 2230 5030 ra
2257 4970 2587 5027 monasterio
2625 4967 2856 5024 Lucenai
2885 4967 3072 5024 Sancti
3103 4970 3386 5025 Pontiani.

2569 5057 2756 5128 (Anno
2788 5058 2976 5126 1025.)

2310 5149 2660 5221 [Mum-rom,
2693 5146 2876 5218 Antig.
2898 5148 3020 5203 Ital.
3056 5146 3099 5218 Ι,
3131 5147 3247 5219 93.]

2025 5263 2087 5317 In
2122 5258 2355 5314 nomine
2385 5258 2599 5309 sanctas
2626 5255 2681 5306 et
2711 5251 3025 5308 individua:
3054 5250 3607 5321 Trinitatis,CuuorI-

1958 5367 2159 5416 nanus,
2196 5347 2392 5403 divina
2422 5343 2649 5397 favente
2678 5339 3011 5409 clementia,
3043 5359 3161 5410 rex,
3194 5346 3330 5411 etc.,
3352 5340 3607 5414 qualiter

1956 5432 2209 5486 domnus
2237 5422 2582 5481 Ambrosius
2610 5420 2959 5477 venerabilis
2981 5422 3444 5479 abbasnostram
3464 5437 3605 5493 sup-

1958 5518 2092 5592 plex
2105 5515 2247 5573 adiit
2269 5510 2697 5579 celsitudinem,
2730 5509 3049 5584 deprecans
3070 5515 3136 5566 ut
3154 5528 3259 5584 pro
3284 5509 3379 5566 Dei
3409 5524 3607 5564 amore

1959 5622 2183 5679 suaque
2216 5599 2641 5674 supplicatione
2670 5598 3094 5654 monasterium
3124 5600 3280 5672 quod
3321 5601 3610 5654 restaura-

1958 5698 2042 5753 vit
2071 5693 2337 5769 quaedam
2368 5693 2638 5745 matrona
2667 5687 2846 5744 Willa
2874 5692 3288 5758 vocata,mater
3316 5703 3451 5744 vero
3483 5687 3607 5747 Hu-
