3976 6360
364 389 534 472 MT

1723 397 2039 471 MONUM.
2085 398 2406 468 DIPLOM.

3607 396 3808 466 1081³

3785 427 3804 438 Ἰ

363 539 531 635 gonis
559 535 758 612 inclyti
784 537 1271 613 marchionis,pro
1301 557 1408 596 sua
1437 539 1634 596 anima
1657 544 1714 596 et
1743 555 1845 611 pro
1875 536 2089 603 ani-LA
2118 552 2271 604 mus,
2305 539 2372 591 ut
2400 534 2599 592 nullus
2628 531 2963 603 eor'um,aut
2983 549 3227 591 suorum
3257 530 3570 594 hominum
3601 533 3784 590 dein-:-

365 628 578 684 mabus
599 628 862 684 omnium
894 629 1360 685 Christianorum
1392 629 1798 694 fidelium,Deo
1821 629 2011 684 faven-

364 708 452 793 te,
476 715 617 771 foris
642 725 879 772 murum
909 705 1189 796 Lucensis
1239 718 1423 784 urbis,
1458 719 1516 773 in
1567 718 1750 772 honre
1781 721 2009 773 sancto-

366 821 496 884 rum
522 804 913 876 apostolorum
943 805 1195 879 Philippi
1224 811 1282 862 et
1309 807 1530 873 Jacobi,
1555 811 1611 862 et
1640 807 1823 861 sancti
1856 807 2010 861 Pon-

365 893 512 950 tiani
569 892 843 966 "martyris
901 894 1137 962 Christi,
1197 897 1366 965 cujus
1423 893 1743 966 gloriosum
1803 911 2011 966 corpus

367 982 584 1062 ibidem
616 983 948 1060 requiesCit,
978 988 1087 1039 etc.

439 1071 672 1148 Signum
697 1071 888 1128 domni
920 1070 1243 1127 Chuonradi
1270 1072 1412 1142 regis
1439 1072 1806 1126 invictissimi.

437 1163 607 1233 Hugo
636 1159 1022 1216 cancellarius
1050 1159 1174 1214 vice
1209 1159 1480 1215 Aribonis
1522 1159 2015 1217 archicancellarii

365 1248 697 1321 recognovi.

441 1337 646 1394 Hiatus
678 1336 864 1408 Sigilli
897 1335 1046 1391 cerei
1077 1335 1382 1408 deperditi.

443 1425 591 1504 Data
618 1439 678 1502 ix
707 1422 1001 1478 Kalendas
1033 1421 1190 1490 Maii,
1225 1422 1539 1479 indictione
1567 1440 1686 1492 vm,
1720 1441 1872 1480 anno
1905 1425 2015 1480 Do-

373 1521 602 1582 minica’a
655 1519 1080 1595 lncarnationis
1140 1521 1299 1586 1025,
1358 1537 1509 1576 anno
1559 1525 1752 1577 autem
1810 1522 2018 1589 Domni

372 1610 707 1670 Ghuonradi
740 1608 986 1667 secundi
1017 1608 1316 1684 regnantis
1345 1609 1554 1680 primo.

444 1702 652 1778 Actum
683 1699 772 1755 est
793 1697 854 1753 in
876 1700 1138 1770 Augusta
1167 1696 1411 1774 civitate.

1144 1803 1252 1880 Iv.

379 1893 698 1968 cauom-adi
722 1894 767 1968 _I_
798 1893 1164 1968 Bompnorum
1216 1893 1564 1968 imperatoris
1615 1895 1874 1965 diploma,
1924 1913 2026 1968 quo
2054 1902 2103 1968 Β

450 1965 688 2039 Guidoui
715 1964 767 2020 II
789 1963 1044 2038 Farfensi
1074 1963 1280 2039 abbati,
1295 1963 1530 2034 ejusque
1574 1963 1903 2023 mohastcrio
1934 1963 2026 2025 bo-

447 2053 524 2094 na
551 2035 615 2092 ac
633 2037 768 2108 jura
790 2035 1124 2108 quaecunque
1143 2035 1449 2104 conﬁrmat.

1002 2125 1190 2193 (Anno
1227 2123 1405 2194 1027.)

585 2211 936 2285 [Mumroan
965 2213 1086 2267 Rer.
1121 2211 1224 2266 Ital
1255 2210 1452 2283 Script.
1487 2211 1556 2279 II,
1581 2229 1640 2280 ιι,
1672 2214 1771 2269 501
1807 2213 1824 2286 1

453 2325 518 2396 In
548 2318 785 2376 nomine
813 2322 1028 2376 sanctae
1059 2319 1116 2374 et
1141 2317 1453 2374 individuae
1482 2318 2032 2387 Trinitatis,CHU0N-

380 2423 571 2467 mnus
601 2408 773 2484 divus
803 2407 1202 2464 Romanorum
1233 2407 1555 2478 imperator
1581 2409 1900 2481 Augustus.

450 2497 779 2570 Comperiat
808 2496 1074 2574 omnium
1105 2495 1347 2574 solertia
1378 2495 1628 2567 qualiter
1657 2497 1843 2553 Guido
1865 2515 2033 2554 vene-

377 2585 580 2664 rabilis
601 2585 782 2641 abbas
810 2582 1407 2662 monasteriiSanctze
1437 2584 1630 2639 Mariae
1653 2585 1708 2640 in
1743 2585 2021 2642 comitatu

375 2673 685 2735 Sabinensi
716 2672 1132 2738 constructi,in
1154 2671 1279 2727 loco
1311 2672 1410 2743 qui
1441 2672 1654 2728 dicitur
1681 2673 2024 2743 Acutianus,

377 2767 639 2843 nostram
657 2762 859 2819 adiens
899 2760 1288 2835 praesentiam,
1314 2761 1568 2816 Ostendit
1587 2762 1756 2819 nobis
1797 2768 2026 2820 nostro-

376 2867 512 2910 rum
524 2855 959 2925 antecessorum
973 2865 1178 2922 regum
1197 2847 1286 2904 vel
1307 2848 1726 2922 imperatorum
1740 2856 2028 2924 praecepta

379 2941 573 3000 eidem
620 2938 976 3015 monasterio
1025 2939 1203 3005 facta,
1236 2941 1414 3011 atque
1457 2939 1796 3012 suppliciter
1825 2945 2027 3013 postu-

2119 641 2254 696 ceps
2286 625 2577 692 l‘reda,aut
2599 625 2889 680 tributum
2909 625 3104 689 donet,
3125 623 3215 679 vel
3236 622 3790 680 mansiones-faciat.-

2120 713 2317 778 invite,
2350 718 2451 768 aut
2476 713 2791 784 ﬁdejussor
2839 715 2964 769 sine
3007 729 3113 768 suo
3142 711 3289 770 velle
3319 711 3552 780 existat,
3579 715 3682 767 aut
3708 710 3773 767 in

2121 802 2315 873 aliquo
2359 804 2535 858 donet
2559 803 2985 874 portonaticum
3025 806 3130 857 aut
3158 800 3490 874 ripaticum,
3518 799 3610 856 vel
3638 799 3782 857 her-i

2120 890 2400 956 baticum,
2433 895 2535 947 aut
2564 890 2986 963 glandaticum,
3017 889 3106 946 vel
3152 890 3618 962 pontonaticum,
3649 893 3775 944 tam

2121 980 2193 1035 de
2223 979 2526 1035 monachis
2557 996 2735 1054 quam
2755 979 3306 1051 clericis,quamque
3331 979 3403 1034 de
3431 977 3788 1034 hominibus-

2122 1085 2298 1141 super
2325 1073 2512 1124 terras
2533 1085 2734 1124 eorum
2757 1067 3294 1136 residentibus,tam
3310 1066 3582 1140 ingenuis
3595 1081 3779 1138 quam

2120 1157 2446 1227 libellariis,
2479 1173 2655 1229 quam
2687 1161 2745 1212 et
2772 1157 2975 1214 servis.
3008 1159 3087 1212 Ac
3125 1173 3225 1212 eos
3271 1157 3385 1212 sub
3428 1160 3631 1222 nostra
3657 1156 3780 1211 tui-

2122 1245 2282 1302 tione
2312 1246 3058 1318 recipimus.Praecipientes
3091 1245 3524 1318 ergojubemus
3557 1247 3622 1300 ut
3650 1242 3789 1300 ωλι-ο

2124 1335 2218 1391 lus
2247 1336 2385 1400 dux,
2418 1335 2696 1403 marchio,
2715 1334 3290 1407 episcopus,'comes,
3309 1333 3653 1400 vicecomes,
3684 1332 3790 1389 vel-

2125 1423 2341 1495 aliquis
2373 1426 2570 1478 noster
2593 1422 2811 1480 missus
2824 1420 3540 1490 discurrens,sculdasius,
3559 1421 3749 1494 gastal

2127 1512 2280 1579 dius,
2309 1510 2586 1583 nullaque
2615 1511 2798 1567 nostri
2828 1510 3060 1583 imperii
3086 1527 3303 1584 magna
3331 1526 3625 1582 parvaque
3653 1525 3784 1582 per-

2117 1600 2554 1673 'sona,pra3dicti
2587 1600 2923 1656 monasterii
2949 1599 3038 1656 vel
3059 1598 3378 1656 monachos
3396 1601 3501 1654 aut
3520 1597 3790 1670 aliquem

2131 1689 2362 1745 ﬁdelem
2385 1689 2733 1762 inquietare,
2766 1689 3209 1757 molestare,aut
3229 1688 3302 1743 de
3320 1687 3435 1756 his,
3461 1704 3588 1760 quas
3601 1702 3791 1759 supra

2129 1778 2348 1850 scripta
2372 1782 2529 1845 sunt,
2563 1777 2690 1834 sine
2720 1777 2891 1850 legali
2903 1777 3130 1849 judicio
3153 1775 3426 1832 div‘estire'
3465 1780 3788 1848 presumat

2137 1911 2149 1922 .
2182 1907 2194 1921 .
2233 1908 2244 1920 .
2282 1909 2294 1921 .
2331 1908 2343 1920 .
2377 1869 2434 1921 et
2458 1865 2744 1938 quidquid
2775 1865 2847 1921 de
2877 1864 3138 1938 praedicti
3176 1863 3516 1921 monasterii
3550 1880 3786 1936 posses-

2137 1955 2404 2012 sionibus
2432 1955 2609 2011 fiscus
2639 1957 2838 2011 noster
2864 1969 3098 2027 sperare
3144 1953 3421 2025 potuerit,
3452 1955 3645 2010 totum
3677 1969 3789 2012 nos

2136 2061 2240 2117 pro
2271 2047 2495 2100 aeternae
2525 2043 3012 2100 remunerationis
3061 2041 3301 2115 pramio
3354 2041 3628 2114 praedicto
3659 2058 3788 2101 mo-

2137 2132 2393 2189 nasterio
2424 2133 2818 2189 concedimus.
2851 2173 2865 2187 .
2903 2173 2916 2186 .
2953 2173 2965 2186 .
3002 2174 3014 2186 .
3051 2133 3070 2186 .’
3100 2174 3114 2187 .
3149 2172 3164 2186 .
3201 2173 3215 2186 .
3360 2141 3362 2143 ·
3662 2173 3664 2178 .
3779 2145 3785 2148 ‘

2207 2223 2440 2293 Signum
2466 2221 2654 2277 damni
2693 2221 3013 2278 Chuonradi
3056 2221 3398 2277 serenissimi
3440 2220 3790 2291 imperatoris

2136 2311 2390 2378 Augusti.

2207 2400 2374 2471 Hugo
2407 2398 2788 2455 cancellarius
2832 2397 2954 2454 vice
2992 2397 3197 2454 domni
3244 2395 3554 2453 Haribonis
3592 2396 3789 2453 archi-

2139 2486 2467 2543 cancellarii
2499 2487 2851 2560 recognovit.
3602 2498 3606 2502 '
3779 2546 3786 2551 ,

2210 2577 2357 2632 Data
2386 2594 2418 2631 ν
2449 2575 2686 2632 Kalend.
2720 2576 2935 2642 Martii,
2968 2591 3122 2631 anno
3165 2574 3481 2632 Dominice
3511 2577 3791 2637 Incarna-

2131 2665 2308 2727 tionis
2346 2667 2497 2734 1027,
2533 2683 2686 2721 anno
2715 2682 2849 2721 vero
2881 2664 3084 2721 domni
3121 2663 3452 2722 Chuonradi
3484 2662 3788 2735 regnantis

2133 2754 2327 2822 tertio,
2359 2754 2588 2826 imperii
2619 2769 2854 2825 quoque
2879 2753 3089 2826 primo.
3607 2785 3610 2788 -
3649 2764 3654 2768 ‘

2205 2845 2410 2899 Actum
2445 2843 2638 2898 Roma)
2677 2841 2941 2898 feliciter.

2928 2960 2996 3013 V.

377 3029 530 3088 lans.
567 3069 582 3084 .
621 3070 634 3082 .
667 3068 684 3084 .
719 3069 735 3084 .
771 3069 785 3083 .
816 3065 832 3084 .
867 3027 1072 3084 eadem
1103 3031 1390 3100 praecepta
1417 3032 1622 3084 nostra
1653 3028 1942 3100 imperiali
1964 3046 2011 3084 ac

2164 3048 2458 3104 .‘huonradi
2485 3050 2535 3106 II
2561 3048 2732 3103 Italia,
2779 3049 2924 3118 regis
2971 3063 3035 3102 ac
3087 3048 3264 3118 primi
3318 3046 3464 3102 inter
3517 3048 3793 3118 Augustos

375 3116 710 3194 prmeept‘ali
765 3117 1112 3190 auctoritate
1166 3117 1672 3173 confirmaremus.
1723 3117 1839 3173 Nos
1895 3135 2030 3173 vero

373 3204 704 3284 ejusjustis
736 3205 1230 3279 postulationibus
1277 3207 1684 3274 asscntientes,
1719 3207 2026 3264 confirma-

2207 3128 2541 3191 prc'eceptum
2578 3135 2679 3190 per
2734 3117 2874 3190 quod
2927 3117 3256 3176 monasterio
3283 3117 3796 3191 sanctimonialium

2211 3188 2538 3247 Lucensium
2569 3188 2784 3246 Domiui
2823 3190 3124 3248 Saluatoris
3171 3190 3355 3246 omnia
3404 3188 3634 3246 illarum
3654 3189 3795 3259 jura

375 3263 661 3370 giusgam
683 3263 838 3352 dicto
859 3294 1214 3352 monasterio
1237 3294 1523 3368 quidquid
1542 3295 1601 3349 in
1624 3263 2026 3367 superioribus
2056 3272 2101 3340 (ἶ
2210 3279 2274 3319 αθ
2297 3263 2592 3334 Ρνίυίίθθία
2621 3264 2924 3370 conﬁrma-At:

373 3381 706 3444 continetur
728 3385 1232 3460 preceptis,prout
1253 3385 1414 3454 juste
1446 3388 1502 3439 et
1533 3382 1796 3456 legaliter
1824 3401 2026 3456 possu-

375 3490 530 3546 mus,
563 3471 826 3546 Videlicet
855 3472 1142 3547 quidquid
1191 3473 1407 3529 habere
1457 3471 1689 3526 videtur
1730 3472 1788 3528 in
1819 3474 2023 3530 eodem

369 3561 659 3636 territorio
689 3551 1083 3642 Sabinensi,id
1115 3565 1223 3618 est.
1260 3602 1273 3616 .
1309 3603 1322 3614 .
1361 3602 1374 3615 .
1411 3602 1424 3614 .
1464 3561 1544 3616 .in
1574 3560 1854 3617 comitatu
1886 3561 2024 3618 Hor-

368 3655 528 3709 tano.
565 3661 579 3706 '.
617 3692 630 3706 .
667 3692 680 3706 .
712 3690 730 3708 .
767 3691 784 3708 .
819 3695 833 3708 .
855 3650 917 3706 in
947 3651 1228 3707 comitatu
1259 3648 1853 3718 Viturbiensi,cellam
1883 3652 2022 3709 San-

367 3744 472 3798 ctae
503 3739 694 3796 Mari-aa
717 3738 887 3811 juxta
912 3739 1156 3795 ﬂuvium
1185 3736 1521 3794 Micionem.
1561 3781 1574 3794 .
1613 3781 1625 3793 .
1661 3780 1673 3793 .
1712 3739 1806 3794 .In
1839 3741 2018 3796 comi-

364 3829 493 3885 tatu
517 3825 856 3901 Spoletano.
893 3867 907 3881 .
945 3869 959 3883 .
994 3870 1008 3882 .
1047 3869 1059 3882 .
1097 3869 1109 3880 .
1141 3827 1202 3881 in
1236 3825 1516 3882 comitatu
1562 3827 1805 3883 Assisio.
1843 3869 1856 3882 .
1898 3870 1910 3883 .
1949 3873 1962 3885 .
2001 3873 2014 3886 .

366 3915 427 3972 in
457 3916 737 3973 comitatu
766 3915 1108 3972 Ausimano.
1149 3958 1162 3970 .
1197 3956 1209 3968 .
1249 3955 1260 3968 .
1299 3956 1311 3968 .
1339 3913 1399 3968 in
1428 3915 1708 3971 comitatu
1748 3919 2020 3990 Senogal-

365 4003 558 4061 liensi.
593 4046 609 4062 .
646 4045 659 4060 .
695 4046 708 4061 .
745 4046 758 4060 .
797 4046 809 4058 .
839 4005 899 4058 in
959 4002 1242 4077 comitatu
1293 4002 1623 4059 Camerino.
1664 4047 1676 4059 .
1712 4047 1724 4059 .
1757 4046 1769 4058 .
1807 4047 1819 4058 .
1857 4048 1870 4060 .
1902 4045 1918 4062 .
1955 4007 2016 4062 in

363 4092 646 4150 comitatu
673 4093 966 4149 Firmano.
1003 4134 1015 4146 .
1049 4136 1061 4147 .
1101 4134 1112 4146 .
1150 4133 1163 4145 .
1203 4135 1216 4147 .
1252 4134 1264 4145 .
1297 4091 1357 4146 in
1407 4092 1690 4147 comitatu
1730 4094 2015 4152 Asculano

362 4221 384 4241 .
415 4222 434 4260 ,
468 4223 484 4239 .
521 4227 534 4240 .
570 4226 583 4240 .
618 4225 633 4239 .
666 4182 727 4239 in
756 4181 1036 4254 comitatu
1066 4179 1422 4253 Aprutiensi.
1459 4223 1472 4235 .
1512 4223 1523 4235 .
1563 4223 1575 4234 .
1615 4222 1626 4234 .
1662 4223 1674 4234 .
1713 4224 1726 4236 .
1759 4181 1817 4236 in
1843 4185 2017 4239 comi-

360 4274 490 4329 tatu
518 4270 818 4326 Pinnensi.
848 4311 861 4324 .
900 4313 912 4324 .
950 4310 962 4323 .
999 4311 1010 4322 .
1042 4308 1058 4324 .
1095 4269 1155 4324 in
1188 4269 1468 4324 comitatu
1519 4268 1810 4326 Balbensi.
1849 4315 1860 4326 .
1899 4316 1909 4326 .
1948 4317 1959 4328 .
1999 4317 2009 4328 .

361 4360 424 4416 in
457 4359 740 4415 comitatu
771 4357 1117 4413 Marsicano.
1157 4399 1169 4411 .
1207 4397 1220 4410 .
1259 4399 1272 4412 .
1312 4398 1325 4411 .
1361 4401 1373 4412 .
1412 4399 1424 4412 .
1462 4399 1475 4412 .
1513 4399 1565 4412 ..
1604 4359 1757 4416 Infra
1804 4361 2010 4417 urbem

2759 3351 2943 3422 (Anno
2977 3349 3161 3420 4027.)

2291 3442 2643 3512 [ΜυηΑΤοιιιῃ
2674 3439 2770 3494 ubi
2797 3455 2986 3511 supra,
3016 3439 3202 3509 Antiq.
3242 3437 3370 3494 Ital.
3404 3437 3480 3506 ΙΙ,
3505 3437 3625 3508 ,95.]

2203 3558 2266 3612 In
2297 3555 2532 3612 nomine
2564 3555 2984 3626 omnipotentis
3015 3552 3137 3621 Dei,
3161 3552 3785 3621 Chuonradus,a3.terni

2131 3661 2375 3702 munere
2404 3643 2742 3716 Largitoris,
2777 3659 2894 3700 rex.

2198 3735 2255 3789 Si
2288 3733 2506 3806 aliquid
2529 3732 2671 3788 locis
2691 3732 2886 3788 divino
2907 3731 3088 3786 cultui
3113 3729 3462 3802 mancipatis
3492 3729 3786 3803 largitatis

2128 3828 2339 3879 nostrae
2361 3839 2602 3878 munere
2624 3819 3093 3886 conferimus,vel
3111 3818 3780 3885 collataconﬁrmamus,

2127 3911 2198 3968 ad
2223 3915 2446 3966 aeterna
2478 3909 2882 3966 retributionis
2905 3909 3144 3981 praemia
3175 3907 3342 3963 nobis
3374 3908 3650 3980 prodesse
3679 3922 3783 3962 ne;

2126 4016 2424 4072 quaquam
2473 3999 2823 4055 diffidimus.
2856 3997 3133 4062 Omnium
3179 3997 3358 4069 igitur
3414 3999 3630 4052 sanctae
3675 3995 3780 4052 Dei

2124 4089 2392 4145 Ecclesiae
2423 4092 2758 4144 nostrorum
2788 4086 3165 4159 praesentium
3215 4091 3391 4156 atque
3442 4076 3776 4140 futurorum

2125 4178 2342 4233 notitiae
2371 4181 2566 4250 pateat
2597 4176 2851 4248 qualiter
2889 4175 3219 4231 interventu
3249 4174 3472 4230 dilectas
3503 4173 3777 4247 conjugis

2123 4270 2332 4322 nostrae
2363 4264 2554 4335 Gislae,
2589 4281 2692 4336 per
2721 4264 2873 4320 hanc
2922 4265 3110 4320 nostri
3151 4262 3423 4336 praecepti
3473 4259 3772 4334 paginam,

2121 4359 2294 4427 prout
2315 4356 2476 4425 juste
2497 4358 2553 4409 et
2589 4352 2853 4425 legaliter
2893 4368 3232 4424 possumus,
3261 4350 3684 4407 conﬁrmamus
3713 4353 3774 4404 et

358 4451 608 4504 Romam
637 4443 943 4502 ecclesiam
991 4446 1214 4502 Sanctae
1254 4446 1465 4512 Mariae,
1490 4451 1546 4502 et
1593 4447 1790 4506 Sancti
1826 4455 2010 4508 Bene-
2121 4445 2567 4499 corroboramus
2601 4442 2958 4497 monasterio
2990 4439 3223 4497 Domini
3253 4437 3589 4504 salvatoris.
3613 4437 3788 4509 quod

359 4534 501 4592 dicti
526 4551 662 4591 cum
691 4534 911 4608 cryptis
941 4538 997 4592 et
1026 4534 1233 4607 muris,
1259 4539 1316 4592 et
1344 4553 1479 4591 cum
1508 4536 1748 4592 introitu
1766 4543 1823 4594 et
1852 4540 2006 4596 exitu
2119 4537 2207 4588 est
2227 4532 2379 4586 infra
2401 4547 2603 4586 muros
2621 4530 2784 4586 urbis
2810 4531 2967 4584 Lucae
2987 4533 3410 4596 constructum,
3428 4531 3487 4584 et
3502 4527 3770 4598 eiusdem

357 4623 617 4693 illarum,
650 4627 708 4680 et
736 4641 941 4697 campo
970 4625 1041 4681 de
1069 4624 1389 4698 Agonis.In
1435 4624 1664 4682 civitate
1688 4627 2084 4703 Tyburtina-D
2116 4621 2225 4677 loci
2263 4619 2592 4686 abbatissae,
2643 4635 2771 4691 quae
2828 4623 3068 4674 vocatur
3118 4617 3390 4690 Alperga,
3424 4615 3786 4687 cunctisque.

358 4753 372 4769 .
409 4753 422 4768 .
461 4755 474 4769 .
509 4756 523 4768 .
559 4755 572 4768 .
619 4755 631 4770 .
670 4755 684 4769 .
717 4713 779 4770 in
828 4713 1110 4770 comitatu
1154 4712 1416 4770 Reatino.
1457 4755 1469 4767 .
1503 4757 1513 4767 .
1548 4754 1563 4772 .
1605 4757 1616 4769 .
1653 4755 1666 4770 .
1703 4759 1714 4770 .
1751 4717 1810 4771 in
1840 4717 2004 4773 Ami-
2116 4709 2514 4766 monachabus
2544 4707 2790 4764 Domino
2813 4708 2894 4762 ibi
2917 4706 3481 4762 famulantibus......
3514 4705 3645 4776 ejus
3674 4719 3787 4768 res-

354 4803 542 4871 terno,
574 4800 634 4857 in
665 4801 949 4858 comitatu
980 4800 1327 4857 Furconino.
1367 4841 1379 4854 .
1418 4844 1429 4855 .
1467 4843 1479 4855 .
1519 4843 1530 4854 .
1562 4840 1577 4858 .
1617 4802 1850 4857 .omnia
1878 4820 2006 4874 quae
2117 4803 2173 4855 et
2201 4798 2582 4870 proprietates
2615 4802 2732 4852 tam
2755 4795 3264 4869 quasnunchabet
3287 4810 3466 4866 quam
3492 4793 3786 4864 imposta-

355 4888 418 4946 in
446 4889 742 4963 integrum
775 4890 847 4946 ad
878 4890 1219 4962 praedictum
1262 4890 1683 4945 monasterium
1716 4891 2005 4962 pertinere

352 4977 630 5034 videntur
649 4979 811 5049 juste
839 4983 896 5034 et
925 4976 1206 5051 legaliter,
1234 4982 1334 5032 aut
1364 4978 1436 5033 ab
1484 4978 1615 5034 aliis
1663 4978 2002 5036 hominibus

349 5065 536 5123 Deum
568 5065 918 5142 timentibus
942 5065 1298 5138 acquisierit,
1333 5069 1434 5120 aut
1477 5067 1550 5122 ab
1580 5065 1674 5122 his
1704 5066 1801 5138 qui
1833 5069 2002 5124 modo

348 5155 422 5214 de
454 5154 629 5228 rebus
653 5153 923 5226 Ecclesiae
944 5153 1162 5224 injuste
1186 5159 1406 5220 tenent,
1438 5159 1495 5211 et
1525 5171 1652 5226 quae
1685 5155 1740 5209 in
1774 5154 2003 5212 civitate

347 5243 632 5310 Romana,
668 5246 770 5298 aut
791 5242 847 5297 in
871 5241 1067 5314 aliqua
1087 5247 1250 5315 parte
1291 5244 1474 5300 nostri
1496 5242 1863 5314 regniltalici
1897 5244 1999 5300 ha-

343 5332 480 5389 bere
535 5331 786 5399 videtur,
851 5336 954 5386 aut
1010 5331 1372 5403 acquisierit,
1409 5349 1514 5404 per
1572 5330 1679 5385 hoc
1733 5335 1999 5387 nostrum

343 5425 701 5494 praceptum
750 5421 942 5476 eidem
988 5425 1189 5477 sancto
1238 5421 1362 5477 loco
1417 5420 1834 5475 confirmamus
1882 5437 2000 5477 una

342 5525 478 5566 cum
503 5510 693 5579 terris;
727 5509 932 5565 vineis.
966 5551 978 5564 .
1017 5550 1030 5564 .
1066 5551 1079 5564 .
1108 5552 1122 5565 .
1159 5553 1171 5565 .
1210 5553 1222 5565 .
1256 5554 1269 5566 .
1305 5515 1478 5581 atque
1518 5525 1621 5580 pro
1653 5508 1752 5564 Dei
1779 5527 1994 5578 amore,

342 5603 660 5673 nostraque
710 5599 919 5655 animae
971 5599 1157 5656 salute
1205 5598 1395 5654 eidem
1447 5597 1795 5654 monaslerio
1827 5599 1998 5653 mini-

341 5689 667 5745 strantibus
698 5705 802 5761 per
832 5686 940 5744 hoc
998 5695 1265 5746 nostrum
1317 5689 1674 5760 praeceptum
1703 5689 1990 5759 perdona-

2115 4904 2246 4943 rum
2275 4887 2563 4955 habuerit,
2598 4893 2731 4941 eum
2755 4885 2927 4942 terris
2955 4885 3132 4941 cultis
3179 4888 3236 4940 et
3267 4881 3524 4947 incultis,
3559 4879 3789 4949 vineis,-

2114 4977 2318 5049 pratis,
2351 4975 2608 5049 pascuis,
2643 4971 3466 5046 silvis,piscationibus,servis
3497 4974 3552 5027 et
3581 4969 3765 5026 ancil-

2113 5066 2208 5126 lis.
2268 5066 2437 5138 aquis
2491 5080 2897 5136 aquarumque
2953 5063 3324 5132 decursibus,
3383 5057 3762 5126 molendinis,

2111 5172 2462 5226 omnemque
2489 5153 2902 5221 substantiam,
2935 5169 3113 5223 quam
3153 5150 3316 5206 locus
3347 5149 3504 5205 idem
3535 5147 3766 5208 videtur

2112 5243 2343 5299 habere.
2395 5243 2722 5299 Statuimus
2770 5241 2945 5296 etiam
2993 5245 3054 5296 ut
3109 5239 3324 5296 abhinc
3354 5238 3414 5293 in
3459 5241 3762 5310 posterum

2114 5333 2396 5404 quidquid
2422 5333 2655 5404 praefato
2674 5331 3028 5386 monasterio
3065 5345 3169 5402 per
3197 5327 3494 5385 dationem
3525 5323 3761 5400 religio—

2108 5438 2307 5477 eorum
2327 5420 2605 5486 virorum,
2621 5435 2724 5475 seu
2745 5419 3086 5474 devotarum
3104 5417 3456 5473 feminarum
3479 5411 3784 5471 collatum.

2107 5509 2538 5577 exstiterit,sub
2570 5506 2752 5563 nostri
2784 5507 3223 5563 confirmatione
3254 5503 3543 5578 praecepti.
3576 5501 3758 5560 Volu-

2106 5615 2240 5655 mus
2270 5599 2446 5655 etiam
2479 5600 2543 5652 ut
2591 5595 2930 5668 praedictum
2977 5598 3403 5652 monasterium
3447 5591 3674 5650 nostris
3699 5594 3760 5648 et

2106 5687 2316 5744 futuris
2345 5685 2710 5758 temporibus
2741 5701 2860 5741 una
2887 5700 3020 5741 cum
3067 5685 3342 5742 omnibus
3372 5683 3550 5741 rebus
3578 5685 3781 5752 atque-
