3976 6360
1486 385 2018 470 αΗῐΙΟΝΒΛΡΠδ
2056 386 2120 454 Π-
2154 387 2312 456 ΙΜΡ.

185 537 435 597 familiis
451 537 718 596 immune
728 531 1276 608 consistat‘abpmni
1290 528 1836 606 publicafunctione
1948 529 2061 596 Deo
2083 525 2458 584 servientium
2481 523 2540 582 in
2565 524 2828 588 futurum
2846 525 3205 586 sufficienter
3228 525 3442 589 habere
3463 517 3584 590 nie-

186 632 248 684 et
278 627 691 684 redhibitione.
717 629 786 683 Et
813 629 863 683 si
893 626 1128 699 quando
1160 622 1463 680 abbatissa
1503 618 1734 683 obierit,
1765 618 1836 673 de

187 717 418 774 eisdem
448 716 594 788 ipsis
623 716 862 788 eligant,
893 731 1072 786 quam
1104 713 1267 768 bona;
1296 711 1427 767 vitae
1485 705 1830 764 invenerint.

188 804 574 875 Praecipimus
604 807 801 860 autem
823 808 888 858 ut
913 801 1113 858 nullus
1134 801 1318 872 judex
1346 797 1618 870 publicus
1649 794 1738 851 vel
1770 811 1838 852 ex

183 892 508 964 jndiciaria
530 894 813 964 potestate
844 889 1042 961 aliqua
1071 889 1224 944 infra
1243 887 1388 943 illud
1416 884 1837 942 monasterium

191 997 301 1038 seu
332 980 631 1047 ecclesias,
653 979 822 1035 villas
843 983 944 1034 aut
974 977 1229 1050 reliquas
1260 975 1661 1048 possessiones
1690 989 1838 1046 quas

194 1086 360 1126 nunc
380 1069 577 1139 habet,
591 1067 680 1125 vel
699 1069 758 1123 in
781 1071 953 1124 antea
977 1065 1332 1138 acquisierit,
1347 1062 1838 1120 mansionaticum

195 1158 449 1231 exigere,
467 1162 569 1212 aut
590 1157 702 1212 fide
715 1157 982 1227 jussores
1009 1153 1229 1222 tollere,
1253 1158 1354 1209 aut
1372 1151 1840 1224 hominesipsius

200 1244 566 1311 monasterii,
599 1249 720 1300 tam
776 1243 1063 1316 ingenuos
1123 1258 1298 1314 quam
1358 1256 1573 1308 servos,
1623 1240 1841 1311 injuste

200 1331 576 1405 distringere,
591 1336 693 1388 aut
720 1333 1097 1388 inconsuetas
1129 1329 1464 1388 occasiones
1495 1329 1844 1400 requirendo

200 1437 339 1478 eum
363 1420 589 1494 ingredi
612 1423 946 1492 praesumat.
972 1419 1084 1475 Sed
1105 1417 1277 1475 liceat
1308 1421 1640 1479 memoratae
1671 1416 1844 1472 abba-

200 1511 506 1577 tissm,seu
527 1514 586 1566 et
615 1508 709 1564 his
734 1525 861 1579 quae
877 1511 1012 1579 post
1050 1524 1179 1562 eam
1209 1507 1474 1577 ejusdem
1504 1504 1844 1562 monasterii

204 1598 472 1672 regimen
501 1597 834 1663 habuerint,
867 1613 1001 1652 cum
1021 1595 1250 1651 ancillis
1271 1595 1370 1650 Dei
1390 1594 1469 1649 ibi
1497 1595 1845 1666 degentibus

203 1685 524 1758 tranquille
549 1685 760 1754 vivere,
790 1689 849 1744 et
878 1685 1212 1742 monasticae
1233 1685 1691 1744 conversationis
1722 1701 1849 1757 pro-

203 1776 491 1851 positum,
524 1775 717 1847 quiete
747 1790 996 1840 servare,
1029 1791 1096 1830 ac
1119 1790 1223 1846 pro
1255 1773 1444 1829 salute
1497 1777 1697 1830 nostra
1744 1793 1847 1830 seu

1944 619 2199 671 reantur.
2249 615 2332 672 0b
2388 633 2648 672 amorem
2707 617 2822 684 Dei,
2876 619 3320 694 remediumque
3375 622 3585 680 animae

1944 711 2172 772 nostrae,
2208 723 2272 761 ac
2301 724 2709 764 successorum
2742 712 3073 765 nostrorum
3106 726 3312 783 regum
3344 715 3444 767 aut
3472 711 3602 771 im-.

1945 799 2298 866 peratorum,
2319 795 2673 851 conterimus
2695 796 2779 852 eis
2797 797 2866 851 ad
2899 797 3311 855 sufficientiam
3345 817 3587 858 suorum

1946 883 2155 939 cellam
2173 885 2368 940 Sancti
2392 885 2681 940 Benedicti
2707 886 2764 940 in
2794 885 3032 951 Bucino,
3051 891 3271 943 curtem
3290 893 3347 944 et
3359 889 3586 962 plebem

1946 973 2168 1029 Sanctae
2193 974 2385 1028 Mariae
2403 974 2460 1028 in
2490 973 2752 1040 Lamule,
2777 980 3005 1029 curtem
3023 975 3216 1030 Sancti
3235 977 3587 1050 Stephaniin

1947 1061 2258 1118 Monticolo
2319 1080 2453 1120 cum
2512 1068 2701 1119 castro
2751 1063 3210 1131 Montelatronis,
3241 1071 3487 1135 curtem,
3521 1069 3600 1124 de

1947 1151 2170 1207 Mustra
2194 1168 2328 1207 cum
2359 1156 2548 1208 castro
2581 1153 2978 1224 Montenegro,
3011 1159 3235 1210 curtem
3287 1156 3358 1211 de
3397 1157 3590 1212 Lami—

1953 1240 2148 1306 niana,
2183 1257 2317 1296 cum
2349 1242 2547 1296 Castro
2580 1241 3110 1313 Montepenzutulo,
3143 1242 3295 1298 sicut
3339 1244 3592 1302 Ubertus

1955 1329 2024 1383 ad
2059 1345 2299 1384 manum
2332 1345 2502 1384 suam
2536 1329 2807 1397 detinuit,
2842 1335 3065 1385 curtem
3099 1332 3294 1388 Sancti
3345 1333 3592 1403 Miniati,

1953 1421 2175 1473 curtem
2229 1417 2426 1474 Sancti
2484 1419 2698 1482 Quirici
2733 1419 2790 1474 in
2823 1419 3131 1486 Piscinule,
3164 1426 3221 1476 et
3251 1423 3446 1478 Sancti
3505 1423 3590 1479 Si-

1953 1506 2198 1572 meonis,
2249 1511 2304 1562 et
2359 1508 2554 1562 Sancti
2609 1505 2920 1580 Peregrini,
2977 1511 3034 1564 et
3088 1513 3310 1565 curtem
3367 1514 3592 1568 Sanctae

1953 1594 2144 1650 Mariae
2177 1595 2248 1650 de
2278 1596 2479 1650 Otl'ena
2509 1612 2642 1650 cum
2669 1612 2857 1660 rocca,
2891 1612 3016 1667 quae
3047 1600 3284 1652 vocatur
3331 1598 3589 1668 Sanime,

1956 1687 2181 1738 curtem
2204 1684 2272 1739 de
2294 1683 2482 1751 Palea,
2504 1689 2560 1739 et
2575 1683 2771 1740 Sancti
2789 1683 3138 1751 Sebastiani,
3155 1690 3378 1742 curtem
3395 1687 3594 1746 Sancti

1958 1771 2236 1842 Stephani
2269 1772 2326 1826 in
2359 1774 2609 1839 Tutona,
2639 1777 2864 1828 curtem
2921 1773 3118 1829 Sancti
3175 1774 3489 1832 Clementis
3534 1777 3595 1834 in

204 1863 374 1938 regni
405 1862 724 1939 stabilitate
754 1862 854 1918 Dei
904 1863 1371 1919 misericordiam
1425 1861 1758 1933 implorare.
1790 1865 1844 1918 Si
1880 1891 1928 1957 Β
1959 1859 2254 1915 Titiniano
2277 1877 2408 1914 cum
2432 1860 2624 1928 terris,
2649 1865 2705 1914 et
2726 1861 3069 1934 angariales,
3098 1867 3322 1918 curtem
3343 1865 3414 1920 de
3435 1866 3600 1922 Μυεε

205 1953 348 2025 quis
375 1952 556 2025 igitur
597 1951 779 2022 hujus
829 1951 1118 2023 praecepti,
1165 1951 1320 2022 quod
1369 1967 1485 2005 non
1534 1951 1847 2023 credimus,
1881 1951 1896 1966 τ

205 2041 458 2098 violator
487 2039 928 2108 exstiterit,auri
959 2037 1166 2111 optimi
1198 2037 1380 2094 libras
1413 2037 1572 2094 mille
1602 2056 1663 2096 se
1694 2057 1849 2096 com-

207 2130 546 2204 positurum
576 2130 875 2201 agnoscat,
892 2127 1264 2184 medietatem
1282 2143 1524 2184 camerae
1549 2133 1783 2198 nostrae,
1797 2134 1854 2186 et

210 2217 587 2276 medietatem
619 2213 906 2288 praedictae
936 2213 1195 2285 Alpergaa
1253 2214 1563 2272 abbatissae
1623 2217 1853 2289 sibique

211 2304 947 2372 succedentibus.Quod,ut
957 2302 1150 2358 verius
1163 2303 1433 2360 credatur
1447 2309 1502 2359 et
1515 2305 1855 2378 diligentius

207 2395 571 2462 observetur,
597 2405 775 2450 manu
797 2391 1030 2464 propria
1050 2391 1389 2454 roborantes
1419 2394 1611 2467 sigillo
1658 2401 1853 2454 nostro

204 2485 503 2557 jussimus
531 2479 822 2554 insigniri.

282 2573 516 2644 Signum
537 2570 731 2629 damni
762 2568 1077 2624 Chuonradi
1103 2570 1442 2633 serenissimi
1468 2575 1629 2643 regis.

565 2659 732 2716 Locus
760 2657 938 2726 sigilli
970 2661 1011 2722 τιι
1029 2659 1171 2714 cerei
1198 2657 1484 2729 deperditi.

281 2749 449 2822 Hugo
473 2745 851 2804 cancellarius
880 2744 1004 2802 vice
1033 2745 1235 2803 domui
1271 2748 1510 2804 Ariboni
1571 2751 1852 2826 archiepi-

209 2837 372 2910 scopi
393 2840 451 2894 et
477 2832 971 2893 archicancellarii
997 2835 1344 2907 recognovit.

284 2929 496 2984 Datum
527 2939 678 2984 anno
707 2922 1026 2980 Dominicas
1049 2923 1474 2983 Incarnationis
1508 2927 1532 2983 4
1543 2929 1668 2997 027,
1702 2931 1852 2988 indi-

213 3015 407 3081 ctione
433 3030 512 3081 Ix,
545 3011 709 3084 regni
738 3027 872 3068 vero
903 3010 1103 3066 domni
1133 3010 1462 3069 Chuonradi
1493 3018 1734 3074 secundi
1766 3036 1853 3076 re-

209 3103 448 3180 gnantis
475 3120 544 3160 ιι..

278 3196 490 3253 Actum
517 3190 774 3248 Veronae.

975 3287 1069 3342 VI.

1961 1964 2106 2003 sona
2162 1965 2296 2003 cum
2355 1951 2509 2004 terra
2537 1949 2608 2004 de
2640 1949 2862 2004 Redula
2917 1951 3137 2020 majore
3162 1956 3219 2006 et
3265 1953 3510 2027 minore,
3543 1960 3602 2012 et

1960 2035 2178 2101 Bitena,
2201 2040 2259 2090 et
2315 2035 2592 2102 Canneta,
2627 2040 2684 2092 et
2712 2035 3073 2103 Herminula,
3104 2039 3471 2098 medietatem
3523 2045 3601 2102 de

1960 2127 2122 2177 curte
2178 2124 2374 2179 Sancti
2427 2124 2622 2180 Lazari
2653 2141 2787 2181 cum
2819 2143 2928 2181 sua
2958 2125 3221 2194 ecclesia,
3255 2135 3474 2188 curtem
3527 2136 3600 2191 de

1960 2213 2298 2279 Feroniano,
2333 2217 2557 2268 curtem
2617 2213 2687 2269 de
2722 2213 3012 2284 Citiliano,
3045 2219 3102 2270 et
3129 2223 3352 2275 curtem
3405 2222 3601 2278 Sancti

1963 2299 2277 2358 Salvatoris
2335 2300 2392 2355 in
2446 2302 2813 2374 Vigugnano,
2872 2309 3097 2360 curtem
3153 2307 3352 2364 Sancti
3409 2311 3602 2368 Severi

1963 2406 2140 2460 super
2197 2389 2425 2456 Latum,
2458 2393 2515 2445 et
2570 2389 2930 2446 curticellam
2964 2393 3033 2447 de
3093 2393 3600 2465 Bisenzo,curtem

1962 2479 2157 2533 Sancti
2215 2478 2458 2534 Joannis
2491 2479 2550 2533 in
2583 2478 2875 2549 Vafriano,
2909 2484 2965 2536 et
3017 2482 3211 2538 Sancti
3270 2487 3599 2557 Satenrani,

1963 2570 2186 2621 curtem
2222 2567 2418 2622 Sancti
2440 2565 2810 2632 Columbani,
2836 2572 2892 2623 et
2920 2572 3143 2624 curtem
3176 2571 3370 2630 Sancti
3403 2576 3616 2634 Salva-.

1962 2654 2104 2710 toris
2128 2655 2184 2708 in
2206 2654 2346 2710 villa
2367 2656 2619 2717 Racana.
2642 2654 2846 2711 cellam
2883 2660 3103 2711 Sanctae
3127 2658 3318 2716 Mariae
3348 2663 3406 2718 in
3431 2664 3600 2722 Vale-

1963 2743 2148 2812 riano,
2183 2743 2482 2800 curticella
2511 2743 2571 2800 in
2603 2744 2898 2820 Cartutule
2949 2763 3082 2801 cum
3145 2752 3298 2805 terra
3321 2755 3380 2807 et
3434 2737 3606 2813 vinea

1963 2849 2093 2904 quae
2126 2839 2216 2889 est
2238 2851 2417 2906 prope
2439 2833 2610 2889 fluvio
2641 2834 2888 2901 Varano,
2913 2839 3134 2891 curtem
3176 2838 3371 2896 Sancti
3404 2843 3628 2902 Salva».

1963 2921 2104 2977 toris
2149 2923 2206 2976 in
2236 2922 2946 2996 Campagnatico,curtem
2970 2924 3166 2980 Sancti
3198 2927 3348 2984 Petri
3379 2930 3440 2986 in
3470 2931 3600 2988 Ger.

1960 3011 2212 3078 varia,et
2230 3016 2455 3068 curtem
2471 3013 2664 3067 Sancti
2693 3012 2972 3084 Stephani
3003 3013 3064 3068 in
3094 3013 3602 3087 Viniano,curtem

1962 3101 2160 3162 Sancti
2221 3101 2414 3159 Severi
2442 3101 2502 3155 in
2533 3101 2781 3158 Paterna
2836 3118 2972 3158 cum
3028 3120 3234 3178 campo
3271 3095 3603 3193 Albiniono,

1963 3190 2260 3246 curticella
2289 3207 2416 3262 quae
2449 3191 2786 3245 nominatur
2813 3191 3102 3261 Croscule,
3125 3199 3183 3250 et
3204 3195 3516 3257 Curticella
3534 3185 3604 3260 in

1883 3257 1926 3332 (ἶ
1963 3280 2308 3339 Cursiniano
2341 3295 2473 3333 cum
2503 3279 2778 3334 omnibus
2807 3281 3174 3352 pertinentiis
3188 3288 3243 3338 et
3260 3271 3600 3356 adjacentiis

213 3378 532 3465 Chaonradi
561 3376 870 3465 “Augasgii
895 3375 1177 3465 diploma}.
1215 3394 1318 3465 (ίᾳο
1366 3384 1552 3465 omnia
1600 3385 1736 3465 λιιζα
1791 3403 1856 3465 aq
1962 3367 2329 3465 suis,cellam
2352 3367 2549 3465 Sancti
2573 3368 2726 3422 Petri
2747 3367 2806 3465 in
2828 3369 3057 3465 Latere,
3079 3375 3135 3427 et
3166 3371 3372 3465 cellam
3402 3377 3599 3465 sancti

286 3454 427 3514 bona
449 3447 734 3518 conﬁrmat
765 3448 1060 3506 Guinizoni
1086 3447 1273 3504 abbati
1313 3447 1636 3510 monasterii
1668 3456 1855 3514 Sancti

284 3521 582 3596 Saluatoris
611 3522 672 3576 in
701 3520 913 3576 Amiate
934 3518 1170 3574 Clusina
1189 3519 1486 3578 diwceseos.

791 3679 796 3684 ,
822 3617 1008 3688 (Anno
1042 3619 1222 3689 1027).

528 3707 875 3775 [Musa-rom,
902 3707 1080 3779 Antiq.
1113 3709 1264 3779 Ital.,
1295 3709 1357 3776 V,
1393 3711 1542 3786 459.]

257 3816 339 3874 .ln
361 3813 598 3874 nomine
617 3817 832 3872 sanctae
855 3818 912 3872 et
929 3813 1242 3870 individuae
1261 3814 1587 3886 Trinitatis,
1617 3820 1848 3878 Canos.

202 3903 616 3972 sanus,divin,a
626 3901 850 3960 favente
867 3901 1687 3979 clementia,imperatorAugu
1696 3914 1823 3966 stus
1836 3956 1842 3964 .

271 3992 529 4065 Dignum
549 3993 648 4048 est
673 3993 758 4056 ut,
773 3989 874 4062 qui
905 3990 1222 4062 prudenter
1257 3993 1352 4048 Dei
1386 3994 1668 4066 obsequia
1695 3999 1848 4054 ordi-

201 4095 342 4138 nare
371 4081 709 4150 procurant,
735 4081 813 4146 et,
845 4078 955 4136 hoc
1004 4078 1075 4133 ad
1129 4079 1511 4138 stabilitatem
1561 4089 1844 4156 nostram,

200 4166 670 4228 corroboratione
699 4167 1183 4229 conﬁrmaremus
1213 4176 1554 4242 exposcunt,
1589 4177 1653 4228 ut
1682 4180 1844 4233 tanto

199 4256 480 4318 libentius
510 4255 833 4316 obaudiant
853 4260 1072 4327 quanto
1095 4256 1210 4313 Deo
1232 4257 1844 4336 placitaintelligimus

197 4350 255 4404 et
282 4345 612 4418 prudentia,
644 4344 761 4405 Deo
791 4348 1149 4416 protegente,
1181 4346 1332 4403 bono
1363 4349 1557 4406 studio
1588 4352 1660 4408 ad
1707 4355 1841 4411 effe-

195 4437 356 4495 ctum
383 4433 696 4508 perducere
717 4434 1178 4506 procuravimus.
1203 4436 1388 4508 Igitur
1407 4440 1672 4497 omnium
1704 4443 1842 4500 fide-

191 4519 340 4580 lium
357 4525 569 4584 sancta:
594 4521 693 4578 Dei
720 4520 989 4584 Ecclesiae
1012 4539 1077 4578 ac
1099 4529 1456 4594 nostrorum,
1475 4532 1839 4599 praesertium

1962 3457 2111 3517 Petri
2140 3457 2198 3512 in
2234 3456 2562 3513 Garmarita
2590 3472 2723 3512 cum
2763 3457 2974 3512 Sancto
3029 3460 3361 3528 Anastasio,
3393 3463 3598 3522 cellam

1960 3547 2153 3603 Sancti
2180 3544 2395 3611 Saviui,
2416 3550 2473 3600 et
2495 3546 2719 3600 Sanctae
2761 3545 3151 3614 Restitutm,et
3179 3551 3371 3604 Sancti
3423 3552 3597 3624 Petri,

1959 3642 2016 3692 et
2036 3635 2230 3692 Sancti
2247 3634 2526 3707 Stephani
2548 3634 2608 3689 in
2629 3634 2943 3707 Terquino,
2965 3636 3169 3692 cellam
3201 3639 3425 3695 Sanctae
3480 3646 3596 3699 Ma-

1958 3727 2054 3783 riae
2087 3726 2147 3780 in
2177 3723 2423 3796 Cognitu
2472 3740 2574 3795 per
2614 3723 2742 3778 loca
2789 3723 3114 3796 designata.
3148 3726 3227 3782 De
3277 3745 3394 3784 una
3437 3736 3599 3802 parte

1957 3817 2086 3888 ripa
2119 3830 2250 3868 cum
2276 3813 2460 3878 Petra,
2482 3828 2609 3884 quae
2636 3811 2821 3867 divisa
2842 3817 2930 3868 est
2950 3830 2984 3868 a
3015 3813 3158 3884 ripa.
3182 3814 3262 3870 De
3293 3815 3407 3871 alia
3433 3821 3599 3889 parte

1955 3905 2073 3960 vita
2092 3901 2486 3975 publica,qua3
2532 3900 2688 3955 venit
2716 3917 2818 3972 per
2837 3905 3088 3972 portam,
3126 3907 3182 3958 et
3212 3908 3369 3960 terra
3387 3905 3598 3963 Azonis

1957 3993 2059 4049 ﬁlii
2093 3989 2264 4046 Benzi
2295 4005 2430 4044 cum
2463 3987 2588 4044 suis
2639 3988 3031 4044 consortibus.
3067 3995 3146 4047 De
3200 3998 3410 4063 quarta
3465 4011 3597 4050 vero

1955 4085 2119 4156 parte
2147 4084 2237 4136 est
2271 4084 2441 4148 terra,
2466 4077 2569 4132 ﬁlii
2599 4077 2820 4133 Alonis.
2841 4078 2920 4134 Ea
2951 4078 3220 4137 videlicet
3252 4063 3475 4139 ratione
3533 4089 3598 4142 ut

1956 4172 2027 4229 ab
2059 4169 2245 4225 hacin
2281 4168 2542 4222 futurum
2574 4166 2848 4238 praedicta
2873 4173 3075 4224 sancta
3105 4157 3473 4242 congregatio
3504 4171 3596 4228 his

1953 4259 2228 4317 omnibus
2260 4255 2649 4312 denominatis
2681 4254 2908 4312 cellulis
2929 4261 2986 4312 et
3012 4257 3274 4313 curtibus
3306 4275 3439 4313 cum
3471 4245 3595 4316 suis

1953 4348 2227 4405 omnibus
2285 4343 2649 4418 pertinentiis
2691 4350 2746 4400 et
2789 4346 3154 4418 adjacentiis,
3188 4349 3593 4422 tantummodo

1953 4438 2076 4495 suis
2107 4435 2461 4490 utilitatibus
2491 4433 2793 4501 habentes,
2824 4435 3042 4491 victum
3073 4437 3470 4510 vestitumque
3501 4455 3593 4495 re—

1949 4525 2229 4599 gulariter
2259 4526 2558 4577 sumentes
2589 4523 2661 4576 ab
2711 4521 2831 4576 ulla
2878 4522 3176 4593 dilatione,
3214 4525 3592 4582 solummodo

191 4608 415 4672 scilicet
433 4613 491 4672 et
511 4609 863 4678 futurorum,
888 4612 1206 4684 comperiat
1235 4614 1471 4671 solertia
1500 4617 1659 4689 quia,
1694 4620 1836 4676 dum
1867 4628 1916 4694 Ι)
1946 4613 2161 4673 divinis
2191 4611 2284 4666 die
2333 4615 2624 4681 noctuque
2670 4610 2987 4681 persistant
3033 4612 3350 4683 obsequiis,
3385 4630 3448 4668 ac
3485 4631 3590 4684 pro

187 4713 296 4760 nos
325 4697 536 4776 dilecto
568 4697 725 4754 ﬁdeli
754 4703 954 4755 nostro
988 4700 1294 4757 Guinizoni
1326 4702 1525 4759 abbati
1574 4705 1832 4765 Caenobii

192 4785 422 4848 Domini
440 4789 499 4847 et
517 4785 834 4846 Salvatoris
851 4787 910 4842 in
936 4793 1135 4844 monte
1163 4789 1392 4846 Amiate
1424 4797 1828 4861 constructum

187 4875 263 4938 ad
279 4874 602 4947 regendum
623 4874 1115 4944 commiserimus,
1140 4881 1199 4932 et
1217 4877 1434 4934 ibidem
1458 4881 1722 4953 neglecta
1738 4889 1836 4946 Dei

188 4961 538 5034 obsequiact
548 4963 1016 5036 procurationem
1035 4970 1146 5020 Deo
1158 4964 1375 5022 ibidem
1391 4968 1805 5028 famulantium
1817 5018 1831 5042 ,

186 5052 684 5124 praedecessorum
715 5069 957 5108 suorum
986 5053 1236 5121 incuria,
1269 5055 1471 5112 multis
1514 5059 1706 5117 modis
1743 5079 1831 5118 re-

186 5138 454 5212 perisset,
469 5139 795 5205 studiosius
815 5141 1131 5198 decertavit
1165 5144 1675 5216 congregationem
1707 5166 1830 5206 mo-

184 5226 508 5293 nechorum
531 5231 644 5285 Deo
667 5227 886 5295 ibidem
909 5230 1288 5287 servientium
1324 5233 1672 5305 regulariter
1703 5255 1829 5294 cor-

184 5315 391 5388 rigere,
413 5320 472 5382 et
488 5315 864 5382 solummodo
880 5318 1094 5375 divinis
1117 5320 1416 5392 obsequiis
1432 5323 1825 5382 deditos.......

182 5403 255 5466 ad
279 5403 697 5472 sufﬁcientiam
717 5422 962 5472 suorum
983 5407 1353 5482 largiremus,
1374 5416 1664 5482 quatenus
1680 5431 1826 5488 prai-

181 5489 280 5548 lati
296 5493 426 5564 jam
448 5491 554 5550 fati
575 5495 917 5564 monasterii
958 5495 1191 5554 Domini
1224 5498 1560 5570 Salvatoris,
1594 5502 1694 5573 qui
1724 5520 1828 5575 per

178 5582 443 5653 tempora
471 5581 708 5654 fuerint,
743 5599 810 5639 ac
839 5601 1209 5650 successores
1240 5587 1396 5646 illius
1453 5589 1694 5647 abbates
1735 5593 1824 5648 vel

178 5671 476 5752 prgpesiti
499 5688 635 5748 cum
667 5673 946 5742 subjectis
991 5677 1316 5747 monachis,
1347 5677 1564 5736 victum
1603 5679 1822 5740 ibidem

1945 4700 2261 4763 stabilitate
2319 4697 2496 4754 totius
2551 4698 2781 4772 imperii
2841 4697 3009 4754 nobis
3041 4716 3074 4754 a
3113 4700 3228 4755 Deo
3285 4700 3588 4758 commissi

1942 4792 2217 4850 studeant
2248 4803 2500 4844 exorare.
2529 4787 2639 4843 Sed
2673 4787 2829 4858 quod
2871 4788 3021 4843 bono
3070 4789 3286 4857 studio,
3322 4790 3589 4862 bonaque

1943 4880 2240 4938 voluntate
2289 4876 2553 4943 fecimus,
2595 4891 2908 4948 perennem
2941 4876 3155 4932 habeat
3185 4877 3588 4948 stabilitatem,

1943 4969 2112 5042 petiit
2137 4967 2411 5040 pietatem
2443 4967 2708 5020 nostram
2731 4967 2800 5018 ut
2841 4965 3106 5020 eamdem
3155 4966 3591 5024 ordinationem

1943 5062 2146 5113 nostra
2175 5057 2654 5112 conﬁrmaremus
2693 5053 3138 5126 conscriptione,
3173 5056 3326 5111 sicut
3364 5060 3421 5112 et
3449 5057 3586 5114 feci-

1941 5163 2095 5202 mus.
2118 5145 2376 5217 Denique
2398 5143 2572 5200 etiam
2595 5142 2968 5198 concedimus
2990 5143 3263 5215 praedicto
3287 5150 3586 5203 monaste-

1941 5235 2024 5290 rio
2065 5250 2268 5289 omnes
2300 5233 2576 5299 decimas,
2598 5232 2720 5286 frea
2739 5235 2795 5286 et
2825 5232 3162 5302 judiciaria,
3203 5233 3290 5290 vel
3348 5252 3584 5293 omnem

1939 5322 2421 5394 compositionem
2455 5327 2511 5377 et
2533 5320 2944 5376 cxhibitioncm
2974 5321 3270 5392 publicam
3302 5339 3370 5378 ex
3395 5326 3582 5380 omni-

1937 5414 2049 5469 bus
2067 5411 2443 5466 manentibus
2457 5411 2708 5489 desuper
2723 5411 3060 5467 memoratis
3088 5411 3312 5468 cellulis
3334 5414 3583 5469 etcurti-

1935 5503 2046 5557 bus
2059 5501 2130 5556 ob
2145 5498 2466 5554 remedium
2488 5499 2697 5555 animae
2711 5504 3583 5573 nostrze,succcssorumqueno-

1933 5594 2190 5647 strorum
2235 5604 2437 5660 regum
2474 5588 2561 5643 vel
2589 5587 3032 5661 imperatorum,
3059 5590 3159 5661 qui
3190 5606 3292 5661 per
3321 5591 3584 5661 tempora

1933 5679 2170 5747 fuerint,
2207 5678 2277 5734 ad
2311 5680 2540 5752 portam
2572 5677 2757 5750 ipsius
2791 5679 3126 5736 monasterii
3169 5678 3580 5736 conferendam
