3976 6426
392 414 580 477 ’1085

1783 421 2100 493 ΜΟΝΠΜ.
2139 419 2459 487 DIPLOM.

3662 423 3820 500 1036

416 548 1070 614 comitis,annuentibus
1091 554 1452 628 Aremburge
1481 559 1668 612 matre
1688 559 2062 631 sua,Hugone
2087 556 2146 626 Α
2173 573 2326 612 anno
2357 556 2429 613 ab
2462 556 2862 612 Incarnatione
2893 557 3124 614 Domini
3163 559 3476 617 millesimo
3525 563 3816 636 quinqua-

416 637 591 692 fratre
648 654 775 706 suo,
824 640 1126 698 Jachelina
1182 660 1379 699 sorore
1436 663 1560 713 sua,
1622 647 1937 718 postulavit
1991 652 2056 703 ut
2162 647 2385 718 gesimo
2416 646 2945 718 septimo,Henrici
2992 666 3124 704 vero
3179 651 3334 722 regis
3376 651 3654 708 vicesimo
3685 670 3815 726 sep-

410 727 786 783 concederem
835 745 939 800 pro
985 732 1239 787 remedio
1289 733 1496 789 animae
1543 735 1827 791 Willelmi
1857 736 2053 793 fratris

409 815 501 870 sui
548 831 735 888 nuper
764 818 1043 887 defuncti,
1098 821 1331 878 cuidam
1391 841 1497 879 suo
1547 824 1770 880 homiui
1818 826 2052 880 nomine

405 902 907 973 Ainardo,donum
954 907 1259 978 libertatis,
1310 914 1465 982 quod
1515 913 1596 968 ita
1642 919 1698 967 et
1741 914 1845 969 feci
1893 931 2052 970 more

405 993 584 1066 regio,
619 1010 862 1052 excusso
895 996 1116 1053 scilicet
1138 999 1206 1054 de
1232 1000 1426 1071 palmo
1454 1002 1725 1070 denario;
1760 1019 1826 1058 eo
1857 1003 2051 1074 itaque

405 1085 605 1139 tenore
621 1089 704 1140 ‘ut
734 1089 970 1157 pateant
997 1087 1047 1142 ei
1081 1091 1147 1142 ut
1178 1087 1358 1144 libero
1406 1089 1510 1144 vim
1561 1091 1831 1162 quadrati
1871 1093 2045 1148 orbis.

405 1169 477 1224 Et
505 1169 555 1226 si
588 1172 724 1243 quis
763 1177 965 1230 contra
996 1175 1146 1232 hanc
1175 1175 1502 1234 libertatem
1533 1196 1840 1253 assurgere
1862 1185 2047 1236 tenta-

406 1258 572 1330 verit,
619 1261 739 1334 regi
789 1267 1022 1320 coactus
1071 1269 1303 1321 centum
1355 1267 1534 1323 libras
1583 1269 1708 1323 auri
1751 1269 2045 1325 exsolvat:

408 1363 630 1420 suaque
659 1349 993 1407 reclamatio
1022 1352 1189 1409 irrita
1221 1354 1276 1408 in
1311 1360 1658 1427 perpetuum
1692 1363 1942 1413 maneat.
1981 1361 2048 1415 Et

406 1437 472 1488 ut
501 1435 672 1491 ﬁrma
697 1439 756 1491 et
784 1438 1012 1496 stabilis
1043 1447 1400 1512 permaneat,
1433 1459 1561 1498 eam
1595 1461 1722 1500 meo
1754 1446 1946 1518 sigillo
1967 1448 2048 1502 in-

404 1522 622 1596 signire
652 1525 778 1581 feci.

473 1613 678 1668 Actum
712 1616 964 1674 Turonis
984 1635 1077 1672 xiv
1103 1620 1556 1690 Kal.Februarii,
1582 1641 1734 1679 anno
1761 1624 2047 1682 incarnati

400 1698 572 1758 Verbi
630 1702 943 1761 millesimo
1011 1707 1497 1780 quinquagesimo
1553 1716 1735 1781 sexto,
1771 1713 2047 1785 regnique

399 1789 631 1846 Henrici
663 1793 816 1863 regis
845 1794 1120 1851 vicesimo
1155 1801 1332 1852 sexto.

470 1879 590 1978 Ego
655 1880 976 1939 Balduinus
1046 1885 1429 1942 cancellarius
1500 1888 1806 1960 relegendo
1874 1893 2122 1988 subs-B

400 1965 576 2038 cripsi
589 1975 603 2023 .'

1153 2073 1305 2128 VIII.

397 2155 622 2238 Ηεῃνιέί
647 2158 981 2238 Francorum
1009 2161 1156 2230 regis
1183 2161 1425 2238 diploma
1454 2180 1556 2233 quo
1600 2165 1828 2236 abrogat
1868 2169 2040 2238 injus-

469 2229 581 2304 tam
636 2229 1100 2304 consuetudinem.
1155 2229 1343 2304 τ’Νε
1386 2229 1559 2304 portae
1587 2229 1829 2291 civitatis
1863 2229 2039 2295 Λὶινθ-

371 2359 374 2361 _
471 2299 736 2372 lia-rimis
801 2309 1036 2372 tempore
1092 2299 1399 2362 vindemiae
1430 2307 1756 2363 claudantur
1801 2326 1900 2365 nec
1947 2328 2039 2366 cu-

465 2371 636 2441 stodes
661 2371 1038 2429 adhibeantur.

800 2509 803 2512 .
1018 2463 1205 2535 (Anno
1238 2466 1420 2536 1058.)

680 2569 957 2639 [Aenean
992 2570 1179 2642 Spicz'l.
1208 2576 1348 2628 tom.
1383 2573 1476 2641 III,
1511 2590 1566 2645 p.
1603 2575 1753 2645 401.]

363 2715 366 2717 λ
464 2682 528 2738 In
557 2683 772 2739 Christi
805 2685 1039 2741 nomine
1059 2703 1162 2757 ego
1178 2687 1711 2760 Hammccs,gratia
1739 2690 1840 2746 Dei
1861 2695 2036 2747 Fran-

393 2788 594 2827 eorum
626 2790 744 2829 ΓΒΚ.
853 2795 856 2799 ”

365 2892 372 2896 -
461 2860 831 2917 Notumvolo
864 2862 986 2917 ﬁeri
1018 2863 1242 2919 cunctis
1275 2864 1542 2921 ﬁdelibus
1574 2871 1784 2922 sancta
1810 2869 1905 2924 Dei
1926 2872 2036 2926 Ec-

392 2948 601 3016 clesiae,
651 2953 774 3004 tam
826 2951 1210 3022 praesentibus
1258 2969 1434 3023 quam
1501 2953 1734 3027 futuris,
1786 2959 2036 3028 qualiter

392 3038 770 3094 Isembardus
799 3039 1239 3096 Aurelianensis
1264 3041 1594 3115 episcopus,
1626 3061 1758 3100 cum
1783 3047 1934 3102 clero
1979 3054 2033 3105 et

393 3126 607 3200 populo
638 3127 750 3182 sibi
775 3128 1110 3197 commisso,
1146 3134 1405 3185 nostram
1458 3133 1829 3190 serenitatem
1865 3138 2031 3206 adiit,

393 3216 871 3288 conquestionem
914 3217 1132 3273 faciens
1163 3235 1338 3288 super
1367 3221 1620 3291 quadam
1655 3222 1874 3293 injusta
1901 3243 2032 3282 con-

2160 735 2327 791 timo.

2945 827 3033 882 IX.

2164 911 2362 966 Charta
2404 914 2626 967 Henricz'
2671 917 2816 982 regis
2866 931 2965 986 pro
3030 920 3358 974 monasterio
3405 918 3593 974 Sancti
3636 923 3809 977 Petri.

2791 1006 2983 1070 (Anno
3015 1005 3188 1077 1058).

2639 1091 2802 1160 [GalL
2839 1093 2966 1147 Chr.
2996 1093 3145 1159 VIII,
3177 1096 3327 1165 501.]

2230 1177 2525 1233 Hmmcus
2556 1179 2742 1250 gratia
2771 1180 2871 1234 Dei
2901 1181 3255 1238 Francorum
3287 1201 3404 1239 rex.

2229 1265 2370 1320 Cum
2396 1266 2847 1339 regalis[sclium
2876 1269 3178 1343 dignitatis
3201 1272 3505 1345 multiplex
3523 1275 3808 1331 virtutum

2157 1353 2350 1410 cultus
2390 1361 2649 1421 exornet,
2682 1355 3002 1414 liberalitas
3058 1364 3252 1416 tamen
3303 1365 3362 1416 et
3409 1364 3812 1420 muniﬁcentia

2157 1440 2307 1496 inter
2336 1443 2442 1525 has
2473 1444 2830 1515 praecipuum
2864 1445 3054 1502 locum
3088 1451 3263 1504 tenet.
3298 1448 3511 1506 Notum
3544 1451 3621 1506 sit
3670 1469 3807 1525 ergo

2158 1523 2456 1596 omnibus,
2487 1533 2641 1603 quod
2673 1533 2913 1604 quidam
2945 1551 3114 1590 meus
3164 1537 3352 1593 ﬁdelis
3403 1538 3674 1596 Albertus
3704 1523 3806 1597 no-

2158 1619 2334 1684 mine,
2370 1620 2524 1674 ﬁlius
2576 1621 2804 1676 Ribaldi
2855 1624 3208 1680 nobilissimi
3239 1627 3368 1693 viri,
3403 1633 3616 1685 nostrae
3647 1646 3806 1686 sere-

2157 1708 2362 1762 nitatis
2392 1710 2533 1762 adiit
2562 1711 3165 1780 presentiam,obnixe
3195 1715 3593 1786 postulans,ut
3621 1718 3804 1792 regali

2157 1795 2368 1866 pietate
2401 1804 2608 1852 nostrae
2640 1799 3052 1857 muniﬁcentiae
3075 1806 3580 1874 assentando,suis
3613 1809 3806 1879 preci-

2158 1884 2266 1938 bus
2288 1901 2490 1940 aurem
2514 1887 2794 1942 inclinare
2824 1888 3496 1961 dignaremur,videlicet
3515 1899 3581 1952 ut
3601 1911 3806 1967 quam-

2155 1973 2290 2026 dam
2324 1973 2646 2042 ecclesiam,
2683 1993 2858 2047 quam
2891 1982 3054 2048 pater
3082 1980 3210 2050 ejus
3241 1980 3433 2037 ﬁdelis
3470 1987 3671 2039 noster
3700 1985 3801 2040 Ri-

2153 2060 2365 2116 baldus
2397 2062 2455 2116 in
2489 2062 2706 2118 honore
2737 2070 2798 2118 B.
2834 2066 3107 2122 Germani
3138 2068 3646 2130 Altissiodorensis
3677 2074 3801 2145 epi-

2154 2150 2336 2220 scopi,
2369 2150 2426 2204 in
2462 2151 2824 2208 Bruerolensi
2871 2155 2996 2209 vico
3043 2173 3146 2227 pro
3195 2158 3384 2214 salute
3431 2159 3639 2216 animae
3678 2179 3802 2217 suae

2153 2243 2572 2306 construxerat,
2635 2247 2837 2297 sancto
2883 2242 3047 2298 Petro
3098 2247 3379 2317 apostolo,
3431 2247 3491 2302 in
3535 2251 3801 2306 coenobio

2153 2328 2420 2381 suburbii
2452 2328 2774 2384 Carnotinaa
2809 2331 2994 2399 urbis,
3026 2337 3200 2405 atque
3231 2351 3298 2390 ex
3344 2337 3519 2393 rebus
3549 2354 3697 2409 quas
3727 2357 3800 2396 ex

2151 2421 2350 2470 nostro
2383 2418 2661 2473 beneﬁcio
2707 2420 3005 2490 possidere
3046 2422 3351 2479 videbatur
3378 2427 3678 2496 prafatam
3709 2445 3801 2484 ec-

2149 2504 2411 2576 clesiam,
2441 2509 2560 2562 tam
2593 2508 2717 2579 ipse
2747 2525 2922 2579 quam
2954 2511 3081 2581 ejus
3112 2511 3311 2568 ﬁdeles
3342 2530 3445 2584 pro
3476 2515 3577 2570 Dei
3599 2533 3797 2573 amore

2148 2592 2457 2649 clementia
2484 2594 2836 2667 locupletare
2881 2596 3197 2654 liberaliter
3235 2601 3578 2670 quivissent.
3612 2604 3797 2676 Cujus

2137 2682 2364 2752 justam
2396 2683 2733 2754 petitionem
2759 2686 3095 2755 judicantes
3143 2705 3279 2744 cum
3329 2691 3599 2764 episcopo
3637 2696 3794 2766 Ago-

2143 2772 2304 2826 berto
2336 2773 2394 2826 in
2428 2773 2597 2843 cujus
2624 2773 2856 2829 dioecesi
2887 2773 3132 2830 ecclesia
3161 2780 3380 2846 est,nec
3411 2795 3526 2834 non
3548 2785 3605 2836 et
3635 2783 3792 2854 cpti-

2145 2861 2400 2914 matihus
2432 2862 2650 2916 nostris
2673 2863 2916 2932 dignum
2950 2864 3227 2919 duximus
3250 2883 3352 2936 pro
3386 2872 3585 2923 nostra
3606 2869 3792 2926 salute

2142 2953 2199 3002 et
2216 2948 2544 3020 integritate
2567 2951 2728 3021 regni
2750 2951 2930 3005 nostri
2957 2968 3266 3007 assensum
3291 2956 3790 3025 praebere.Damus

2141 3036 2338 3109 itaque
2368 3038 2418 3092 ei
2450 3037 2746 3093 licentiam
2765 3042 2830 3092 ut
2849 3040 3145 3110 praefatam
3171 3040 3475 3098 ecclesiam
3499 3062 3567 3100 ex
3589 3052 3788 3103 nostro

2141 3125 2418 3180 beneﬁcio
2449 3127 2606 3197 quod
2638 3127 2915 3198 possidet,
2949 3129 3286 3201 ampliﬁcet,
3333 3135 3390 3186 et
3417 3135 3704 3205 quidquid
3737 3135 3791 3192 ei

2141 3215 2400 3268 conferre
2429 3215 2782 3282 voluerit,ita
2808 3217 2886 3271 sit
2907 3216 3156 3272 liberum
3189 3220 3260 3274 ab
3289 3221 3449 3275 omni
3473 3223 3790 3292 judiciaria

364 3305 702 3360 ,εηειυάίηρ
733 3322 860 3377 qum
881 3305 1197 3361 ,νίάθδαιω-
1226 3324 1353 3363 esse
1383 3308 1442 3362 in
1473 3326 1539 3364 ea
1572 3291 1731 3378 urbe;
1767 3311 2032 3369 videlicet
2061 3291 2103 3356 C
2143 3306 2426 3372 potestate
2457 3303 2735 3372 solutum,
2770 3310 2835 3359 ut
2867 3305 3021 3360 idem
3062 3306 3250 3362 fidelis
3291 3291 3488 3364 noster
3513 3309 3789 3368 Albertus

393 3395 464 3449 de
494 3395 763 3450 custodia
791 3399 1113 3466 portarum,
1147 3411 1270 3466 quae
1301 3397 1784 3454 custodiebantur
1802 3405 1857 3455 et
1877 3401 2032 3457 clau-

391 3485 681 3540 debantur
709 3482 931 3539 civibus
963 3487 1221 3555 tempore
1272 3484 1597 3556 vindemia,
1632 3490 1688 3541 et
1732 3488 1804 3544 de
1851 3489 2032 3562 impia

391 3575 708 3639 exactidne,
739 3572 856 3628 vini
884 3589 1032 3644 quas
1063 3573 1354 3629 faciabant
1401 3575 1481 3629 ibi
1530 3576 1783 3632 ministri
1816 3579 2028 3650 nostri;

362 3664 608 3720 .obnixe.
629 3666 685 3719 et
715 3661 1018 3718 humiliter
1042 3662 1381 3733 deprecans,
1416 3668 1482 3718 ut
1509 3663 1668 3720 illam
1703 3667 1943 3738 impiam
1975 3673 2032 3724 et

383 3751 1178 3826 injustamconsuetudinem
1232 3757 1441 3806 sanctae
1491 3753 1590 3807 Dei
1643 3755 2034 3823 Ecclesiae,et

384 3841 493 3909 illi,
525 3842 676 3896 clero
707 3844 765 3895 et
789 3839 1025 3911 populo,
1058 3855 1160 3910 pro
1193 3856 1388 3895 amore
1414 3841 1512 3895 Dei
1543 3846 1600 3896 et
1630 3860 1732 3914 pro
1771 3845 2027 3901 remedio

384 3931 593 3986 animae
623 3933 834 3983 nostra:
847 3931 905 3982 et
921 3931 1228 3999 parentum
1244 3933 1575 3983 nostrorum
1594 3930 1650 3984 in
1681 3937 2027 4002 perpetuum

382 4018 784 4090 perdonarem.
810 4017 988 4087 Cujus
1021 4017 1284 4089 petitioni
1316 4017 1565 4089 benigne
1596 4035 1861 4074 annuens
1897 4038 2026 4092 per-

362 4107 589 4164 rdonavi
617 4106 756 4174 Deo,
799 4105 846 4160 si
878 4105 1030 4160 clero
1078 4110 1134 4160 et
1181 4105 1391 4176 populo
1441 4107 1838 4176 supradictam
1889 4126 2022 4165 con~

379 4194 749 4251 suetudinem
808 4199 865 4248 et
921 4194 1277 4249 exactionem
1337 4192 1766 4263 perpetualiter.
1821 4195 1903 4252 Ita
1964 4202 2026 4254 ut

376 4283 523 4340 nulli
569 4283 822 4356 amplius
869 4284 949 4338 ibi
997 4284 1270 4340 custodes
1312 4283 1658 4350 habeantur,
1694 4301 1797 4340 nec
1845 4291 2021 4356 portae

377 4371 532 4430 sicut
561 4372 800 4428 sctituin
832 4376 954 4428 erat
981 4372 1080 4427 illo
1106 4376 1367 4442 tempore
1397 4374 1514 4426 toto
1544 4371 2022 4439 claudantur,nec

352 4462 579 4516 .vinum
609 4461 847 4516 cuilibet
876 4461 1133 4528 tollatur,
1170 4475 1273 4515 nec
1303 4459 1586 4530 exigatur.
1613 4462 1721 4516 Sed
1747 4464 2022 4520 omnibus

378 4551 453 4608 sit
481 4549 628 4606 liber
656 4551 1041 4624 ingressus,et
1069 4551 1425 4621 egressus,et
1458 4548 1771 4622 unicuique
1802 4569 1892 4607 res
1914 4569 2022 4608 sua

371 4643 506 4714 jure
536 4639 687 4696 civili
720 4647 775 4696 et
799 4641 1069 4711 aequitate
1098 4641 1376 4693 servetur.
1412 4638 1540 4692 Haec
1580 4643 1771 4694 autem
1815 4643 2020 4712 perdo-
2050 4657 2095 4721 D

379 4730 535 4786 natio
564 4734 628 4784 ut
657 4730 826 4784 ﬁrma
847 4733 904 4782 et
925 4725 1153 4782 stabilis
1181 4725 1236 4779 in
1261 4731 1602 4798 perpetuum
1630 4735 2017 4800 permaneret,

376 4819 484 4874 hoc
513 4822 929 4874 testamentum
980 4818 1191 4869 nostrae
1214 4815 1572 4871 auctoritatis
1602 4817 1736 4872 inde
1767 4818 1889 4873 ﬁeri
1924 4836 2016 4874 vo-

375 4907 596 4976 lumus,
628 4906 946 4974 subterque
975 4900 1166 4974 sigillo
1217 4907 1273 4957 et
1322 4904 1536 4960 annulo
1582 4910 1778 4961 nostro
1819 4908 2015 4962 ﬁrma-

373 4995 584 5050 vimus.

440 5085 684 5158 Signum
717 5079 1036 5136 lsembardi
1058 5081 1496 5138 Aurelianensis
1519 5083 2014 5153 episcopi,S.l-len-

370 5177 474 5231 rici
534 5171 710 5243 regis,
770 5170 826 5224 S.
880 5170 1137 5225 Gervasii
1199 5172 1501 5227 Itemeusis
1570 5173 2012 5245 archiepiscopi,

367 5266 426 5320 S.
462 5259 722 5334 Hugonis
745 5259 1096 5327 Bardueﬁ,S.
1133 5260 1392 5332 Hugonis
1419 5260 1832 5326 buticularii,S.
1863 5262 2012 5317 Hen-

370 5353 470 5407 rici
506 5352 576 5405 de
608 5349 908 5414 Ferrariis,
943 5349 999 5404 S.
1036 5349 1301 5405 Malberti
1342 5350 1656 5421 praepositi,
1707 5352 1787 5405 8..
1818 5350 2015 5406 Hervei

369 5439 558 5504 viarii,
592 5439 648 5494 S.
683 5438 945 5494 Herberti
995 5439 1296 5506 subviarii,
1337 5441 1394 5494 S.
1448 5438 1758 5494 Gisleberti
1790 5440 2014 5511 pincer-

371 5527 822 5596 naa,S.Jordanis
855 5527 1092 5584 cellarii.
1122 5528 1446 5585 Balduinus
1476 5527 1860 5584 cancellarius
1883 5529 2017 5583 sub-

368 5617 622 5690 scripsit.

440 5712 650 5767 Datum
714 5707 961 5766 Aurelite
1028 5708 1259 5784 publice
1325 5724 1382 5764 v1
1456 5707 1650 5766 Nonas
1726 5705 2013 5782 Octobris,

2142 3389 2424 3446 hactenus
2457 3409 2490 3445 a
2521 3392 2688 3448 nobis
2719 3393 2929 3460 tenuit,
2965 3398 3072 3449 ete.
3103 3394 3326 3451 Placuit
3355 3396 3529 3453 etiam
3575 3405 3787 3456 nostra:

2141 3480 2341 3550 pietati
2373 3480 2508 3536 huic
2537 3482 2697 3552 operi
2717 3482 2929 3537 addere
2959 3483 3030 3538 de
3062 3484 3236 3539 rebus
3267 3502 3414 3556 quas
3435 3486 3560 3557 ipse
3589 3488 3788 3546 Alber-

2141 3571 2238 3622 tus
2269 3568 2428 3623 dedit
2457 3570 2704 3640 praefata:
2737 3569 3010 3638 ecclesiae,
3045 3575 3151 3626 etc.
3188 3573 3302 3644 Ego
3333 3573 3604 3632 Albertus
3620 3579 3788 3633 nobi-

2138 3654 2350 3712 lissimi
2366 3657 2593 3714 Ribaldi
2610 3658 2764 3714 illius
2777 3659 3017 3730 cupiens
3039 3659 3359 3717 cmlestium
3383 3665 3640 3720 nancisci
3657 3682 3787 3722 con-

2138 3746 2406 3814 sortium,
2439 3747 2664 3802 favente
2695 3747 3042 3803 charissima
3065 3748 3312 3822 conjuge
3341 3751 3783 3820 Adelaisa,libe-

2139 3851 2263 3890 ram
2281 3836 2352 3891 ab
2371 3837 2528 3890 omni
2554 3836 2851 3892 calumnia
2863 3836 3170 3893 hominum
3182 3837 3488 3896 ecclesiam
3510 3841 3580 3896 de
3605 3841 3785 3899 Brue-

2138 3924 2350 3979 rolensi
2395 3925 2540 3991 vico,
2573 3942 2749 3997 quam
2795 3934 2960 3997 pater
3004 3943 3169 3982 meus
3218 3927 3277 3982 in
3328 3927 3546 3984 honore
3597 3932 3784 3987 sancti

2138 4012 2410 4068 Germani
2441 4015 2694 4086 episcopi
2719 4015 3202 4082 construxit,cum
3226 4016 3704 4089 atrio,sepultura
3725 4027 3785 4077 et

2137 4101 2364 4157 decima
2394 4102 2648 4158 ecclesiae
2682 4121 2807 4174 quae
2841 4103 2899 4157 in
2931 4120 3110 4158 manu
3141 4109 3344 4161 nostra
3375 4122 3502 4162 esse
3531 4107 3784 4174 videtur,

2136 4195 2336 4245 sancto
2369 4195 2533 4245 Petro
2567 4190 2903 4246 Carnotensi
2937 4193 3283 4259 concedo,ut
3314 4194 3585 4250 monachi
3624 4213 3782 4252 eam-

2134 4279 2264 4334 dem
2297 4279 2602 4335 ecclesiam
2633 4282 2889 4344 teneant,
2924 4277 3106 4335 altare
3139 4297 3371 4352 quoque
3399 4282 3664 4352 ejusdem
3696 4300 3786 4340 ec-

2134 4367 2320 4424 clesia:
2353 4370 2508 4440 quod
2539 4369 2611 4423 ab
2638 4368 2908 4440 episcopo
2942 4370 3281 4431 Carnotensi
3313 4369 3371 4424 in
3399 4370 3784 4430 feudotenue-

2132 4458 2431 4513 ram.Huic
2461 4456 2752 4528 largitioni
2805 4473 2944 4511 meae
2990 4458 3266 4515 dominus
3298 4460 3627 4532 Agobertus
3653 4461 3781 4532 epi-

2131 4564 2362 4618 scopus,
2396 4562 2530 4600 cum
2562 4561 2849 4600 consensu
2882 4547 3295 4602 canonicorum
3329 4547 3428 4618 qui
3481 4565 3616 4604 cum
3647 4549 3778 4621 ipso

2130 4639 2296 4689 erant
2325 4633 2528 4689 Drocis
2556 4632 2616 4687 in
2646 4634 2805 4690 curia
2835 4635 3008 4707 regis,
3043 4636 3270 4691 addidit
3300 4637 3577 4708 petitione
3627 4639 3779 4694 Lan-

2130 4722 2273 4777 drici
2308 4721 2534 4777 abbatis
2566 4727 2623 4776 et
2655 4726 2853 4779 nostra
2883 4723 3086 4779 ﬂexus.
3123 4725 3264 4779 Item
3316 4740 3558 4780 censum
3589 4725 3781 4798 ipsius

2127 4811 2235 4864 vici
2279 4828 2413 4866 cum
2467 4811 2694 4867 decima
2740 4813 2980 4867 mercati
3034 4814 3310 4880 concedo,
3351 4817 3462 4868 etc.
3497 4813 3784 4869 Similiter

2128 4900 2632 4956 monachisSancti
2651 4901 2800 4957 Petri
2816 4902 3067 4957 concedo
3080 4900 3328 4956 liberum
3345 4903 3661 4958 transitum
3676 4917 3784 4973 per

2125 4993 2308 5045 totam
2341 4995 2576 5057 terram,
2627 4994 2693 5046 ut
2735 4991 2852 5045 ulla
2901 5006 3162 5060 unquam
3193 4991 3552 5044 consuetudo
3586 4990 3660 5046 ab
3690 4988 3780 5044 eis

2127 5080 2459 5150 requiratur
2488 5081 2558 5134 de
2589 5079 2946 5150 piscibus,de
2975 5077 3182 5142 corvis,
3217 5092 3318 5131 seu
3352 5076 3422 5132 de
3453 5077 3628 5133 rebus
3650 5093 3777 5133 om-

2128 5170 2300 5223 nibus
2332 5187 2457 5240 quac
2489 5167 2907 5224 monachorum
2931 5182 3058 5222 esse
3088 5165 3497 5220 ostenduntur.
3535 5165 3776 5222 Possem

2126 5257 2358 5324 addere,
2383 5274 2510 5328 quae
2543 5257 2654 5310 mei
2688 5255 2886 5310 fideles
2917 5254 3043 5310 loco
3077 5253 3349 5324 pracdicto
3379 5253 3777 5325 contulerunt,

2125 5346 2224 5400 sed
2259 5347 2397 5418 quia
2426 5345 2570 5400 alias
2601 5344 2882 5415 scriptum
2904 5343 3390 5410 est,corroborare
3422 5342 3572 5399 hanc
3603 5343 3772 5400 char-

2081 5475 2084 5478 ι
2123 5439 2244 5490 tam
2278 5433 2468 5506 sigillo
2500 5434 2652 5506 regis
2679 5448 2812 5486 cum
2845 5429 3181 5486 nominibus
3213 5433 3562 5502 optimatum
3611 5431 3774 5487 festi-

2127 5529 2442 5684 magiam
2475 5609 2704 5666 Radulﬁ
2737 5607 3375 5682 c0mitis,sig.Walterii
3417 5609 3646 5666 comitis
3667 5607 3772 5663 ﬁlii

2077 5673 2084 5754 ξ
2127 5673 2379 5773 Badulﬁ,
2413 5700 2521 5778 sig.
2549 5699 2811 5774 Hugonis
2843 5673 3094 5776 comitis,
3118 5699 3228 5774 sig.
3255 5699 3498 5773 Alberti,
3532 5698 3771 5774 signum
