3976 6386
74 428 245 505 ξοδ-1

1176 424 1568 523 HENRICUS
1611 426 1637 493 Ι
1678 424 2163 521 FRANCORUM
2208 425 2393 493 REX.

76 559 421 619 Theudonis
436 558 631 616 fratris
660 558 808 632 ejus,
826 560 935 633 sig.
956 561 1193 616 Guarini
1211 563 1407 619 fratris
1429 564 1717 635 ejusdem,
1748 569 1797 634 Α
1833 567 2122 636 quatenus
2152 563 2213 618 in
2244 562 2591 635 perpetuum
2621 556 2779 630 regio
2801 556 2937 629 jure
2959 555 3031 612 ab
3052 556 3329 614 omnibus
3366 559 3490 616 fore

74 652 183 724 sig.
208 650 525 720 Frederici,
570 650 679 722 sig.
710 648 1002 718 Balduini,
1035 650 1441 723 sig.Simonis,
1469 652 1577 724 sig.
1594 653 1738 726 Ago-

76 740 228 797 berti
261 738 538 812 episcopi,
573 738 683 810 sig.
717 738 979 811 Hugonis
1013 739 1237 809 decaui,
1271 740 1380 813 sig.
1433 735 1732 796 Guillelmi

72 827 391 903 prapositi,
439 826 674 900 signum
728 827 983 900 Sigonis,
1029 828 1268 901 signum
1311 829 1585 897 Ascelini,
1619 830 1728 902 sig.

74 917 378 976 Gencelini
408 916 627 973 decani.

69 1098 338 1152 Henricus
366 1097 390 1151 Ι
418 1111 518 1150 rex
545 1092 759 1149 inducit
794 1096 1080 1150 canonicos
1130 1095 1405 1163 regulares
1455 1097 1516 1150 in
1555 1096 1724 1150 eccle-

199 1170 349 1224 siam
379 1167 434 1223 S.
464 1166 690 1220 Martini
717 1182 749 1220 a
783 1166 1020 1237 Campis,
1054 1184 1086 1220 ιι
1114 1184 1170 1222 se
1201 1171 1589 1222 restauratum.

694 1256 883 1326 (Anno
919 1255 1099 1327 1060.)

571 1344 738 1415 [GalL
771 1343 900 1400 Chr.
934 1343 1051 1412 VII,
1082 1345 1197 1415 32.]

144 1454 207 1508 In
230 1450 466 1507 nomine
495 1452 796 1517 sanctaet
826 1448 1139 1504 individua
1172 1449 1499 1515 Trinitatis,
1530 1454 1638 1504 etc.

142 1541 334 1614 Igitur
362 1554 467 1611 ego
498 1537 817 1604 HEancus,
856 1536 951 1592 Dei
979 1537 1167 1609 gratia
1196 1555 1294 1593 rex
1340 1538 1717 1604 Francorum,

71 1628 278 1685 sedula
306 1626 655 1699 cogitatione
677 1624 938 1681 recolens
956 1625 1207 1697 qualiter
1221 1628 1485 1681 decorem
1510 1626 1722 1681 domus

70 1717 298 1775 Domini
330 1714 594 1772 etlocum
614 1714 1009 1769 habitantium
1027 1715 1150 1785 [al.,
1172 1714 1574 1784 habitationis]
1593 1715 1721 1785 ejus

69 1805 265 1871 dilexi,
297 1804 574 1861 omnibus
608 1809 726 1858 tam
751 1804 1136 1874 praesentibus
1169 1820 1349 1875 quam
1380 1803 1595 1858 futuris
1617 1819 1719 1857 no-

68 1903 193 1952 tum
224 1893 351 1949 ﬁeri
380 1892 556 1947 volui.
590 1896 768 1947 Porro
799 1895 934 1947 ante
964 1892 1266 1946 Parisiacae
1298 1890 1461 1946 urbis
1493 1894 1720 1962 portam

1847 655 2198 710 concedatur
2224 651 2428 718 libera,
2491 653 2612 704 tam
2672 645 2941 702 videlicet
2993 646 3151 702 intra
3200 646 3489 705 ambitum

1843 740 2188 798 munitionis
2218 742 2367 813 ejus,
2394 755 2571 812 quam
2604 740 2763 793 extra
2788 736 2847 791 in
2881 735 3185 808 procinctu
3214 734 3397 808 illius,
3428 735 3491 793 in

1838 831 2106 899 teloneis,
2139 831 2198 885 in
2230 828 2431 895 fredis,
2463 828 2522 882 in
2530 825 2798 900 justitiis,
2829 824 2889 881 in
2913 824 3189 883 omnibus
3210 841 3488 898 quacun-

1839 937 1953 992 que
1978 921 2080 992 jus
2110 918 2295 974 nostri
2325 917 2503 990 exigit
2530 914 2678 982 fisci,
2710 931 2881 971 nemo
2912 930 3175 987 unquam
3204 912 3365 970 illam
3384 910 3485 970 ’ἰη-

1838 1009 2097 1080 quietare
2127 1008 2357 1063 audeat.
2386 1005 2661 1062 Canonici
2719 1003 2897 1060 etiam
2944 1003 3098 1059 hanc
3135 1005 3485 1076 potestatem

1834 1096 2109 1163 habeant,
2135 1095 2445 1164 ut,abbate
2475 1094 2745 1161 obeunte,
2778 1108 3024 1149 assensu
3053 1091 3323 1158 fratrum,
3344 1091 3484 1148 boni

1834 1185 2156 1241 testimonii
2186 1186 2400 1251 virum,
2443 1182 2678 1239 nemine
2723 1181 3124 1255 perturbante,
3171 1179 3488 1237 restituant

1831 1275 2047 1330 Verum
2078 1274 2254 1330 etiam
2285 1276 2349 1328 ut
2376 1288 2445 1328 ea
2474 1273 2616 1327 ﬁsca
2645 1271 3015 1327 firmamento
3044 1272 3353 1326 teneantur
3371 1273 3489 1327 sta-

1832 1363 1956 1432 bili,
1991 1363 2140 1419 hanc
2197 1361 2461 1416 chartam
2510 1360 2570 1415 in
2628 1376 2764 1432 qua,
2797 1374 2893 1413 me
2937 1356 3327 1431 praecipiente,
3358 1356 3485 1414 hac

1831 1453 2029 1508 omnia
2058 1451 2276 1523 scripta
2299 1453 2457 1516 sunt,
2486 1446 2681 1521 sigillo
2713 1463 2842 1503 meo
2872 1445 3324 1502 subterﬁrmavi.
3364 1445 3483 1519 Ego

1832 1545 1955 1615 ipse
1985 1560 2084 1598 rex
2113 1541 2400 1596 Henricus
2456 1542 2513 1593 et
2542 1537 2745 1610 regina
2791 1535 3033 1609 pariter,
3062 1539 3121 1591 et
3171 1533 3481 1609 Philippus

1831 1633 1987 1689 ﬁlius
2017 1647 2184 1686 meus
2209 1645 2340 1684 cum
2372 1628 2652 1683 fratribus
2672 1626 2798 1681 suis
2829 1641 3008 1680 manu
3036 1624 3330 1681 firmatam
3352 1640 3477 1680 cor-

1832 1718 2256 1776 roboravimus.
2290 1718 2476 1780 Quam
2505 1715 2743 1787 quidem
2792 1712 3130 1770 Mainardus
3178 1714 3478 1770 Senonum

1831 1807 2306 1879 archiepiscopus
2337 1820 2472 1860 cum
2501 1803 2780 1858 Ymberto
2810 1800 3169 1856 Parisiorum
3207 1800 3474 1873 prasule,

1830 1897 2046 1968 aliique
2077 1911 2255 1968 quam
2312 1893 2575 1966 plurimi,
2635 1894 2754 1947 tam
2786 1889 3091 1962 pontifices
3131 1905 3311 1962 quam
3341 1881 3476 1947 laici

3331 416 3587 490 {038"

66 1986 123 2040 in
155 1984 378 2040 honore
399 1980 750 2037 confessoris
780 1979 995 2035 Christi
1026 1979 1260 2036 Martini
1289 1979 1522 2035 abbatia
1541 1978 1723 2035 fuisse
1749 1977 1796 1998 ”
1829 1985 2121 2058 principes
2151 1981 2578 2039 conﬁrmarunt
2604 1983 2662 2036 et
2707 1978 3158 2035 corroborarunt
3202 1977 3479 2036 omnibus

68 2070 539 2145 dignoscebatur,
590 2086 769 2141 quam
813 2069 1117 2142 tyrannica
1166 2068 1325 2124 rabie
1383 2067 1572 2140 (quasi
1603 2083 1719 2123 non
1829 2091 2008 2147 supra
2037 2071 2385 2127 memoratis
2415 2069 2694 2125 faventes.
2727 2067 2785 2122 Si
2822 2066 2956 2140 quis
2985 2070 3184 2123 autem
3235 2067 3481 2141 posthac

64 2158 259 2230 fuerit)
283 2156 523 2213 omnino
551 2155 823 2222 deletam,
844 2156 1152 2228 abintegro
1185 2156 1525 2228 ampliorem
1549 2155 1716 2211 resti-
1828 2161 2195 2237 privilegium
2227 2160 2337 2215 hoc
2362 2158 2578 2215 violare
2608 2155 3067 2230 praesumpserit,
3096 2156 3358 2231 primum
3385 2173 3481 2214 δα-

66 2249 169 2314 tui.
203 2246 532 2314 ecclesiam,
567 2263 694 2318 quae
724 2245 823 2301 diu
857 2245 1071 2302 sterilis
1101 2246 1321 2301 amissa
1346 2245 1505 2318 prole
1548 2246 1718 2300 ﬂeve-
1825 2250 2047 2323 crilegii
2069 2250 2372 2305 sivetanta
2401 2244 2766 2301 auctoritatis
2781 2243 3151 2317 negligentia
3180 2261 3315 2302 reus
3331 2245 3480 2307 duro

63 2344 173 2407 rat,
206 2352 474 2409 quaerens
505 2336 745 2390 reddere
803 2336 1121 2391 secundam
1180 2334 1399 2390 008165ti
1451 2338 1674 2407 SPOHSO
1700 2351 1714 2401 ;
1824 2340 2194 2397 anathemate
2225 2335 2485 2402 feriatur,
2501 2333 2712 2390 deinde
2728 2332 2990 2388 nefanda
3002 2332 3481 2407 prasumptionis

68 2426 476 2501 religiosorum
510 2423 750 2480 consilio
781 2424 1060 2492 virorum,
1111 2422 1422 2479 canonicos
1462 2421 1716 2496 regulari
1821 2430 2027 2486 irritus
2082 2425 2242 2501 gravi
2284 2440 2497 2480 census
2549 2422 2897 2478 detrimento
2944 2422 3277 2479 damnetur.
3309 2423 3477 2478 Anno

64 2514 499 2595 conversatione
526 2512 746 2568 ibidem
772 2513 889 2569 Deo
922 2511 1274 2567 famulantes
1306 2511 1617 2579 attitulavi,
1649 2516 1719 2566 ut

61 2606 187 2661 sine
217 2600 616 2660 sollicitudine
649 2601 840 2673 magis
864 2599 1080 2656 divinis
1109 2617 1287 2673 quam
1328 2599 1526 2655 saculi
1556 2597 1715 2654 curis

60 2695 336 2748 vacantes
364 2688 598 2745 valeant
626 2689 836 2756 vivere,
872 2690 943 2744 de
975 2688 1352 2744 facultatibus
1401 2688 1593 2743 dotem
1630 2686 1712 2742 fa-

63 2782 219 2836 ciens
250 2777 507 2835 ecclesia
536 2778 610 2833 ob
641 2776 968 2833 remedium
1000 2778 1181 2850 patris
1225 2777 1337 2832 mei
1393 2776 1715 2847 matrisque

65 2886 202 2925 mea
235 2868 590 2934 animarum,
615 2869 787 2936 atque
811 2881 914 2937 pro
932 2865 1046 2920 mei
1077 2866 1205 2937 conj
1218 2866 1463 2937 ugisque
1495 2880 1636 2920 mra
1658 2867 1717 2919 et

65 2957 243 3031 prolis
272 2955 461 3012 salute
491 2959 550 3011 et
581 2971 719 3028 pace
769 2955 891 3010 hac
922 2954 1041 3010 illis
1084 2954 1304 3025 largior
1361 2953 1716 3025 possidenda

66 3050 340 3120 perpetuo
364 3046 500 3116 jure
528 3061 541 3098 :
575 3042 757 3099 altare
789 3043 847 3098 in
891 3042 1097 3116 primis
1149 3043 1413 3115 ejusdem
1463 3041 1715 3097 basilica

65 3136 222 3192 omni
253 3133 638 3190 clarificatum
688 3131 974 3198 libertate,
1018 3135 1076 3186 et
1121 3136 1307 3187 terras
1357 3147 1506 3202 quas
1563 3130 1718 3185 circa

63 3210 330 3281 eamdem
360 3220 665 3279 ecclesiam
692 3221 855 3293 prius
881 3220 1193 3288 habebam,
1226 3224 1282 3274 et
1311 3235 1459 3291 quas
1498 3218 1717 3273 ibidem

1824 2518 1986 2590 regni
2019 2533 2201 2588 supra
2231 2513 2371 2570 dicti
2403 2511 2555 2585 regis
2584 2527 2760 2565 xxvn.

1896 2606 1971 2679 (7)
2002 2607 2209 2660 Actum
2269 2619 2423 2658 anno
2455 2600 2527 2656 ab
2584 2597 2989 2656 Incarnatione
3048 2597 3279 2655 Domini
3310 2598 3472 2667 4060,

1825 2696 2027 2751 indict.
2059 2710 2154 2758 xv,
2187 2690 2429 2747 Parisiis
2459 2688 2710 2762 publice.

1894 2784 2141 2857 Signum
2171 2778 2405 2836 Henrici
2436 2777 2684 2850 regis.S.
2719 2775 2973 2848 Philippi
3002 2774 3178 2849 regis.
3211 2776 3271 2832 S.
3293 2776 3474 2832 Anna

1825 2873 2056 2945 regina.
2090 2870 2148 2925 S.
2191 2866 2475 2924 Mainardi
2525 2864 2949 2937 archiepiscopi
3001 2864 3379 2922 Senonensis.
3410 2863 3475 2921 8.

1825 2960 2082 3019 Gervasii
2110 2958 2416 3015 Remensis
2430 2953 2852 3028 archiepiscopi
2872 2958 2928 3009 8.
2946 2953 3208 3010 Ymberti
3219 2952 3480 3027 episcopi

1824 3047 2195 3107 Parisiensis.
2227 3051 2283 3101 8.
2318 3044 2570 3101 Odolrici
2597 3042 2993 3099 archidiaconi
3019 3041 3387 3100 Parisiensis.
3415 3042 3477 3100 8.

1824 3137 2097 3196 Balduini
2128 3133 2477 3191 cancellarii.
2510 3136 2568 3187 S.
2599 3130 2881 3188 Viozelini
2930 3130 3237 3204 capellani.
3285 3131 3344 3188 8.
3379 3131 3478 3187 Ri-

1826 3227 2024 3285 chardi
2057 3223 2361 3298 capellani.
2397 3223 2456 3277 S.
2498 3219 2731 3277 Radulﬁ
2789 3219 3040 3276 comitis.
3074 3221 3134 3276 8.
3191 3219 3477 3276 Thebaldi

63 3312 361 3369 Ansoldus
385 3327 520 3367 cum
534 3310 843 3383 nepotibus
872 3310 997 3365 suis
1012 3308 1225 3365 Milone
1254 3308 1476 3364 scilicet
1503 3312 1561 3363 et
1580 3307 1711 3362 Wa-
1741 3302 1784 3368 C
1823 3319 1894 3374 de
1924 3311 2397 3372 Montemorenci.
2431 3311 2490 3366 S.
2525 3307 2793 3365 Rainaldi
2823 3309 3148 3364 camerarii.
3170 3313 3226 3363 B.
3258 3302 3491 3365 Albrici.

63 3404 189 3459 rino
220 3400 370 3457 mihi
398 3399 578 3468 dedit,
603 3399 951 3454 concedente
978 3398 1221 3470 Hugone
1251 3397 1462 3453 comite
1483 3400 1719 3468 propter

64 3489 288 3565 prafati
314 3487 551 3546 Milonis
607 3485 1157 3553 reconciliationem,
1219 3485 1320 3557 qui
1379 3489 1519 3539 tunc
1581 3500 1716 3539 reus

28 3622 31 3643 τ
65 3578 263 3652 magni
296 3574 563 3633 criminis
595 3579 718 3631 erat
758 3574 1069 3630 adversum
1119 3590 1252 3634 me;
1284 3573 1386 3629 sed
1442 3571 1717 3644 precibus

65 3667 330 3726 Ymberti
361 3664 629 3738 praesulis
688 3667 924 3735 accepta
964 3668 1127 3718 terra
1180 3661 1412 3717 cultura
1441 3678 1475 3717 a
1505 3678 1717 3734 supra-

67 3757 237 3814 dictis
269 3754 581 3824 militibus,
643 3753 1026 3809 commissum
1076 3751 1221 3806 illud
1277 3751 1455 3820 (unde
1483 3754 1717 3805 centum

66 3846 245 3902 libras
268 3841 664 3915 justojudicio
691 3841 1054 3908 exsolveret),
1076 3838 1295 3895 dimisi.
1314 3844 1432 3894 Has
1461 3855 1566 3911 ego
1594 3839 1715 3910 [al.,

67 3935 225 4008 ergo]
257 3938 444 3989 terras
474 3931 629 3987 circa
650 3947 851 3986 muros
873 3929 1129 3986 ecclesia
1160 3929 1304 3985 sitas
1332 3928 1522 3984 eidem
1545 3927 1719 3983 eccle-

66 4024 160 4079 sia
191 4021 468 4086 concedo,
501 4036 569 4075 ea
595 4018 866 4074 videlicet
897 4018 1167 4073 libertate
1198 4021 1263 4072 ut
1309 4015 1506 4072 nullus
1540 4015 1596 4071 in
1630 4016 1714 4071 eis

68 4112 325 4184 aliquam
356 4107 806 4165 redhibitionem
819 4107 1045 4177 exigere
1058 4110 1405 4179 prmsumat:
1432 4107 1585 4178 apud
1613 4110 1715 4161 Pa-

28 4236 31 4241 ν
67 4200 239 4256 risios
269 4214 404 4254 vero
426 4195 826 4253 molendinum
848 4213 1032 4250 unum
1059 4213 1071 4250 :
1107 4195 1473 4266 invillaqua
1504 4195 1720 4249 dicitur

68 4288 286 4345 Alberti
317 4286 540 4356 villare,
574 4290 789 4341 terram
822 4301 998 4356 quam
1032 4283 1111 4337 ibi
1140 4283 1467 4339 habebam:
1494 4282 1718 4338 Noisia-

70 4394 202 4433 cum
234 4392 366 4432 vero
399 4390 577 4447 super
632 4374 955 4430 Maternam
1015 4372 1219 4437 situm,
1263 4389 1397 4427 cum
1445 4372 1721 4428 omnibus

67 4463 394 4522 redditibus
408 4461 966 4519 ettedhibitionibus
989 4466 1177 4529 terra,
1209 4461 1389 4529 silva,
1416 4461 1720 4516 vinearum

71 4560 246 4626 atque
276 4557 578 4625 pratorum
607 4551 705 4607 uin
729 4551 1028 4607 territorio
1059 4554 1256 4613 autem
1303 4549 1586 4609 Meldensi
1615 4549 1721 4606 vil-

70 4642 189 4738 lam
216 4639 463 4738 nomine
485 4630 780 4694 Anethum
811 4628 965 4738 cum‘
990 4638 1275 4738 omnibus
1310 4639 1639 4695 redditibus
1669 4643 1726 4694 et
1755 4674 1802 4738 Β

72 4726 563 4786 redhibitionibus
590 4732 776 4799 terra,
797 4727 1311 4796 silva,vincarum,
1341 4733 1519 4800 atque
1532 4732 1726 4800 prato-

28 4820 44 4839 ”
73 4837 203 4875 rum
228 4834 242 4872 :
272 4818 345 4872 de
363 4815 688 4872 redditibus
713 4816 950 4888 quidem
974 4815 1287 4888 passionis,
1339 4816 1529 4872 vieria
1570 4817 1725 4872 silva

74 4905 416 4979 atqueliegii
439 4904 746 4981 [al.,leigii]
761 4922 996 4961 omnem
1022 4905 1477 4961 decimam.ltem
1498 4907 1557 4960 in
1578 4921 1723 4978 pago

76 4992 678 5066 ParisiensiBongeias
690 5011 825 5049 cum
839 4995 1111 5050 omnibus
1125 4993 1450 5050 redditibus
1466 4999 1521 5049 et
1538 4993 1727 5049 redhi-

76 5084 402 5140 bitionibus
430 5081 610 5137 libere
641 5083 751 5138 sibi
786 5084 1207 5154 adjacentibus.
1243 5083 1353 5138 Sed
1386 5089 1443 5138 et
1471 5082 1529 5137 in
1580 5098 1728 5154 pago

76 5171 451 5229 Laudunensi
487 5171 694 5227 Diciaci
727 5172 982 5245 (excepto
1016 5171 1204 5243 altari)
1233 5172 1542 5228 dimidium
1592 5188 1726 5226 cum

76 5262 336 5345 prafatis
384 5258 860 5333 possessionibus
917 5261 1191 5331 habeant,
1237 5265 1489 5329 teneant,
1525 5267 1730 5335 regant

78 5356 258 5424 atque
287 5349 642 5423 possideant.
668 5349 817 5406 Illud
845 5367 981 5425 ergo
1003 5350 1364 5424 praetermitti
1394 5351 1730 5407 nullatenus

28 5430 53 5455 ”
73 5439 226 5508 volo,
259 5438 403 5512 quia
426 5438 727 5511 praefatam
757 5439 1063 5497 ecclesiam
1096 5457 1164 5497 ea
1201 5439 1476 5495 firmitate
1507 5441 1728 5509 munio,

144 5638 222 5707 (7)
252 5636 459 5692 Annus
490 5652 639 5710 xxvu
679 5635 843 5710 regni
895 5635 1130 5693 Henrici
1182 5641 1240 5694 et
1268 5653 1461 5694 annus
1493 5636 1735 5710 Christi

78 5709 216 5771 1060
244 5725 365 5770 non
395 5708 773 5783 conveniunt,
827 5724 990 5770 error
1024 5713 1113 5769 est
1164 5712 1444 5787 praeterea
1485 5709 1549 5769 in
1580 5708 1732 5768 indi-

1843 5726 2054 5772 numer

1826 3401 2297 3463 conestabularii.
2329 3405 2384 3454 S.
2416 3395 2697 3454 Willelmi
2739 3394 3064 3453 seniscalci.
3120 3396 3179 3453 8.
3211 3396 3476 3469 Hugonia

1825 3492 2184 3551 buticularii.
2219 3491 2277 3545 S.
2314 3486 2551 3549 Roberti
2596 3485 2739 3541 coci.
2773 3486 2830 3541 S.
2880 3483 3113 3540 Radulfi
3160 3484 3472 3542 Belvacen-

1830 3586 1934 3641 sis.
1971 3584 2031 3639 S.
2069 3578 2286 3636 Yvonis
2317 3573 3089 3633 subcamerarii.S.Walteri
3120 3566 3476 3631 filiiBerneri

1826 3675 1881 3730 S.
1916 3667 2192 3727 Amalrici
2223 3667 2374 3721 Ruﬁ.
2430 3664 2488 3720 8.
2539 3662 2827 3719 Willelmi
2882 3662 3078 3719 fratris
3106 3661 3378 3719 Baldrici.
3409 3666 3471 3718 8.

1824 3759 2098 3816 Widonis
2125 3754 2535 3812 Ambianensis
2564 3751 2913 3826 episcopi.S.
2945 3751 3190 3809 Walteri
3216 3752 3474 3811 Melden-

1828 3852 1909 3906 sis
1940 3845 2218 3921 episcOpi.
2242 3845 2301 3900 S.
2334 3842 2605 3898 Elinandi
2636 3841 3045 3898 Laudunensis
3099 3841 3378 3915 episcOpi.
3410 3842 3471 3900 8.

1829 3935 2124 3995 Frollandi
2153 3930 2606 4005 Silvanectensis
2634 3931 2915 4003 episcopi.
2946 3935 3002 3985 8.
3034 3930 3335 3989 Trecensis
3354 3930 3476 4005 epi-

1824 4026 2006 4098 scopi.
2034 4026 2092 4081 S.
2128 4020 2365 4079 Roberti
2397 4000 2498 4075 lilii
2530 4000 2762 4075 comitis
2789 4000 3083 4076 Balduini.
3118 4020 3178 4076 S.
3211 4000 3477 4078 Widonis

1825 4112 2230 4172 Ponthivensis
2260 4108 2511 4166 comitis.
2540 4112 2597 4164 S.
2648 4107 2912 4165 Baldrici.
2948 4109 3008 4164 8.
3059 4108 3382 4181 Engenulﬁ.
3414 4109 3475 4166 8.

1824 4201 2099 4259 Amalrici
2132 4202 2203 4256 de
2239 4197 2591 4255 Monteforti.
2644 4198 2701 4253 S.
2733 4196 3014 4269 Stephani
3064 4197 3381 4271 prapositi.
3414 4198 3475 4256 8.

1828 4289 2139 4348 Framerici
2170 4289 2308 4345 coci.
2330 4326 2335 4331 ο

2605 4373 2700 4429 ΧΙ.

1830 4471 2092 4525 Henricus
2148 4482 2249 4521 rex
2276 4466 2530 4521 ecclesias
2587 4462 2681 4519 SS.
2741 4460 3023 4535 Stephani,
3044 4462 3292 4535 Iuliani,
3319 4466 3475 4525 Seve-

1954 4540 2091 4605 rini,
2119 4545 2169 4594 et
2198 4538 2393 4591 Bacchi
2423 4536 2698 4592 canonicis
2723 4534 3131 4591 Parisiemibus
3162 4534 3348 4591 tradit.

2506 4625 2638 4695 (An.
2665 4621 2806 4696 inc.)
2916 4612 2939 4669 ἶ

2350 4714 2511 4785 [θαιι.
2548 4715 2674 4770 Chr.
2705 4712 2825 4783 VII,
2858 4713 2972 4785 31.]

1906 4828 1968 4878 In
2004 4820 2239 4877 nomine
2271 4822 2482 4874 sancta
2515 4823 2572 4874 et
2599 4818 2910 4877 individua
2941 4818 3489 4889 Trinitatis,HsNal-

1836 4929 1966 4980 cus,
1999 4909 2186 4984 gratia
2218 4908 2314 4964 Dei
2348 4909 2700 4963 Francorum
2727 4925 2843 4965 rex.

1906 4999 2140 5055 Noverit
2194 4997 2506 5071 posteritas
2564 4995 2833 5052 omnium
2876 5001 2933 5053 S.
2968 4998 3176 5055 matris
3219 4997 3485 5055 Ecclesia

1837 5087 2098 5143 ﬁdelium
2130 5091 2189 5142 et
2217 5089 2575 5151 nostrorum,
2591 5083 2746 5156 quod
2769 5084 3010 5156 quidam
3023 5086 3311 5144 Imbertus
3331 5087 3489 5143 Pari-

1838 5175 2120 5232 siacensis
2168 5175 2433 5231 Ecclesia
2499 5172 2834 5246 episcopus,
2883 5178 3096 5230 nostra
3154 5174 3486 5234 serenitatis

1839 5264 2049 5320 adierit
2079 5263 2475 5336 praesentiam,
2500 5278 2711 5336 rogans
2748 5264 2805 5316 et
2846 5260 3056 5316 obnixe
3085 5265 3394 5334 postulans
3422 5266 3491 5321 ut

1843 5352 2129 5426 quasdam
2159 5349 2436 5405 ecclesias
2464 5352 2523 5405 in
2546 5348 2827 5406 suburbio
2857 5347 3489 5418 Parisiacensi,nostra

1841 5439 2114 5514 potestati
2167 5443 2224 5495 et
2287 5442 2725 5497 antecessorum
2776 5444 3108 5496 nostrorum
3165 5440 3491 5514 antiquitus

1844 5638 2036 5695 ctione
2057 5654 2195 5769 31a:
2224 5650 2341 5691 non
2372 5652 2446 5693 xv
2485 5638 2551 5691 ut
2571 5635 2631 5691 in
2663 5636 2889 5708 charta,
2923 5638 3024 5696 sed
3052 5652 3154 5710 xm
3180 5650 3333 5697 anno
3351 5634 3496 5697 1060

1844 5726 2054 5769 numer
2132 5726 2168 5769 a
2193 5725 2283 5769 ur.

2132 5725 2283 5770 atur.

2951 5816 2985 5834 ν
3070 5814 3126 5821 η..
