3976 6360
62 427 222 526 ΨΜ

1366 422 1896 524 secussecus
1939 425 1995 522 ιι
2035 417 2202 516 IMP.

3320 423 3484 538 19.9..

60 562 358 640 hactenus
381 563 719 638 venundata
748 563 931 646 misse
962 564 1314 633 audivimus,
1355 582 1471 622 non
1528 564 1720 620 solum
1749 563 1806 632 Α
1904 565 1957 619 4.
1992 565 2134 621 Item
2164 565 2212 622 si
2243 563 2510 635 clericus,
2543 562 2765 622 habens
2795 560 3144 634 beneﬁcium
3173 579 3210 640 a
3237 579 3371 640 rege
3389 541 3486 622 da.

60 645 238 713 illam
286 647 572 712 nefariam
603 655 1094 713 consuetudinem
1147 647 1491 721 admiratur,
1523 669 1726 708 verum

62 743 249 800 etiam
280 748 348 812 ut
375 761 500 802 rem
523 749 636 801 Deo
657 745 1114 816 hominibusque
1137 741 1538 799 detestabilem
1561 759 1726 796 exse-

62 833 594 902 cramur,maxime
618 850 754 890 cum
776 834 1101 890 secundum
1126 832 1462 888 canonicam
1487 831 1728 886 auctori-

63 925 253 996 tatem
285 921 505 978 nullius
538 921 794 979 ecclesia
821 921 1039 994 pradia
1061 920 1148 976 vel
1171 919 1591 994 mancipia,pro
1615 918 1730 974 alia

59 1010 267 1082 aliqua
287 1010 834 1080 vicissitudine,nisi
860 1010 1077 1082 pradia
1096 1026 1200 1082 pro
1227 1007 1719 1081 pradiis,manci-

67 1099 170 1172 pia
201 1116 308 1172 pro
339 1099 672 1173 mancipiis,
707 1117 810 1172 pro
842 1116 1002 1174 aque
1049 1097 1218 1154 bonis
1248 1097 1336 1154 vel
1381 1097 1728 1153 melioribus

65 1188 329 1244 debeant
342 1187 850 1244 mutuari.ldcirco
869 1190 1064 1244 autem
1077 1185 1483 1260 hujuscemodi
1506 1202 1728 1241 morem

66 1279 416 1334 sanctorum
436 1281 674 1332 Patrum
696 1275 1112 1334 traditionibus
1134 1279 1556 1349 repugnantem
1581 1274 1726 1330 ulte-

62 1365 190 1422 rius
219 1365 438 1421 ibidem
468 1365 741 1433 exerceri,
773 1371 973 1421 nostra
1000 1363 1291 1441 imperiali
1323 1367 1608 1438 potestate
1633 1363 1726 1418 in-

61 1452 438 1519 terdicimus,
473 1457 531 1509 et
558 1453 722 1508 vobis
765 1453 984 1525 quibus
1035 1451 1247 1507 harum
1299 1451 1729 1523 provinciarum

63 1542 337 1614 regimen
369 1541 796 1614 commisimus,
843 1542 953 1609 sub
1007 1541 1106 1597 Dei
1164 1544 1490 1618 nostraque
1532 1540 1729 1612 gratia

67 1631 316 1687 obtentu
336 1630 718 1703 imperamus,
749 1635 815 1686 ut
843 1630 1201 1703 ubicunque,
1221 1630 1308 1685 vel
1331 1630 1484 1685 inter
1506 1634 1728 1684 vestros

65 1718 155 1775 vel
184 1717 336 1788 alios
375 1720 642 1792 ejusdem
699 1717 955 1776 ecclesia
1017 1718 1310 1791 mancipia
1358 1718 1441 1773 ita
1493 1717 1730 1782 vendita

65 1807 470 1874 inveniantur,
503 1807 663 1864 illius
721 1807 831 1864 loci
875 1807 1146 1881 episcopo
1194 1811 1386 1863 vestro
1424 1806 1728 1878 juvamine

62 1896 415 1966 reddantur,
448 1912 515 1951 ea
563 1895 786 1952 scilicet
842 1897 1090 1966 ratione,
1125 1900 1191 1952 ut
1245 1896 1556 1969 episcopus
1606 1912 1727 1951 em-

64 1971 222 2064 ptori
258 1989 489 2064 tantum
521 1989 808 2059 quantum
841 2003 946 2058 pro
986 1986 1070 2044 eis
1126 1981 1306 2054 dedit,
1337 1985 1628 2054 restituat,
1670 1989 1726 2039 et

65 2060 188 2146 sua
219 2060 478 2142 ecclesia
501 2073 794 2149 mancipia
815 2074 1074 2148 recipiat.
1110 2074 1210 2128 Sin
1229 2089 1362 2129 vero
1385 2072 1582 2146 aliqua
1603 2089 1728 2146 per-

66 2179 218 2230 sona
247 2161 343 2234 his
373 2178 574 2235 parere
600 2159 871 2232 noluerit,
897 2165 1090 2218 vestra
1110 2161 1423 2233 judiciaria
1443 2165 1726 2236 potestate

64 2267 197 2308 eam
222 2249 577 2324 distringite,
602 2252 787 2306 donec
807 2251 946 2306 huic
968 2256 1165 2308 nostro
1179 2250 1516 2322 justissimo
1538 2250 1725 2307 edicto

64 2337 156 2406 vel
210 2342 410 2396 coacta
439 2338 688 2395 obediat.
727 2340 814 2395 Ad
849 2339 1355 2395 evidentissimum
1411 2339 1607 2410 itaque
1647 2339 1725 2393 si-

67 2445 256 2503 gnum
271 2427 546 2484 omnibus
561 2432 770 2484 nostra
782 2428 1061 2502 imaginis
1083 2429 1324 2501 proponi
1339 2427 1725 2501 pracepimus

69 2517 356 2590 sigillum.

462 2607 544 2676 (L.
580 2607 663 2677 s.)

865 2695 933 2750 II.

464 2800 739 2841 CAPITULA
780 2799 851 2839 DE
890 2799 1203 2842 BENEFICIIS
1233 2784 1330 2854 (2).

627 2873 755 2944 (An.
788 2873 949 2940 1037,
983 2871 1164 2946 Maii.)

144 2961 274 3026 Hac
296 2965 436 3017 sunt
463 2960 716 3036 capitula
737 2978 864 3034 qua
895 2963 909 2996 ¹
943 2961 1240 3016 Conradus
1269 2959 1401 3016 fecit
1421 2961 1480 3016 in
1507 2965 1723 3018 Roncao

70 3049 151 3108 lia
177 3053 200 3086 ²
229 3051 305 3107 de
335 3050 652 3107 beneﬁciis.
686 3050 1001 3107 Constituit
1031 3048 1188 3106 enim
1220 3053 1304 3105 ut.

140 3141 191 3196 1.
224 3140 284 3196 Si
307 3143 442 3212 post
463 3143 708 3196 mortem
734 3127 957 3196 domini
985 3138 1274 3195 vassallus
1302 3137 1387 3194 vel
1417 3143 1548 3212 post
1567 3154 1720 3194 mor-

66 3233 184 3286 tem
216 3227 456 3286 vasealli
488 3227 729 3284 heredes
749 3229 878 3300 ejus
899 3245 1003 3300 per
1021 3245 1244 3283 annum
1276 3231 1334 3282 et
1361 3228 1516 3283 diem
1549 3231 1720 3283 stete-

1759 1936 1807 2002 B

1835 657 1962 709 tum
1993 671 2109 710 non
2139 654 2328 710 solum
2351 659 2612 728 persona
2634 655 2733 711 sed
2751 655 3006 710 ecclesia
3028 652 3496 726 datum5,ip'su'm‘
3567 644 3573 649 ’

1838 744 1976 814 per"
2007 760 2176 799 suam
2209 743 2443 816 culpam
2474 744 2742 817 perdat“,
2766 744 2991 800 vivente
3022 760 3091 800 eo
3119 743 3182 798 et'
3199 741 3488 822 honorem

1836 831 2298 888 ecclesiasticum
2331 833 2602 899 habente,
2637 830 2707 889 ad
2733 829 2927 905 regem
2987 832 3292 908 pertineat,
3353 835 3496 906 post

1837 925 2086 976 mortem
2116 937 2258 978 vero.
2283 923 2411 993 ejus
2443 924 2513 977 ad
2544 938 2942 978 successorem
2974 920 3314 994 revertatur.
3355 920 3381 926 ”
3416 922 3420 926 ’

2240 1116 2492 1157 EDICTUM
2542 1117 2612 1156 DE
2627 1029 2979 1157 “densamus
3011 1101 3108 1173 (5).

2370 1188 2502 1260 (An.
2536 1189 2695 1254 4037,
2733 1190 2846 1246 Mai
2876 1190 2991 1258 28.)

1909 1276 1973 1331 In
1997 1277 2232 1333 nomine
2253 1283 2466 1334 sancta
2482 1279 2570 1334 “et
2593 1279 2906 1334 individua
2929 1279 3493 1349 Trinitatis,Chuon-

1839 1365 2014 1421 radus
2031 1366 2125 1421 Dei
2146 1367 2390 1438 gratia'0
2412 1367 3142 1441 Romanorumimperator
3162 1369 3486 1448 Augustus,

1839 1452 2124 1510 Omnibus
2164 1458 2376 1510 sancta
2409 1454 2506 1510 Dei
2539 1456 2804 1512 Ecclesia
2826 1456 3161 1530 nostrisque
3192 1450 3486 1527 ﬁdelibus.

1839 1543 2226 1616 prasentibus
2247 1544 2286 1578 ¹¹
2321 1544 2542 1600 scilicet
2572 1549 2628 1600 et
2658 1544 2898 1619 futuris,
2929 1549 3134 1602 notum
3165 1559 3293 1603 esse
3323 1543 3486 1623 volu-

1839 1648 1993 1699 mus,
2027 1631 2180 1705 quod
2203 1649 2308 1688 nos
2336 1633 2407 1688 ad
2440 1633 2899 1690 reconciliandos
2926 1634 3157 1691 animos
3187 1635 3486 1708 seniorum

1838 1724 1895 1774 et
1922 1719 2198 1788 militum,
2233 1724 2297 1776 ut
2353 1721 2423 1776 ad
2465 1721 2712 1778 invicem
2764 1739 2997 1795 semper
3025 1723 3069 1758 ¹²
3117 1720 3490 1792 inveniantur

1837 1809 2170 1877 concordes,
2205 1813 2261 1864 et
2290 1811 2356 1864 ut
2385 1809 2635 1866 ﬁdeliter
2662 1813 2716 1866 et
2747 1814 3184 1882 perseveranter
3215 1812 3384 1882 nobis
3432 1799 3491 1870 et

1838 1896 1964 1952 suis
1990 1897 2317 1954 senioribus
2349 1897 2603 1954 serviant
2633 1898 2856 1968 devote,
2889 1897 3262 1976 pracipimus
3301 1896 3363 1957 et
3391 1899 3491 1957 nr;-

1837 1985 2010 2041 miter
2022 1986 2359 2056 statuimus,
2377 1991 2441 2042 ut
2462 1985 2661 2043 nullus
2687 1987 2856 2044 miles
2883 1987 3493 2062 episcoporum,abba-

1835 2082 1984 2142 tum,
2020 2075 2480 2144 abbatissarum,
2513 2080 2613 2131 aut
2643 2076 3052 2134 marchionum
3074 2078 3166 2134 vel
3185 2063 3488 2149 comitum,

1831 2162 1920 2218 vel
1955 2163 2220 2218 omnium
2254 2164 2352 2235 qui
2388 2163 2734 2220 beneﬁcium
2762 2165 2834 2222 de
2864 2165 3082 2222 nostris
3105 2166 3492 2239 publici'bo-

1832 2252 1924 2306 nis
1958 2253 1998 2286 13
2030 2256 2130 2307 aut
2159 2253 2229 2308 de
2259 2252 2638 2308 ecclesiarum
2672 2254 2909 2326 pradiis
2932 2255 2976 2288 ¹⁴
3003 2271 3158 2312 nunc
3202 2251 3362 2313 tenet
3390 2256 3496 2313 aut

1833 2341 2086 2396 tenuerit
2121 2340 2206 2397 vel
2264 2341 2550 2396 hactenus
2595 2340 2815 2412 injuste
2862 2343 3203 2415 perdidlt",
3247 2342 3377 2401 tam
3424 2345 3496 2401 de

1833 2429 2050 2484 nostris
2078 2429 2402 2500 majoribus
2423 2429 2882 2486 walvassoribus
2905 2432 2968 2500 ιδ,
2995 2449 3172 2503 quam
3195 2437 3253 2488 et
3282 2419 3490 2489 eorum

1835 2517 2142 2583 militibus,
2167 2517 2292 2573 sine
2323 2522 2484 2572 certa
2507 2523 2564 2572 et
2595 2516 2856 2573 convicta
2877 2517 3049 2591 culpa
3071 2536 3248 2575 suum
3274 2505 3493 2596 beneﬁ-

1832 2607 1989 2662 cium
2022 2607 2246 2679 perdat,
2274 2605 2388 2661 nisi
2411 2606 2736 2662 secuudum
2769 2605 3246 2664 constitutionem
3269 2593 3311 2644 ίθ
3333 2593 3490 2666 ante-

1833 2710 2130 2752 cessorum
2154 2698 2488 2750 nostrorum
2512 2698 2568 2749 et
2581 2693 2874 2765 judicium
2898 2695 2939 2730 ¹⁸
2963 2696 3193 2768 parium
3216 2713 3480 2754 suorum.

1833 2784 1890 2840 Si
1916 2785 1958 2819 ¹⁹
1979 2783 2271 2856 contentio
2297 2783 2474 2839 fuerit
2503 2783 2732 2860 liointer
2779 2783 3035 2842 seniores
3065 2788 3122 2842 et
3169 2784 3386 2860 milites
3415 2788 3479 2854 ¹¹,

1832 2873 2100 2946 quamvis
2132 2889 2300 2944 pares
2331 2870 2796 2943 adjudicaveriut
2823 2870 2992 2928 illum
3032 2890 3140 2930 suo
3199 2875 3482 2946 beneﬁcio

1831 2977 2027 3016 carere
2052 2960 2282 3026 debere,
2317 2959 2366 3014 si
2390 2958 2488 3014 ille
2529 2959 2739 3015 dixerit
2766 2958 2875 3015 hoc
2932 2959 3152 3032 injuste
3207 2961 3296 3018 vel
3351 2962 3484 3019 odio

1830 3049 2050 3105 factum
2082 3064 2230 3118 esse,
2264 3048 2390 3121 ipse
2420 3066 2596 3104 suum
2637 3048 3000 3106 beneﬁcium
3023 3051 3249 3118 teneat,
3299 3050 3483 3108 donec

1831 3139 2027 3194 senior
2050 3142 2107 3193 et
2126 3138 2170 3172 ²²
2191 3137 2286 3192 ille
2307 3154 2480 3210 quem
2513 3137 2734 3209 culpat,
2756 3153 2891 3194 cum
2918 3138 3161 3211 paribus
3191 3139 3317 3198 suis
3347 3144 3483 3206 ante

1830 3226 2200 3300 praesentiam
2234 3231 2496 3282 nostram
2526 3225 2780 3292 veniant,
2813 3230 2871 3282 et
2897 3225 2942 3261 ³³
2973 3227 3050 3282 ibi
3101 3245 3280 3286 causa
3320 3229 3484 3301 justo

65 3317 201 3387 rint,
227 3318 383 3392 quod
407 3317 710 3374 dominum
736 3317 824 3374 vel
848 3317 1120 3374 heredem
1144 3318 1194 3388 ej
1204 3333 1273 3393 us
1289 3317 1311 3350 ³
1333 3333 1447 3372 non
1472 3316 1724 3372 adierint
1753 3303 1796 3370 C
1838 3315 2074 3372 ﬁniatur
2093 3317 2155 3370 ²⁴.
2178 3314 2236 3370 Si
2260 3318 2454 3370 autem
2477 3331 2646 3385 pares
2663 3315 2707 3349 ³⁸
2728 3314 2946 3385 culpati
2967 3313 3028 3369 in
3041 3316 3267 3387 judicio
3285 3317 3484 3380 senio-

65 3399 414 3464 ﬁdelitatem
447 3404 794 3479 pollicendo,
830 3405 879 3461 si
904 3405 1018 3461 tale
1055 3405 1134 3461 sit
1161 3404 1532 3472 beneﬁcium,
1566 3410 1631 3460 ut
1660 3406 1723 3460 ﬁ-

63 3494 277 3552 delitas
307 3496 640 3567 prastanda
661 3495 739 3551 sit
760 3494 1168 3550 investituram
1187 3495 1488 3566 petendo‘,
1526 3494 1718 3566 ipsum

66 3584 272 3658 perdat
304 3585 403 3656 (3).

135 3676 192 3728 2.
227 3671 504 3728 Utliceat
548 3673 805 3728 dominis
863 3689 1065 3728 omnes
1122 3671 1505 3728 alionationes
1564 3672 1720 3728 l‘eudi

68 3761 274 3829 factas,
304 3759 470 3818 nulla
498 3762 767 3819 obstante
798 3760 1254 3834 praescriptione,
1288 3777 1575 3817 revocare.

139 3851 192 3905 3.
228 3849 513 3906 Simlliter
540 3850 600 3906 in
629 3850 968 3906 ostandiciis
999 3851 1020 3885 ⁸
1050 3849 1316 3923 petendis
1349 3850 1446 3923 (4).

1833 3405 1998 3461 ribus
2019 3406 2062 3440 ²⁶
2102 3403 2441 3468 defecerint,
2491 3401 2590 3457 ille
2618 3402 2718 3474 qui
2750 3401 3025 3474 culpatur
3054 3411 3229 3460 suum
3261 3405 3481 3482 beneﬁ-

1829 3494 1984 3550 cium
2015 3495 2228 3559 teneat,
2278 3492 2459 3546 donec
2491 3491 2614 3563 ipse
2643 3507 2777 3546 cum
2818 3507 2926 3547 suo
2957 3493 3185 3549 seniore
3213 3498 3272 3550 et
3327 3491 3483 3567 pari-

1829 3585 1940 3640 bus
1969 3585 2012 3617 ²⁷
2063 3585 2196 3637 ante
2246 3584 2508 3636 nostram
2556 3579 2928 3652 prasentiam
2975 3581 3231 3636 veniant.
3279 3581 3484 3638 Senior

1830 3676 2028 3730 autem
2055 3671 2098 3705 ’⁸
2129 3673 2230 3724 aut
2259 3667 2428 3724 miles
2459 3668 2558 3740 qui
2586 3667 2878 3742 culpatur,
2911 3669 3012 3741 qui
3040 3670 3125 3724 ad”
3145 3661 3252 3726 nos
3280 3667 3481 3748 ‘venire

1831 3759 2166 3825 decreverit,
2195 3775 2295 3814 sex
2320 3757 2721 3813 hebdomadas
2744 3761 3061 3830 antequam
3092 3759 3202 3815 iter
3218 3757 3478 3832 incipiat,

1831 3851 1882 3905 ei
1923 3866 2058 3905 cum
2089 3864 2204 3920 quo
2235 3846 2548 3919 litigaverit
2575 3847 2619 3882 ²⁹
2658 3845 2984 3904 innotescat
3029 3849 3094 3903 ³ο.
3141 3847 3260 3920 Hoc
3286 3845 3480 3918 autem

1409 3947 1646 4002 VARM‘J
1688 3947 2092 4004 LECTIONES.

145 4037 160 4070 ¹
192 4053 435 4117 que_re_x_
465 4038 712 4117 coradus
741 4039 794 4117 5_.
829 4038 910 4117 Εέί
939 4038 1140 4117 Spang.
1177 4038 1207 4117 ι’
1237 4036 1432 4117 ictalia
1471 4053 1612 4094 corr.
1646 4037 1908 4117 runcalia
1935 4035 2258 4117 5.]ᾒάςῑςδεςιἱ
2283 4037 2335 4088 2.
2359 4035 2406 4117 n‘
2437 4033 2474 4089 i.

1622 4125 1680 4180 p.
1713 4111 1775 4163 Η.
1813 4107 2084 4180 9domini
2126 4109 2185 4180 V.
2221 4108 2314 4160 Vn.
2351 4104 2469 4180 Cas.
2519 4105 2683 4180 ‘f’ch.

71 4105 465 4181 hostandiciis
493 4109 546 4164 6.
593 4109 613 4143 ⁸
643 4109 806 4181 deest.
861 4105 942 4164 5.¹
971 4105 991 4142 '7
1023 4105 1259 4181 propter
1286 4110 1338 4163 6.
1371 4110 1410 4181 κε
1443 4126 1493 4164 v.
1513 4125 1592 4181 eo

2503 4049 2560 4104 p.
2619 4033 2829 4089 desunt.
2859 4035 2912 4088 6.
2965 4034 2986 4068 ³
3015 4033 3398 4091 hostendiciis
3424 4035 3478 4091 5.

2716 4104 3180 4176 gloriosissimus
3212 4105 3355 4176 imp.
3391 4107 3477 4162 Cr.

73 4175 117 4252 ’ξξ
150 4179 270 4252 tam
302 4196 359 4251 p.
394 4196 570 4252 quam
602 4185 657 4235 et
687 4180 726 4234 f.
761 4182 822 4234 L.
859 4181 915 4234 V.
955 4167 1049 4252 Vn‘.
1083 4167 1312 4235 12‘deest.
1351 4180 1436 4234 Cr.
1487 4180 1527 4213 ¹³
1560 4167 1855 4252 ϋέιιθίῑοίἱε
1886 4179 2101 4252 Herold,
2153 4178 2193 4211 ¹⁴
2220 4167 2503 4252 prasidiis
2538 4177 2590 4252 if.
2619 4167 2772 4252 ll.__""
2798 4176 3115 4252 perdiderit
3149 4177 3210 4236 V.’
3241 4167 3331 4252 νῇ
3360 4177 3477 4252 (ἶρις.

76 4249 117 4285 ¹⁶
147 4247 573 4306 walvasoribus
605 4253 701 4307 Cr.
733 4251 1146 4307 vavassoribus
1177 4251 1234 4306 L.
1272 4252 1324 4304 V.
1365 4252 1466 4307 VII.
1501 4251 1878 4306 vavasoribus
1927 4251 2045 4304 Cas.
2101 4247 2517 4304 vassalloribus
2552 4249 2644 4301 Vn.
2681 4248 2720 4280 ¹⁷
2755 4247 3238 4304 consuetudinem
3284 4247 3344 4304 L.
3385 4247 3477 4306 Vn.

86 4323 178 4375 νη.
212 4319 334 4376 Cas.
369 4321 410 4356 ¹⁸
449 4323 472 4392 j

484 4322 721 4377 udicum
755 4323 844 4377 Cr.
915 4323 956 4357 ¹⁰
985 4323 1053 4377 Et
1081 4321 1127 4376 si
1158 4325 1216 4376 L.
1251 4320 1317 4376 V.
1358 4322 1452 4377 Vn.
1489 4322 1606 4376 Cas.
1660 4323 1703 4355 ²⁰
1732 4322 2031 4377 emcrserit
2069 4321 2120 4375 V.
2163 4323 2254 4375 Vn.
2311 4321 2429 4374 Cas.
2480 4320 2516 4352 ²¹
2554 4317 2839 4373 seniorem
2871 4324 2930 4374 et
2958 4319 3292 4375 militem'L.
3333 4321 3383 4378 Υ.
3423 4319 3478 4375 ν.

76 4395 213 4464 Cas.
248 4393 294 4427 ²²
324 4393 381 4448 d.
417 4389 561 4448 suus
593 4394 790 4449 senior
812 4392 902 4448 vel
936 4393 1032 4448 ille
1066 4393 1167 4464 qui
1200 4392 1468 4464 culpatur
1502 4395 1603 4449 VII.
1652 4394 1695 4426 ³³
1725 4399 1780 4448 et
1812 4393 1913 4449 illa
1943 4409 1993 4447 c.
2044 4390 2143 4445 ibi.
2172 4393 2332 4464 juste
2367 4391 2470 4464 VH.
2522 4389 3052 4464 "termineturi(L)
3093 4393 3143 4445 V.
3177 4391 3270 4446 VII
3299 4393 3393 4464 Vn.
3426 4391 3482 4426 ’³⁵

77 4481 132 4570 ﬁ.
167 4479 300 4544 ejus
327 4480 376 4545 ο..
410 4479 473 4519 ιι.
513 4479 564 4520 ν.
607 4479 700 4521 Vn.
734 4479 777 4500 ιο
816 4481 1105 4546 seniorem
1138 4479 1358 4519 ueiuem

147 4533 398 4606 litigant
428 4539 488 4591 L.
529 4536 584 4592 V.
617 4536 723 4592 Νη.
761 4536 881 4592 Cas.
915 4536 960 4572 ⁸⁰
990 4541 1221 4591 intimet
1257 4536 1361 4592 VII.

228 4481 300 4539 us
327 4480 376 4539 c_.
410 4465 473 4519 L.
512 4467 566 4539 K.
606 4467 700 4539 En.
733 4467 798 4539 ’θλ
816 4462 1105 4539 seniorem
1138 4462 1427 4539 defuerint
1454 4467 1515 4520 L.
1548 4466 1590 4498 ³⁷
1620 4466 1738 4520 hac
1764 4465 1960 4521 ultima
1991 4479 2093 4519 v0.2:
2123 4463 2322 4519 codicis
2350 4463 2674 4525 Florentini.
2696 4462 2739 4496 ²⁸
2770 4478 2904 4517 vero
2931 4463 2991 4516 L.
3020 4464 3070 4518 V.
3107 4464 3198 4534 ΥΠ
3225 4464 3324 4536 Vn.
3359 4463 3479 4539 Cas.

147 4692 224 4764 (2)
256 4692 558 4765 Habentur
586 4693 645 4748 in
677 4694 844 4750 libris
879 4695 1210 4751 Feudorum
1239 4693 1280 4748 l.
1306 4711 1368 4761 ιι,
1392 4710 1442 4748 c.
1467 4605 2106 4765 40,co:?gmﬁirtana,
2138 4693 2313 4759 mbr.,
2345 4692 2405 4746 in
2440 4691 2560 4760 ἰοὶ,
2593 4709 2723 4748 sac.
2756 4708 2852 4748 xxv
2881 4691 3148 4756 habetur,
3206 4691 3483 4765 proponi-

749 4783 882 4821 uem
917 4766 1052 4821 inde
1110 4766 1429 4821 discretum
1465 4764 1545 4820 in’
1574 4764 1729 4820 notis

79 4834 259 4908 textui
283 4836 566 4908 subjectis
595 4834 958 4893 exhibemus.
980 4837 1245 4908 Capitula
1266 4853 1334 4890 ex
1351 4836 1729 4908 inscriptione

78 4904 234 4962 tituli
275 4907 347 4960 ad
377 4904 794 4976 Chuonradum
811 4909 859 4963 ll
876 4904 1197 4976 referenda,
1214 4923 1414 4962 mense
1427 4904 1576 4962 Maio
1591 4907 1729 4962 anni

81 4978 381 5051 1037,0um
403 4975 749 5051 imperator,
771 4977 1066 5051 episcopis
1098 4975 1464 5051 Vercellensi,
1498 4981 1728 5033 Cremo-

83 5049 252 5130 nensi
299 5053 359 5130 et
401 5048 738 5130 Placentino
795 5048 1488 5130 captis,__enpeditionem
1517 5053 1732 5130 contra

82 5118 447 5189 Heribertum
478 5118 980 5196 archiepiscopum
1005 5118 1494 5196 Mediolanensem
1510 5118 1733 5196 instau-

83 5196 338 5266 raturus,
363 5191 695 5266 exercitum
713 5191 1113 5266 congregaret,
1132 5191 1482 5266 _in__campis_
1508 5191 1730 5246 Rouca-

82 5260 583 5343 liampr‘omulgatn.
600 5264 804 5343 fuisse,
1018 5260 1287 5343 absimiie
1307 5260 1486 5343 videri
1517 5266 1728 5343 potest.

42 5390 44 5394 τ
153 5334 396 5388 Textum
428 5333 619 5406 qualis
645 5335 702 5389 in
736 5335 996 5406 codice2)
1029 5333 1284 5406 Haleﬁnsi,
1305 5335 1486 5406 mbr.,
1522 5333 1729 5406 infol.,

86 5406 358 5477 sac._x1v,
387 5403 616 5461 collatis
633 5408 690 5477 5)
714 5403 1100 5477 Gottinge'nsi,
1125 5405 1264 5460 olim
1289 5403 1730 5477 _S_chwa_rziano,

86 5473 145 5530 in
176 5474 296 5544 fol.,
329 5473 464 5532 sae.
494 5494 609 5548 xxv,
643 5473 701 5534 et
730 5479 787 5547 0)
818 5473 1180 5536 bibliotheca
1205 5474 1453 5548 publica
1486 5475 1734 5530 Franco-

80 4763 368 4820 mentario
394 4763 676 4832 involuta,

144 5581 220 5642 (a)
245 5581 417 5635 1βάἰο
444 5582 546 5634 XII
573 5583 846 5634 denarium
876 5585 934 5644 2;
967 5582 1135 5644 medio
1162 5581 1262 5632 XII
1289 5580 1407 5644 den.
1437 5583 1483 5638 5,
1506 5581 1667 5644 αλια
1688 5583 1737 5629 et

85 5644 125 5706 Ἰγ
143 5645 188 5692 ει
217 5649 243 5692 8
273 5645 451 5706 legere
481 5646 748 5698 videntur.
771 5647 842 5694 De
868 5642 1146 5706 medi'o'lan.
1166 5644 1260 5693 ,ΧΗ
1283 5643 1345 5691 de
1381 5642 1613 5706 ramalia
1635 5645 1736 5706 ter-

89 5705 210 5753 tiam
230 5704 395 5757 editio
430 5711 450 5756 1
485 5708 628 5772 apud
658 5709 692 5759 S
733 5721 883 5771 rang.
919 5709 995 5757 De
1025 5705 1195 5756 modio
1224 5706 1326 5755 XII
1355 5704 1535 5754 denar.
1566 5705 1733 5754 Rehd.

89 5779 169 5821 ID.
199 5768 296 5821 Su:
320 5767 397 5819 De
425 5771 578 5821 modo
605 5723 728 5821 XII)
726 5771 965 5821 denarios
1012 5770 1076 5820 ed
1106 5769 1331 5821 Surena.
1363 5796 1422 5806 —-
1461 5768 1733 5820 Sententia

87 5779 169 5832 ap.
199 5768 296 5833 Sp:
320 5767 397 5819 De
425 5767 578 5822 modo
605 5767 712 5821 XII
726 5767 965 5822 denarios
1012 5770 1076 5820 ed
1106 5769 1331 5832 Sprang.
1363 5796 1422 5806 —-
1461 5768 1740 5820 Sententia

1841 4782 1993 4821 mus.
2847 4802 2850 4804 -

1910 4837 1984 4914 (3_)_
2016 4834 2176 4914 Sicut
2204 4837 2262 4914 et
2289 4832 2615 4914 antiquitus
2647 4835 3007 4914 consuetudo
3059 4833 3191 4904 fuit,
3224 4834 3325 4891 sed
3366 4850 3481 4890 non

1838 4904 2381 4963 Mediolanensium.
2414 4904 2697 4960 Praterea
2728 4911 2794 4960 ut
2820 4906 2983 4962 Feud.

1910 4979 1984 5048 (4)
2017 4976 2349 5050 ostandicie
2378 4975 2654 5050 dicuntur
2683 4977 3040 5048 adjutorium
3073 4977 3230 5050 quod
3260 4975 3484 5050 faciunt

1839 5045 2117 5131 Romanis
2150 5064 2282 5128 cum
2317 5063 2451 5118 rege
2476 5045 2535 5132 in
2565 5045 2815 5132 hostem‘
2833 5045 3227 5132 pergentibus.
3246 5047 3484 5132 vassalli

1883 5120 1940 5174 ui
1967 5136 2102 5192 cum
2122 5119 2230 5192 eis
2273 5117 2409 5192 non’
2430 5117 2668 5192 vadunt,
2701 5117 2861 5192 verbi
2891 5117 3081 5192 gratia
3111 5121 3168 5176 in
3204 5119 3486 5192 Lombar-

1883 5137 1940 5174 ιιι
1967 5137 2102 5174 cum
2134 5137 2218 5173 eis
2273 5137 2385 5173 non
2430 5137 2668 5182 vadunt,
2701 5137 2861 5174 verm
2891 5137 3081 5192 gratia
3111 5137 3168 5176 ιη
3204 5137 3483 5177 Lomnar-

1840 5137 1938 5246 dia
1966 5191 2038 5246 de
2085 5188 2410 5244 Mediolano
2439 5188 2514 5259 (a)
2571 5188 2983 5246 duodecimum
3044 5191 3373 5259 denarium,
3422 5191 3483 5246 in

1840 5261 2156 5342 Teutonica
2195 5261 2441 5342 tertiam.
2485 5262 2706 5342 parntem
2758 5260 3056 5342 fructuum
3111 5262 3484 5320 solummodo

1842 5335 1970 5405 ejus
2002 5331 2140 5387 anni
2171 5347 2285 5412 quo
2316 5330 2544 5412 hostem
2576 5330 2815 5386 faciunt.
2847 5331 3012 5388 Feud.

1913 5404 1989 5476 (5)
2019 5403 2207 5459 Veluti
2238 5418 2550 5474 episcopus
2581 5401 2668 5458 vel
2699 5401 2898 5460 abbas.
2931 5403 3096 5460 Feud.

1844 5596 1957 5633 esse
1988 5580 2213 5636 videtur,
2253 5579 2302 5628 in
2336 5579 2654 5630 Lombardia
2677 5581 3085 5630 Mediolanensis
3114 5581 3489 5634 duodecimum

1844 5644 2143 5696 denarium.
2169 5641 2879 5706 duodecimamifacultatum
2930 5649 3153 5706 partem,
3185 5645 3491 5695 Germanice

1844 5706 1943 5775 den
1974 5705 2214 5775 znvul/‘ten
2234 5704 2456 5775 Pfennig
2487 5705 2710 5764 solvere,
2741 5704 3006 5758 Teutones
3035 5706 3365 5758 solummodo
3389 5710 3492 5759 tero

1843 5770 1975 5820 tiam
2002 5769 2269 5819 fructuum
2301 5769 2446 5817 anui.
