3976 6374
213 404 391 479 inus

1507 408 2042 480 CHUONRADUS
2080 412 2136 478 ΙΙ
2177 409 2341 480 IMP.

3464 408 3639 494 10ιῶ

211 544 670 622 pertinentibus,
701 542 763 603 in
791 542 1058 605 nostrum
1076 544 1563 604 mundiburdium
1584 563 1650 603 ac
1680 545 1874 603 deien-
1897 546 1954 615 Α
1982 546 2174 617 nachi,
2198 548 2249 604 si
2277 547 2599 606 necessitas
2627 545 2873 615 venerit,
2903 504 3178 616 habeant,
3211 544 3480 606 abbatem
3512 546 3623 605 eli-

213 637 450 695 sionem
479 652 550 695 ex
576 636 802 710 integro
832 636 1227 709 suscepimus.
1255 634 1660 708 Praecipientes
1690 635 1872 708 igitur

203 727 497 799 jubemus
524 729 589 782 ut
617 726 817 782 nullus
837 726 1021 798 judex
1051 725 1322 797 publicus
1342 740 1531 796 neque
1560 723 1775 797 aliquis
1801 742 1869 779 ex

204 815 533 889 judiciaria
546 819 829 888 potestate
848 814 1116 871 homines
1145 814 1432 886 praedictae
1446 813 1698 870 ecclesiae
1720 812 1867 869 libe-

211 921 319 962 ros
349 922 450 961 seu
483 903 740 972 colonos,
773 903 909 960 litos
942 907 1044 958 ant
1073 919 1290 971 servos,
1313 902 1372 958 in
1399 901 1593 975 aliquo
1624 903 1864 975 negocio

212 994 568 1067 distringere
616 996 936 1066 presumat,
969 992 1084 1048 nisi
1128 994 1361 1048 tantum
1410 991 1724 1047 advocatus
1753 990 1864 1047 loci

211 1083 776 1155 illius,habeantque
807 1079 1413 1137 sanctimonialesillze
1440 1079 1685 1136 liberam
1709 1084 1864 1152 pote-

215 1175 430 1229 statem
462 1188 566 1244 per
614 1171 1044 1228 successionem
1088 1169 1370 1241 temporis
1416 1168 1567 1224 inter
1622 1185 1684 1224 se
1742 1169 1863 1225 sive

213 1261 458 1319 aliunde
488 1260 848 1317 abbatissam
872 1258 1373 1332 eligendi,nullius
1403 1257 1862 1314 saecularidomi;

212 1350 318 1408 nio
347 1350 642 1421 subjectis,
673 1352 907 1421 excepto
936 1350 1156 1415 nostro,
1191 1347 1291 1419 qui
1337 1362 1539 1403 earum
1570 1346 1857 1414 defensor,

212 1438 333 1496 Deo
362 1440 672 1506 annuente,
705 1453 833 1493 esse
857 1435 1148 1492 volumus.

285 1532 420 1583 Hzec
449 1530 589 1584 sunt
634 1527 836 1600 predia
867 1542 997 1598 quae
1024 1525 1333 1598 pertinent,
1354 1526 1426 1581 ad
1448 1541 1626 1595 supra
1644 1525 1861 1580 dictam

213 1617 522 1675 ecclesiam
544 1615 899 1672 Viscbiki.ln
929 1614 1027 1671 illo
1056 1613 1182 1670 loco
1213 1630 1269 1669 v1
1292 1613 1484 1669 mansi
1508 1612 1883 1685 pleni.Insu-'

209 1723 321 1781 per
350 1706 526 1763 etiam
548 1705 608 1760 in
629 1705 724 1762 his
741 1703 884 1760 locis
908 1704 991 1759 ita
1014 1702 1350 1759 nominatis.
1369 1702 1784 1758 Vuendredesa
1812 1703 1857 1757 l.

207 1794 767 1870 Vuigbaldeshusun
789 1792 1077 1849 numansi
1105 1790 1529 1847 Benneshusun
1552 1808 1570 1846 ι
1591 1807 1856 1846 mansus.
1902 1799 1910 1807 '

209 1884 645 1942 Haddeshusun
675 1900 695 1937 ι
744 1898 1008 1938 mansus.
1059 1879 1481 1936 Tiadanhusun
1527 1896 1545 1934 ι
1590 1895 1854 1935 mansus.

209 1973 639 2032 Hainanhusun
669 1989 711 2027 n
743 1971 955 2026 mansi.
987 1971 1058 2025 Et
1085 1970 1143 2024 in
1175 1968 1306 2025 aliis
1336 1968 1480 2023 locis
1503 1968 1574 2023 ad
1591 1968 1858 2023 ministe-

209 2064 369 2120 rium
391 2061 645 2119 ecclesiaa
666 2059 926 2116 Viscbiki
945 2076 1139 2114 xxvnn
1175 2057 1365 2113 mansi
1404 2057 1463 2112 in
1487 2073 1634 2130 pago
1656 2056 1857 2112 Tilithi

208 2155 273 2210 in
301 2153 580 2210 comitatu
602 2148 942 2206 Herimanni
963 2147 1213 2216 comitis,
1247 2146 1577 2218 iterumque
1617 2145 1674 2200 in
1711 2162 1857 2218 pago

208 2244 484 2302 Merstem
513 2241 573 2296 in
603 2238 881 2295 comitatu
908 2237 1171 2309 ejusdem
1205 2235 1435 2291 comitis
1463 2252 1562 2290 vm
1586 2233 1860 2301 mansi,et

209 2334 271 2390 in
294 2348 443 2405 pago
463 2329 719 2403 Lapinga
744 2342 802 2383 v1
830 2326 1025 2382 mansi
1070 2325 1131 2380 in
1169 2324 1444 2380 comitatu
1487 2321 1764 2389 Dodican,
1797 2323 1855 2378 in

209 2438 363 2497 pago
378 2417 665 2475 \Vestfala
682 2416 741 2471 in
763 2415 1042 2472 comitatu
1062 2413 1314 2470 Heinrici
1362 2412 1594 2469 comitis
1622 2429 1658 2466 x
1686 2415 1744 2467 et
1757 2428 1857 2466 vm

210 2509 428 2575 mansi,
459 2513 518 2565 et
542 2508 605 2562 in
638 2504 916 2562 comitatu
947 2502 1335 2559 Hrodwerkes
1365 2519 1421 2556 v1
1452 2500 1664 2556 mansi.
1699 2501 1766 2555 Et
1795 2500 1855 2555 in

207 2599 350 2656 villa
377 2615 504 2671 quae
526 2599 765 2652 vocatur
783 2592 1215 2663 Hramnesberg
1235 2608 1275 2645 ιι
1307 2588 1857 2657 mansi,Fiahtthor-

208 2705 283 2763 pe
311 2707 331 2744 ι
360 2702 627 2753 mansus,
653 2684 713 2739 in
742 2682 933 2738 Anien
978 2698 1063 2736 nn
1112 2678 1325 2746 mansi,
1359 2681 1416 2734 et
1464 2678 1524 2733 in
1575 2677 1856 2733 comitatu

209 2773 572 2834 Wirinhardi
604 2775 828 2830 curtem
859 2771 1097 2827 nomine
1127 2767 1446 2824 Thuliberh
1480 2785 1514 2823 v
1544 2765 1755 2821 mansi.
1790 2767 1856 2827 In

207 2864 492 2924 Tundirin
518 2879 597 2919 vn
614 2861 823 2917 mansi.
850 2862 910 2915 In
939 2856 1418 2930 Hartingehusun
1439 2854 1578 2910 villa
1605 2855 1852 2927 integra.

204 2958 277 3014 Et
302 2958 366 3012 ut
385 2954 507 3010 haec
527 2954 728 3008 nostra
752 2946 1118 3005 conﬁrmatio
1142 2944 1372 3002 stabilis
1422 2948 1480 2999 et
1517 2942 1857 2999 inconvulsa

207 3041 723 3121 permaneat,hanc
751 3036 937 3094 nostri
969 3034 1233 3110 praecepti
1259 3033 1533 3107 paginam
1565 3032 1701 3088 inde
1725 3048 1857 3087 con-

208 3120 492 3209 scriptam
539 3146 719 3186 manu
767 3127 1004 3201 propria
1057 3125 1397 3180 roborantes
1446 3121 1623 3195 sigilli
1672 3120 1854 3177 nostri

207 3221 593 3298 impressione
622 3216 891 3291 insigniri
917 3214 1234 3287 jussimus.

278 3315 509 3385 Signum
536 3309 723 3366 damni
750 3303 1067 3362 Chuonradi
1095 3302 1182 3375 (L.
1207 3301 1307 3371 M.)

246 3421 310 3460 ιε.

246 3422 310 3460 τε.

209 3422 243 3477 g
281 3488 584 3547 Odalricus
615 3482 996 3542 cancellarius
1025 3481 1146 3535 vice
1190 3477 1462 3533 Aribonis
1502 3476 1854 3549 archioapel-

206 3580 327 3641 lani
358 3574 679 3650 recognovi.

280 3669 427 3726 Data
453 3682 495 3722 ιι
526 3665 587 3721 Id
616 3664 882 3728 Januar.,
914 3657 1229 3714 indictione
1267 3673 1387 3723 VIII,
1420 3671 1571 3710 anno
1602 3653 1857 3708 Domini-

208 3776 289 3816 cm
316 3752 744 3814 Incarnationis
775 3750 936 3814 4052,
971 3763 1123 3803 anno
1154 3750 1351 3801 autem
1392 3743 1592 3799 domni
1621 3743 1850 3798 Chuon-

206 3846 335 3904 radi
365 3843 608 3902 secundi
633 3838 935 3914 regnantis
956 3849 1018 3891 1°.
1053 3838 1257 3890 Actum
1292 3832 1565 3889 Corbeiaa.

1000 3940 1068 3997 Il.

209 4038 524 4099 Chuonradi
551 4037 600 4093 II
624 4032 1108 4108 privilegiumpro
1154 4027 1485 4108 monasterio
1518 4024 1844 4091 Corbez‘ensz’,

599 4098 1197 4181 petente'Trucﬂtmaro
1228 4098 1440 4153 abbate.

820 4195 1009 4261 (Anno
1040 4188 1223 4259 1025.)

700 4285 980 4356 [ΕΒΗΑΒΒ,
1013 4279 1112 4335 ubi
1138 4275 1351 4349 supra]

272 4379 335 4435 Ο.
388 4379 450 4433 ln
502 4373 737 4431 nomine
785 4373 999 4426 sanctae
1049 4371 1108 4423 et
1155 4364 1467 4419 individua:
1518 4360 1842 4428 Trinitatis,

203 4466 606 4533 Chuonradus,
635 4461 835 4518 divina
858 4459 1083 4514 favente
1123 4452 1452 4519 clementia,
1477 4466 1595 4508 rex.

268 4555 484 4614 Notum
515 4554 591 4610 sit
646 4548 919 4608 omnibus
962 4543 1178 4601 Christi
1237 4541 1535 4611 nostrique
1574 4538 1845 4594 ﬁdelibus

1978 637 2152 710 gendi
2183 639 2254 694 de
2285 638 2563 694 fratribus
2594 638 2738 705 suis,
2762 641 2819 694 et
2846 641 2913 693 ut
2940 636 3142 693 nullus
3189 636 3499 711 episcopus
3529 639 3632 708 aut

1968 727 2156 798 judex
2176 727 2447 800 publicus
2467 727 2552 783 vel
2596 727 2845 800 quilibet
2889 744 2958 783 ex
2973 725 3292 799 judiciaria
3319 729 3625 798 potestate,

1978 815 2093 871 nisi
2115 816 2276 872 solus
2306 815 2468 871 illius
2489 815 2600 871 loci
2630 815 2890 888 provisor
2918 818 2976 871 et
3011 815 3327 871 advocatus
3358 813 3620 887 praedicti

1976 904 2415 973 monasterii,in
2435 903 2710 960 ecclesias
2741 908 2842 960 aut
2868 903 2994 960 loca
3019 902 3109 960 vel
3141 918 3312 976 agros
3343 919 3444 973 seu
3475 901 3619 959 reli-

1974 1010 2123 1066 quas
2145 993 2546 1067 possessiones
2566 992 2785 1065 praefati
2808 991 3144 1049 monasterii
3166 1009 3314 1064 quas
3336 992 3617 1049 moderno

1972 1087 2233 1156 tempore
2241 1085 2402 1155 juste
2421 1087 2479 1139 et
2495 1081 2918 1138 rationabiliter
2948 1081 3249 1154 possidere
3264 1081 3511 1148 videtur,
3543 1081 3618 1136 ad

1969 1187 2180 1229 causas
2203 1171 2525 1227 audiendas
2552 1170 2641 1226 vel
2672 1171 2836 1226 freda
2854 1169 3135 1243 exigenda
3155 1173 3254 1226 aut
3282 1169 3619 1227 mansiones

1969 1260 2056 1316 vel
2079 1267 2311 1333 paratas
2331 1260 2626 1317 faciendas
2656 1263 2757 1316 aut
2777 1260 3151 1331 fidejussores
3174 1258 3483 1327 tollendos,
3515 1262 3619 1315 aut

1970 1349 2121 1406 ullas
2150 1348 2571 1405 redhibitiones
2615 1347 2704 1404 vel
2752 1347 2987 1404 illicitas
3036 1348 3371 1405 occasiones
3420 1346 3613 1420 requi-

1968 1438 2310 1507 rendas,aut
2329 1437 2596 1493 homines
2617 1436 2805 1509 ipsius
2822 1435 3161 1492 monasterii
3182 1440 3303 1493 tam
3326 1436 3616 1509 ingenuos

1969 1545 2148 1602 quam
2177 1531 2236 1583 et
2263 1544 2458 1583 servos
2488 1525 2575 1581 vel
2599 1525 2735 1581 litos
2773 1525 2993 1597 injuste
3021 1525 3460 1598 distringendos
3491 1525 3613 1583 ullo

1970 1633 2233 1690 unquam
2255 1620 2514 1688 tempore
2534 1614 2746 1670 audeat
2773 1613 3020 1686 ingredi,
3052 1612 3141 1670 vel
3182 1630 3250 1670 ea
3277 1631 3406 1686 quea
3433 1631 3615 1687 supra

1971 1710 2290 1763 memorata
2319 1709 2459 1761 sunt
2473 1704 2706 1777 penitus
2736 1703 2964 1777 exigere
2985 1706 3087 1758 aut
3123 1703 3363 1760 actitare
3390 1720 3612 1777 praesu-

1968 1799 2108 1852 mat.
2139 1796 2250 1851 Sed
2282 1798 2338 1851 et
2367 1794 2437 1849 de
2458 1792 2829 1848 dominicatis
2854 1791 3079 1847 mansis
3101 1790 3191 1848 vel
3221 1808 3377 1848 nunc
3396 1791 3614 1849 habitis

1965 1885 2054 1942 vel
2081 1888 2214 1957 post
2238 1882 2631 1956 acquirendis,
2657 1899 2691 1936 a
2744 1880 3056 1936 reddendis
3104 1880 3351 1939 decimis
3375 1882 3612 1954 plenam

1967 1976 2122 2030 idem
2155 1971 2574 2029 monasterium
2619 1969 2830 2026 habeat
2869 1969 3325 2040 immunitatem,
3357 1974 3434 2039 et,
3462 1970 3615 2028 sicut

1967 2064 2255 2119 hactenus
2287 2061 2486 2129 fuit,ut
2515 2060 2727 2115 dentur
2758 2058 2829 2114 ad
2850 2061 3081 2131 portam
3102 2058 3162 2115 in
3181 2059 3612 2133 susceptionem

1966 2152 2265 2225 hospitum
2296 2154 2353 2207 et
2363 2147 2890 2223 peregrinorum,in
2904 2146 3267 2220 quibuslibet
3281 2149 3610 2222 episcopiis,

1967 2242 2133 2316 pagis
2160 2240 2250 2297 vel
2282 2237 2613 2305 territoriis,
2643 2236 2732 2293 vel
2761 2236 3040 2293 omnibus
3071 2253 3197 2309 quea
3224 2236 3456 2295 ibidem
3478 2255 3612 2311 pro-

1965 2335 2094 2404 pter
2113 2330 2377 2386 divinum
2399 2342 2659 2383 amorem
2677 2330 2735 2382 et
2763 2324 2923 2382 illius
2955 2325 3140 2381 sancti
3157 2324 3268 2381 loci
3287 2327 3610 2384 veneratio-

1964 2437 2099 2476 nem
2120 2417 2330 2475 collata
2355 2415 2593 2484 fuerint,
2624 2418 2691 2469 ut
2718 2414 2890 2469 liceat
2933 2413 3153 2469 ibidem
3179 2415 3296 2470 Deo
3323 2415 3612 2472 famulan-

1962 2508 2121 2564 tibus
2142 2506 2251 2563 sub
2274 2508 2484 2561 nostrae
2507 2502 2900 2560 immunitatis
2930 2501 3177 2558 tuitione
3198 2503 3392 2575 quieto
3405 2504 3609 2561 ordine

1960 2598 2150 2653 vivere
2203 2611 2268 2651 ac
2317 2594 2592 2661 residere,
2625 2595 2683 2647 et
2729 2590 2942 2647 melius
2990 2589 3123 2647 illos
3172 2590 3407 2649 dilectet
3447 2594 3610 2667 omni

1962 2689 2224 2757 tempore
2256 2697 2361 2755 pro
2390 2680 2558 2737 nobis
2587 2684 2644 2735 et
2672 2679 2921 2751 conjuge
2948 2682 3150 2735 nostra
3179 2682 3353 2752 atque
3384 2681 3611 2738 stabili-

1963 2778 2080 2830 tate
2102 2772 2265 2846 regni
2287 2788 2321 2826 a
2333 2775 2446 2826 Deo
2463 2769 2633 2825 nobis
2646 2767 2861 2835 collati,
2895 2767 3129 2824 Domini
3148 2767 3612 2829 misericordiam

1964 2862 2246 2920 attentius
2275 2876 2529 2916 exorare.
2564 2860 2810 2929 Insuper
2837 2856 3015 2913 etiam
3055 2856 3312 2914 decimas
3341 2858 3432 2915 vel
3453 2859 3610 2919 deci-

1964 2951 2149 3008 males
2178 2949 2456 3007 ecclesias
2486 2948 2548 3002 in
2580 2946 2913 3019 quibusque
2931 2944 3245 3018 episcopiis
3265 2946 3347 3003 ita
3372 2951 3611 3005 teneant

1965 3048 2140 3115 atque
2170 3041 2502 3112 diSponant,
2537 3036 2691 3092 sicut
2721 3036 2830 3091 sub
2862 3035 3335 3111 antecessoribus
3390 3038 3609 3111 nostris

1964 3132 2199 3205 regibus
2228 3127 2496 3184 videlicet
2524 3130 2582 3182 et
2626 3124 3080 3197 imperatoribus
3103 3129 3302 3181 tenere
3332 3142 3435 3197 per
3461 3143 3607 3199 prae-

1966 3225 2133 3294 cepta
2178 3217 2287 3274 visi
2346 3219 2487 3272 sunt
2543 3218 2717 3285 atque
2774 3213 3102 3284 disponere.
3136 3213 3438 3286 Episcopis
3479 3232 3612 3275 vero

1356 3300 1736 3369 gloriosz‘ssz'mi
1763 3315 1852 3354 re-

1968 3283 2184 3385 quibus
2213 3305 2516 3364 servitium
2547 3308 2604 3359 et
2622 3283 3067 3356 mansionatica
3113 3283 3327 3357 debent
3342 3283 3617 3376 tempore

1966 3398 2244 3456 circuitus
2276 3393 2390 3459 sui,
2424 3391 2749 3448 secundum
2776 3388 2996 3461 scripta
3024 3388 3409 3463 suavsingulis
3438 3392 3612 3467 annis

1965 3484 2388 3561 persolvant.Et
2420 3485 2483 3535 ut
2511 3480 2633 3535 haec
2664 3476 2980 3533 auctoritas
3009 3477 3405 3534 concessionis
3434 3482 3611 3552 atque

1964 3570 2426 3633 conﬁrmationis
2447 3570 2654 3624 nostrae
2676 3563 2900 3620 ﬁrmior
2911 3563 3194 3619 habeatur
3212 3568 3269 3619 et
3288 3581 3392 3637 per
3411 3566 3609 3624 futura

1961 3668 2225 3734 tempora
2255 3656 2545 3714 acunctis
2606 3652 2878 3709 ﬁdelibus
2924 3655 3143 3707 sancta;
3190 3651 3289 3727 Dei
3316 3652 3605 3729 .Ecclesiae

1962 3752 2298 3821 nostrisque
2327 3742 2711 3819 praesentibus
2740 3744 2797 3796 et
2828 3739 3045 3797 futuris
3094 3739 3308 3797 melius
3337 3742 3609 3800 credatur

1962 3839 2418 3915 diligentiusque
2471 3833 2827 3899 observetur,
2878 3846 3061 3885 manu
3116 3829 3353 3902 prapria
3394 3831 3607 3904 .subter

1961 3948 2091 3989 eam
2122 3925 2487 3985 ﬁrmavimus
2516 3925 2572 3977 et
2602 3918 2779 3992 sigilli
2812 3919 2998 3975 nostri
3044 3917 3430 3991 impressione
3459 3922 3605 3978 assi-

1958 4019 2109 4094 gniri
2134 4015 2448 4090 jussimus.

1935 4074 2257 4179 οοδίρῆιιγη
2285 4102 2471 4159 domm‘
2499 4095 2815 4155 Chuonradi
2842 4097 2926 4168 (L.
2960 4096 3063 4168 M.)
3107 4074 3495 4167 ῃιονίοζςίξςέίὴιὶ
3519 4115 3605 4157 re-

1996 4215 2064 4254 ιδ.
3442 4229 3451 4234 .

1996 4216 2064 4254 ιδ.
3442 4229 3451 4234 -

1957 4216 1990 4349 ᾳ
2027 4281 2329 4341 Odalricus
2360 4274 2742 4334 cancellarius
2773 4273 2894 4330 vice
2929 4272 3204 4349 Aribonis
3250 4256 3605 4347 archicapel-

1956 4375 2075 4430 lani
2104 4367 2431 4443 recognovi.
2726 4432 2729 4435 ἢ
3390 4392 3393 4393 ν
3528 4422 3531 4429 ι

2025 4464 2173 4520 Data
2198 4477 2255 4515 x1
2286 4456 2436 4524 Ka1.,
2471 4456 2664 4522 Febr.,
2697 4451 3016 4507 indictione
3061 4468 3183 4519 vm,
3233 4469 3386 4509 anno
3417 4454 3612 4516 Domi.

1955 4553 2096 4608 uicae
2124 4543 2546 4604 Incarnationis
2577 4543 2736 4610 1025,
2771 4557 2924 4595 anno
2962 4556 3095 4595 vero
3144 4540 3346 4596 domni
3378 4540 3610 4599 Chuon—

206 4642 588 4720 praesentibus
618 4639 841 4697 scilicet
887 4640 1063 4706 atque
1107 4630 1343 4699 futuris,
1379 4626 1628 4701 qualiter
1673 4643 1843 4720 vene-
1878 4648 1925 4713 Π
1958 4641 2082 4699 radi
2116 4634 2358 4695 secundi
2389 4630 2688 4706 regnantis
2711 4647 2748 4685 ι,

202 4715 399 4792 rabilis
429 4732 611 4789 abbas
639 4727 878 4785 nomine
921 4722 1345 4779 Truchtmarus
1398 4720 1657 4773 nostram
1702 4715 1846 4771 adiit

204 4818 625 4884 excellentiam,
659 4813 1003 4888 suppliciter
1023 4825 1196 4866 orans
1226 4810 1291 4861 ut
1320 4808 1521 4861 nostra
1540 4804 1851 4877 magnifica

205 4907 601 4967 muniﬁcentia
615 4904 1082 4979 prospiceremus
1108 4894 1462 4952 monasterio
1485 4893 1577 4948 cui
1599 4910 1848 4966 praeesse

204 4998 516 5065 videretur,
562 4995 718 5068 quod
776 4996 865 5048 est
923 4988 1322 5046 constructum
1373 4999 1551 5055 super
1604 4981 1846 5037 ﬂuvium

206 5087 433 5145 Wisera
460 5083 659 5141 inloco
690 5081 789 5155 qui
807 5080 1022 5136 dicitur
1049 5077 1207 5132 Nova
1219 5070 1458 5129 Corbeia
1482 5071 1541 5125 in
1567 5070 1848 5126 honorem

209 5176 305 5234 Dei
336 5181 393 5233 et
422 5173 609 5231 sancti
640 5169 920 5244 Stephani
980 5161 1442 5239 protomartyris,
1473 5159 1575 5214 ubi
1611 5163 1669 5214 et
1694 5159 1850 5214 beati

208 5265 316 5321 Viti
349 5263 624 5332 martyris
654 5260 909 5332 pretiosa
961 5256 1205 5329 pignora
1252 5248 1469 5306 servari
1503 5252 1846 5303 noscuntur.

211 5352 384 5425 Cujus
404 5348 671 5424 petitioni
690 5344 1020 5404 rationabili
1042 5344 1281 5416 propter
1309 5336 1567 5392 divinum
1592 5353 1851 5392 amorem

211 5445 265 5497 et
316 5437 747 5497 venerationem
798 5435 1103 5490 beatorum
1161 5431 1485 5500 martyrum
1542 5440 1850 5480 assensum

213 5529 550 5602 praebentes,
609 5526 718 5582 hos
793 5523 988 5595 apices
1045 5517 1377 5575 serenitatis
1435 5518 1644 5569 nostra:
1703 5514 1855 5571 circa

213 5613 854 5691 ipsum‘monasterium
882 5607 1450 5679 ﬁerijussimus,per
1480 5618 1628 5673 quos
1656 5602 1852 5659 decer-

213 5706 405 5764 nimus
426 5707 604 5778 atque
623 5697 1231 5775 jubemus,praecipue
1261 5697 1325 5750 ut
1353 5694 1701 5766 potestatem
1731 5707 1854 5750 mo.

2024 4730 2232 4786 Actum
2263 4722 2520 4780 Goslare.
2790 4808 2809 4863 Ι

2734 4810 2780 4862 ll

2734 4810 2831 4862 ΙΙΙ.

1959 4902 2273 4964 Chuonradi
2303 4902 2349 4955 II
2379 4899 2563 4981 Italia}.
2586 4898 2730 4981 regis
2770 4897 3167 4981 diglqmaaguf
3204 4894 3494 4981 cpnﬁrmat
3509 4897 3607 4969 ju.

2168 4992 2235 5030 ra
2262 4970 2592 5027 monasterio
2630 4968 2862 5025 Luccnai
2890 4968 3078 5024 Sancti
3109 4969 3391 5024 Pontiam”.

2575 5056 2762 5127 (Anno
2794 5058 2981 5126 1025.)

2315 5149 2665 5220 [Munaronn
2699 5146 2880 5217 Arntz'q.
2904 5147 3025 5202 Ital.
3062 5146 3104 5217 Ι,
3137 5146 3252 5219 93.]

2030 5262 2093 5317 In
2128 5256 2361 5313 nomine
2390 5256 2605 5308 sanctas
2631 5254 2687 5305 et
2717 5249 3030 5306 individuus
3059 5250 3611 5320 Trinitatis,CHUON-

1963 5366 2164 5415 RADUS,
2201 5345 2397 5402 divina
2427 5342 2654 5396 favente
2684 5338 3017 5407 clementia,
3048 5357 3167 5409 rex,
3199 5345 3336 5410 etc.,
3358 5338 3612 5413 qualiter

1962 5431 2214 5486 domnus
2242 5420 2588 5480 Ambrosius
2615 5417 2965 5475 venerabilis
2986 5419 3450 5478 abbas‘nostram
3470 5435 3611 5491 sup-

1963 5518 2096 5592 plex
2111 5513 2253 5571 adiit
2275 5508 2702 5577 celsitudinem,
2736 5508 3054 5582 deprecans
3075 5512 3141 5563 ut
3161 5526 3265 5581 pro
3290 5509 3384 5565 Dei
3415 5522 3613 5563 amore

1965 5622 2188 5677 suaque
2221 5597 2647 5673 supplicatione
2677 5597 3099 5653 monasterium
3130 5598 3285 5670 quod
3327 5600 3616 5653 restaura-

1963 5698 2047 5753 vit
2077 5692 2343 5768 quzedam
2374 5691 2644 5745 matrona
2674 5686 2853 5743 Willa
2880 5690 3294 5757 vocata,mater
3321 5702 3457 5743 vero
3489 5686 3612 5745 Hu-
