3976 6378
341 391 512 473 Μ

1701 400 2018 473 MONUM.
2053 400 2385 470 DIP-‘LOM.

3585 397 3787 468 ιωε

341 542 508 637 gonis
536 537 735 618 inclyti
761 539 1249 614 marchionis,pro
1279 559 1387 598 sua
1416 541 1612 598 anima
1635 546 1692 598 et
1720 557 1823 614 pro
1853 538 2250 606 ani--A.mus,
2284 542 2351 593 ut
2378 535 2578 594 nullus
2607 533 2942 606 eor'um,aut
2957 551 3206 593 suorum
3235 532 3550 596 hominum
3579 535 3765 593 dein-:-

342 629 555 686 mabus
576 629 839 708 omnium
870 630 1340 710 Christianorum
1370 631 1776 696 ﬁde‘lium,Deo
1799 631 1990 686 faven-

341 721 420 794 te,
452 717 594 774 foris
619 727 857 774 murum
887 708 1169 776 Lucensis
1218 720 1402 786 urbis,
1437 720 1495 774 in
1545 720 1728 775 honre
1758 723 1987 776 sancto-

343 823 473 886 rum
499 806 892 878 apostolorum
922 807 1175 881 Philippi
1204 812 1261 863 et
1288 809 1509 875 Jacobi,
1534 812 1590 864 et
1618 809 1803 864 sancti
1835 810 1988 864 Pon-

343 895 489 952 tiani
545 895 822 968 martyris
879 896 1116 963 Christi,
1177 898 1345 967 cujus
1402 895 1722 968 gloriosum
1781 914 1989 969 corpus

345 984 563 1064 ibidem
595 985 928 1058 requiescit,
957 989 1066 1040 etc.

418 1073 651 1150 Signum
677 1074 867 1129 damni
899 1073 1222 1129 Chuo-nradi
1249 1075 1390 1145 regis
1417 1075 1784 1129 invictissimi.

416 1165 587 1235 Hugo
616 1160 1000 1218 cance‘llarius
1029 1162 1153 1217 vice
1187 1161 1458 1218 Aribonis
1499 1161 1993 1219 archicancellarii

345 1249 676 1323 recognovi.

421 1338 625 1395 Hiatus
657 1337 842 1410 Sigilli
875 1339 1023 1394 cerei
1054 1337 1358 1410 deperditi.

420 1426 568 1504 Data
595 1439 654 1504 rx
683 1423 977 1480 Kalendas
1009 1424 1166 1491 Maii,
1201 1424 1515 1480 indictione
1544 1442 1663 1494 vru,
1697 1443 1850 1482 anno
1883 1427 1992 1482 Do-

351 1521 577 1582 minicis
630 1522 1056 1597 Inc'arnationis
1115 1522 1276 1588 1025,
1335 1538 1486 1578 anno
1536 1527 1729 1579 autem
1787 1525 1994 1591 Domni

349 1611 683 1671 Ghuonradi
715 1611 962 1668 secundi
993 1610 1293 1687 regnantis
1322 1611 1532 1682 primo.

419 1703 628 1784 Actum
659 1699 830 1756 estin
851 1702 1114 1774 Augusta
1143 1699 1388 1776 civitate.

1121 1805 1214 1862 IV.

356 1895 674 1977 Οῇιέοηταᾴξ
699 1896 744 1977 ᾗ
775 1896 1142 1977 Bantia-norum
1193 1895 1542 1977 imperatoris
1593 1895 1853 1977 diploma,
1902 1915 2004 1977 quo
2033 1904 2081 1970 B
2115 1910 2322 1977 3;;

400 1966 665 2040 "Guidoni
692 1965 744 2022 ΙΙ
768 1965 1023 2039 Farfensi
1052 1964 1258 2040 abbati,
1272 1964 1508 2036 ejusque
1552 1964 1882 2024 monasterio
1912 1964 2004 2026 bo-

424 2055 501 2095 na
529 2037 592 2094 ac
611 2038 746 2110 jura
768 2037 1102 2110 quacunque
1121 2037 1427 2106 conﬁrmat.

981 2124 1168 2195 (Anno
1205 2125 1383 2196 1027.)

562 2213 915 2286 [Hammona
944 2215 1066 2268 Rer.
1100 2213 1202 2268 Ital
1234 2212 1431 2285 Script.
1466 2213 1534 2280 II,
1560 2231 1618 2282 II,
1650 2216 1749 2270 501
1785 2215 1802 2288 1

431 2326 496 2396 In
526 2319 763 2378 nomine
791 2323 1007 2376 sanctae
1038 2321 1095 2375 et
1119 2318 1431 2375 individuus
1461 2320 2010 2389 Trinitatis,Cnuos-

358 2424 550 2485 mnus
579 2408 752 2486 divus
781 2408 1180 2484 Romanorum
1211 2409 1533 2480 imperator
1560 2411 1879 2483 Augustus.

427 2498 757 2572 Comperiat
786 2497 1052 2574 omnium
1083 2496 1325 2576 solertia
1356 2497 1606 2569 qualiter
1635 2499 1821 2554 Guido
1843 2516 2011 2555 vene-

355 2586 558 2665 rabilis
579 2586 760 2643 abbas
788 2584 1384 2663 monasteriiSanctae
1415 2586 1607 2641 Mariae
1631 2587 1686 2642 in
1721 2587 2000 2643 comitatu

353 2675 664 2735 Sabinensi
695 2673 1110 2750 constructi,in
1131 2673 1256 2729 loco
1288 2674 1386 2745 qui
1419 2675 1632 2730 dicitur
1659 2675 2002 2744 Acutianus,

354 2769 618 2844 nostram
635 2763 836 2820 adiens
877 2763 1266 2844 praesentiam,
1291 2763 1546 2818 ostendit
1565 2764 1734 2820 nobis
1775 2770 2004 2820 nostro-

354 2841 936 2927 rum'antecessorum
951 2866 1156 2923 regum
1175 2849 1263 2906 vel
1285 2849 1705 2922 imperatorum
1720 2857 2006 2925 praecepta

357 2942 551 3000 eidem
597 2939 954 3016 monasterio
1003 2939 1180 3006 facta,
1213 2943 1392 3012 atque
1435 2940 1775 3013 suppliciter
1803 2947 2005 3014 postu-

2097 643 2232 698 ceps
2265 628 2555 695 freda,aut
2578 627 2868 682 tributum
2887 627 3082 691 donet,
3103 625 3194 681 vel
3215 625 3772 682 mansionest’aoiat:

2098 715 2296 780 invite,
2329 720 2430 770 aut
2454 716 2770 787 ﬁdejussor
2817 716 2943 770 sine
2971 731 3091 770 suo
3121 713 3268 772 velle
3296 714 3531 782 existat,
3557 717 3660 770 aut
3685 713 3754 769 in

2099 804 2294 876 aliquo
2337 806 2513 860 donet
2538 805 2964 876 portonaticum
3003 808 3108 859 aut
3136 802 3468 875 ripaticum,
3496 801 3591 858 vel
3615 802 3762 858 her-'-

2098 893 2378 958 baticum,
2411 898 2513 949 aut
2543 892 2964 965 glandaticum,
2995 891 3084 947 vel
3130 891 3596 964 pontonaticum,
3629 895 3756 946 tam

2099 982 2172 1037 de
2201 982 2504 1037 monachis
2535 997 2714 1056 quam
2734 980 3284 1053 clericis,quamque
3309 982 3381 1046 de
3410 980 3770 1036 hominibus:

2099 1087 2276 1142 super
2303 1074 2490 1126 terras
2512 1087 2713 1126 eorum
2736 1070 3273 1137 residentibus,tam
3288 1068 3758 1142 ingenuisquam

2099 1159 2424 1228 libellariis,
2457 1175 2634 1231 quam
2665 1163 2724 1214 et
2751 1159 2954 1215 servis.
2985 1161 3066 1214 Ac
3104 1175 3203 1214 eos
3248 1158 3363 1214 sub
3407 1162 3609 1224 nostra
3635 1158 3758 1214 tui-

2100 1247 2260 1304 tione
2289 1248 3036 1320 recipimus.Praecipientes
3069 1247 3502 1320 ergojubemus
3535 1249 3600 1302 ut
3629 1245 3768 1302 nul»

2102 1336 2196 1393 lus
2225 1337 2363 1402 dux,
2396 1337 2674 1405 marchio,
2695 1337 3266 1409 episcopus,'comes,
3288 1334 3631 1402 vicecomes,
3663 1334 3768 1391 vel-

2103 1425 2319 1497 aliquis
2351 1428 2548 1480 noster
2571 1424 2789 1482 missus
2803 1422 3518 1491 discurrens,sculdasius,
3537 1423 3727 1496 gastal

2105 1515 2258 1580 dius,
2287 1512 2565 1585 nullaque
2593 1513 2776 1570 nostri
2807 1512 3038 1584 imperii
3065 1529 3281 1586 magna
3309 1528 3602 1584 parvaque
3631 1528 3761 1584 per-

2094 1602 2532 1675 'sona,praedicti
2565 1602 2900 1658 monasterii
2926 1601 3015 1658 vel
3037 1601 3357 1658 monachos
3374 1604 3478 1656 aut
3498 1599 3764 1673 aliquem

2108 1691 2340 1748 ﬁdelem
2363 1690 2711 1764 inquietare,
2744 1691 3187 1760 molestare,aut
3206 1691 3280 1746 de
3297 1689 3412 1758 his,
3439 1706 3566 1762 quae
3579 1705 3767 1761 supra

2107 1781 2326 1852 scripta
2351 1783 2506 1847 sunt,
2541 1779 2668 1836 sine
2697 1779 2867 1853 legali
2881 1779 3108 1851 judicio
3131 1777 3404 1834 div‘estire'
3443 1782 3765 1850 presumat

2355 1871 2412 1923 et
2436 1867 2722 1940 quidquid
2753 1867 2825 1923 de
2854 1864 3121 1940 praedicti
3153 1865 3494 1923 monasterii
3528 1882 3762 1938 posses-

2115 1957 2382 2013 sionibus
2411 1957 2586 2013 fiscus
2617 1959 2816 2013 noster
2841 1972 3076 2029 sperare
3122 1955 3398 2027 potuerit,
3430 1958 3624 2013 totum
3655 1971 3766 2014 nos

2115 2062 2218 2118 pro
2249 2049 2473 2101 mternae
2503 2045 2990 2102 remunerationis
3039 2043 3278 2117 pramio
3331 2043 3606 2116 pradicto
3637 2060 3764 2102 mo-

2116 2135 2371 2191 nasterio
2402 2135 2796 2190 concedimus.
2829 2175 2842 2189 .
2881 2175 2893 2188 .
2930 2175 2942 2188 .
2979 2176 2992 2188 .
3029 2135 3048 2188 .’
3077 2176 3091 2189 .
3127 2175 3141 2188 .
3179 2175 3192 2189 .
3639 2177 3642 2181 ,
3673 2177 3675 2179 .
3757 2147 3762 2180 :

2185 2225 2417 2295 Signum
2443 2223 2632 2279 damni
2670 2223 2990 2280 Chuonradi
3033 2223 3375 2280 serenissimi
3418 2222 3765 2293 imperatoris

2113 2313 2367 2381 Augusti.
3713 2355 3716 2359 ,
3735 2349 3737 2352 .
3756 2327 3758 2329 ·

2186 2401 2351 2473 Hugo
2385 2400 2766 2457 cancellarius
2811 2399 2930 2456 vice
2969 2400 3174 2456 domni
3221 2398 3533 2456 Haribonis
3571 2398 3765 2455 archi-

2117 2487 2445 2545 cancellarii
2477 2489 2828 2562 recognovit.
3479 2504 3482 2507 '
3580 2500 3585 2504 ’
3755 2548 3764 2553 -

2188 2578 2334 2634 Data
2364 2596 2396 2632 ν
2426 2577 2663 2634 Kalend.
2698 2578 2913 2644 Martii,
2945 2594 3099 2633 anno
3143 2577 3460 2634 Dominioaa
3490 2579 3766 2634 Incarna-

2109 2666 2286 2728 tionis
2324 2668 2474 2736 1027,
2511 2684 2663 2723 anno
2692 2684 2827 2723 vero
2859 2667 3061 2723 domui
3099 2665 3430 2724 Cbuonradi
3462 2664 3764 2738 regnantis

2111 2756 2305 2824 tertio,
2337 2756 2567 2828 imperii
2597 2771 2831 2827 quoque
2857 2755 3066 2828 primo.
3585 2787 3589 2790 -
3629 2766 3632 2770 '

2183 2846 2388 2900 Actum
2423 2845 2616 2900 Romae
2652 2843 2919 2900 feliciter.

2906 2962 2974 3015 V.

354 3030 508 3090 laus.
545 3070 560 3085 .
599 3071 612 3084 .
646 3069 662 3084 .
697 3069 712 3084 .
749 3069 762 3084 .
793 3066 809 3084 .
845 3028 1051 3084 eadem
1081 3031 1368 3100 praecepta
1397 3033 1602 3084 nostra
1631 3029 1920 3101 imperiali
1942 3048 1987 3086 ac

2135 3050 2435 3107 Thuonradi
2462 3052 2513 3106 II
2538 3050 2710 3106 Italia
2757 3051 2901 3120 regis
2949 3066 3013 3105 ac
3065 3051 3242 3120 primi
3296 3049 3442 3104 inter
3495 3051 3769 3117 Augustos

353 3117 689 3194 praeceptali
745 3117 1090 3190 auctoritate
1144 3118 1650 3173 conﬁrmaremus.
1701 3118 1818 3175 Nos
1873 3135 2008 3174 vero

351 3205 682 3282 ejusjustis
714 3205 1209 3282 postulationibus
1256 3207 1662 3275 asscntientes,
1697 3209 2004 3266 conﬁrma-

352 3295 490 3355 mus
513 3296 639 3370 jam
659 3295 816 3352 dicto
837 3295 1192 3352 monasterio
1216 3295 1500 3368 quidquid
1520 3297 1578 3350 in
1602 3297 2004 3370 superioribus

351 3381 684 3446 continetur
705 3385 1210 3460 praeceptis,prout
1232 3385 1393 3456 juste
1425 3389 1480 3440 et
1510 3384 1773 3458 legaliter
1802 3403 2004 3458 possud

353 3491 507 3546 mus,
539 3471 805 3532 videlicet
834 3473 1120 3547 quidquid
1169 3474 1385 3530 habere
1435 3473 1667 3529 videtur
1707 3475 1767 3530 in
1797 3475 2000 3532 eodem

345 3561 636 3638 territorio
666 3561 1062 3642 Sabinensi,id
1093 3566 1201 3619 est.
1238 3603 1250 3617 .
1287 3605 1300 3617 .
1339 3605 1351 3617 .
1389 3603 1400 3616 .
1441 3562 1522 3617 .in
1551 3563 1831 3619 comitatu
1864 3563 2004 3620 Hor-~

345 3656 504 3710 tano.
543 3661 556 3708 ‘.
593 3693 606 3707 .
644 3693 658 3708 .
690 3690 707 3709 .
745 3692 761 3708 .
797 3696 811 3708 .
833 3651 894 3707 in
925 3652 1207 3708 comitatu
1237 3651 1830 3720 Viturbiensi,cellam
1860 3654 2001 3710 San-

344 3744 448 3799 ctae
479 3739 672 3797 Mariae
695 3739 865 3812 juxta
890 3740 1134 3796 fluvium
1163 3739 1498 3796 Minionem.
1539 3783 1552 3796 .
1590 3782 1602 3796 .
1639 3782 1651 3795 .
1689 3782 1702 3794 .
1723 3741 1784 3796 In
1817 3743 1996 3798 comi-

341 3831 470 3901 tatu
495 3827 834 3901 Spoletano.
871 3869 885 3882 .
923 3870 937 3884 .
973 3871 985 3883 .
1025 3871 1037 3883 .
1075 3870 1087 3882 .
1120 3829 1181 3883 in
1213 3827 1495 3883 comitatu
1539 3829 1783 3885 Assisio.
1821 3871 1834 3884 .
1877 3872 1888 3884 .
1927 3875 1939 3887 .
1979 3875 1991 3887 .

343 3916 404 3972 in
435 3916 716 3972 comitatu
745 3915 1086 3972 Ausimano.
1127 3959 1139 3971 .
1175 3958 1187 3970 .
1227 3957 1238 3969 .
1277 3957 1288 3970 .
1317 3915 1378 3970 in
1407 3916 1686 3972 comitatu
1726 3921 1998 3992 Senogal-

343 4002 537 4060 liensi.
573 4045 588 4060 .
625 4044 640 4077 ._
675 4044 687 4060 .
725 4045 738 4060 .
776 4045 788 4058 .
817 4004 879 4059 in
937 4003 1219 4060 comitatu
1272 4004 1601 4060 Camerino.
1642 4049 1654 4060 .
1690 4049 1702 4061 .
1735 4047 1747 4060 .
1785 4049 1796 4060 .
1835 4049 1848 4062 .
1880 4047 1895 4064 .
1933 4009 1993 4064 in

341 4090 624 4150 comitatu
652 4093 946 4149 Firmano.
981 4135 993 4147 .
1027 4137 1039 4149 .
1079 4135 1090 4147 .
1127 4134 1141 4147 .
1181 4137 1194 4148 .
1230 4135 1242 4147 .
1275 4093 1334 4147 in
1385 4093 1669 4148 comitatu
1708 4096 1992 4154 Asculano

341 4221 362 4240 .
394 4222 412 4258 ,
447 4223 462 4238 .
499 4225 512 4239 .
549 4225 562 4239 .
596 4224 611 4239 .
644 4182 704 4238 in
734 4181 1013 4257 comitatu
1044 4181 1400 4254 Aprutiensi.
1437 4225 1449 4236 .
1489 4225 1501 4236 .
1542 4225 1553 4236 .
1592 4224 1604 4236 .
1641 4225 1652 4236 .
1691 4227 1704 4238 .
1736 4183 1794 4238 in
1820 4187 1994 4241 comi-

338 4274 468 4327 tatu
497 4270 796 4327 Pinnensi.
826 4311 839 4325 .
877 4314 890 4326 .
927 4311 940 4325 .
977 4313 989 4325 .
1020 4310 1036 4326 .
1073 4271 1133 4326 in
1166 4270 1446 4326 comitatu
1497 4269 1787 4329 Balbensi.
1825 4317 1837 4329 .
1875 4318 1886 4329 .
1925 4319 1937 4331 .
1975 4319 1986 4330 .

2184 3130 2518 3194 praeceptum
2555 3137 2657 3193 per
2711 3119 2852 3194 quod
2884 3119 3234 3194 monasterio
3261 3119 3772 3194 sanctimomhlium

2189 3191 2515 3249 Lucensium
2547 3191 2762 3248 Domini
2801 3193 3101 3250 Saluatoris
3149 3193 3333 3248 omnia
3382 3191 3612 3248 illarum
3633 3192 3770 3262 jura

2035 3273 2079 3342 ρ
2189 3280 2252 3320 ac
2273 3265 2570 3336 privilegia
2599 3266 2902 3337 conﬁrmat.

2737 3353 2920 3424 (Anno
2954 3352 3138 3423 l027.)

2270 3443 2621 3514 [Munaroag
2651 3441 2748 3496 ubi
2775 3457 2963 3513 supra,
2993 3441 3180 3512 Antiq.
3220 3439 3347 3496 Ital.
3382 3440 3457 3508 II,
3481 3439 3603 3510 .95.]

2182 3559 2244 3614 In
2275 3557 2510 3614 nomine
2541 3556 2962 3628 omnipotentis
2993 3555 3114 3624 Dei,
3138 3554 3759 3624 Chuonradusgnterni

2109 3663 2353 3703 munere
2381 3645 2719 3718 Largitoris,
2755 3661 2872 3701 rex.

2177 3736 2233 3790 Si
2266 3735 2484 3808 aliquid
2506 3735 2649 3790 locis
2669 3734 2864 3790 divino
2885 3733 3065 3788 cultui
3090 3732 3439 3805 mancipatis
3469 3731 3760 3805 largitatis

2106 3829 2316 3880 nostrae
2339 3840 2580 3880 munere
2601 3820 3071 3888 conferimus,vel
3088 3821 3301 3878 collata
3311 3822 3755 3888 conﬁrmamus,

2104 3913 2175 3970 ad
2201 3917 2423 3968 aeterna:
2455 3911 2860 3968 retributionis
2883 3911 3122 3984 praemia
3152 3909 3320 3966 nobis
3352 3910 3628 3983 prodesse
3657 3925 3758 3966 nee

2103 4019 2402 4074 quaquam
2451 4001 2801 4057 difﬁdimus.
2833 3999 3111 4062 Omnium
3155 3999 3336 4071 igitur
3392 4003 3607 4056 sanctae
3653 3998 3755 4055 Dei

2101 4091 2369 4147 Ecclesiae
2401 4094 2736 4146 nostrorum
2765 4088 3142 4161 praesentium
3193 4093 3368 4159 atque
3419 4088 3752 4143 futurorum

2101 4181 2319 4235 notitiae
2349 4183 2544 4252 pateat
2573 4178 2829 4250 qualiter
2866 4177 3196 4233 interventu
3227 4177 3449 4233 dilectae
3480 4177 3752 4250 conjugis

2100 4273 2309 4324 nostrae
2341 4267 2532 4337 Gislae,
2567 4283 2670 4338 per
2698 4267 2850 4322 hanc
2899 4267 3088 4322 nostri
3128 4265 3400 4338 praecepti
3450 4262 3748 4336 paginam,

339 4359 402 4415 in
435 4359 718 4415 comitatu
749 4358 1094 4415 Marsicano.
1135 4400 1147 4412 .
1185 4399 1198 4412 .
1237 4401 1250 4413 .
1291 4400 1303 4412 .
1339 4402 1351 4414 .
1390 4401 1402 4413 .
1440 4401 1453 4414 .
1491 4400 1543 4414 ..
1581 4361 1734 4418 Infra
1780 4363 1986 4420 urbem
2098 4361 2271 4429 prout
2292 4358 2453 4428 juste
2475 4360 2531 4411 ct
2566 4354 2829 4427 legaliter
2871 4370 3209 4426 possumus,
3239 4353 3662 4410 conﬁrmamus
3691 4357 3750 4408 et

337 4450 592 4504 Romam
614 4445 921 4518 ecclesiam
968 4448 1192 4504 Sanctae
1231 4448 1442 4514 Mariis,
1467 4453 1524 4504 et
1571 4449 1767 4508 Sancti
1802 4453 1988 4509 Bene—
2097 4447 2545 4501 corroboramus
2579 4444 2934 4499 monasterio
2967 4442 3201 4498 Domini
3230 4440 3566 4507 Salvatoris,
3589 4441 3747 4512 quod

337 4535 478 4592 dicti
503 4553 638 4592 cum
669 4536 889 4610 cryptis
918 4539 974 4594 et
1003 4536 1210 4608 muris,
1236 4541 1293 4594 et
1321 4554 1456 4593 cum
1485 4537 1724 4594 introitu
1743 4544 1799 4596 et
1829 4542 1984 4597 exitu
2095 4540 2184 4590 est
2205 4534 2356 4589 intra
2377 4550 2580 4588 muros
2598 4533 2761 4588 urbis
2787 4533 2944 4587 Lucae
2963 4535 3387 4598 constructum,
3405 4533 3464 4586 et
3479 4529 3747 4601 ejusdem

334 4623 593 4694 illarum,
626 4628 684 4682 et
713 4641 918 4698 campo
948 4626 1018 4682 de
1046 4625 1366 4699 Agonis.In
1411 4626 1641 4684 civitate
1665 4629 2061 4705 Tyburtina-D
2093 4622 2201 4679 loci
2240 4622 2570 4689 abbatissae,
2621 4638 2748 4694 quae
2805 4626 3046 4678 vocatur
3096 4619 3367 4694 Alperga,
3401 4618 3760 4690 cunctisque.

335 4754 348 4770 .
385 4756 398 4770 .
437 4757 450 4771 .
486 4757 499 4771 .
536 4756 549 4770 .
595 4757 608 4771 .
646 4757 661 4771 .
694 4714 755 4771 in
806 4714 1087 4771 comitatu
1131 4715 1393 4771 Reatino.
1433 4759 1445 4771 .
1479 4760 1490 4770 .
1525 4757 1540 4774 .
1582 4760 1593 4771 .
1630 4758 1642 4772 .
1680 4760 1692 4772 .
1728 4719 1788 4773 in
1818 4718 1981 4774 Ami-

331 4805 519 4871 terno,
551 4801 612 4858 in
642 4803 926 4858 comitatu
958 4801 1303 4860 Furconino.
1343 4845 1355 4856 .
1394 4847 1405 4858 .
1443 4845 1454 4858 .
1495 4845 1507 4856 .
1538 4842 1554 4860 .
1595 4803 1826 4859 .omnia
1856 4821 1983 4876 quae

331 4890 394 4946 in
423 4891 721 4963 integrum
753 4890 825 4964 ad
856 4891 1196 4962 praedictum
1238 4892 1660 4948 monasterium
1693 4892 1982 4962 pertinere

329 4978 608 5034 videntur
627 4979 789 5050 juste
817 4983 874 5034 et
902 4977 1182 5053 legaliter,
1209 4985 1310 5035 aut
1339 4981 1411 5036 ab
1460 4979 1592 5035 aliis
1640 4979 1980 5037 hominibus

326 5066 514 5123 Deum
546 5066 895 5138 timentibus
918 5058 1273 5141 acquisierit,
1309 5073 1412 5123 aut
1453 5068 1527 5122 ab
1558 5066 1651 5123 bis
1681 5067 1778 5138 qui
1809 5070 1979 5125 modo

325 5155 398 5214 de
431 5155 605 5231 rebus
630 5155 898 5230 Ecclesiae
919 5158 1138 5228 injuste
1163 5161 1382 5222 tenent,
1416 5160 1472 5211 et
1502 5171 1628 5225 quae
1663 5156 1717 5210 in
1751 5155 1979 5213 civitate

325 5243 608 5313 Romana,
643 5249 744 5302 aut
765 5245 822 5301 in
846 5245 1043 5318 aliqua
1063 5249 1227 5318 parte
1268 5243 1450 5300 nostri
1474 5243 1840 5315 regniltalici
1874 5245 1976 5301 ha-

320 5333 456 5390 bere
510 5334 762 5402 videtur,
826 5339 929 5389 aut
986 5331 1349 5404 acquisierit,
1387 5348 1490 5404 per
1549 5331 1655 5387 hoc
1709 5337 1976 5388 nostrum

319 5427 676 5497 praeceptum
725 5424 917 5479 eidem
963 5426 1166 5477 sancto
1215 5420 1339 5475 loco
1393 5421 1810 5477 confirmamus
1859 5439 1978 5478 una

319 5526 454 5567 cum
478 5512 669 5580 terris;
703 5512 907 5567 vineis.
942 5553 954 5564 .
994 5551 1007 5564 .
1044 5551 1056 5564 .
1085 5551 1100 5564 .
1137 5551 1149 5563 .
1187 5550 1200 5563 .
1234 5552 1247 5565 .
1282 5513 1455 5581 atque
1494 5526 1597 5582 pro
1627 5510 1728 5566 Dei
1755 5527 1971 5581 amore,

318 5605 636 5673 nostraque
687 5600 895 5656 animae
947 5599 1134 5655 salute
1182 5597 1371 5654 eidem
1423 5599 1772 5656 monasterio
1804 5601 1975 5655 mini-

319 5690 644 5745 strantibus
676 5706 779 5760 per
808 5687 917 5745 hoc
976 5694 1242 5744 nostrum
1292 5692 1649 5763 praeceptum
1679 5690 1966 5762 pcrdona-

2092 4711 2491 4768 monachabus
2521 4710 2767 4766 Domino
2790 4710 2871 4766 ibi
2894 4709 3458 4765 famulantibus......
3491 4708 3623 4778 ejus
3652 4723 3762 4768 res-

2093 4805 2150 4856 et
2179 4800 2559 4872 proprietates
2591 4804 2708 4856 tam
2732 4817 2880 4872 quas
2894 4815 3050 4855 nunc
3063 4798 3241 4854 habet
3264 4813 3443 4869 quam
3469 4795 3746 4868 imposta-

2092 4906 2223 4944 rum
2252 4889 2539 4956 habuerit,
2575 4895 2708 4944 eum
2731 4888 2904 4945 terris
2932 4887 3109 4944 cultis
3156 4890 3214 4943 et
3243 4884 3503 4950 incultis,
3537 4883 3764 4952 vineis,-

2090 4979 2294 5051 pratis,
2329 4977 2584 5051 pascuis,
2619 4974 3444 5049 silvis,piscationibus,servis
3475 4978 3532 5031 et
3559 4972 3740 5030 ancil-

2090 5068 2185 5129 lis.
2244 5068 2414 5140 aquis
2467 5083 2874 5139 aquarumque
2929 5065 3301 5135 decursibus,
3359 5061 3739 5129 molendinis,

2088 5175 2439 5229 omnemque
2466 5157 2878 5224 substantiam,
2912 5171 3089 5226 quam
3130 5153 3293 5209 locus
3323 5152 3480 5208 idem
3511 5151 3742 5212 videtur

2089 5245 2319 5301 habere.
2371 5245 2698 5301 Statuimus
2747 5244 2922 5300 etiam
2967 5248 3031 5298 ut
3086 5242 3301 5299 abhinc
3331 5241 3391 5296 in
3435 5244 3738 5312 posterum

2091 5335 2372 5406 quidquid
2399 5335 2631 5406 praefato
2650 5333 3004 5390 monasterio
3041 5348 3145 5405 per
3173 5331 3470 5388 dationem
3497 5327 3736 5401 religio-

2085 5440 2283 5479 sorum
2304 5422 2582 5489 virorum,
2598 5437 2700 5477 seu
2721 5422 3062 5477 devotarum
3081 5421 3432 5477 feminarum
3455 5415 3758 5477 collatum-

2083 5511 2514 5580 exstiterit,sub
2546 5509 2728 5565 nostri
2760 5510 3200 5567 conﬁrmatione
3230 5506 3520 5582 prmcepti.
3552 5504 3754 5562 νοω-ι

2083 5618 2216 5658 mus
2245 5601 2422 5657 etiam
2454 5603 2519 5655 ut
2567 5598 2906 5670 praedictum
2954 5602 3378 5656 monasterium
3421 5595 3649 5654 nostris
3675 5597 3734 5651 et

2082 5689 2292 5747 futuris
2322 5687 2685 5760 temporibus
2717 5703 2835 5744 una
2863 5703 2996 5744 cum
3044 5688 3318 5744 omnibus
3348 5686 3526 5744 rebus
3554 5689 3756 5755 atque-
