  <div class='ocr_page' id='page_1' title='image "/cluster/home/n/w/nwhite01/storage/ocr_20150623/151/umn.31951002477444s/634.png"; bbox 0 0 3976 6356; ppageno 0'>
   <div class='ocr_carea' id='block_1_1' title="bbox 1468 382 2294 466">
    <p class='ocr_par' dir='ltr' id='par_1_1' title="bbox 1468 382 2294 466">
     <span class='ocr_line' id='line_1_1' title="bbox 1468 382 2294 466; baseline -0.016 -1"><span class='ocrx_word' id='word_1_1' title='bbox 1468 382 2000 466; x_wconf 56' lang='grc' dir='ltr'><strong>ΟΗΠΟΗΒΑΒΙῌ</strong></span> <span class='ocrx_word' id='word_1_2' title='bbox 2038 383 2102 450; x_wconf 73' lang='grc' dir='ltr'><strong>Η-</strong></span> <span class='ocrx_word' id='word_1_3' title='bbox 2136 383 2294 454; x_wconf 82' lang='grc' dir='ltr'><strong>ΙΜ-Ρ.</strong></span> 
     </span>
    </p>
   </div>
   <div class='ocr_carea' id='block_1_2' title="bbox 173 515 3566 605">
    <p class='ocr_par' dir='ltr' id='par_1_2' title="bbox 173 515 3566 605">
     <span class='ocr_line' id='line_1_2' title="bbox 173 515 3566 605; baseline -0.002 -13"><span class='ocrx_word' id='word_1_4' title='bbox 173 534 416 592; x_wconf 81' lang='lat' dir='ltr'><strong>familiis</strong></span> <span class='ocrx_word' id='word_1_5' title='bbox 433 533 700 592; x_wconf 88' lang='lat' dir='ltr'><strong>immune</strong></span> <span class='ocrx_word' id='word_1_6' title='bbox 710 528 1259 604; x_wconf 51' lang='lat' dir='ltr'><strong>consistat‘abgomni</strong></span> <span class='ocrx_word' id='word_1_7' title='bbox 1273 527 1505 603; x_wconf 77' lang='lat' dir='ltr'><strong>publica</strong></span> <span class='ocrx_word' id='word_1_8' title='bbox 1518 525 1818 586; x_wconf 79' lang='lat' dir='ltr'><strong>funetione</strong></span> <span class='ocrx_word' id='word_1_9' title='bbox 1930 525 2042 594; x_wconf 68' lang='lat' dir='ltr'><strong>Deo</strong></span> <span class='ocrx_word' id='word_1_10' title='bbox 2065 522 2440 582; x_wconf 84' lang='lat' dir='ltr'><strong>servientium</strong></span> <span class='ocrx_word' id='word_1_11' title='bbox 2463 520 2522 579; x_wconf 92' lang='lat' dir='ltr'><strong>in</strong></span> <span class='ocrx_word' id='word_1_12' title='bbox 2547 521 2810 584; x_wconf 86' lang='lat' dir='ltr'><strong>futurum</strong></span> <span class='ocrx_word' id='word_1_13' title='bbox 2829 522 3187 583; x_wconf 78' lang='lat' dir='ltr'><strong>sufﬁcienter</strong></span> <span class='ocrx_word' id='word_1_14' title='bbox 3210 521 3424 602; x_wconf 79' lang='lat' dir='ltr'><strong>habere</strong></span> <span class='ocrx_word' id='word_1_15' title='bbox 3445 515 3566 586; x_wconf 79' lang='lat' dir='ltr'><strong>me-</strong></span> 
     </span>
    </p>
   </div>
   <div class='ocr_carea' id='block_1_3' title="bbox 174 615 1817 695">
    <p class='ocr_par' dir='ltr' id='par_1_3' title="bbox 174 615 1817 695">
     <span class='ocr_line' id='line_1_3' title="bbox 174 615 1817 695; baseline -0.006 -15"><span class='ocrx_word' id='word_1_16' title='bbox 174 627 232 680; x_wconf 89' lang='lat' dir='ltr'><strong>et</strong></span> <span class='ocrx_word' id='word_1_17' title='bbox 259 622 674 680; x_wconf 82' lang='lat' dir='ltr'><strong>redhibitione.</strong></span> <span class='ocrx_word' id='word_1_18' title='bbox 699 625 768 679; x_wconf 86' lang='lat' dir='ltr'><strong>Et</strong></span> <span class='ocrx_word' id='word_1_19' title='bbox 795 625 845 680; x_wconf 92' lang='lat' dir='ltr'><strong>si</strong></span> <span class='ocrx_word' id='word_1_20' title='bbox 875 623 1110 695; x_wconf 82' lang='lat' dir='ltr'><strong>quando</strong></span> <span class='ocrx_word' id='word_1_21' title='bbox 1142 619 1446 677; x_wconf 80' lang='lat' dir='ltr'><strong>abbatissa</strong></span> <span class='ocrx_word' id='word_1_22' title='bbox 1485 615 1716 680; x_wconf 90' lang='lat' dir='ltr'><strong>obierit,</strong></span> <span class='ocrx_word' id='word_1_23' title='bbox 1747 615 1817 670; x_wconf 92' lang='lat' dir='ltr'><strong>de</strong></span> 
     </span>
    </p>
   </div>
   <div class='ocr_carea' id='block_1_4' title="bbox 175 703 1813 785">
    <p class='ocr_par' dir='ltr' id='par_1_4' title="bbox 175 703 1813 785">
     <span class='ocr_line' id='line_1_4' title="bbox 175 703 1813 785; baseline -0.007 -16"><span class='ocrx_word' id='word_1_24' title='bbox 175 713 399 770; x_wconf 79' lang='lat' dir='ltr'><strong>eisdem</strong></span> <span class='ocrx_word' id='word_1_25' title='bbox 429 712 576 785; x_wconf 83' lang='lat' dir='ltr'><strong>ipsis</strong></span> <span class='ocrx_word' id='word_1_26' title='bbox 603 712 843 784; x_wconf 82' lang='lat' dir='ltr'><strong>eligant,</strong></span> <span class='ocrx_word' id='word_1_27' title='bbox 875 728 1054 783; x_wconf 91' lang='lat' dir='ltr'><strong>quam</strong></span> <span class='ocrx_word' id='word_1_28' title='bbox 1085 710 1249 765; x_wconf 69' lang='lat' dir='ltr'><strong>bonas</strong></span> <span class='ocrx_word' id='word_1_29' title='bbox 1279 708 1410 764; x_wconf 66' lang='lat' dir='ltr'><strong>vita:</strong></span> <span class='ocrx_word' id='word_1_30' title='bbox 1468 703 1813 761; x_wconf 84' lang='lat' dir='ltr'><strong>invenerint.</strong></span> 
     </span>
    </p>
   </div>
   <div class='ocr_carea' id='block_1_5' title="bbox 176 791 1820 871">
    <p class='ocr_par' dir='ltr' id='par_1_5' title="bbox 176 791 1820 871">
     <span class='ocr_line' id='line_1_5' title="bbox 176 791 1820 871; baseline -0.007 -15"><span class='ocrx_word' id='word_1_31' title='bbox 176 801 556 871; x_wconf 71' lang='lat' dir='ltr'><strong>Praeipimus</strong></span> <span class='ocrx_word' id='word_1_32' title='bbox 586 804 782 856; x_wconf 87' lang='lat' dir='ltr'><strong>autem</strong></span> <span class='ocrx_word' id='word_1_33' title='bbox 805 804 870 854; x_wconf 90' lang='lat' dir='ltr'><strong>ut</strong></span> <span class='ocrx_word' id='word_1_34' title='bbox 895 797 1095 855; x_wconf 89' lang='lat' dir='ltr'><strong>nullus</strong></span> <span class='ocrx_word' id='word_1_35' title='bbox 1116 797 1300 869; x_wconf 85' lang='lat' dir='ltr'><strong>judex</strong></span> <span class='ocrx_word' id='word_1_36' title='bbox 1328 793 1600 867; x_wconf 88' lang='lat' dir='ltr'><strong>publicus</strong></span> <span class='ocrx_word' id='word_1_37' title='bbox 1631 791 1720 847; x_wconf 88' lang='lat' dir='ltr'><strong>vel</strong></span> <span class='ocrx_word' id='word_1_38' title='bbox 1752 808 1820 848; x_wconf 79' lang='lat' dir='ltr'><strong>ex</strong></span> 
     </span>
    </p>
   </div>
   <div class='ocr_carea' id='block_1_6' title="bbox 169 881 1819 960">
    <p class='ocr_par' dir='ltr' id='par_1_6' title="bbox 169 881 1819 960">
     <span class='ocr_line' id='line_1_6' title="bbox 169 881 1819 960; baseline -0.005 -16"><span class='ocrx_word' id='word_1_39' title='bbox 169 887 490 960; x_wconf 89' lang='lat' dir='ltr'><strong>judiciaria</strong></span> <span class='ocrx_word' id='word_1_40' title='bbox 511 890 796 960; x_wconf 79' lang='lat' dir='ltr'><strong>potestate</strong></span> <span class='ocrx_word' id='word_1_41' title='bbox 825 885 1025 958; x_wconf 89' lang='lat' dir='ltr'><strong>aliqua</strong></span> <span class='ocrx_word' id='word_1_42' title='bbox 1052 885 1206 942; x_wconf 87' lang='lat' dir='ltr'><strong>infra</strong></span> <span class='ocrx_word' id='word_1_43' title='bbox 1226 883 1370 940; x_wconf 91' lang='lat' dir='ltr'><strong>illud</strong></span> <span class='ocrx_word' id='word_1_44' title='bbox 1398 881 1819 938; x_wconf 81' lang='lat' dir='ltr'><strong>monasterium</strong></span> 
     </span>
    </p>
   </div>
   <div class='ocr_carea' id='block_1_7' title="bbox 177 971 1820 1046">
    <p class='ocr_par' dir='ltr' id='par_1_7' title="bbox 177 971 1820 1046">
     <span class='ocr_line' id='line_1_7' title="bbox 177 971 1820 1046; baseline -0.005 -13"><span class='ocrx_word' id='word_1_45' title='bbox 177 993 283 1034; x_wconf 85' lang='lat' dir='ltr'><strong>seu</strong></span> <span class='ocrx_word' id='word_1_46' title='bbox 313 976 612 1043; x_wconf 78' lang='lat' dir='ltr'><strong>ecclesias,</strong></span> <span class='ocrx_word' id='word_1_47' title='bbox 634 976 804 1032; x_wconf 90' lang='lat' dir='ltr'><strong>villas</strong></span> <span class='ocrx_word' id='word_1_48' title='bbox 824 979 926 1031; x_wconf 88' lang='lat' dir='ltr'><strong>aut</strong></span> <span class='ocrx_word' id='word_1_49' title='bbox 956 974 1210 1046; x_wconf 88' lang='lat' dir='ltr'><strong>reliquas</strong></span> <span class='ocrx_word' id='word_1_50' title='bbox 1241 971 1642 1044; x_wconf 89' lang='lat' dir='ltr'><strong>possessiones</strong></span> <span class='ocrx_word' id='word_1_51' title='bbox 1672 985 1820 1043; x_wconf 91' lang='lat' dir='ltr'><strong>quas</strong></span> 
     </span>
    </p>
   </div>
   <div class='ocr_carea' id='block_1_8' title="bbox 180 1058 1820 1135">
    <p class='ocr_par' dir='ltr' id='par_1_8' title="bbox 180 1058 1820 1135">
     <span class='ocr_line' id='line_1_8' title="bbox 180 1058 1820 1135; baseline -0.005 -13"><span class='ocrx_word' id='word_1_52' title='bbox 180 1082 342 1122; x_wconf 90' lang='lat' dir='ltr'><strong>nunc</strong></span> <span class='ocrx_word' id='word_1_53' title='bbox 362 1065 559 1135; x_wconf 89' lang='lat' dir='ltr'><strong>habet,</strong></span> <span class='ocrx_word' id='word_1_54' title='bbox 574 1063 663 1121; x_wconf 85' lang='lat' dir='ltr'><strong>vel</strong></span> <span class='ocrx_word' id='word_1_55' title='bbox 680 1065 739 1120; x_wconf 92' lang='lat' dir='ltr'><strong>in</strong></span> <span class='ocrx_word' id='word_1_56' title='bbox 763 1068 935 1120; x_wconf 90' lang='lat' dir='ltr'><strong>antea</strong></span> <span class='ocrx_word' id='word_1_57' title='bbox 959 1061 1314 1134; x_wconf 89' lang='lat' dir='ltr'><strong>acquisierit,</strong></span> <span class='ocrx_word' id='word_1_58' title='bbox 1329 1058 1820 1116; x_wconf 88' lang='lat' dir='ltr'><strong>mansionaticum</strong></span> 
     </span>
    </p>
   </div>
   <div class='ocr_carea' id='block_1_9' title="bbox 180 1148 1821 1226">
    <p class='ocr_par' dir='ltr' id='par_1_9' title="bbox 180 1148 1821 1226">
     <span class='ocr_line' id='line_1_9' title="bbox 180 1148 1821 1226; baseline -0.004 -16"><span class='ocrx_word' id='word_1_59' title='bbox 180 1153 430 1226; x_wconf 83' lang='lat' dir='ltr'><strong>exigere,</strong></span> <span class='ocrx_word' id='word_1_60' title='bbox 447 1157 551 1208; x_wconf 88' lang='lat' dir='ltr'><strong>aut</strong></span> <span class='ocrx_word' id='word_1_61' title='bbox 573 1153 684 1208; x_wconf 84' lang='lat' dir='ltr'><strong>fide</strong></span> <span class='ocrx_word' id='word_1_62' title='bbox 696 1154 963 1224; x_wconf 90' lang='lat' dir='ltr'><strong>jussores</strong></span> <span class='ocrx_word' id='word_1_63' title='bbox 990 1150 1211 1218; x_wconf 91' lang='lat' dir='ltr'><strong>tollere,</strong></span> <span class='ocrx_word' id='word_1_64' title='bbox 1234 1154 1336 1206; x_wconf 91' lang='lat' dir='ltr'><strong>aut</strong></span> <span class='ocrx_word' id='word_1_65' title='bbox 1354 1148 1821 1220; x_wconf 88' lang='lat' dir='ltr'><strong>hominesipsius</strong></span> 
     </span>
    </p>
   </div>
   <div class='ocr_carea' id='block_1_10' title="bbox 184 1236 1823 1313">
    <p class='ocr_par' dir='ltr' id='par_1_10' title="bbox 184 1236 1823 1313">
     <span class='ocr_line' id='line_1_10' title="bbox 184 1236 1823 1313; baseline -0.005 -13"><span class='ocrx_word' id='word_1_66' title='bbox 184 1239 548 1307; x_wconf 79' lang='lat' dir='ltr'><strong>monasterii,</strong></span> <span class='ocrx_word' id='word_1_67' title='bbox 579 1244 702 1296; x_wconf 90' lang='lat' dir='ltr'><strong>tam</strong></span> <span class='ocrx_word' id='word_1_68' title='bbox 758 1240 1045 1313; x_wconf 88' lang='lat' dir='ltr'><strong>ingenuos</strong></span> <span class='ocrx_word' id='word_1_69' title='bbox 1104 1255 1280 1311; x_wconf 91' lang='lat' dir='ltr'><strong>quam</strong></span> <span class='ocrx_word' id='word_1_70' title='bbox 1340 1253 1555 1303; x_wconf 85' lang='lat' dir='ltr'><strong>servos,</strong></span> <span class='ocrx_word' id='word_1_71' title='bbox 1606 1236 1823 1307; x_wconf 80' lang='lat' dir='ltr'><strong>injuste</strong></span> 
     </span>
    </p>
   </div>
   <div class='ocr_carea' id='block_1_11' title="bbox 184 1324 1826 1402">
    <p class='ocr_par' dir='ltr' id='par_1_11' title="bbox 184 1324 1826 1402">
     <span class='ocr_line' id='line_1_11' title="bbox 184 1324 1826 1402; baseline -0.004 -16"><span class='ocrx_word' id='word_1_72' title='bbox 184 1328 557 1402; x_wconf 84' lang='lat' dir='ltr'><strong>distringere,</strong></span> <span class='ocrx_word' id='word_1_73' title='bbox 573 1332 674 1384; x_wconf 90' lang='lat' dir='ltr'><strong>aut</strong></span> <span class='ocrx_word' id='word_1_74' title='bbox 701 1329 1079 1384; x_wconf 89' lang='lat' dir='ltr'><strong>inconsuetas</strong></span> <span class='ocrx_word' id='word_1_75' title='bbox 1110 1325 1445 1386; x_wconf 86' lang='lat' dir='ltr'><strong>occasiones</strong></span> <span class='ocrx_word' id='word_1_76' title='bbox 1477 1324 1826 1397; x_wconf 89' lang='lat' dir='ltr'><strong>requirendo</strong></span> 
     </span>
    </p>
   </div>
   <div class='ocr_carea' id='block_1_12' title="bbox 185 1413 1826 1490">
    <p class='ocr_par' dir='ltr' id='par_1_12' title="bbox 185 1413 1826 1490">
     <span class='ocr_line' id='line_1_12' title="bbox 185 1413 1826 1490; baseline -0.004 -15"><span class='ocrx_word' id='word_1_77' title='bbox 185 1433 320 1474; x_wconf 91' lang='lat' dir='ltr'><strong>eum</strong></span> <span class='ocrx_word' id='word_1_78' title='bbox 345 1416 570 1490; x_wconf 76' lang='lat' dir='ltr'><strong>ingredi</strong></span> <span class='ocrx_word' id='word_1_79' title='bbox 593 1419 928 1488; x_wconf 66' lang='lat' dir='ltr'><strong>praisumat.</strong></span> <span class='ocrx_word' id='word_1_80' title='bbox 954 1415 1065 1471; x_wconf 85' lang='lat' dir='ltr'><strong>Sed</strong></span> <span class='ocrx_word' id='word_1_81' title='bbox 1086 1413 1258 1471; x_wconf 89' lang='lat' dir='ltr'><strong>liceat</strong></span> <span class='ocrx_word' id='word_1_82' title='bbox 1289 1417 1622 1474; x_wconf 61' lang='lat' dir='ltr'><strong>memoratae</strong></span> <span class='ocrx_word' id='word_1_83' title='bbox 1652 1413 1826 1469; x_wconf 90' lang='lat' dir='ltr'><strong>abba-</strong></span> 
     </span>
    </p>
   </div>
   <div class='ocr_carea' id='block_1_13' title="bbox 184 1501 1827 1576">
    <p class='ocr_par' dir='ltr' id='par_1_13' title="bbox 184 1501 1827 1576">
     <span class='ocr_line' id='line_1_13' title="bbox 184 1501 1827 1576; baseline -0.004 -14"><span class='ocrx_word' id='word_1_84' title='bbox 184 1507 487 1573; x_wconf 70' lang='lat' dir='ltr'><strong>tissaa,seu</strong></span> <span class='ocrx_word' id='word_1_85' title='bbox 508 1509 567 1561; x_wconf 91' lang='lat' dir='ltr'><strong>et</strong></span> <span class='ocrx_word' id='word_1_86' title='bbox 597 1504 691 1562; x_wconf 90' lang='lat' dir='ltr'><strong>his</strong></span> <span class='ocrx_word' id='word_1_87' title='bbox 715 1521 842 1576; x_wconf 81' lang='lat' dir='ltr'><strong>quae</strong></span> <span class='ocrx_word' id='word_1_88' title='bbox 859 1507 994 1576; x_wconf 88' lang='lat' dir='ltr'><strong>post</strong></span> <span class='ocrx_word' id='word_1_89' title='bbox 1031 1520 1160 1559; x_wconf 90' lang='lat' dir='ltr'><strong>eam</strong></span> <span class='ocrx_word' id='word_1_90' title='bbox 1190 1503 1454 1574; x_wconf 87' lang='lat' dir='ltr'><strong>ejusdem</strong></span> <span class='ocrx_word' id='word_1_91' title='bbox 1486 1501 1827 1558; x_wconf 85' lang='lat' dir='ltr'><strong>monasterii</strong></span> 
     </span>
    </p>
   </div>
   <div class='ocr_carea' id='block_1_14' title="bbox 187 1590 1827 1668">
    <p class='ocr_par' dir='ltr' id='par_1_14' title="bbox 187 1590 1827 1668">
     <span class='ocr_line' id='line_1_14' title="bbox 187 1590 1827 1668; baseline -0.004 -17"><span class='ocrx_word' id='word_1_92' title='bbox 187 1595 452 1668; x_wconf 88' lang='lat' dir='ltr'><strong>regimen</strong></span> <span class='ocrx_word' id='word_1_93' title='bbox 482 1593 816 1659; x_wconf 87' lang='lat' dir='ltr'><strong>habuerint,</strong></span> <span class='ocrx_word' id='word_1_94' title='bbox 849 1610 983 1648; x_wconf 90' lang='lat' dir='ltr'><strong>cum</strong></span> <span class='ocrx_word' id='word_1_95' title='bbox 1002 1591 1232 1648; x_wconf 89' lang='lat' dir='ltr'><strong>ancillis</strong></span> <span class='ocrx_word' id='word_1_96' title='bbox 1254 1591 1351 1646; x_wconf 91' lang='lat' dir='ltr'><strong>Dei</strong></span> <span class='ocrx_word' id='word_1_97' title='bbox 1373 1590 1452 1645; x_wconf 88' lang='lat' dir='ltr'><strong>ibi</strong></span> <span class='ocrx_word' id='word_1_98' title='bbox 1478 1591 1827 1663; x_wconf 84' lang='lat' dir='ltr'><strong>degentibus</strong></span> 
     </span>
    </p>
   </div>
   <div class='ocr_carea' id='block_1_15' title="bbox 185 1681 1831 1754">
    <p class='ocr_par' dir='ltr' id='par_1_15' title="bbox 185 1681 1831 1754">
     <span class='ocr_line' id='line_1_15' title="bbox 185 1681 1831 1754; baseline -0.002 -14"><span class='ocrx_word' id='word_1_99' title='bbox 185 1681 505 1754; x_wconf 82' lang='lat' dir='ltr'><strong>tranquille</strong></span> <span class='ocrx_word' id='word_1_100' title='bbox 530 1681 742 1751; x_wconf 82' lang='lat' dir='ltr'><strong>vivere,</strong></span> <span class='ocrx_word' id='word_1_101' title='bbox 772 1685 830 1740; x_wconf 89' lang='lat' dir='ltr'><strong>et</strong></span> <span class='ocrx_word' id='word_1_102' title='bbox 859 1681 1194 1738; x_wconf 83' lang='lat' dir='ltr'><strong>monasticae</strong></span> <span class='ocrx_word' id='word_1_103' title='bbox 1215 1681 1674 1740; x_wconf 86' lang='lat' dir='ltr'><strong>conversationis</strong></span> <span class='ocrx_word' id='word_1_104' title='bbox 1703 1698 1831 1754; x_wconf 88' lang='lat' dir='ltr'><strong>pro-</strong></span> 
     </span>
    </p>
   </div>
   <div class='ocr_carea' id='block_1_16' title="bbox 186 1769 1829 1847">
    <p class='ocr_par' dir='ltr' id='par_1_16' title="bbox 186 1769 1829 1847">
     <span class='ocr_line' id='line_1_16' title="bbox 186 1769 1829 1847; baseline -0.002 -17"><span class='ocrx_word' id='word_1_105' title='bbox 186 1772 472 1847; x_wconf 88' lang='lat' dir='ltr'><strong>positum,</strong></span> <span class='ocrx_word' id='word_1_106' title='bbox 505 1770 698 1843; x_wconf 90' lang='lat' dir='ltr'><strong>quiete</strong></span> <span class='ocrx_word' id='word_1_107' title='bbox 728 1787 977 1836; x_wconf 86' lang='lat' dir='ltr'><strong>servare,</strong></span> <span class='ocrx_word' id='word_1_108' title='bbox 1011 1787 1077 1825; x_wconf 89' lang='lat' dir='ltr'><strong>ac</strong></span> <span class='ocrx_word' id='word_1_109' title='bbox 1095 1786 1205 1842; x_wconf 85' lang='lat' dir='ltr'><strong>pro</strong></span> <span class='ocrx_word' id='word_1_110' title='bbox 1236 1769 1426 1825; x_wconf 89' lang='lat' dir='ltr'><strong>salute</strong></span> <span class='ocrx_word' id='word_1_111' title='bbox 1479 1774 1678 1826; x_wconf 90' lang='lat' dir='ltr'><strong>nostra</strong></span> <span class='ocrx_word' id='word_1_112' title='bbox 1725 1789 1829 1827; x_wconf 90' lang='lat' dir='ltr'><strong>seu</strong></span> 
     </span>
    </p>
   </div>
   <div class='ocr_carea' id='block_1_17' title="bbox 1926 613 3567 690">
    <p class='ocr_par' dir='ltr' id='par_1_17' title="bbox 1926 613 3567 690">
     <span class='ocr_line' id='line_1_17' title="bbox 1926 613 3567 690; baseline 0.006 -24"><span class='ocrx_word' id='word_1_113' title='bbox 1926 615 2180 667; x_wconf 89' lang='lat' dir='ltr'><strong>reantur.</strong></span> <span class='ocrx_word' id='word_1_114' title='bbox 2231 613 2314 668; x_wconf 90' lang='lat' dir='ltr'><strong>Ob</strong></span> <span class='ocrx_word' id='word_1_115' title='bbox 2370 630 2631 670; x_wconf 87' lang='lat' dir='ltr'><strong>amorem</strong></span> <span class='ocrx_word' id='word_1_116' title='bbox 2689 613 2804 682; x_wconf 88' lang='lat' dir='ltr'><strong>Dei,</strong></span> <span class='ocrx_word' id='word_1_117' title='bbox 2858 616 3302 690; x_wconf 91' lang='lat' dir='ltr'><strong>remediumque</strong></span> <span class='ocrx_word' id='word_1_118' title='bbox 3357 619 3567 677; x_wconf 69' lang='lat' dir='ltr'><strong>animae</strong></span> 
     </span>
    </p>
   </div>
   <div class='ocr_carea' id='block_1_18' title="bbox 1926 707 3584 780">
    <p class='ocr_par' dir='ltr' id='par_1_18' title="bbox 1926 707 3584 780">
     <span class='ocr_line' id='line_1_18' title="bbox 1926 707 3584 780; baseline 0.007 -23"><span class='ocrx_word' id='word_1_119' title='bbox 1926 707 2155 769; x_wconf 80' lang='lat' dir='ltr'><strong>nostrae,</strong></span> <span class='ocrx_word' id='word_1_120' title='bbox 2189 720 2254 758; x_wconf 90' lang='lat' dir='ltr'><strong>ac</strong></span> <span class='ocrx_word' id='word_1_121' title='bbox 2283 721 2691 760; x_wconf 88' lang='lat' dir='ltr'><strong>successorum</strong></span> <span class='ocrx_word' id='word_1_122' title='bbox 2724 709 3056 762; x_wconf 89' lang='lat' dir='ltr'><strong>nostrorum</strong></span> <span class='ocrx_word' id='word_1_123' title='bbox 3089 723 3294 780; x_wconf 87' lang='lat' dir='ltr'><strong>regum</strong></span> <span class='ocrx_word' id='word_1_124' title='bbox 3326 713 3425 764; x_wconf 85' lang='lat' dir='ltr'><strong>aut</strong></span> <span class='ocrx_word' id='word_1_125' title='bbox 3455 709 3584 768; x_wconf 90' lang='lat' dir='ltr'><strong>im-.</strong></span> 
     </span>
    </p>
   </div>
   <div class='ocr_carea' id='block_1_19' title="bbox 1927 793 3568 862">
    <p class='ocr_par' dir='ltr' id='par_1_19' title="bbox 1927 793 3568 862">
     <span class='ocr_line' id='line_1_19' title="bbox 1927 793 3568 862; baseline 0.006 -17"><span class='ocrx_word' id='word_1_126' title='bbox 1927 795 2280 862; x_wconf 89' lang='lat' dir='ltr'><strong>peratorum,</strong></span> <span class='ocrx_word' id='word_1_127' title='bbox 2301 793 2655 848; x_wconf 77' lang='lat' dir='ltr'><strong>conterimus</strong></span> <span class='ocrx_word' id='word_1_128' title='bbox 2677 793 2761 850; x_wconf 88' lang='lat' dir='ltr'><strong>eis</strong></span> <span class='ocrx_word' id='word_1_129' title='bbox 2779 795 2849 849; x_wconf 93' lang='lat' dir='ltr'><strong>ad</strong></span> <span class='ocrx_word' id='word_1_130' title='bbox 2881 794 3294 852; x_wconf 79' lang='lat' dir='ltr'><strong>sufficientiam</strong></span> <span class='ocrx_word' id='word_1_131' title='bbox 3327 814 3568 855; x_wconf 87' lang='lat' dir='ltr'><strong>suorum</strong></span> 
     </span>
    </p>
   </div>
   <div class='ocr_carea' id='block_1_20' title="bbox 1928 879 3568 959">
    <p class='ocr_par' dir='ltr' id='par_1_20' title="bbox 1928 879 3568 959">
     <span class='ocr_line' id='line_1_20' title="bbox 1928 879 3568 959; baseline 0.005 -24"><span class='ocrx_word' id='word_1_132' title='bbox 1928 879 2138 936; x_wconf 89' lang='lat' dir='ltr'><strong>cellam</strong></span> <span class='ocrx_word' id='word_1_133' title='bbox 2155 882 2350 936; x_wconf 88' lang='lat' dir='ltr'><strong>Sancti</strong></span> <span class='ocrx_word' id='word_1_134' title='bbox 2374 882 2663 937; x_wconf 89' lang='lat' dir='ltr'><strong>Benedicti</strong></span> <span class='ocrx_word' id='word_1_135' title='bbox 2688 883 2746 937; x_wconf 91' lang='lat' dir='ltr'><strong>in</strong></span> <span class='ocrx_word' id='word_1_136' title='bbox 2776 882 3014 948; x_wconf 89' lang='lat' dir='ltr'><strong>Bucino,</strong></span> <span class='ocrx_word' id='word_1_137' title='bbox 3032 889 3252 941; x_wconf 85' lang='lat' dir='ltr'><strong>curtem</strong></span> <span class='ocrx_word' id='word_1_138' title='bbox 3272 890 3329 941; x_wconf 90' lang='lat' dir='ltr'><strong>et</strong></span> <span class='ocrx_word' id='word_1_139' title='bbox 3342 887 3568 959; x_wconf 83' lang='lat' dir='ltr'><strong>plebem</strong></span> 
     </span>
    </p>
   </div>
   <div class='ocr_carea' id='block_1_21' title="bbox 1928 970 3568 1047">
    <p class='ocr_par' dir='ltr' id='par_1_21' title="bbox 1928 970 3568 1047">
     <span class='ocr_line' id='line_1_21' title="bbox 1928 970 3568 1047; baseline 0.004 -22"><span class='ocrx_word' id='word_1_140' title='bbox 1928 970 2151 1025; x_wconf 62' lang='lat' dir='ltr'><strong>Sanctis</strong></span> <span class='ocrx_word' id='word_1_141' title='bbox 2175 970 2366 1026; x_wconf 74' lang='lat' dir='ltr'><strong>Mariae</strong></span> <span class='ocrx_word' id='word_1_142' title='bbox 2385 970 2441 1024; x_wconf 91' lang='lat' dir='ltr'><strong>in</strong></span> <span class='ocrx_word' id='word_1_143' title='bbox 2472 971 2733 1037; x_wconf 89' lang='lat' dir='ltr'><strong>Lamule,</strong></span> <span class='ocrx_word' id='word_1_144' title='bbox 2759 977 2986 1027; x_wconf 90' lang='lat' dir='ltr'><strong>curtem</strong></span> <span class='ocrx_word' id='word_1_145' title='bbox 3005 971 3198 1028; x_wconf 84' lang='lat' dir='ltr'><strong>Sancti</strong></span> <span class='ocrx_word' id='word_1_146' title='bbox 3217 974 3494 1047; x_wconf 86' lang='lat' dir='ltr'><strong>Stephani</strong></span> <span class='ocrx_word' id='word_1_147' title='bbox 3511 976 3568 1030; x_wconf 90' lang='lat' dir='ltr'><strong>in</strong></span> 
     </span>
    </p>
   </div>
   <div class='ocr_carea' id='block_1_22' title="bbox 1929 1059 3582 1132">
    <p class='ocr_par' dir='ltr' id='par_1_22' title="bbox 1929 1059 3582 1132">
     <span class='ocr_line' id='line_1_22' title="bbox 1929 1059 3582 1132; baseline 0.004 -18"><span class='ocrx_word' id='word_1_148' title='bbox 1929 1059 2240 1115; x_wconf 90' lang='lat' dir='ltr'><strong>Monticolo</strong></span> <span class='ocrx_word' id='word_1_149' title='bbox 2301 1077 2435 1116; x_wconf 90' lang='lat' dir='ltr'><strong>cum</strong></span> <span class='ocrx_word' id='word_1_150' title='bbox 2495 1065 2682 1116; x_wconf 88' lang='lat' dir='ltr'><strong>castro</strong></span> <span class='ocrx_word' id='word_1_151' title='bbox 2733 1061 3192 1128; x_wconf 88' lang='lat' dir='ltr'><strong>Montelatronis,</strong></span> <span class='ocrx_word' id='word_1_152' title='bbox 3223 1068 3469 1132; x_wconf 89' lang='lat' dir='ltr'><strong>curtem,</strong></span> <span class='ocrx_word' id='word_1_153' title='bbox 3503 1065 3582 1122; x_wconf 85' lang='lat' dir='ltr'><strong>de</strong></span> 
     </span>
    </p>
   </div>
   <div class='ocr_carea' id='block_1_23' title="bbox 1929 1148 3572 1221">
    <p class='ocr_par' dir='ltr' id='par_1_23' title="bbox 1929 1148 3572 1221">
     <span class='ocr_line' id='line_1_23' title="bbox 1929 1148 3572 1221; baseline 0.005 -19"><span class='ocrx_word' id='word_1_154' title='bbox 1929 1148 2152 1203; x_wconf 87' lang='lat' dir='ltr'><strong>Mustra</strong></span> <span class='ocrx_word' id='word_1_155' title='bbox 2176 1165 2310 1204; x_wconf 89' lang='lat' dir='ltr'><strong>cum</strong></span> <span class='ocrx_word' id='word_1_156' title='bbox 2341 1153 2530 1206; x_wconf 88' lang='lat' dir='ltr'><strong>castro</strong></span> <span class='ocrx_word' id='word_1_157' title='bbox 2563 1150 2960 1221; x_wconf 87' lang='lat' dir='ltr'><strong>Montenegro,</strong></span> <span class='ocrx_word' id='word_1_158' title='bbox 2993 1155 3218 1208; x_wconf 90' lang='lat' dir='ltr'><strong>curtem</strong></span> <span class='ocrx_word' id='word_1_159' title='bbox 3269 1153 3339 1208; x_wconf 91' lang='lat' dir='ltr'><strong>de</strong></span> <span class='ocrx_word' id='word_1_160' title='bbox 3379 1155 3572 1210; x_wconf 82' lang='lat' dir='ltr'><strong>Lami-</strong></span> 
     </span>
    </p>
   </div>
   <div class='ocr_carea' id='block_1_24' title="bbox 1935 1237 3579 1310">
    <p class='ocr_par' dir='ltr' id='par_1_24' title="bbox 1935 1237 3579 1310">
     <span class='ocr_line' id='line_1_24' title="bbox 1935 1237 3579 1310; baseline 0.005 -20"><span class='ocrx_word' id='word_1_161' title='bbox 1935 1237 2129 1303; x_wconf 89' lang='lat' dir='ltr'><strong>niana,</strong></span> <span class='ocrx_word' id='word_1_162' title='bbox 2165 1254 2298 1292; x_wconf 90' lang='lat' dir='ltr'><strong>cum</strong></span> <span class='ocrx_word' id='word_1_163' title='bbox 2331 1238 2529 1294; x_wconf 85' lang='lat' dir='ltr'><strong>Castro</strong></span> <span class='ocrx_word' id='word_1_164' title='bbox 2562 1238 3092 1310; x_wconf 85' lang='lat' dir='ltr'><strong>Montepcnzutulo,</strong></span> <span class='ocrx_word' id='word_1_165' title='bbox 3125 1239 3277 1296; x_wconf 89' lang='lat' dir='ltr'><strong>sicut</strong></span> <span class='ocrx_word' id='word_1_166' title='bbox 3321 1241 3579 1300; x_wconf 86' lang='lat' dir='ltr'><strong>Ubertus</strong></span> 
     </span>
    </p>
   </div>
   <div class='ocr_carea' id='block_1_25' title="bbox 1936 1325 3573 1401">
    <p class='ocr_par' dir='ltr' id='par_1_25' title="bbox 1936 1325 3573 1401">
     <span class='ocr_line' id='line_1_25' title="bbox 1936 1325 3573 1401; baseline 0.005 -22"><span class='ocrx_word' id='word_1_167' title='bbox 1936 1325 2005 1379; x_wconf 89' lang='lat' dir='ltr'><strong>ad</strong></span> <span class='ocrx_word' id='word_1_168' title='bbox 2041 1342 2281 1380; x_wconf 90' lang='lat' dir='ltr'><strong>manum</strong></span> <span class='ocrx_word' id='word_1_169' title='bbox 2313 1342 2484 1381; x_wconf 88' lang='lat' dir='ltr'><strong>suam</strong></span> <span class='ocrx_word' id='word_1_170' title='bbox 2518 1325 2788 1394; x_wconf 86' lang='lat' dir='ltr'><strong>detinuit,</strong></span> <span class='ocrx_word' id='word_1_171' title='bbox 2823 1332 3047 1383; x_wconf 91' lang='lat' dir='ltr'><strong>curtem</strong></span> <span class='ocrx_word' id='word_1_172' title='bbox 3080 1329 3276 1385; x_wconf 86' lang='lat' dir='ltr'><strong>Sancti</strong></span> <span class='ocrx_word' id='word_1_173' title='bbox 3326 1331 3573 1401; x_wconf 88' lang='lat' dir='ltr'><strong>Miniati,</strong></span> 
     </span>
    </p>
   </div>
   <div class='ocr_carea' id='block_1_26' title="bbox 1935 1414 3572 1484">
    <p class='ocr_par' dir='ltr' id='par_1_26' title="bbox 1935 1414 3572 1484">
     <span class='ocr_line' id='line_1_26' title="bbox 1935 1414 3572 1484; baseline 0.004 -14"><span class='ocrx_word' id='word_1_174' title='bbox 1935 1418 2157 1470; x_wconf 89' lang='lat' dir='ltr'><strong>curtem</strong></span> <span class='ocrx_word' id='word_1_175' title='bbox 2211 1414 2408 1470; x_wconf 87' lang='lat' dir='ltr'><strong>Sancti</strong></span> <span class='ocrx_word' id='word_1_176' title='bbox 2466 1415 2680 1479; x_wconf 87' lang='lat' dir='ltr'><strong>Quirici</strong></span> <span class='ocrx_word' id='word_1_177' title='bbox 2715 1416 2771 1470; x_wconf 91' lang='lat' dir='ltr'><strong>in</strong></span> <span class='ocrx_word' id='word_1_178' title='bbox 2804 1415 3112 1484; x_wconf 88' lang='lat' dir='ltr'><strong>Piscinule,</strong></span> <span class='ocrx_word' id='word_1_179' title='bbox 3146 1423 3203 1474; x_wconf 92' lang='lat' dir='ltr'><strong>et</strong></span> <span class='ocrx_word' id='word_1_180' title='bbox 3232 1420 3427 1476; x_wconf 86' lang='lat' dir='ltr'><strong>Sancti</strong></span> <span class='ocrx_word' id='word_1_181' title='bbox 3487 1421 3572 1477; x_wconf 90' lang='lat' dir='ltr'><strong>Si-</strong></span> 
     </span>
    </p>
   </div>
   <div class='ocr_carea' id='block_1_27' title="bbox 1935 1503 3573 1576">
    <p class='ocr_par' dir='ltr' id='par_1_27' title="bbox 1935 1503 3573 1576">
     <span class='ocr_line' id='line_1_27' title="bbox 1935 1503 3573 1576; baseline 0.005 -19"><span class='ocrx_word' id='word_1_182' title='bbox 1935 1503 2180 1569; x_wconf 89' lang='lat' dir='ltr'><strong>meonis,</strong></span> <span class='ocrx_word' id='word_1_183' title='bbox 2230 1507 2286 1558; x_wconf 90' lang='lat' dir='ltr'><strong>et</strong></span> <span class='ocrx_word' id='word_1_184' title='bbox 2341 1504 2536 1559; x_wconf 87' lang='lat' dir='ltr'><strong>Sancti</strong></span> <span class='ocrx_word' id='word_1_185' title='bbox 2591 1503 2902 1576; x_wconf 85' lang='lat' dir='ltr'><strong>Peregrini,</strong></span> <span class='ocrx_word' id='word_1_186' title='bbox 2959 1508 3015 1560; x_wconf 91' lang='lat' dir='ltr'><strong>et</strong></span> <span class='ocrx_word' id='word_1_187' title='bbox 3070 1510 3292 1563; x_wconf 89' lang='lat' dir='ltr'><strong>curtem</strong></span> <span class='ocrx_word' id='word_1_188' title='bbox 3349 1511 3573 1566; x_wconf 72' lang='lat' dir='ltr'><strong>Sanctae</strong></span> 
     </span>
    </p>
   </div>
   <div class='ocr_carea' id='block_1_28' title="bbox 1935 1591 3570 1666">
    <p class='ocr_par' dir='ltr' id='par_1_28' title="bbox 1935 1591 3570 1666">
     <span class='ocr_line' id='line_1_28' title="bbox 1935 1591 3570 1666; baseline 0.004 -20"><span class='ocrx_word' id='word_1_189' title='bbox 1935 1591 2126 1646; x_wconf 69' lang='lat' dir='ltr'><strong>Mariae</strong></span> <span class='ocrx_word' id='word_1_190' title='bbox 2159 1592 2230 1646; x_wconf 90' lang='lat' dir='ltr'><strong>de</strong></span> <span class='ocrx_word' id='word_1_191' title='bbox 2260 1593 2461 1648; x_wconf 80' lang='lat' dir='ltr'><strong>Oil‘ena</strong></span> <span class='ocrx_word' id='word_1_192' title='bbox 2491 1609 2624 1647; x_wconf 92' lang='lat' dir='ltr'><strong>eum</strong></span> <span class='ocrx_word' id='word_1_193' title='bbox 2651 1609 2839 1658; x_wconf 89' lang='lat' dir='ltr'><strong>rocca,</strong></span> <span class='ocrx_word' id='word_1_194' title='bbox 2873 1609 2998 1664; x_wconf 72' lang='lat' dir='ltr'><strong>qua:</strong></span> <span class='ocrx_word' id='word_1_195' title='bbox 3029 1597 3266 1650; x_wconf 87' lang='lat' dir='ltr'><strong>vocatur</strong></span> <span class='ocrx_word' id='word_1_196' title='bbox 3313 1595 3570 1666; x_wconf 86' lang='lat' dir='ltr'><strong>Sanime,</strong></span> 
     </span>
    </p>
   </div>
   <div class='ocr_carea' id='block_1_29' title="bbox 1937 1680 3576 1748">
    <p class='ocr_par' dir='ltr' id='par_1_29' title="bbox 1937 1680 3576 1748">
     <span class='ocr_line' id='line_1_29' title="bbox 1937 1680 3576 1748; baseline 0.004 -12"><span class='ocrx_word' id='word_1_197' title='bbox 1937 1683 2162 1736; x_wconf 91' lang='lat' dir='ltr'><strong>curtem</strong></span> <span class='ocrx_word' id='word_1_198' title='bbox 2185 1681 2254 1736; x_wconf 89' lang='lat' dir='ltr'><strong>de</strong></span> <span class='ocrx_word' id='word_1_199' title='bbox 2276 1680 2464 1748; x_wconf 90' lang='lat' dir='ltr'><strong>Palea,</strong></span> <span class='ocrx_word' id='word_1_200' title='bbox 2485 1685 2542 1736; x_wconf 87' lang='lat' dir='ltr'><strong>et</strong></span> <span class='ocrx_word' id='word_1_201' title='bbox 2557 1680 2752 1736; x_wconf 87' lang='lat' dir='ltr'><strong>Sancti</strong></span> <span class='ocrx_word' id='word_1_202' title='bbox 2771 1681 3120 1748; x_wconf 85' lang='lat' dir='ltr'><strong>Sebastiani,</strong></span> <span class='ocrx_word' id='word_1_203' title='bbox 3137 1687 3360 1740; x_wconf 89' lang='lat' dir='ltr'><strong>curtem</strong></span> <span class='ocrx_word' id='word_1_204' title='bbox 3377 1685 3576 1744; x_wconf 89' lang='lat' dir='ltr'><strong>Sancti</strong></span> 
     </span>
    </p>
   </div>
   <div class='ocr_carea' id='block_1_30' title="bbox 1939 1768 3576 1839">
    <p class='ocr_par' dir='ltr' id='par_1_30' title="bbox 1939 1768 3576 1839">
     <span class='ocr_line' id='line_1_30' title="bbox 1939 1768 3576 1839; baseline 0.004 -16"><span class='ocrx_word' id='word_1_205' title='bbox 1939 1768 2217 1839; x_wconf 85' lang='lat' dir='ltr'><strong>Stephani</strong></span> <span class='ocrx_word' id='word_1_206' title='bbox 2251 1769 2308 1823; x_wconf 91' lang='lat' dir='ltr'><strong>in</strong></span> <span class='ocrx_word' id='word_1_207' title='bbox 2340 1770 2590 1836; x_wconf 91' lang='lat' dir='ltr'><strong>Tutona,</strong></span> <span class='ocrx_word' id='word_1_208' title='bbox 2621 1774 2846 1826; x_wconf 89' lang='lat' dir='ltr'><strong>curtem</strong></span> <span class='ocrx_word' id='word_1_209' title='bbox 2902 1770 3100 1826; x_wconf 83' lang='lat' dir='ltr'><strong>Sancti</strong></span> <span class='ocrx_word' id='word_1_210' title='bbox 3157 1771 3470 1830; x_wconf 85' lang='lat' dir='ltr'><strong>Clementis</strong></span> <span class='ocrx_word' id='word_1_211' title='bbox 3516 1775 3576 1830; x_wconf 90' lang='lat' dir='ltr'><strong>in</strong></span> 
     </span>
    </p>
   </div>
   <div class='ocr_carea' id='block_1_31' title="bbox 187 1855 3584 1954">
    <p class='ocr_par' dir='ltr' id='par_1_31' title="bbox 187 1855 3584 1954">
     <span class='ocr_line' id='line_1_31' title="bbox 187 1855 3584 1954; baseline -0 -36"><span class='ocrx_word' id='word_1_212' title='bbox 187 1860 353 1934; x_wconf 87' lang='lat' dir='ltr'><strong>regni</strong></span> <span class='ocrx_word' id='word_1_213' title='bbox 385 1858 705 1935; x_wconf 87' lang='lat' dir='ltr'><strong>stabilitate</strong></span> <span class='ocrx_word' id='word_1_214' title='bbox 735 1858 836 1915; x_wconf 90' lang='lat' dir='ltr'><strong>Dei</strong></span> <span class='ocrx_word' id='word_1_215' title='bbox 885 1859 1352 1916; x_wconf 89' lang='lat' dir='ltr'><strong>misericordiam</strong></span> <span class='ocrx_word' id='word_1_216' title='bbox 1407 1857 1739 1930; x_wconf 81' lang='lat' dir='ltr'><strong>implorare.</strong></span> <span class='ocrx_word' id='word_1_217' title='bbox 1772 1862 1826 1915; x_wconf 88' lang='lat' dir='ltr'><strong>Si</strong></span> <span class='ocrx_word' id='word_1_218' title='bbox 1862 1887 1910 1954; x_wconf 81' lang='grc' dir='ltr'><strong>Β</strong></span> <span class='ocrx_word' id='word_1_219' title='bbox 1941 1855 2235 1912; x_wconf 87' lang='lat' dir='ltr'><strong>Titiniano</strong></span> <span class='ocrx_word' id='word_1_220' title='bbox 2258 1873 2388 1911; x_wconf 88' lang='lat' dir='ltr'><strong>cum</strong></span> <span class='ocrx_word' id='word_1_221' title='bbox 2414 1857 2605 1926; x_wconf 90' lang='lat' dir='ltr'><strong>terris,</strong></span> <span class='ocrx_word' id='word_1_222' title='bbox 2630 1861 2686 1911; x_wconf 89' lang='lat' dir='ltr'><strong>et</strong></span> <span class='ocrx_word' id='word_1_223' title='bbox 2708 1857 3051 1930; x_wconf 87' lang='lat' dir='ltr'><strong>angariales,</strong></span> <span class='ocrx_word' id='word_1_224' title='bbox 3080 1864 3303 1915; x_wconf 89' lang='lat' dir='ltr'><strong>curtem</strong></span> <span class='ocrx_word' id='word_1_225' title='bbox 3325 1862 3396 1917; x_wconf 91' lang='lat' dir='ltr'><strong>de</strong></span> <span class='ocrx_word' id='word_1_226' title='bbox 3417 1863 3584 1920; x_wconf 41' lang='lat' dir='ltr'><strong>Mus-5</strong></span> 
     </span>
    </p>
   </div>
   <div class='ocr_carea' id='block_1_32' title="bbox 188 1947 1878 2021">
    <p class='ocr_par' dir='ltr' id='par_1_32' title="bbox 188 1947 1878 2021">
     <span class='ocr_line' id='line_1_32' title="bbox 188 1947 1878 2021; baseline 0 -16"><span class='ocrx_word' id='word_1_227' title='bbox 188 1949 328 2021; x_wconf 82' lang='lat' dir='ltr'><strong>quis</strong></span> <span class='ocrx_word' id='word_1_228' title='bbox 356 1948 537 2021; x_wconf 87' lang='lat' dir='ltr'><strong>igitur</strong></span> <span class='ocrx_word' id='word_1_229' title='bbox 578 1947 760 2019; x_wconf 79' lang='lat' dir='ltr'><strong>hujus</strong></span> <span class='ocrx_word' id='word_1_230' title='bbox 811 1947 1100 2020; x_wconf 64' lang='lat' dir='ltr'><strong>praecepti,</strong></span> <span class='ocrx_word' id='word_1_231' title='bbox 1147 1947 1302 2019; x_wconf 91' lang='lat' dir='ltr'><strong>quod</strong></span> <span class='ocrx_word' id='word_1_232' title='bbox 1351 1963 1466 2002; x_wconf 92' lang='lat' dir='ltr'><strong>non</strong></span> <span class='ocrx_word' id='word_1_233' title='bbox 1515 1948 1829 2019; x_wconf 89' lang='lat' dir='ltr'><strong>credimus,</strong></span> <span class='ocrx_word' id='word_1_234' title='bbox 1862 1947 1878 1964; x_wconf 58' lang='lat'><strong><em>“</em></strong></span> 
     </span>
    </p>
   </div>
   <div class='ocr_carea' id='block_1_33' title="bbox 187 2033 1830 2108">
    <p class='ocr_par' dir='ltr' id='par_1_33' title="bbox 187 2033 1830 2108">
     <span class='ocr_line' id='line_1_33' title="bbox 187 2033 1830 2108; baseline -0.001 -15"><span class='ocrx_word' id='word_1_235' title='bbox 187 2036 438 2094; x_wconf 76' lang='lat' dir='ltr'><strong>violator</strong></span> <span class='ocrx_word' id='word_1_236' title='bbox 469 2035 910 2104; x_wconf 82' lang='lat' dir='ltr'><strong>exstiterit,auri</strong></span> <span class='ocrx_word' id='word_1_237' title='bbox 941 2033 1148 2108; x_wconf 88' lang='lat' dir='ltr'><strong>optimi</strong></span> <span class='ocrx_word' id='word_1_238' title='bbox 1180 2033 1361 2091; x_wconf 88' lang='lat' dir='ltr'><strong>libras</strong></span> <span class='ocrx_word' id='word_1_239' title='bbox 1395 2033 1552 2091; x_wconf 92' lang='lat' dir='ltr'><strong>mille</strong></span> <span class='ocrx_word' id='word_1_240' title='bbox 1583 2053 1644 2094; x_wconf 91' lang='lat' dir='ltr'><strong>se</strong></span> <span class='ocrx_word' id='word_1_241' title='bbox 1675 2053 1830 2093; x_wconf 92' lang='lat' dir='ltr'><strong>com-</strong></span> 
     </span>
    </p>
   </div>
   <div class='ocr_carea' id='block_1_34' title="bbox 189 2123 1836 2200">
    <p class='ocr_par' dir='ltr' id='par_1_34' title="bbox 189 2123 1836 2200">
     <span class='ocr_line' id='line_1_34' title="bbox 189 2123 1836 2200; baseline 0.001 -19"><span class='ocrx_word' id='word_1_242' title='bbox 189 2125 528 2200; x_wconf 88' lang='lat' dir='ltr'><strong>positurum</strong></span> <span class='ocrx_word' id='word_1_243' title='bbox 557 2127 857 2197; x_wconf 88' lang='lat' dir='ltr'><strong>agnoscat,</strong></span> <span class='ocrx_word' id='word_1_244' title='bbox 873 2123 1245 2180; x_wconf 89' lang='lat' dir='ltr'><strong>medietatem</strong></span> <span class='ocrx_word' id='word_1_245' title='bbox 1263 2140 1506 2180; x_wconf 79' lang='lat' dir='ltr'><strong>camerae</strong></span> <span class='ocrx_word' id='word_1_246' title='bbox 1531 2129 1764 2195; x_wconf 65' lang='lat' dir='ltr'><strong>nostrae,</strong></span> <span class='ocrx_word' id='word_1_247' title='bbox 1778 2131 1836 2183; x_wconf 89' lang='lat' dir='ltr'><strong>et</strong></span> 
     </span>
    </p>
   </div>
   <div class='ocr_carea' id='block_1_35' title="bbox 192 2209 1834 2286">
    <p class='ocr_par' dir='ltr' id='par_1_35' title="bbox 192 2209 1834 2286">
     <span class='ocr_line' id='line_1_35' title="bbox 192 2209 1834 2286; baseline -0.001 -14"><span class='ocrx_word' id='word_1_248' title='bbox 192 2213 568 2272; x_wconf 85' lang='lat' dir='ltr'><strong>medietatem</strong></span> <span class='ocrx_word' id='word_1_249' title='bbox 600 2209 887 2284; x_wconf 65' lang='lat' dir='ltr'><strong>praedictae</strong></span> <span class='ocrx_word' id='word_1_250' title='bbox 918 2209 1177 2282; x_wconf 69' lang='lat' dir='ltr'><strong>Alpergaa</strong></span> <span class='ocrx_word' id='word_1_251' title='bbox 1234 2211 1545 2268; x_wconf 74' lang='lat' dir='ltr'><strong>abbatissae</strong></span> <span class='ocrx_word' id='word_1_252' title='bbox 1605 2214 1834 2286; x_wconf 86' lang='lat' dir='ltr'><strong>sibique</strong></span> 
     </span>
    </p>
   </div>
   <div class='ocr_carea' id='block_1_36' title="bbox 193 2299 1836 2375">
    <p class='ocr_par' dir='ltr' id='par_1_36' title="bbox 193 2299 1836 2375">
     <span class='ocr_line' id='line_1_36' title="bbox 193 2299 1836 2375; baseline 0.001 -15"><span class='ocrx_word' id='word_1_253' title='bbox 193 2300 928 2367; x_wconf 83' lang='lat' dir='ltr'><strong>succedentibus.0uod,ut</strong></span> <span class='ocrx_word' id='word_1_254' title='bbox 939 2299 1132 2354; x_wconf 88' lang='lat' dir='ltr'><strong>verius</strong></span> <span class='ocrx_word' id='word_1_255' title='bbox 1145 2299 1414 2356; x_wconf 88' lang='lat' dir='ltr'><strong>credatur</strong></span> <span class='ocrx_word' id='word_1_256' title='bbox 1429 2306 1484 2356; x_wconf 89' lang='lat' dir='ltr'><strong>et</strong></span> <span class='ocrx_word' id='word_1_257' title='bbox 1497 2302 1836 2375; x_wconf 89' lang='lat' dir='ltr'><strong>diligentius</strong></span> 
     </span>
    </p>
   </div>
   <div class='ocr_carea' id='block_1_37' title="bbox 190 2388 1835 2464">
    <p class='ocr_par' dir='ltr' id='par_1_37' title="bbox 190 2388 1835 2464">
     <span class='ocr_line' id='line_1_37' title="bbox 190 2388 1835 2464; baseline 0 -14"><span class='ocrx_word' id='word_1_258' title='bbox 190 2392 552 2458; x_wconf 82' lang='lat' dir='ltr'><strong>observetur,</strong></span> <span class='ocrx_word' id='word_1_259' title='bbox 578 2401 757 2446; x_wconf 87' lang='lat' dir='ltr'><strong>manu</strong></span> <span class='ocrx_word' id='word_1_260' title='bbox 778 2388 1012 2460; x_wconf 88' lang='lat' dir='ltr'><strong>propria</strong></span> <span class='ocrx_word' id='word_1_261' title='bbox 1031 2388 1370 2447; x_wconf 87' lang='lat' dir='ltr'><strong>roborantes</strong></span> <span class='ocrx_word' id='word_1_262' title='bbox 1401 2390 1592 2464; x_wconf 90' lang='lat' dir='ltr'><strong>sigillo</strong></span> <span class='ocrx_word' id='word_1_263' title='bbox 1639 2397 1835 2451; x_wconf 87' lang='lat' dir='ltr'><strong>nostro</strong></span> 
     </span>
    </p>
   </div>
   <div class='ocr_carea' id='block_1_38' title="bbox 186 2476 803 2553">
    <p class='ocr_par' dir='ltr' id='par_1_38' title="bbox 186 2476 803 2553">
     <span class='ocr_line' id='line_1_38' title="bbox 186 2476 803 2553; baseline -0.013 -14"><span class='ocrx_word' id='word_1_264' title='bbox 186 2480 484 2553; x_wconf 79' lang='lat' dir='ltr'><strong>jussimus</strong></span> <span class='ocrx_word' id='word_1_265' title='bbox 511 2476 803 2550; x_wconf 86' lang='lat' dir='ltr'><strong>insigniri.</strong></span> 
     </span>
    </p>
   </div>
   <div class='ocr_carea' id='block_1_39' title="bbox 262 2564 1610 2640">
    <p class='ocr_par' dir='ltr' id='par_1_39' title="bbox 262 2564 1610 2640">
     <span class='ocr_line' id='line_1_39' title="bbox 262 2564 1610 2640; baseline 0.004 -20"><span class='ocrx_word' id='word_1_266' title='bbox 262 2569 497 2640; x_wconf 75' lang='lat' dir='ltr'><strong>Signum</strong></span> <span class='ocrx_word' id='word_1_267' title='bbox 518 2566 712 2626; x_wconf 77' lang='lat' dir='ltr'><strong>damni</strong></span> <span class='ocrx_word' id='word_1_268' title='bbox 743 2564 1058 2621; x_wconf 79' lang='lat' dir='ltr'><strong>Chuonradi</strong></span> <span class='ocrx_word' id='word_1_269' title='bbox 1084 2567 1424 2630; x_wconf 76' lang='lat' dir='ltr'><strong>serenz&#39;ssz&#39;mz&#39;</strong></span> <span class='ocrx_word' id='word_1_270' title='bbox 1450 2571 1610 2640; x_wconf 80' lang='lat' dir='ltr'><strong>regis.</strong></span> 
     </span>
    </p>
   </div>
   <div class='ocr_carea' id='block_1_40' title="bbox 546 2653 1466 2726">
    <p class='ocr_par' dir='ltr' id='par_1_40' title="bbox 546 2653 1466 2726">
     <span class='ocr_line' id='line_1_40' title="bbox 546 2653 1466 2726; baseline -0.001 -14"><span class='ocrx_word' id='word_1_271' title='bbox 546 2655 714 2712; x_wconf 79' lang='lat' dir='ltr'><strong>Locus</strong></span> <span class='ocrx_word' id='word_1_272' title='bbox 741 2654 919 2722; x_wconf 64' lang='lat' dir='ltr'><strong>sigilli</strong></span> <span class='ocrx_word' id='word_1_273' title='bbox 951 2657 992 2719; x_wconf 64' lang='lat' dir='ltr'><strong>f-</strong></span> <span class='ocrx_word' id='word_1_274' title='bbox 1011 2655 1152 2716; x_wconf 79' lang='lat' dir='ltr'><strong>cerei</strong></span> <span class='ocrx_word' id='word_1_275' title='bbox 1179 2653 1466 2726; x_wconf 80' lang='lat' dir='ltr'><strong>deperditz’.</strong></span> 
     </span>
    </p>
   </div>
   <div class='ocr_carea' id='block_1_41' title="bbox 261 2741 1833 2822">
    <p class='ocr_par' dir='ltr' id='par_1_41' title="bbox 261 2741 1833 2822">
     <span class='ocr_line' id='line_1_41' title="bbox 261 2741 1833 2822; baseline 0.002 -19"><span class='ocrx_word' id='word_1_276' title='bbox 261 2746 429 2819; x_wconf 88' lang='lat' dir='ltr'><strong>Hugo</strong></span> <span class='ocrx_word' id='word_1_277' title='bbox 454 2741 832 2801; x_wconf 86' lang='lat' dir='ltr'><strong>cancellarius</strong></span> <span class='ocrx_word' id='word_1_278' title='bbox 862 2741 985 2798; x_wconf 91' lang='lat' dir='ltr'><strong>vice</strong></span> <span class='ocrx_word' id='word_1_279' title='bbox 1015 2742 1216 2798; x_wconf 90' lang='lat' dir='ltr'><strong>domni</strong></span> <span class='ocrx_word' id='word_1_280' title='bbox 1252 2744 1491 2800; x_wconf 89' lang='lat' dir='ltr'><strong>Ariboni</strong></span> <span class='ocrx_word' id='word_1_281' title='bbox 1552 2748 1833 2822; x_wconf 90' lang='lat' dir='ltr'><strong>archiepi-</strong></span> 
     </span>
    </p>
   </div>
   <div class='ocr_carea' id='block_1_42' title="bbox 191 2828 1326 2906">
    <p class='ocr_par' dir='ltr' id='par_1_42' title="bbox 191 2828 1326 2906">
     <span class='ocr_line' id='line_1_42' title="bbox 191 2828 1326 2906; baseline -0.007 -13"><span class='ocrx_word' id='word_1_282' title='bbox 191 2833 353 2906; x_wconf 86' lang='lat' dir='ltr'><strong>scopi</strong></span> <span class='ocrx_word' id='word_1_283' title='bbox 373 2837 432 2892; x_wconf 90' lang='lat' dir='ltr'><strong>et</strong></span> <span class='ocrx_word' id='word_1_284' title='bbox 457 2828 952 2889; x_wconf 87' lang='lat' dir='ltr'><strong>archicancellarii</strong></span> <span class='ocrx_word' id='word_1_285' title='bbox 979 2832 1326 2903; x_wconf 88' lang='lat' dir='ltr'><strong>recognovit.</strong></span> 
     </span>
    </p>
   </div>
   <div class='ocr_carea' id='block_1_43' title="bbox 262 2919 1833 2994">
    <p class='ocr_par' dir='ltr' id='par_1_43' title="bbox 262 2919 1833 2994">
     <span class='ocr_line' id='line_1_43' title="bbox 262 2919 1833 2994; baseline -0.006 -15"><span class='ocrx_word' id='word_1_286' title='bbox 262 2926 476 2980; x_wconf 85' lang='lat' dir='ltr'><strong>Datum</strong></span> <span class='ocrx_word' id='word_1_287' title='bbox 508 2935 660 2980; x_wconf 81' lang='lat' dir='ltr'><strong>anno</strong></span> <span class='ocrx_word' id='word_1_288' title='bbox 689 2919 1007 2981; x_wconf 71' lang='lat' dir='ltr'><strong>Dominicaa</strong></span> <span class='ocrx_word' id='word_1_289' title='bbox 1031 2919 1455 2980; x_wconf 86' lang='lat' dir='ltr'><strong>Incarnationis</strong></span> <span class='ocrx_word' id='word_1_290' title='bbox 1489 2924 1649 2994; x_wconf 81' lang='lat' dir='ltr'><strong>l027,</strong></span> <span class='ocrx_word' id='word_1_291' title='bbox 1683 2927 1833 2984; x_wconf 90' lang='lat' dir='ltr'><strong>indi-</strong></span> 
     </span>
    </p>
   </div>
   <div class='ocr_carea' id='block_1_44' title="bbox 194 3007 1834 3080">
    <p class='ocr_par' dir='ltr' id='par_1_44' title="bbox 194 3007 1834 3080">
     <span class='ocr_line' id='line_1_44' title="bbox 194 3007 1834 3080; baseline 0.001 -10"><span class='ocrx_word' id='word_1_292' title='bbox 194 3011 388 3078; x_wconf 75' lang='lat' dir='ltr'><strong>ctione</strong></span> <span class='ocrx_word' id='word_1_293' title='bbox 414 3027 493 3078; x_wconf 73' lang='lat' dir='ltr'><strong>Ix,</strong></span> <span class='ocrx_word' id='word_1_294' title='bbox 526 3007 689 3080; x_wconf 81' lang='lat' dir='ltr'><strong>regni</strong></span> <span class='ocrx_word' id='word_1_295' title='bbox 719 3023 853 3065; x_wconf 91' lang='lat' dir='ltr'><strong>vero</strong></span> <span class='ocrx_word' id='word_1_296' title='bbox 883 3007 1084 3062; x_wconf 91' lang='lat' dir='ltr'><strong>domni</strong></span> <span class='ocrx_word' id='word_1_297' title='bbox 1114 3007 1443 3066; x_wconf 89' lang='lat' dir='ltr'><strong>Chuonradi</strong></span> <span class='ocrx_word' id='word_1_298' title='bbox 1474 3015 1716 3071; x_wconf 91' lang='lat' dir='ltr'><strong>secundi</strong></span> <span class='ocrx_word' id='word_1_299' title='bbox 1747 3033 1834 3073; x_wconf 89' lang='lat' dir='ltr'><strong>re-</strong></span> 
     </span>
    </p>
   </div>
   <div class='ocr_carea' id='block_1_45' title="bbox 189 3099 520 3176">
    <p class='ocr_par' dir='ltr' id='par_1_45' title="bbox 189 3099 520 3176">
     <span class='ocr_line' id='line_1_45' title="bbox 189 3099 520 3176; baseline -0.012 -17"><span class='ocrx_word' id='word_1_300' title='bbox 189 3099 429 3176; x_wconf 75' lang='lat' dir='ltr'><strong>gnantis</strong></span> <span class='ocrx_word' id='word_1_301' title='bbox 455 3116 520 3156; x_wconf 81' lang='grc' dir='ltr'><strong>ιι.</strong></span> 
     </span>
    </p>
   </div>
   <div class='ocr_carea' id='block_1_46' title="bbox 257 3186 755 3249">
    <p class='ocr_par' dir='ltr' id='par_1_46' title="bbox 257 3186 755 3249">
     <span class='ocr_line' id='line_1_46' title="bbox 257 3186 755 3249; baseline -0.014 0"><span class='ocrx_word' id='word_1_302' title='bbox 257 3192 470 3249; x_wconf 76' lang='lat' dir='ltr'><strong>Actum</strong></span> <span class='ocrx_word' id='word_1_303' title='bbox 498 3186 755 3244; x_wconf 64' lang='lat' dir='ltr'><strong>Verona.</strong></span> 
     </span>
    </p>
   </div>
   <div class='ocr_carea' id='block_1_47' title="bbox 956 3283 1050 3338">
    <p class='ocr_par' dir='ltr' id='par_1_47' title="bbox 956 3283 1050 3338">
     <span class='ocr_line' id='line_1_47' title="bbox 956 3283 1050 3338; baseline 0.021 -2"><span class='ocrx_word' id='word_1_304' title='bbox 956 3283 1050 3338; x_wconf 84' lang='lat' dir='ltr'><strong>VI.</strong></span> 
     </span>
    </p>
   </div>
   <div class='ocr_carea' id='block_1_48' title="bbox 1943 1945 3584 2024">
    <p class='ocr_par' dir='ltr' id='par_1_48' title="bbox 1943 1945 3584 2024">
     <span class='ocr_line' id='line_1_48' title="bbox 1943 1945 3584 2024; baseline 0.006 -25"><span class='ocrx_word' id='word_1_305' title='bbox 1943 1961 2087 2000; x_wconf 89' lang='lat' dir='ltr'><strong>sena</strong></span> <span class='ocrx_word' id='word_1_306' title='bbox 2144 1961 2278 2000; x_wconf 91' lang='lat' dir='ltr'><strong>cum</strong></span> <span class='ocrx_word' id='word_1_307' title='bbox 2335 1949 2490 2000; x_wconf 89' lang='lat' dir='ltr'><strong>terra</strong></span> <span class='ocrx_word' id='word_1_308' title='bbox 2519 1946 2590 2001; x_wconf 90' lang='lat' dir='ltr'><strong>de</strong></span> <span class='ocrx_word' id='word_1_309' title='bbox 2621 1945 2844 2001; x_wconf 80' lang='lat' dir='ltr'><strong>Redula</strong></span> <span class='ocrx_word' id='word_1_310' title='bbox 2898 1948 3118 2018; x_wconf 86' lang='lat' dir='ltr'><strong>majore</strong></span> <span class='ocrx_word' id='word_1_311' title='bbox 3143 1953 3201 2003; x_wconf 90' lang='lat' dir='ltr'><strong>et</strong></span> <span class='ocrx_word' id='word_1_312' title='bbox 3246 1950 3492 2024; x_wconf 86' lang='lat' dir='ltr'><strong>minore,</strong></span> <span class='ocrx_word' id='word_1_313' title='bbox 3525 1957 3584 2009; x_wconf 89' lang='lat' dir='ltr'><strong>et</strong></span> 
     </span>
    </p>
   </div>
   <div class='ocr_carea' id='block_1_49' title="bbox 1942 2032 3583 2100">
    <p class='ocr_par' dir='ltr' id='par_1_49' title="bbox 1942 2032 3583 2100">
     <span class='ocr_line' id='line_1_49' title="bbox 1942 2032 3583 2100; baseline 0.005 -10"><span class='ocrx_word' id='word_1_314' title='bbox 1942 2032 2159 2098; x_wconf 91' lang='lat' dir='ltr'><strong>Bitena,</strong></span> <span class='ocrx_word' id='word_1_315' title='bbox 2183 2036 2240 2087; x_wconf 89' lang='lat' dir='ltr'><strong>et</strong></span> <span class='ocrx_word' id='word_1_316' title='bbox 2296 2032 2574 2100; x_wconf 84' lang='lat' dir='ltr'><strong>Canneta,</strong></span> <span class='ocrx_word' id='word_1_317' title='bbox 2608 2037 2666 2088; x_wconf 89' lang='lat' dir='ltr'><strong>et</strong></span> <span class='ocrx_word' id='word_1_318' title='bbox 2693 2033 3054 2100; x_wconf 86' lang='lat' dir='ltr'><strong>Herminula,</strong></span> <span class='ocrx_word' id='word_1_319' title='bbox 3086 2036 3453 2096; x_wconf 90' lang='lat' dir='ltr'><strong>medietatem</strong></span> <span class='ocrx_word' id='word_1_320' title='bbox 3503 2043 3583 2099; x_wconf 86' lang='lat' dir='ltr'><strong>de</strong></span> 
     </span>
    </p>
   </div>
   <div class='ocr_carea' id='block_1_50' title="bbox 1941 2121 3582 2191">
    <p class='ocr_par' dir='ltr' id='par_1_50' title="bbox 1941 2121 3582 2191">
     <span class='ocr_line' id='line_1_50' title="bbox 1941 2121 3582 2191; baseline 0.009 -18"><span class='ocrx_word' id='word_1_321' title='bbox 1941 2123 2103 2174; x_wconf 89' lang='lat' dir='ltr'><strong>curte</strong></span> <span class='ocrx_word' id='word_1_322' title='bbox 2159 2121 2354 2175; x_wconf 92' lang='lat' dir='ltr'><strong>Sancti</strong></span> <span class='ocrx_word' id='word_1_323' title='bbox 2408 2121 2604 2177; x_wconf 82' lang='lat' dir='ltr'><strong>Lazari</strong></span> <span class='ocrx_word' id='word_1_324' title='bbox 2634 2138 2768 2177; x_wconf 91' lang='lat' dir='ltr'><strong>cum</strong></span> <span class='ocrx_word' id='word_1_325' title='bbox 2801 2139 2910 2178; x_wconf 92' lang='lat' dir='ltr'><strong>sua</strong></span> <span class='ocrx_word' id='word_1_326' title='bbox 2939 2122 3202 2191; x_wconf 88' lang='lat' dir='ltr'><strong>ecclesia,</strong></span> <span class='ocrx_word' id='word_1_327' title='bbox 3237 2133 3455 2185; x_wconf 90' lang='lat' dir='ltr'><strong>curtem</strong></span> <span class='ocrx_word' id='word_1_328' title='bbox 3509 2133 3582 2188; x_wconf 93' lang='lat' dir='ltr'><strong>de</strong></span> 
     </span>
    </p>
   </div>
   <div class='ocr_carea' id='block_1_51' title="bbox 1942 2209 3584 2281">
    <p class='ocr_par' dir='ltr' id='par_1_51' title="bbox 1942 2209 3584 2281">
     <span class='ocr_line' id='line_1_51' title="bbox 1942 2209 3584 2281; baseline 0.007 -17"><span class='ocrx_word' id='word_1_329' title='bbox 1942 2209 2280 2276; x_wconf 89' lang='lat' dir='ltr'><strong>Feroniano,</strong></span> <span class='ocrx_word' id='word_1_330' title='bbox 2315 2214 2539 2264; x_wconf 87' lang='lat' dir='ltr'><strong>curtem</strong></span> <span class='ocrx_word' id='word_1_331' title='bbox 2598 2211 2668 2266; x_wconf 92' lang='lat' dir='ltr'><strong>de</strong></span> <span class='ocrx_word' id='word_1_332' title='bbox 2704 2210 2993 2281; x_wconf 87' lang='lat' dir='ltr'><strong>Citiliano,</strong></span> <span class='ocrx_word' id='word_1_333' title='bbox 3026 2217 3083 2268; x_wconf 90' lang='lat' dir='ltr'><strong>et</strong></span> <span class='ocrx_word' id='word_1_334' title='bbox 3111 2221 3334 2272; x_wconf 88' lang='lat' dir='ltr'><strong>curtem</strong></span> <span class='ocrx_word' id='word_1_335' title='bbox 3387 2220 3584 2275; x_wconf 90' lang='lat' dir='ltr'><strong>Sancti</strong></span> 
     </span>
    </p>
   </div>
   <div class='ocr_carea' id='block_1_52' title="bbox 1944 2296 3584 2370">
    <p class='ocr_par' dir='ltr' id='par_1_52' title="bbox 1944 2296 3584 2370">
     <span class='ocr_line' id='line_1_52' title="bbox 1944 2296 3584 2370; baseline 0.007 -16"><span class='ocrx_word' id='word_1_336' title='bbox 1944 2296 2258 2355; x_wconf 88' lang='lat' dir='ltr'><strong>Salvatoris</strong></span> <span class='ocrx_word' id='word_1_337' title='bbox 2315 2297 2373 2352; x_wconf 89' lang='lat' dir='ltr'><strong>in</strong></span> <span class='ocrx_word' id='word_1_338' title='bbox 2427 2298 2794 2370; x_wconf 80' lang='lat' dir='ltr'><strong>Vigugnano,</strong></span> <span class='ocrx_word' id='word_1_339' title='bbox 2853 2305 3078 2356; x_wconf 87' lang='lat' dir='ltr'><strong>curtem</strong></span> <span class='ocrx_word' id='word_1_340' title='bbox 3134 2304 3333 2361; x_wconf 87' lang='lat' dir='ltr'><strong>Sancti</strong></span> <span class='ocrx_word' id='word_1_341' title='bbox 3390 2308 3584 2365; x_wconf 87' lang='lat' dir='ltr'><strong>Severi</strong></span> 
     </span>
    </p>
   </div>
   <div class='ocr_carea' id='block_1_53' title="bbox 1945 2386 3582 2463">
    <p class='ocr_par' dir='ltr' id='par_1_53' title="bbox 1945 2386 3582 2463">
     <span class='ocr_line' id='line_1_53' title="bbox 1945 2386 3582 2463; baseline 0.009 -23"><span class='ocrx_word' id='word_1_342' title='bbox 1945 2402 2121 2457; x_wconf 90' lang='lat' dir='ltr'><strong>super</strong></span> <span class='ocrx_word' id='word_1_343' title='bbox 2179 2387 2406 2454; x_wconf 90' lang='lat' dir='ltr'><strong>Latum,</strong></span> <span class='ocrx_word' id='word_1_344' title='bbox 2439 2391 2496 2442; x_wconf 89' lang='lat' dir='ltr'><strong>et</strong></span> <span class='ocrx_word' id='word_1_345' title='bbox 2551 2386 2912 2443; x_wconf 90' lang='lat' dir='ltr'><strong>curticellam</strong></span> <span class='ocrx_word' id='word_1_346' title='bbox 2946 2390 3014 2444; x_wconf 92' lang='lat' dir='ltr'><strong>de</strong></span> <span class='ocrx_word' id='word_1_347' title='bbox 3075 2391 3582 2463; x_wconf 90' lang='lat' dir='ltr'><strong>Bisenzo,curtem</strong></span> 
     </span>
    </p>
   </div>
   <div class='ocr_carea' id='block_1_54' title="bbox 1943 2475 3580 2555">
    <p class='ocr_par' dir='ltr' id='par_1_54' title="bbox 1943 2475 3580 2555">
     <span class='ocr_line' id='line_1_54' title="bbox 1943 2475 3580 2555; baseline 0.008 -25"><span class='ocrx_word' id='word_1_348' title='bbox 1943 2475 2138 2530; x_wconf 83' lang='lat' dir='ltr'><strong>Sancti</strong></span> <span class='ocrx_word' id='word_1_349' title='bbox 2196 2475 2440 2531; x_wconf 87' lang='lat' dir='ltr'><strong>Joannis</strong></span> <span class='ocrx_word' id='word_1_350' title='bbox 2472 2476 2531 2530; x_wconf 92' lang='lat' dir='ltr'><strong>in</strong></span> <span class='ocrx_word' id='word_1_351' title='bbox 2564 2475 2856 2546; x_wconf 86' lang='lat' dir='ltr'><strong>Vafriano,</strong></span> <span class='ocrx_word' id='word_1_352' title='bbox 2890 2482 2946 2532; x_wconf 88' lang='lat' dir='ltr'><strong>et</strong></span> <span class='ocrx_word' id='word_1_353' title='bbox 2999 2479 3193 2535; x_wconf 90' lang='lat' dir='ltr'><strong>Sancti</strong></span> <span class='ocrx_word' id='word_1_354' title='bbox 3251 2484 3580 2555; x_wconf 89' lang='lat' dir='ltr'><strong>Satenrani,</strong></span> 
     </span>
    </p>
   </div>
   <div class='ocr_carea' id='block_1_55' title="bbox 1944 2562 3596 2632">
    <p class='ocr_par' dir='ltr' id='par_1_55' title="bbox 1944 2562 3596 2632">
     <span class='ocr_line' id='line_1_55' title="bbox 1944 2562 3596 2632; baseline 0.006 -14"><span class='ocrx_word' id='word_1_355' title='bbox 1944 2567 2167 2618; x_wconf 90' lang='lat' dir='ltr'><strong>curtem</strong></span> <span class='ocrx_word' id='word_1_356' title='bbox 2203 2564 2399 2619; x_wconf 88' lang='lat' dir='ltr'><strong>Sancti</strong></span> <span class='ocrx_word' id='word_1_357' title='bbox 2421 2562 2792 2630; x_wconf 90' lang='lat' dir='ltr'><strong>Columbani,</strong></span> <span class='ocrx_word' id='word_1_358' title='bbox 2818 2569 2873 2620; x_wconf 91' lang='lat' dir='ltr'><strong>et</strong></span> <span class='ocrx_word' id='word_1_359' title='bbox 2902 2571 3124 2622; x_wconf 90' lang='lat' dir='ltr'><strong>curtem</strong></span> <span class='ocrx_word' id='word_1_360' title='bbox 3157 2569 3353 2627; x_wconf 86' lang='lat' dir='ltr'><strong>Sancti</strong></span> <span class='ocrx_word' id='word_1_361' title='bbox 3385 2573 3596 2632; x_wconf 53' lang='lat' dir='ltr'><strong>Salvae.</strong></span> 
     </span>
    </p>
   </div>
   <div class='ocr_carea' id='block_1_56' title="bbox 1943 2651 3582 2727">
    <p class='ocr_par' dir='ltr' id='par_1_56' title="bbox 1943 2651 3582 2727">
     <span class='ocr_line' id='line_1_56' title="bbox 1943 2651 3582 2727; baseline 0.008 -21"><span class='ocrx_word' id='word_1_362' title='bbox 1943 2651 2085 2706; x_wconf 88' lang='lat' dir='ltr'><strong>toris</strong></span> <span class='ocrx_word' id='word_1_363' title='bbox 2109 2651 2165 2706; x_wconf 90' lang='lat' dir='ltr'><strong>in</strong></span> <span class='ocrx_word' id='word_1_364' title='bbox 2187 2651 2328 2706; x_wconf 90' lang='lat' dir='ltr'><strong>villa</strong></span> <span class='ocrx_word' id='word_1_365' title='bbox 2348 2653 2600 2714; x_wconf 84' lang='lat' dir='ltr'><strong>Racana,</strong></span> <span class='ocrx_word' id='word_1_366' title='bbox 2623 2651 2828 2708; x_wconf 88' lang='lat' dir='ltr'><strong>cellam</strong></span> <span class='ocrx_word' id='word_1_367' title='bbox 2864 2657 3084 2708; x_wconf 72' lang='lat' dir='ltr'><strong>Sanctae</strong></span> <span class='ocrx_word' id='word_1_368' title='bbox 3107 2655 3300 2713; x_wconf 60' lang='lat' dir='ltr'><strong>Mariae</strong></span> <span class='ocrx_word' id='word_1_369' title='bbox 3329 2660 3388 2715; x_wconf 91' lang='lat' dir='ltr'><strong>in</strong></span> <span class='ocrx_word' id='word_1_370' title='bbox 3412 2661 3582 2727; x_wconf 79' lang='lat' dir='ltr'><strong>Vale-</strong></span> 
     </span>
    </p>
   </div>
   <div class='ocr_carea' id='block_1_57' title="bbox 1943 2735 3588 2817">
    <p class='ocr_par' dir='ltr' id='par_1_57' title="bbox 1943 2735 3588 2817">
     <span class='ocr_line' id='line_1_57' title="bbox 1943 2735 3588 2817; baseline 0.009 -22"><span class='ocrx_word' id='word_1_371' title='bbox 1943 2741 2128 2808; x_wconf 88' lang='lat' dir='ltr'><strong>riano,</strong></span> <span class='ocrx_word' id='word_1_372' title='bbox 2164 2740 2462 2797; x_wconf 89' lang='lat' dir='ltr'><strong>curticella</strong></span> <span class='ocrx_word' id='word_1_373' title='bbox 2492 2741 2552 2796; x_wconf 93' lang='lat' dir='ltr'><strong>in</strong></span> <span class='ocrx_word' id='word_1_374' title='bbox 2584 2741 2879 2817; x_wconf 81' lang='lat' dir='ltr'><strong>Gartutule</strong></span> <span class='ocrx_word' id='word_1_375' title='bbox 2930 2760 3063 2798; x_wconf 91' lang='lat' dir='ltr'><strong>cum</strong></span> <span class='ocrx_word' id='word_1_376' title='bbox 3125 2750 3279 2802; x_wconf 90' lang='lat' dir='ltr'><strong>terra</strong></span> <span class='ocrx_word' id='word_1_377' title='bbox 3303 2753 3360 2804; x_wconf 92' lang='lat' dir='ltr'><strong>et</strong></span> <span class='ocrx_word' id='word_1_378' title='bbox 3415 2735 3588 2811; x_wconf 80' lang='lat' dir='ltr'><strong>vinea</strong></span> 
     </span>
    </p>
   </div>
   <div class='ocr_carea' id='block_1_58' title="bbox 1944 2831 3610 2903">
    <p class='ocr_par' dir='ltr' id='par_1_58' title="bbox 1944 2831 3610 2903">
     <span class='ocr_line' id='line_1_58' title="bbox 1944 2831 3610 2903; baseline 0.008 -18"><span class='ocrx_word' id='word_1_379' title='bbox 1944 2846 2074 2902; x_wconf 68' lang='lat' dir='ltr'><strong>quae</strong></span> <span class='ocrx_word' id='word_1_380' title='bbox 2107 2835 2196 2886; x_wconf 87' lang='lat' dir='ltr'><strong>est</strong></span> <span class='ocrx_word' id='word_1_381' title='bbox 2219 2848 2398 2903; x_wconf 90' lang='lat' dir='ltr'><strong>prope</strong></span> <span class='ocrx_word' id='word_1_382' title='bbox 2420 2831 2591 2886; x_wconf 87' lang='lat' dir='ltr'><strong>ﬂuvio</strong></span> <span class='ocrx_word' id='word_1_383' title='bbox 2621 2831 2870 2899; x_wconf 88' lang='lat' dir='ltr'><strong>Varano,</strong></span> <span class='ocrx_word' id='word_1_384' title='bbox 2894 2837 3115 2888; x_wconf 88' lang='lat' dir='ltr'><strong>curtem</strong></span> <span class='ocrx_word' id='word_1_385' title='bbox 3157 2835 3352 2894; x_wconf 89' lang='lat' dir='ltr'><strong>Sancti</strong></span> <span class='ocrx_word' id='word_1_386' title='bbox 3385 2840 3610 2900; x_wconf 54' lang='lat' dir='ltr'><strong>Salvaw.</strong></span> 
     </span>
    </p>
   </div>
   <div class='ocr_carea' id='block_1_59' title="bbox 1944 2919 3582 2993">
    <p class='ocr_par' dir='ltr' id='par_1_59' title="bbox 1944 2919 3582 2993">
     <span class='ocr_line' id='line_1_59' title="bbox 1944 2919 3582 2993; baseline 0.004 -20"><span class='ocrx_word' id='word_1_387' title='bbox 1944 2919 2086 2974; x_wconf 89' lang='lat' dir='ltr'><strong>toris</strong></span> <span class='ocrx_word' id='word_1_388' title='bbox 2130 2919 2187 2973; x_wconf 91' lang='lat' dir='ltr'><strong>in</strong></span> <span class='ocrx_word' id='word_1_389' title='bbox 2217 2919 2926 2993; x_wconf 84' lang='lat' dir='ltr'><strong>Campagnatico,curtem</strong></span> <span class='ocrx_word' id='word_1_390' title='bbox 2951 2921 3147 2977; x_wconf 89' lang='lat' dir='ltr'><strong>Sancti</strong></span> <span class='ocrx_word' id='word_1_391' title='bbox 3180 2924 3329 2981; x_wconf 89' lang='lat' dir='ltr'><strong>Petri</strong></span> <span class='ocrx_word' id='word_1_392' title='bbox 3360 2928 3420 2984; x_wconf 90' lang='lat' dir='ltr'><strong>in</strong></span> <span class='ocrx_word' id='word_1_393' title='bbox 3451 2928 3582 2986; x_wconf 51' lang='lat' dir='ltr'><strong>Ger.</strong></span> 
     </span>
    </p>
   </div>
   <div class='ocr_carea' id='block_1_60' title="bbox 1942 3008 3583 3084">
    <p class='ocr_par' dir='ltr' id='par_1_60' title="bbox 1942 3008 3583 3084">
     <span class='ocr_line' id='line_1_60' title="bbox 1942 3008 3583 3084; baseline 0.007 -20"><span class='ocrx_word' id='word_1_394' title='bbox 1942 3008 2194 3075; x_wconf 82' lang='lat' dir='ltr'><strong>varia,et</strong></span> <span class='ocrx_word' id='word_1_395' title='bbox 2211 3013 2436 3064; x_wconf 90' lang='lat' dir='ltr'><strong>curtem</strong></span> <span class='ocrx_word' id='word_1_396' title='bbox 2451 3009 2645 3064; x_wconf 86' lang='lat' dir='ltr'><strong>Sancti</strong></span> <span class='ocrx_word' id='word_1_397' title='bbox 2674 3009 2954 3082; x_wconf 90' lang='lat' dir='ltr'><strong>Stephani</strong></span> <span class='ocrx_word' id='word_1_398' title='bbox 2983 3010 3044 3066; x_wconf 91' lang='lat' dir='ltr'><strong>in</strong></span> <span class='ocrx_word' id='word_1_399' title='bbox 3075 3011 3583 3084; x_wconf 83' lang='lat' dir='ltr'><strong>Viniano,curtem</strong></span> 
     </span>
    </p>
   </div>
   <div class='ocr_carea' id='block_1_61' title="bbox 1943 3092 3584 3191">
    <p class='ocr_par' dir='ltr' id='par_1_61' title="bbox 1943 3092 3584 3191">
     <span class='ocr_line' id='line_1_61' title="bbox 1943 3092 3584 3191; baseline 0.008 -40"><span class='ocrx_word' id='word_1_400' title='bbox 1943 3097 2142 3158; x_wconf 89' lang='lat' dir='ltr'><strong>Sancti</strong></span> <span class='ocrx_word' id='word_1_401' title='bbox 2201 3098 2394 3155; x_wconf 86' lang='lat' dir='ltr'><strong>Severi</strong></span> <span class='ocrx_word' id='word_1_402' title='bbox 2424 3099 2482 3152; x_wconf 91' lang='lat' dir='ltr'><strong>in</strong></span> <span class='ocrx_word' id='word_1_403' title='bbox 2514 3098 2761 3155; x_wconf 85' lang='lat' dir='ltr'><strong>Paterna</strong></span> <span class='ocrx_word' id='word_1_404' title='bbox 2817 3115 2952 3155; x_wconf 91' lang='lat' dir='ltr'><strong>cum</strong></span> <span class='ocrx_word' id='word_1_405' title='bbox 3009 3117 3214 3175; x_wconf 88' lang='lat' dir='ltr'><strong>campo</strong></span> <span class='ocrx_word' id='word_1_406' title='bbox 3252 3092 3584 3191; x_wconf 69' lang='lat' dir='ltr'><strong>Albiniono,</strong></span> 
     </span>
    </p>
   </div>
   <div class='ocr_carea' id='block_1_62' title="bbox 1943 3183 3585 3258">
    <p class='ocr_par' dir='ltr' id='par_1_62' title="bbox 1943 3183 3585 3258">
     <span class='ocr_line' id='line_1_62' title="bbox 1943 3183 3585 3258; baseline 0.009 -17"><span class='ocrx_word' id='word_1_407' title='bbox 1943 3187 2240 3243; x_wconf 84' lang='lat' dir='ltr'><strong>curticella</strong></span> <span class='ocrx_word' id='word_1_408' title='bbox 2270 3204 2396 3258; x_wconf 71' lang='lat' dir='ltr'><strong>qua:</strong></span> <span class='ocrx_word' id='word_1_409' title='bbox 2430 3188 2767 3242; x_wconf 87' lang='lat' dir='ltr'><strong>nominatur</strong></span> <span class='ocrx_word' id='word_1_410' title='bbox 2793 3188 3084 3258; x_wconf 89' lang='lat' dir='ltr'><strong>Croscule,</strong></span> <span class='ocrx_word' id='word_1_411' title='bbox 3106 3196 3163 3247; x_wconf 91' lang='lat' dir='ltr'><strong>et</strong></span> <span class='ocrx_word' id='word_1_412' title='bbox 3185 3193 3498 3254; x_wconf 89' lang='lat' dir='ltr'><strong>Curticella</strong></span> <span class='ocrx_word' id='word_1_413' title='bbox 3515 3183 3585 3258; x_wconf 74' lang='lat' dir='ltr'><strong>in</strong></span> 
     </span>
    </p>
   </div>
   <div class='ocr_carea' id='block_1_63' title="bbox 1863 3254 3580 3354">
    <p class='ocr_par' dir='ltr' id='par_1_63' title="bbox 1863 3254 3580 3354">
     <span class='ocr_line' id='line_1_63' title="bbox 1863 3254 3580 3354; baseline 0.005 -19"><span class='ocrx_word' id='word_1_414' title='bbox 1863 3254 1906 3321; x_wconf 63' lang='grc' dir='ltr'><strong>δ</strong></span> <span class='ocrx_word' id='word_1_415' title='bbox 1944 3277 2289 3336; x_wconf 81' lang='lat' dir='ltr'><strong>Cursiniano</strong></span> <span class='ocrx_word' id='word_1_416' title='bbox 2321 3293 2454 3330; x_wconf 91' lang='lat' dir='ltr'><strong>cum</strong></span> <span class='ocrx_word' id='word_1_417' title='bbox 2484 3277 2759 3332; x_wconf 90' lang='lat' dir='ltr'><strong>omnibus</strong></span> <span class='ocrx_word' id='word_1_418' title='bbox 2788 3277 3155 3348; x_wconf 87' lang='lat' dir='ltr'><strong>pertinentiis</strong></span> <span class='ocrx_word' id='word_1_419' title='bbox 3169 3285 3224 3336; x_wconf 91' lang='lat' dir='ltr'><strong>et</strong></span> <span class='ocrx_word' id='word_1_420' title='bbox 3241 3267 3580 3354; x_wconf 25' lang='lat' dir='ltr'><strong>adjace‘ntiis&#39;</strong></span> 
     </span>
    </p>
   </div>
   <div class='ocr_carea' id='block_1_64' title="bbox 195 3364 3580 3462">
    <p class='ocr_par' dir='ltr' id='par_1_64' title="bbox 195 3364 3580 3462">
     <span class='ocr_line' id='line_1_64' title="bbox 195 3364 3580 3462; baseline 0.002 -41"><span class='ocrx_word' id='word_1_421' title='bbox 195 3373 512 3462; x_wconf 58' lang='grc' dir='ltr'><strong>εὴμοηναᾴέ</strong></span> <span class='ocrx_word' id='word_1_422' title='bbox 540 3372 1158 3462; x_wconf 40' lang='grc' dir='ltr'><strong>ΔΑᾳρρείξέξηζοφᾳὶη</strong></span> <span class='ocrx_word' id='word_1_423' title='bbox 1186 3390 1300 3462; x_wconf 12' lang='lat' dir='ltr'><strong>iq‘z&#39;to</strong></span> <span class='ocrx_word' id='word_1_424' title='bbox 1347 3380 1534 3462; x_wconf 40' lang='lat' dir='ltr'><strong>omnia</strong></span> <span class='ocrx_word' id='word_1_425' title='bbox 1582 3381 1717 3462; x_wconf 46' lang='grc' dir='ltr'><strong>λιιζα</strong></span> <span class='ocrx_word' id='word_1_426' title='bbox 1772 3401 1836 3462; x_wconf 54' lang='grc' dir='ltr'><strong>ηρ</strong></span> <span class='ocrx_word' id='word_1_427' title='bbox 1943 3364 2310 3462; x_wconf 63' lang='lat' dir='ltr'><strong>suis,cella_m</strong></span> <span class='ocrx_word' id='word_1_428' title='bbox 2333 3364 2530 3462; x_wconf 78' lang='lat' dir='ltr'><strong>Sancti</strong></span> <span class='ocrx_word' id='word_1_429' title='bbox 2555 3365 2706 3420; x_wconf 91' lang='lat' dir='ltr'><strong>Petri</strong></span> <span class='ocrx_word' id='word_1_430' title='bbox 2729 3364 2787 3462; x_wconf 69' lang='lat' dir='ltr'><strong>in</strong></span> <span class='ocrx_word' id='word_1_431' title='bbox 2809 3365 3038 3462; x_wconf 73' lang='lat' dir='ltr'><strong>Latera,</strong></span> <span class='ocrx_word' id='word_1_432' title='bbox 3059 3372 3116 3424; x_wconf 90' lang='lat' dir='ltr'><strong>et</strong></span> <span class='ocrx_word' id='word_1_433' title='bbox 3147 3368 3352 3462; x_wconf 84' lang='lat' dir='ltr'><strong>cellam</strong></span> <span class='ocrx_word' id='word_1_434' title='bbox 3383 3373 3580 3462; x_wconf 80' lang='lat' dir='ltr'><strong>Sancti</strong></span> 
     </span>
    </p>
   </div>
   <div class='ocr_carea' id='block_1_65' title="bbox 265 3443 1836 3514">
    <p class='ocr_par' dir='ltr' id='par_1_65' title="bbox 265 3443 1836 3514">
     <span class='ocr_line' id='line_1_65' title="bbox 265 3443 1836 3514; baseline 0.006 -13"><span class='ocrx_word' id='word_1_435' title='bbox 265 3449 407 3512; x_wconf 76' lang='lat' dir='ltr'><strong>bona</strong></span> <span class='ocrx_word' id='word_1_436' title='bbox 429 3443 715 3514; x_wconf 74' lang='lat' dir='ltr'><strong>conﬁrmat</strong></span> <span class='ocrx_word' id='word_1_437' title='bbox 746 3444 1040 3502; x_wconf 68' lang='lat' dir='ltr'><strong>Guim&#39;zmzi</strong></span> <span class='ocrx_word' id='word_1_438' title='bbox 1066 3443 1254 3500; x_wconf 66' lang='lat' dir='ltr'><strong>abbati</strong></span> <span class='ocrx_word' id='word_1_439' title='bbox 1294 3443 1617 3506; x_wconf 66' lang='lat' dir='ltr'><strong>monasterii</strong></span> <span class='ocrx_word' id='word_1_440' title='bbox 1649 3453 1836 3510; x_wconf 72' lang='lat' dir='ltr'><strong>Sancti</strong></span> 
     </span>
    </p>
   </div>
   <div class='ocr_carea' id='block_1_66' title="bbox 263 3507 1468 3578">
    <p class='ocr_par' dir='ltr' id='par_1_66' title="bbox 263 3507 1468 3578">
     <span class='ocr_line' id='line_1_66' title="bbox 263 3507 1468 3578; baseline -0.001 -2"><span class='ocrx_word' id='word_1_441' title='bbox 263 3507 563 3578; x_wconf 68' lang='lat' dir='ltr'><strong>Salva-toris</strong></span> <span class='ocrx_word' id='word_1_442' title='bbox 592 3519 653 3572; x_wconf 82' lang='lat' dir='ltr'><strong>in</strong></span> <span class='ocrx_word' id='word_1_443' title='bbox 680 3516 894 3572; x_wconf 83' lang='lat' dir='ltr'><strong>Amiate</strong></span> <span class='ocrx_word' id='word_1_444' title='bbox 915 3514 1150 3571; x_wconf 53' lang='lat' dir='ltr'><strong>Clusina</strong></span> <span class='ocrx_word' id='word_1_445' title='bbox 1170 3515 1468 3575; x_wconf 73' lang='lat' dir='ltr'><strong>diwceseos.</strong></span> 
     </span>
    </p>
   </div>
   <div class='ocr_carea' id='block_1_67' title="bbox 773 3614 1202 3686">
    <p class='ocr_par' dir='ltr' id='par_1_67' title="bbox 773 3614 1202 3686">
     <span class='ocr_line' id='line_1_67' title="bbox 773 3614 1202 3686; baseline -0.005 -16"><span class='ocrx_word' id='word_1_446' title='bbox 773 3676 776 3680; x_wconf 53' lang='grc'>,</span> <span class='ocrx_word' id='word_1_447' title='bbox 803 3614 989 3684; x_wconf 86' lang='lat' dir='ltr'><strong>(Anno</strong></span> <span class='ocrx_word' id='word_1_448' title='bbox 1023 3615 1202 3686; x_wconf 85' lang='grc'><strong>1027).</strong></span> 
     </span>
    </p>
   </div>
   <div class='ocr_carea' id='block_1_68' title="bbox 510 3703 1522 3782">
    <p class='ocr_par' dir='ltr' id='par_1_68' title="bbox 510 3703 1522 3782">
     <span class='ocr_line' id='line_1_68' title="bbox 510 3703 1522 3782; baseline 0 -20"><span class='ocrx_word' id='word_1_449' title='bbox 510 3703 856 3772; x_wconf 77' lang='lat' dir='ltr'><strong>[MunA&#39;rom,</strong></span> <span class='ocrx_word' id='word_1_450' title='bbox 883 3703 1060 3775; x_wconf 76' lang='lat' dir='ltr'><strong>Antiq.</strong></span> <span class='ocrx_word' id='word_1_451' title='bbox 1095 3705 1244 3776; x_wconf 84' lang='grc' dir='ltr'><strong>ιιαι.,</strong></span> <span class='ocrx_word' id='word_1_452' title='bbox 1276 3705 1338 3772; x_wconf 76' lang='grc' dir='ltr'><strong>ν,</strong></span> <span class='ocrx_word' id='word_1_453' title='bbox 1374 3707 1522 3782; x_wconf 61' lang='lat'><strong>4-59.]</strong></span> 
     </span>
    </p>
   </div>
   <div class='ocr_carea' id='block_1_69' title="bbox 252 3809 1829 3883">
    <p class='ocr_par' dir='ltr' id='par_1_69' title="bbox 252 3809 1829 3883">
     <span class='ocr_line' id='line_1_69' title="bbox 252 3809 1829 3883; baseline 0.004 -15"><span class='ocrx_word' id='word_1_454' title='bbox 252 3813 320 3868; x_wconf 92' lang='lat' dir='ltr'><strong>In</strong></span> <span class='ocrx_word' id='word_1_455' title='bbox 339 3809 579 3871; x_wconf 89' lang='lat' dir='ltr'><strong>nomine</strong></span> <span class='ocrx_word' id='word_1_456' title='bbox 598 3813 813 3868; x_wconf 55' lang='lat' dir='ltr'><strong>sanctis</strong></span> <span class='ocrx_word' id='word_1_457' title='bbox 835 3814 893 3866; x_wconf 90' lang='lat' dir='ltr'><strong>et</strong></span> <span class='ocrx_word' id='word_1_458' title='bbox 909 3809 1223 3868; x_wconf 83' lang='lat' dir='ltr'><strong>individuae</strong></span> <span class='ocrx_word' id='word_1_459' title='bbox 1242 3810 1568 3883; x_wconf 87' lang='lat' dir='ltr'><strong>Trinitatis,</strong></span> <span class='ocrx_word' id='word_1_460' title='bbox 1599 3816 1829 3875; x_wconf 60' lang='lat' dir='ltr'><strong>Cimone</strong></span> 
     </span>
    </p>
   </div>
   <div class='ocr_carea' id='block_1_70' title="bbox 181 3897 1823 3976">
    <p class='ocr_par' dir='ltr' id='par_1_70' title="bbox 181 3897 1823 3976">
     <span class='ocr_line' id='line_1_70' title="bbox 181 3897 1823 3976; baseline 0.001 -17"><span class='ocrx_word' id='word_1_461' title='bbox 181 3899 596 3968; x_wconf 40' lang='lat' dir='ltr'><strong>nanusglivina</strong></span> <span class='ocrx_word' id='word_1_462' title='bbox 607 3897 831 3956; x_wconf 86' lang='lat' dir='ltr'><strong>favente</strong></span> <span class='ocrx_word' id='word_1_463' title='bbox 847 3897 1823 3976; x_wconf 82' lang='lat' dir='ltr'><strong>clementia,imperatorAugustus.</strong></span> 
     </span>
    </p>
   </div>
   <div class='ocr_carea' id='block_1_71' title="bbox 250 3986 1828 4063">
    <p class='ocr_par' dir='ltr' id='par_1_71' title="bbox 250 3986 1828 4063">
     <span class='ocr_line' id='line_1_71' title="bbox 250 3986 1828 4063; baseline 0.003 -17"><span class='ocrx_word' id='word_1_464' title='bbox 250 3987 510 4061; x_wconf 86' lang='lat' dir='ltr'><strong>Dignum</strong></span> <span class='ocrx_word' id='word_1_465' title='bbox 537 3990 629 4045; x_wconf 86' lang='lat' dir='ltr'><strong>est</strong></span> <span class='ocrx_word' id='word_1_466' title='bbox 654 3986 855 4058; x_wconf 91' lang='lat' dir='ltr'><strong>ut,qui</strong></span> <span class='ocrx_word' id='word_1_467' title='bbox 886 3986 1203 4058; x_wconf 80' lang='lat' dir='ltr'><strong>prudenter</strong></span> <span class='ocrx_word' id='word_1_468' title='bbox 1237 3988 1333 4044; x_wconf 91' lang='lat' dir='ltr'><strong>Dei</strong></span> <span class='ocrx_word' id='word_1_469' title='bbox 1367 3990 1649 4063; x_wconf 89' lang='lat' dir='ltr'><strong>obsequia</strong></span> <span class='ocrx_word' id='word_1_470' title='bbox 1677 3995 1828 4051; x_wconf 90' lang='lat' dir='ltr'><strong>ordi-</strong></span> 
     </span>
    </p>
   </div>
   <div class='ocr_carea' id='block_1_72' title="bbox 180 4073 1824 4153">
    <p class='ocr_par' dir='ltr' id='par_1_72' title="bbox 180 4073 1824 4153">
     <span class='ocr_line' id='line_1_72' title="bbox 180 4073 1824 4153; baseline 0.002 -18"><span class='ocrx_word' id='word_1_471' title='bbox 180 4091 322 4135; x_wconf 87' lang='lat' dir='ltr'><strong>nare</strong></span> <span class='ocrx_word' id='word_1_472' title='bbox 353 4077 690 4146; x_wconf 77' lang='lat' dir='ltr'><strong>procurant,</strong></span> <span class='ocrx_word' id='word_1_473' title='bbox 715 4077 794 4142; x_wconf 87' lang='lat' dir='ltr'><strong>et,</strong></span> <span class='ocrx_word' id='word_1_474' title='bbox 826 4073 935 4132; x_wconf 89' lang='lat' dir='ltr'><strong>hoc</strong></span> <span class='ocrx_word' id='word_1_475' title='bbox 984 4074 1056 4129; x_wconf 88' lang='lat' dir='ltr'><strong>ad</strong></span> <span class='ocrx_word' id='word_1_476' title='bbox 1110 4075 1492 4136; x_wconf 85' lang='lat' dir='ltr'><strong>stabilitatem</strong></span> <span class='ocrx_word' id='word_1_477' title='bbox 1541 4086 1824 4153; x_wconf 88' lang='lat' dir='ltr'><strong>nostram,</strong></span> 
     </span>
    </p>
   </div>
   <div class='ocr_carea' id='block_1_73' title="bbox 179 4163 1824 4238">
    <p class='ocr_par' dir='ltr' id='par_1_73' title="bbox 179 4163 1824 4238">
     <span class='ocr_line' id='line_1_73' title="bbox 179 4163 1824 4238; baseline 0.005 -17"><span class='ocrx_word' id='word_1_478' title='bbox 179 4163 650 4225; x_wconf 80' lang='lat' dir='ltr'><strong>corroboratione</strong></span> <span class='ocrx_word' id='word_1_479' title='bbox 680 4163 1164 4224; x_wconf 80' lang='lat' dir='ltr'><strong>confirmaremus</strong></span> <span class='ocrx_word' id='word_1_480' title='bbox 1194 4173 1535 4238; x_wconf 83' lang='lat' dir='ltr'><strong>exposcunt,</strong></span> <span class='ocrx_word' id='word_1_481' title='bbox 1569 4175 1634 4224; x_wconf 92' lang='lat' dir='ltr'><strong>ut</strong></span> <span class='ocrx_word' id='word_1_482' title='bbox 1663 4177 1824 4230; x_wconf 87' lang='lat' dir='ltr'><strong>tanto</strong></span> 
     </span>
    </p>
   </div>
   <div class='ocr_carea' id='block_1_74' title="bbox 177 4251 1824 4332">
    <p class='ocr_par' dir='ltr' id='par_1_74' title="bbox 177 4251 1824 4332">
     <span class='ocr_line' id='line_1_74' title="bbox 177 4251 1824 4332; baseline 0.004 -18"><span class='ocrx_word' id='word_1_483' title='bbox 177 4252 460 4314; x_wconf 75' lang='lat' dir='ltr'><strong>libentius</strong></span> <span class='ocrx_word' id='word_1_484' title='bbox 490 4251 813 4312; x_wconf 78' lang='lat' dir='ltr'><strong>obaudiunt</strong></span> <span class='ocrx_word' id='word_1_485' title='bbox 833 4256 1053 4324; x_wconf 89' lang='lat' dir='ltr'><strong>quanto</strong></span> <span class='ocrx_word' id='word_1_486' title='bbox 1076 4252 1192 4309; x_wconf 91' lang='lat' dir='ltr'><strong>Deo</strong></span> <span class='ocrx_word' id='word_1_487' title='bbox 1214 4254 1824 4332; x_wconf 85' lang='lat' dir='ltr'><strong>placitaintelligimus</strong></span> 
     </span>
    </p>
   </div>
   <div class='ocr_carea' id='block_1_75' title="bbox 175 4340 1822 4414">
    <p class='ocr_par' dir='ltr' id='par_1_75' title="bbox 175 4340 1822 4414">
     <span class='ocr_line' id='line_1_75' title="bbox 175 4340 1822 4414; baseline 0.004 -14"><span class='ocrx_word' id='word_1_488' title='bbox 175 4346 233 4400; x_wconf 86' lang='lat' dir='ltr'><strong>et</strong></span> <span class='ocrx_word' id='word_1_489' title='bbox 261 4341 593 4414; x_wconf 79' lang='lat' dir='ltr'><strong>prudentia,</strong></span> <span class='ocrx_word' id='word_1_490' title='bbox 625 4340 742 4400; x_wconf 88' lang='lat' dir='ltr'><strong>Deo</strong></span> <span class='ocrx_word' id='word_1_491' title='bbox 772 4344 1129 4412; x_wconf 88' lang='lat' dir='ltr'><strong>protegente,</strong></span> <span class='ocrx_word' id='word_1_492' title='bbox 1163 4342 1314 4400; x_wconf 92' lang='lat' dir='ltr'><strong>bono</strong></span> <span class='ocrx_word' id='word_1_493' title='bbox 1344 4346 1538 4402; x_wconf 84' lang='lat' dir='ltr'><strong>studio</strong></span> <span class='ocrx_word' id='word_1_494' title='bbox 1569 4349 1641 4404; x_wconf 89' lang='lat' dir='ltr'><strong>ad</strong></span> <span class='ocrx_word' id='word_1_495' title='bbox 1688 4352 1822 4408; x_wconf 71' lang='lat' dir='ltr'><strong>etre-</strong></span> 
     </span>
    </p>
   </div>
   <div class='ocr_carea' id='block_1_76' title="bbox 173 4430 1823 4506">
    <p class='ocr_par' dir='ltr' id='par_1_76' title="bbox 173 4430 1823 4506">
     <span class='ocr_line' id='line_1_76' title="bbox 173 4430 1823 4506; baseline 0.007 -22"><span class='ocrx_word' id='word_1_496' title='bbox 173 4433 336 4491; x_wconf 81' lang='lat' dir='ltr'><strong>ctum</strong></span> <span class='ocrx_word' id='word_1_497' title='bbox 363 4430 677 4506; x_wconf 82' lang='lat' dir='ltr'><strong>perducere</strong></span> <span class='ocrx_word' id='word_1_498' title='bbox 697 4430 1159 4501; x_wconf 84' lang='lat' dir='ltr'><strong>procuravimus.</strong></span> <span class='ocrx_word' id='word_1_499' title='bbox 1184 4433 1369 4505; x_wconf 89' lang='lat' dir='ltr'><strong>Igitur</strong></span> <span class='ocrx_word' id='word_1_500' title='bbox 1388 4436 1654 4494; x_wconf 89' lang='lat' dir='ltr'><strong>omnium</strong></span> <span class='ocrx_word' id='word_1_501' title='bbox 1685 4440 1823 4496; x_wconf 86' lang='lat' dir='ltr'><strong>ﬁde-</strong></span> 
     </span>
    </p>
   </div>
   <div class='ocr_carea' id='block_1_77' title="bbox 171 4515 1819 4596">
    <p class='ocr_par' dir='ltr' id='par_1_77' title="bbox 171 4515 1819 4596">
     <span class='ocr_line' id='line_1_77' title="bbox 171 4515 1819 4596; baseline 0.006 -22"><span class='ocrx_word' id='word_1_502' title='bbox 171 4515 320 4578; x_wconf 88' lang='lat' dir='ltr'><strong>lium</strong></span> <span class='ocrx_word' id='word_1_503' title='bbox 336 4521 550 4580; x_wconf 64' lang='lat' dir='ltr'><strong>sancta:</strong></span> <span class='ocrx_word' id='word_1_504' title='bbox 573 4517 674 4574; x_wconf 91' lang='lat' dir='ltr'><strong>Dei</strong></span> <span class='ocrx_word' id='word_1_505' title='bbox 700 4516 969 4580; x_wconf 62' lang='lat' dir='ltr'><strong>Ecclesia</strong></span> <span class='ocrx_word' id='word_1_506' title='bbox 993 4536 1058 4574; x_wconf 88' lang='lat' dir='ltr'><strong>ac</strong></span> <span class='ocrx_word' id='word_1_507' title='bbox 1080 4524 1436 4591; x_wconf 88' lang='lat' dir='ltr'><strong>nostrorum,</strong></span> <span class='ocrx_word' id='word_1_508' title='bbox 1455 4528 1819 4596; x_wconf 64' lang='lat' dir='ltr'><strong>praesertium</strong></span> 
     </span>
    </p>
   </div>
   <div class='ocr_carea' id='block_1_78' title="bbox 1943 3453 3580 3525">
    <p class='ocr_par' dir='ltr' id='par_1_78' title="bbox 1943 3453 3580 3525">
     <span class='ocr_line' id='line_1_78' title="bbox 1943 3453 3580 3525; baseline 0.005 -15"><span class='ocrx_word' id='word_1_509' title='bbox 1943 3454 2092 3514; x_wconf 88' lang='lat' dir='ltr'><strong>Petri</strong></span> <span class='ocrx_word' id='word_1_510' title='bbox 2122 3454 2179 3509; x_wconf 91' lang='lat' dir='ltr'><strong>in</strong></span> <span class='ocrx_word' id='word_1_511' title='bbox 2215 3453 2543 3510; x_wconf 86' lang='lat' dir='ltr'><strong>Garmarita</strong></span> <span class='ocrx_word' id='word_1_512' title='bbox 2571 3469 2704 3516; x_wconf 88' lang='lat' dir='ltr'><strong>cum</strong></span> <span class='ocrx_word' id='word_1_513' title='bbox 2744 3454 2954 3508; x_wconf 86' lang='lat' dir='ltr'><strong>Sancto</strong></span> <span class='ocrx_word' id='word_1_514' title='bbox 3010 3457 3342 3525; x_wconf 83' lang='lat' dir='ltr'><strong>Anastasio,</strong></span> <span class='ocrx_word' id='word_1_515' title='bbox 3374 3461 3580 3519; x_wconf 88' lang='lat' dir='ltr'><strong>cellam</strong></span> 
     </span>
    </p>
   </div>
   <div class='ocr_carea' id='block_1_79' title="bbox 1941 3541 3578 3620">
    <p class='ocr_par' dir='ltr' id='par_1_79' title="bbox 1941 3541 3578 3620">
     <span class='ocr_line' id='line_1_79' title="bbox 1941 3541 3578 3620; baseline 0.004 -20"><span class='ocrx_word' id='word_1_516' title='bbox 1941 3544 2134 3600; x_wconf 88' lang='lat' dir='ltr'><strong>Sancti</strong></span> <span class='ocrx_word' id='word_1_517' title='bbox 2161 3541 2376 3607; x_wconf 89' lang='lat' dir='ltr'><strong>Savini,</strong></span> <span class='ocrx_word' id='word_1_518' title='bbox 2396 3547 2454 3597; x_wconf 91' lang='lat' dir='ltr'><strong>et</strong></span> <span class='ocrx_word' id='word_1_519' title='bbox 2476 3543 2700 3597; x_wconf 67' lang='lat' dir='ltr'><strong>Sanctae</strong></span> <span class='ocrx_word' id='word_1_520' title='bbox 2741 3543 3132 3611; x_wconf 64' lang='lat' dir='ltr'><strong>Restitutm,et</strong></span> <span class='ocrx_word' id='word_1_521' title='bbox 3160 3548 3352 3602; x_wconf 90' lang='lat' dir='ltr'><strong>Sancti</strong></span> <span class='ocrx_word' id='word_1_522' title='bbox 3404 3549 3578 3620; x_wconf 89' lang='lat' dir='ltr'><strong>Petri,</strong></span> 
     </span>
    </p>
   </div>
   <div class='ocr_carea' id='block_1_80' title="bbox 1940 3631 3577 3704">
    <p class='ocr_par' dir='ltr' id='par_1_80' title="bbox 1940 3631 3577 3704">
     <span class='ocr_line' id='line_1_80' title="bbox 1940 3631 3577 3704; baseline 0.002 -14"><span class='ocrx_word' id='word_1_523' title='bbox 1940 3639 1996 3690; x_wconf 91' lang='lat' dir='ltr'><strong>et</strong></span> <span class='ocrx_word' id='word_1_524' title='bbox 2016 3632 2212 3689; x_wconf 90' lang='lat' dir='ltr'><strong>Sancti</strong></span> <span class='ocrx_word' id='word_1_525' title='bbox 2228 3631 2507 3704; x_wconf 89' lang='lat' dir='ltr'><strong>Stephani</strong></span> <span class='ocrx_word' id='word_1_526' title='bbox 2529 3631 2589 3686; x_wconf 90' lang='lat' dir='ltr'><strong>in</strong></span> <span class='ocrx_word' id='word_1_527' title='bbox 2609 3631 2924 3704; x_wconf 90' lang='lat' dir='ltr'><strong>Terquino,</strong></span> <span class='ocrx_word' id='word_1_528' title='bbox 2945 3632 3150 3689; x_wconf 88' lang='lat' dir='ltr'><strong>cellam</strong></span> <span class='ocrx_word' id='word_1_529' title='bbox 3181 3636 3406 3692; x_wconf 69' lang='lat' dir='ltr'><strong>Sanctae</strong></span> <span class='ocrx_word' id='word_1_530' title='bbox 3461 3643 3577 3697; x_wconf 83' lang='lat' dir='ltr'><strong>Ma-</strong></span> 
     </span>
    </p>
   </div>
   <div class='ocr_carea' id='block_1_81' title="bbox 1939 3720 3580 3800">
    <p class='ocr_par' dir='ltr' id='par_1_81' title="bbox 1939 3720 3580 3800">
     <span class='ocr_line' id='line_1_81' title="bbox 1939 3720 3580 3800; baseline 0.004 -22"><span class='ocrx_word' id='word_1_531' title='bbox 1939 3724 2035 3780; x_wconf 80' lang='lat' dir='ltr'><strong>riae</strong></span> <span class='ocrx_word' id='word_1_532' title='bbox 2068 3723 2127 3777; x_wconf 91' lang='lat' dir='ltr'><strong>in</strong></span> <span class='ocrx_word' id='word_1_533' title='bbox 2158 3720 2404 3793; x_wconf 88' lang='lat' dir='ltr'><strong>Cognitu</strong></span> <span class='ocrx_word' id='word_1_534' title='bbox 2453 3737 2556 3792; x_wconf 91' lang='lat' dir='ltr'><strong>per</strong></span> <span class='ocrx_word' id='word_1_535' title='bbox 2595 3720 2722 3776; x_wconf 92' lang='lat' dir='ltr'><strong>loca</strong></span> <span class='ocrx_word' id='word_1_536' title='bbox 2770 3720 3094 3794; x_wconf 88' lang='lat' dir='ltr'><strong>designata.</strong></span> <span class='ocrx_word' id='word_1_537' title='bbox 3129 3723 3208 3779; x_wconf 92' lang='lat' dir='ltr'><strong>De</strong></span> <span class='ocrx_word' id='word_1_538' title='bbox 3257 3742 3375 3781; x_wconf 90' lang='lat' dir='ltr'><strong>una</strong></span> <span class='ocrx_word' id='word_1_539' title='bbox 3418 3733 3580 3800; x_wconf 88' lang='lat' dir='ltr'><strong>parte</strong></span> 
     </span>
    </p>
   </div>
   <div class='ocr_carea' id='block_1_82' title="bbox 1939 3807 3580 3887">
    <p class='ocr_par' dir='ltr' id='par_1_82' title="bbox 1939 3807 3580 3887">
     <span class='ocr_line' id='line_1_82' title="bbox 1939 3807 3580 3887; baseline 0.002 -19"><span class='ocrx_word' id='word_1_540' title='bbox 1939 3814 2067 3885; x_wconf 89' lang='lat' dir='ltr'><strong>ripa</strong></span> <span class='ocrx_word' id='word_1_541' title='bbox 2099 3827 2231 3866; x_wconf 92' lang='lat' dir='ltr'><strong>cum</strong></span> <span class='ocrx_word' id='word_1_542' title='bbox 2255 3809 2441 3876; x_wconf 84' lang='lat' dir='ltr'><strong>Petra,</strong></span> <span class='ocrx_word' id='word_1_543' title='bbox 2463 3825 2589 3882; x_wconf 84' lang='lat' dir='ltr'><strong>quae</strong></span> <span class='ocrx_word' id='word_1_544' title='bbox 2616 3807 2802 3864; x_wconf 89' lang='lat' dir='ltr'><strong>divisa</strong></span> <span class='ocrx_word' id='word_1_545' title='bbox 2823 3814 2911 3865; x_wconf 89' lang='lat' dir='ltr'><strong>est</strong></span> <span class='ocrx_word' id='word_1_546' title='bbox 2931 3827 2965 3865; x_wconf 93' lang='lat' dir='ltr'><strong>a</strong></span> <span class='ocrx_word' id='word_1_547' title='bbox 2995 3809 3139 3880; x_wconf 87' lang='lat' dir='ltr'><strong>ripa.</strong></span> <span class='ocrx_word' id='word_1_548' title='bbox 3163 3811 3242 3868; x_wconf 94' lang='lat' dir='ltr'><strong>De</strong></span> <span class='ocrx_word' id='word_1_549' title='bbox 3273 3812 3387 3868; x_wconf 86' lang='lat' dir='ltr'><strong>alia</strong></span> <span class='ocrx_word' id='word_1_550' title='bbox 3413 3819 3580 3887; x_wconf 87' lang='lat' dir='ltr'><strong>parte</strong></span> 
     </span>
    </p>
   </div>
   <div class='ocr_carea' id='block_1_83' title="bbox 1935 3897 3578 3972">
    <p class='ocr_par' dir='ltr' id='par_1_83' title="bbox 1935 3897 3578 3972">
     <span class='ocr_line' id='line_1_83' title="bbox 1935 3897 3578 3972; baseline 0.002 -15"><span class='ocrx_word' id='word_1_551' title='bbox 1935 3901 2053 3957; x_wconf 89' lang='lat' dir='ltr'><strong>vita</strong></span> <span class='ocrx_word' id='word_1_552' title='bbox 2072 3898 2468 3972; x_wconf 70' lang='lat' dir='ltr'><strong>publica,qua3</strong></span> <span class='ocrx_word' id='word_1_553' title='bbox 2512 3897 2668 3951; x_wconf 86' lang='lat' dir='ltr'><strong>venit</strong></span> <span class='ocrx_word' id='word_1_554' title='bbox 2697 3913 2799 3968; x_wconf 90' lang='lat' dir='ltr'><strong>per</strong></span> <span class='ocrx_word' id='word_1_555' title='bbox 2818 3902 3068 3969; x_wconf 88' lang='lat' dir='ltr'><strong>portam,</strong></span> <span class='ocrx_word' id='word_1_556' title='bbox 3106 3905 3162 3955; x_wconf 87' lang='lat' dir='ltr'><strong>et</strong></span> <span class='ocrx_word' id='word_1_557' title='bbox 3192 3906 3349 3958; x_wconf 89' lang='lat' dir='ltr'><strong>terra</strong></span> <span class='ocrx_word' id='word_1_558' title='bbox 3367 3903 3578 3960; x_wconf 85' lang='lat' dir='ltr'><strong>Azonis</strong></span> 
     </span>
    </p>
   </div>
   <div class='ocr_carea' id='block_1_84' title="bbox 1937 3980 3577 4060">
    <p class='ocr_par' dir='ltr' id='par_1_84' title="bbox 1937 3980 3577 4060">
     <span class='ocr_line' id='line_1_84' title="bbox 1937 3980 3577 4060; baseline 0.001 -15"><span class='ocrx_word' id='word_1_559' title='bbox 1937 3989 2040 4046; x_wconf 86' lang='lat' dir='ltr'><strong>ﬁlii</strong></span> <span class='ocrx_word' id='word_1_560' title='bbox 2074 3986 2244 4044; x_wconf 89' lang='lat' dir='ltr'><strong>Benzi</strong></span> <span class='ocrx_word' id='word_1_561' title='bbox 2275 4002 2411 4041; x_wconf 91' lang='lat' dir='ltr'><strong>cum</strong></span> <span class='ocrx_word' id='word_1_562' title='bbox 2443 3985 2569 4040; x_wconf 90' lang='lat' dir='ltr'><strong>suis</strong></span> <span class='ocrx_word' id='word_1_563' title='bbox 2619 3986 3010 4042; x_wconf 89' lang='lat' dir='ltr'><strong>consortibus.</strong></span> <span class='ocrx_word' id='word_1_564' title='bbox 3047 3991 3126 4044; x_wconf 92' lang='lat' dir='ltr'><strong>De</strong></span> <span class='ocrx_word' id='word_1_565' title='bbox 3180 3994 3391 4060; x_wconf 86' lang='lat' dir='ltr'><strong>quarta</strong></span> <span class='ocrx_word' id='word_1_566' title='bbox 3446 3980 3577 4048; x_wconf 86' lang='lat' dir='ltr'><strong>vero</strong></span> 
     </span>
    </p>
   </div>
   <div class='ocr_carea' id='block_1_85' title="bbox 1936 4061 3578 4152">
    <p class='ocr_par' dir='ltr' id='par_1_85' title="bbox 1936 4061 3578 4152">
     <span class='ocr_line' id='line_1_85' title="bbox 1936 4061 3578 4152; baseline 0.004 -18"><span class='ocrx_word' id='word_1_567' title='bbox 1936 4083 2099 4152; x_wconf 87' lang='lat' dir='ltr'><strong>parte</strong></span> <span class='ocrx_word' id='word_1_568' title='bbox 2128 4081 2218 4133; x_wconf 91' lang='lat' dir='ltr'><strong>est</strong></span> <span class='ocrx_word' id='word_1_569' title='bbox 2249 4081 2422 4145; x_wconf 88' lang='lat' dir='ltr'><strong>terra,</strong></span> <span class='ocrx_word' id='word_1_570' title='bbox 2447 4073 2549 4129; x_wconf 79' lang='lat' dir='ltr'><strong>filii</strong></span> <span class='ocrx_word' id='word_1_571' title='bbox 2580 4073 2800 4130; x_wconf 91' lang='lat' dir='ltr'><strong>Alonis.</strong></span> <span class='ocrx_word' id='word_1_572' title='bbox 2822 4075 2900 4131; x_wconf 86' lang='lat' dir='ltr'><strong>Ea</strong></span> <span class='ocrx_word' id='word_1_573' title='bbox 2931 4075 3200 4134; x_wconf 86' lang='lat' dir='ltr'><strong>videlicet</strong></span> <span class='ocrx_word' id='word_1_574' title='bbox 3233 4061 3455 4136; x_wconf 82' lang='lat' dir='ltr'><strong>ratione</strong></span> <span class='ocrx_word' id='word_1_575' title='bbox 3514 4087 3578 4141; x_wconf 81' lang='lat' dir='ltr'><strong>ut</strong></span> 
     </span>
    </p>
   </div>
   <div class='ocr_carea' id='block_1_86' title="bbox 1936 4153 3576 4240">
    <p class='ocr_par' dir='ltr' id='par_1_86' title="bbox 1936 4153 3576 4240">
     <span class='ocr_line' id='line_1_86' title="bbox 1936 4153 3576 4240; baseline 0 -15"><span class='ocrx_word' id='word_1_576' title='bbox 1936 4169 2008 4225; x_wconf 87' lang='lat' dir='ltr'><strong>ab</strong></span> <span class='ocrx_word' id='word_1_577' title='bbox 2039 4167 2148 4222; x_wconf 90' lang='lat' dir='ltr'><strong>hac</strong></span> <span class='ocrx_word' id='word_1_578' title='bbox 2169 4166 2226 4220; x_wconf 87' lang='lat' dir='ltr'><strong>in</strong></span> <span class='ocrx_word' id='word_1_579' title='bbox 2260 4165 2522 4220; x_wconf 84' lang='lat' dir='ltr'><strong>futurum</strong></span> <span class='ocrx_word' id='word_1_580' title='bbox 2555 4163 2828 4236; x_wconf 72' lang='lat' dir='ltr'><strong>praedicta</strong></span> <span class='ocrx_word' id='word_1_581' title='bbox 2854 4169 3055 4222; x_wconf 89' lang='lat' dir='ltr'><strong>sancta</strong></span> <span class='ocrx_word' id='word_1_582' title='bbox 3085 4153 3454 4240; x_wconf 84' lang='lat' dir='ltr'><strong>congregatio</strong></span> <span class='ocrx_word' id='word_1_583' title='bbox 3485 4169 3576 4225; x_wconf 90' lang='lat' dir='ltr'><strong>his</strong></span> 
     </span>
    </p>
   </div>
   <div class='ocr_carea' id='block_1_87' title="bbox 1934 4240 3576 4314">
    <p class='ocr_par' dir='ltr' id='par_1_87' title="bbox 1934 4240 3576 4314">
     <span class='ocr_line' id='line_1_87' title="bbox 1934 4240 3576 4314; baseline 0.001 -2"><span class='ocrx_word' id='word_1_584' title='bbox 1934 4256 2209 4314; x_wconf 89' lang='lat' dir='ltr'><strong>omnibus</strong></span> <span class='ocrx_word' id='word_1_585' title='bbox 2240 4253 2630 4309; x_wconf 81' lang='lat' dir='ltr'><strong>denominatis</strong></span> <span class='ocrx_word' id='word_1_586' title='bbox 2661 4251 2888 4310; x_wconf 90' lang='lat' dir='ltr'><strong>cellulis</strong></span> <span class='ocrx_word' id='word_1_587' title='bbox 2910 4258 2966 4309; x_wconf 92' lang='lat' dir='ltr'><strong>et</strong></span> <span class='ocrx_word' id='word_1_588' title='bbox 2992 4254 3255 4310; x_wconf 87' lang='lat' dir='ltr'><strong>curtibus</strong></span> <span class='ocrx_word' id='word_1_589' title='bbox 3287 4272 3418 4310; x_wconf 89' lang='lat' dir='ltr'><strong>cum</strong></span> <span class='ocrx_word' id='word_1_590' title='bbox 3451 4240 3576 4313; x_wconf 80' lang='lat' dir='ltr'><strong>suis</strong></span> 
     </span>
    </p>
   </div>
   <div class='ocr_carea' id='block_1_88' title="bbox 1934 4341 3574 4418">
    <p class='ocr_par' dir='ltr' id='par_1_88' title="bbox 1934 4341 3574 4418">
     <span class='ocr_line' id='line_1_88' title="bbox 1934 4341 3574 4418; baseline 0.001 -16"><span class='ocrx_word' id='word_1_591' title='bbox 1934 4345 2207 4402; x_wconf 90' lang='lat' dir='ltr'><strong>omnibus</strong></span> <span class='ocrx_word' id='word_1_592' title='bbox 2266 4341 2630 4415; x_wconf 88' lang='lat' dir='ltr'><strong>pertinentiis</strong></span> <span class='ocrx_word' id='word_1_593' title='bbox 2671 4347 2728 4398; x_wconf 90' lang='lat' dir='ltr'><strong>et</strong></span> <span class='ocrx_word' id='word_1_594' title='bbox 2770 4342 3134 4415; x_wconf 84' lang='lat' dir='ltr'><strong>adjacentiis,</strong></span> <span class='ocrx_word' id='word_1_595' title='bbox 3168 4347 3574 4418; x_wconf 69' lang='lat' dir='ltr'><strong>tantummodo</strong></span> 
     </span>
    </p>
   </div>
   <div class='ocr_carea' id='block_1_89' title="bbox 1933 4430 3574 4506">
    <p class='ocr_par' dir='ltr' id='par_1_89' title="bbox 1933 4430 3574 4506">
     <span class='ocr_line' id='line_1_89' title="bbox 1933 4430 3574 4506; baseline 0 -14"><span class='ocrx_word' id='word_1_596' title='bbox 1933 4436 2057 4492; x_wconf 89' lang='lat' dir='ltr'><strong>suis</strong></span> <span class='ocrx_word' id='word_1_597' title='bbox 2089 4432 2442 4488; x_wconf 88' lang='lat' dir='ltr'><strong>utilitatibus</strong></span> <span class='ocrx_word' id='word_1_598' title='bbox 2471 4430 2773 4497; x_wconf 81' lang='lat' dir='ltr'><strong>habentes,</strong></span> <span class='ocrx_word' id='word_1_599' title='bbox 2804 4431 3022 4487; x_wconf 90' lang='lat' dir='ltr'><strong>victum</strong></span> <span class='ocrx_word' id='word_1_600' title='bbox 3052 4433 3450 4506; x_wconf 87' lang='lat' dir='ltr'><strong>vestitumque</strong></span> <span class='ocrx_word' id='word_1_601' title='bbox 3482 4453 3574 4493; x_wconf 89' lang='lat' dir='ltr'><strong>re-</strong></span> 
     </span>
    </p>
   </div>
   <div class='ocr_carea' id='block_1_90' title="bbox 1930 4518 3572 4596">
    <p class='ocr_par' dir='ltr' id='par_1_90' title="bbox 1930 4518 3572 4596">
     <span class='ocr_line' id='line_1_90' title="bbox 1930 4518 3572 4596; baseline 0.001 -18"><span class='ocrx_word' id='word_1_602' title='bbox 1930 4521 2209 4596; x_wconf 88' lang='lat' dir='ltr'><strong>gulariter</strong></span> <span class='ocrx_word' id='word_1_603' title='bbox 2239 4522 2538 4574; x_wconf 89' lang='lat' dir='ltr'><strong>sumentes</strong></span> <span class='ocrx_word' id='word_1_604' title='bbox 2570 4520 2642 4573; x_wconf 89' lang='lat' dir='ltr'><strong>ab</strong></span> <span class='ocrx_word' id='word_1_605' title='bbox 2691 4518 2812 4573; x_wconf 91' lang='lat' dir='ltr'><strong>ulla</strong></span> <span class='ocrx_word' id='word_1_606' title='bbox 2859 4519 3157 4589; x_wconf 86' lang='lat' dir='ltr'><strong>dilatione,</strong></span> <span class='ocrx_word' id='word_1_607' title='bbox 3195 4522 3572 4580; x_wconf 88' lang='lat' dir='ltr'><strong>solummodo</strong></span> 
     </span>
    </p>
   </div>
   <div class='ocr_carea' id='block_1_91' title="bbox 170 4605 3571 4690">
    <p class='ocr_par' dir='ltr' id='par_1_91' title="bbox 170 4605 3571 4690">
     <span class='ocr_line' id='line_1_91' title="bbox 170 4605 3571 4690; baseline 0.001 -28"><span class='ocrx_word' id='word_1_608' title='bbox 170 4605 394 4668; x_wconf 78' lang='lat' dir='ltr'><strong>scilicet</strong></span> <span class='ocrx_word' id='word_1_609' title='bbox 413 4609 471 4668; x_wconf 83' lang='lat' dir='ltr'><strong>et</strong></span> <span class='ocrx_word' id='word_1_610' title='bbox 491 4605 844 4674; x_wconf 83' lang='lat' dir='ltr'><strong>futurorum,</strong></span> <span class='ocrx_word' id='word_1_611' title='bbox 868 4609 1186 4680; x_wconf 89' lang='lat' dir='ltr'><strong>comperiat</strong></span> <span class='ocrx_word' id='word_1_612' title='bbox 1216 4610 1452 4668; x_wconf 86' lang='lat' dir='ltr'><strong>solertia</strong></span> <span class='ocrx_word' id='word_1_613' title='bbox 1481 4614 1639 4686; x_wconf 89' lang='lat' dir='ltr'><strong>quia,</strong></span> <span class='ocrx_word' id='word_1_614' title='bbox 1675 4617 1817 4673; x_wconf 91' lang='lat' dir='ltr'><strong>dum</strong></span> <span class='ocrx_word' id='word_1_615' title='bbox 1848 4625 1896 4690; x_wconf 82' lang='lat' dir='ltr'><strong>D</strong></span> <span class='ocrx_word' id='word_1_616' title='bbox 1927 4610 2141 4670; x_wconf 89' lang='lat' dir='ltr'><strong>divinis</strong></span> <span class='ocrx_word' id='word_1_617' title='bbox 2172 4608 2265 4664; x_wconf 91' lang='lat' dir='ltr'><strong>die</strong></span> <span class='ocrx_word' id='word_1_618' title='bbox 2313 4611 2605 4678; x_wconf 90' lang='lat' dir='ltr'><strong>noctuque</strong></span> <span class='ocrx_word' id='word_1_619' title='bbox 2651 4607 2968 4678; x_wconf 90' lang='lat' dir='ltr'><strong>persistant</strong></span> <span class='ocrx_word' id='word_1_620' title='bbox 3013 4609 3330 4680; x_wconf 91' lang='lat' dir='ltr'><strong>obsequiis,</strong></span> <span class='ocrx_word' id='word_1_621' title='bbox 3365 4627 3429 4665; x_wconf 90' lang='lat' dir='ltr'><strong>ac</strong></span> <span class='ocrx_word' id='word_1_622' title='bbox 3466 4628 3571 4682; x_wconf 90' lang='lat' dir='ltr'><strong>pro</strong></span> 
     </span>
    </p>
   </div>
   <div class='ocr_carea' id='block_1_92' title="bbox 167 4692 1813 4771">
    <p class='ocr_par' dir='ltr' id='par_1_92' title="bbox 167 4692 1813 4771">
     <span class='ocr_line' id='line_1_92' title="bbox 167 4692 1813 4771; baseline 0.003 -15"><span class='ocrx_word' id='word_1_623' title='bbox 167 4709 274 4756; x_wconf 81' lang='lat' dir='ltr'><strong>nos</strong></span> <span class='ocrx_word' id='word_1_624' title='bbox 304 4693 516 4771; x_wconf 79' lang='lat' dir='ltr'><strong>dilecto</strong></span> <span class='ocrx_word' id='word_1_625' title='bbox 548 4692 706 4750; x_wconf 81' lang='lat' dir='ltr'><strong>ﬁdeli</strong></span> <span class='ocrx_word' id='word_1_626' title='bbox 735 4699 934 4758; x_wconf 86' lang='lat' dir='ltr'><strong>nostro</strong></span> <span class='ocrx_word' id='word_1_627' title='bbox 969 4696 1275 4754; x_wconf 87' lang='lat' dir='ltr'><strong>Guinizoni</strong></span> <span class='ocrx_word' id='word_1_628' title='bbox 1307 4699 1506 4756; x_wconf 86' lang='lat' dir='ltr'><strong>abbati</strong></span> <span class='ocrx_word' id='word_1_629' title='bbox 1555 4701 1813 4761; x_wconf 68' lang='lat' dir='ltr'><strong>Caenobii</strong></span> 
     </span>
    </p>
   </div>
   <div class='ocr_carea' id='block_1_93' title="bbox 170 4780 1808 4858">
    <p class='ocr_par' dir='ltr' id='par_1_93' title="bbox 170 4780 1808 4858">
     <span class='ocr_line' id='line_1_93' title="bbox 170 4780 1808 4858; baseline 0.007 -20"><span class='ocrx_word' id='word_1_630' title='bbox 170 4780 401 4844; x_wconf 73' lang='lat' dir='ltr'><strong>Domini</strong></span> <span class='ocrx_word' id='word_1_631' title='bbox 421 4784 479 4842; x_wconf 84' lang='lat' dir='ltr'><strong>et</strong></span> <span class='ocrx_word' id='word_1_632' title='bbox 498 4780 890 4840; x_wconf 81' lang='lat' dir='ltr'><strong>Salvatorisin</strong></span> <span class='ocrx_word' id='word_1_633' title='bbox 917 4789 1115 4840; x_wconf 89' lang='lat' dir='ltr'><strong>monte</strong></span> <span class='ocrx_word' id='word_1_634' title='bbox 1145 4785 1373 4848; x_wconf 82' lang='lat' dir='ltr'><strong>Amiate</strong></span> <span class='ocrx_word' id='word_1_635' title='bbox 1405 4794 1808 4858; x_wconf 87' lang='lat' dir='ltr'><strong>constructum</strong></span> 
     </span>
    </p>
   </div>
   <div class='ocr_carea' id='block_1_94' title="bbox 165 4869 1816 4950">
    <p class='ocr_par' dir='ltr' id='par_1_94' title="bbox 165 4869 1816 4950">
     <span class='ocr_line' id='line_1_94' title="bbox 165 4869 1816 4950; baseline -0.005 -4"><span class='ocrx_word' id='word_1_636' title='bbox 165 4871 241 4933; x_wconf 68' lang='grc' dir='ltr'><strong>³ιά</strong></span> <span class='ocrx_word' id='word_1_637' title='bbox 257 4870 582 4943; x_wconf 60' lang='lat' dir='ltr'><strong>Wallde</strong></span> <span class='ocrx_word' id='word_1_638' title='bbox 603 4869 1096 4940; x_wconf 80' lang='lat' dir='ltr'><strong>commiserimus,</strong></span> <span class='ocrx_word' id='word_1_639' title='bbox 1121 4877 1179 4928; x_wconf 89' lang='lat' dir='ltr'><strong>et</strong></span> <span class='ocrx_word' id='word_1_640' title='bbox 1199 4873 1415 4931; x_wconf 88' lang='lat' dir='ltr'><strong>ibidem</strong></span> <span class='ocrx_word' id='word_1_641' title='bbox 1440 4877 1704 4950; x_wconf 86' lang='lat' dir='ltr'><strong>neglecta</strong></span> <span class='ocrx_word' id='word_1_642' title='bbox 1717 4885 1816 4943; x_wconf 90' lang='lat' dir='ltr'><strong>Dei</strong></span> 
     </span>
    </p>
   </div>
   <div class='ocr_carea' id='block_1_95' title="bbox 167 4958 1812 5040">
    <p class='ocr_par' dir='ltr' id='par_1_95' title="bbox 167 4958 1812 5040">
     <span class='ocr_line' id='line_1_95' title="bbox 167 4958 1812 5040; baseline 0.008 -28"><span class='ocrx_word' id='word_1_643' title='bbox 167 4958 518 5030; x_wconf 68' lang='lat' dir='ltr'><strong>obsequiaet</strong></span> <span class='ocrx_word' id='word_1_644' title='bbox 529 4958 997 5031; x_wconf 85' lang='lat' dir='ltr'><strong>procurationem</strong></span> <span class='ocrx_word' id='word_1_645' title='bbox 1014 4966 1126 5016; x_wconf 90' lang='lat' dir='ltr'><strong>Deo</strong></span> <span class='ocrx_word' id='word_1_646' title='bbox 1138 4959 1355 5018; x_wconf 90' lang='lat' dir='ltr'><strong>ibidem</strong></span> <span class='ocrx_word' id='word_1_647' title='bbox 1372 4965 1786 5025; x_wconf 87' lang='lat' dir='ltr'><strong>famulantium</strong></span> <span class='ocrx_word' id='word_1_648' title='bbox 1798 5015 1812 5040; x_wconf 94' lang='lat'><strong>,</strong></span> 
     </span>
    </p>
   </div>
   <div class='ocr_carea' id='block_1_96' title="bbox 165 5047 1811 5120">
    <p class='ocr_par' dir='ltr' id='par_1_96' title="bbox 165 5047 1811 5120">
     <span class='ocr_line' id='line_1_96' title="bbox 165 5047 1811 5120; baseline 0.002 -8"><span class='ocrx_word' id='word_1_649' title='bbox 165 5047 664 5120; x_wconf 67' lang='lat' dir='ltr'><strong>praedecessorum</strong></span> <span class='ocrx_word' id='word_1_650' title='bbox 695 5064 938 5104; x_wconf 88' lang='lat' dir='ltr'><strong>suorum</strong></span> <span class='ocrx_word' id='word_1_651' title='bbox 967 5049 1216 5117; x_wconf 87' lang='lat' dir='ltr'><strong>incuria,</strong></span> <span class='ocrx_word' id='word_1_652' title='bbox 1250 5051 1452 5114; x_wconf 88' lang='lat' dir='ltr'><strong>multis</strong></span> <span class='ocrx_word' id='word_1_653' title='bbox 1495 5056 1686 5114; x_wconf 91' lang='lat' dir='ltr'><strong>modis</strong></span> <span class='ocrx_word' id='word_1_654' title='bbox 1722 5076 1811 5115; x_wconf 92' lang='lat' dir='ltr'><strong>re-</strong></span> 
     </span>
    </p>
   </div>
   <div class='ocr_carea' id='block_1_97' title="bbox 164 5133 1810 5213">
    <p class='ocr_par' dir='ltr' id='par_1_97' title="bbox 164 5133 1810 5213">
     <span class='ocr_line' id='line_1_97' title="bbox 164 5133 1810 5213; baseline 0.006 -21"><span class='ocrx_word' id='word_1_655' title='bbox 164 5133 434 5207; x_wconf 76' lang='lat' dir='ltr'><strong>perisset,</strong></span> <span class='ocrx_word' id='word_1_656' title='bbox 449 5134 775 5198; x_wconf 85' lang='lat' dir='ltr'><strong>studiosius</strong></span> <span class='ocrx_word' id='word_1_657' title='bbox 796 5136 1112 5193; x_wconf 89' lang='lat' dir='ltr'><strong>decertavit</strong></span> <span class='ocrx_word' id='word_1_658' title='bbox 1145 5141 1656 5213; x_wconf 88' lang='lat' dir='ltr'><strong>congregationem</strong></span> <span class='ocrx_word' id='word_1_659' title='bbox 1688 5163 1810 5202; x_wconf 89' lang='lat' dir='ltr'><strong>mo-</strong></span> 
     </span>
    </p>
   </div>
   <div class='ocr_carea' id='block_1_98' title="bbox 163 5221 1810 5301">
    <p class='ocr_par' dir='ltr' id='par_1_98' title="bbox 163 5221 1810 5301">
     <span class='ocr_line' id='line_1_98' title="bbox 163 5221 1810 5301; baseline 0.007 -22"><span class='ocrx_word' id='word_1_660' title='bbox 163 5221 488 5289; x_wconf 75' lang='lat' dir='ltr'><strong>nachqrum</strong></span> <span class='ocrx_word' id='word_1_661' title='bbox 510 5227 625 5280; x_wconf 89' lang='lat' dir='ltr'><strong>Deo</strong></span> <span class='ocrx_word' id='word_1_662' title='bbox 647 5223 866 5290; x_wconf 86' lang='lat' dir='ltr'><strong>ibidem</strong></span> <span class='ocrx_word' id='word_1_663' title='bbox 890 5225 1269 5284; x_wconf 90' lang='lat' dir='ltr'><strong>servientium</strong></span> <span class='ocrx_word' id='word_1_664' title='bbox 1305 5229 1652 5301; x_wconf 86' lang='lat' dir='ltr'><strong>regulariter</strong></span> <span class='ocrx_word' id='word_1_665' title='bbox 1684 5251 1810 5290; x_wconf 90' lang='lat' dir='ltr'><strong>cor-</strong></span> 
     </span>
    </p>
   </div>
   <div class='ocr_carea' id='block_1_99' title="bbox 162 5310 1805 5388">
    <p class='ocr_par' dir='ltr' id='par_1_99' title="bbox 162 5310 1805 5388">
     <span class='ocr_line' id='line_1_99' title="bbox 162 5310 1805 5388; baseline 0.006 -19"><span class='ocrx_word' id='word_1_666' title='bbox 162 5310 370 5384; x_wconf 73' lang='lat' dir='ltr'><strong>rigere,</strong></span> <span class='ocrx_word' id='word_1_667' title='bbox 391 5316 452 5378; x_wconf 84' lang='lat' dir='ltr'><strong>et</strong></span> <span class='ocrx_word' id='word_1_668' title='bbox 468 5311 846 5378; x_wconf 81' lang='lat' dir='ltr'><strong>solummodo</strong></span> <span class='ocrx_word' id='word_1_669' title='bbox 861 5313 1075 5370; x_wconf 89' lang='lat' dir='ltr'><strong>divinis</strong></span> <span class='ocrx_word' id='word_1_670' title='bbox 1098 5317 1397 5388; x_wconf 90' lang='lat' dir='ltr'><strong>obsequiis</strong></span> <span class='ocrx_word' id='word_1_671' title='bbox 1413 5319 1660 5377; x_wconf 91' lang='lat' dir='ltr'><strong>deditos.</strong></span> <span class='ocrx_word' id='word_1_672' title='bbox 1674 5367 1684 5377; x_wconf 95' lang='lat'><strong>.</strong></span> <span class='ocrx_word' id='word_1_673' title='bbox 1697 5365 1709 5377; x_wconf 94' lang='lat'><strong>.</strong></span> <span class='ocrx_word' id='word_1_674' title='bbox 1723 5366 1732 5376; x_wconf 94' lang='lat'><strong>.</strong></span> <span class='ocrx_word' id='word_1_675' title='bbox 1745 5368 1756 5379; x_wconf 93' lang='lat'><strong>.</strong></span> <span class='ocrx_word' id='word_1_676' title='bbox 1770 5366 1805 5378; x_wconf 93' lang='lat'><strong>..</strong></span> 
     </span>
    </p>
   </div>
   <div class='ocr_carea' id='block_1_100' title="bbox 161 5399 1808 5484">
    <p class='ocr_par' dir='ltr' id='par_1_100' title="bbox 161 5399 1808 5484">
     <span class='ocr_line' id='line_1_100' title="bbox 161 5399 1808 5484; baseline 0.008 -29"><span class='ocrx_word' id='word_1_677' title='bbox 161 5399 235 5484; x_wconf 84' lang='lat' dir='ltr'><strong>ad</strong></span> <span class='ocrx_word' id='word_1_678' title='bbox 251 5399 678 5468; x_wconf 62' lang='lat' dir='ltr'><strong>sufﬁcientiam</strong></span> <span class='ocrx_word' id='word_1_679' title='bbox 697 5418 942 5469; x_wconf 79' lang='lat' dir='ltr'><strong>suorum</strong></span> <span class='ocrx_word' id='word_1_680' title='bbox 964 5402 1334 5477; x_wconf 88' lang='lat' dir='ltr'><strong>largiremus,</strong></span> <span class='ocrx_word' id='word_1_681' title='bbox 1355 5412 1646 5478; x_wconf 88' lang='lat' dir='ltr'><strong>quatenus</strong></span> <span class='ocrx_word' id='word_1_682' title='bbox 1661 5429 1808 5484; x_wconf 75' lang='lat' dir='ltr'><strong>pras-</strong></span> 
     </span>
    </p>
   </div>
   <div class='ocr_carea' id='block_1_101' title="bbox 160 5483 1809 5572">
    <p class='ocr_par' dir='ltr' id='par_1_101' title="bbox 160 5483 1809 5572">
     <span class='ocr_line' id='line_1_101' title="bbox 160 5483 1809 5572; baseline 0.01 -31"><span class='ocrx_word' id='word_1_683' title='bbox 160 5483 406 5560; x_wconf 86' lang='lat' dir='ltr'><strong>latijam</strong></span> <span class='ocrx_word' id='word_1_684' title='bbox 428 5487 534 5546; x_wconf 81' lang='lat' dir='ltr'><strong>fati</strong></span> <span class='ocrx_word' id='word_1_685' title='bbox 556 5490 897 5558; x_wconf 85' lang='lat' dir='ltr'><strong>monasterii</strong></span> <span class='ocrx_word' id='word_1_686' title='bbox 938 5491 1171 5550; x_wconf 90' lang='lat' dir='ltr'><strong>Domini</strong></span> <span class='ocrx_word' id='word_1_687' title='bbox 1204 5495 1540 5567; x_wconf 90' lang='lat' dir='ltr'><strong>Salvatoris,</strong></span> <span class='ocrx_word' id='word_1_688' title='bbox 1575 5483 1677 5570; x_wconf 83' lang='lat' dir='ltr'><strong>qui</strong></span> <span class='ocrx_word' id='word_1_689' title='bbox 1705 5517 1809 5572; x_wconf 90' lang='lat' dir='ltr'><strong>per</strong></span> 
     </span>
    </p>
   </div>
   <div class='ocr_carea' id='block_1_102' title="bbox 1925 4694 3569 4768">
    <p class='ocr_par' dir='ltr' id='par_1_102' title="bbox 1925 4694 3569 4768">
     <span class='ocr_line' id='line_1_102' title="bbox 1925 4694 3569 4768; baseline -0.002 -9"><span class='ocrx_word' id='word_1_690' title='bbox 1925 4697 2242 4760; x_wconf 89' lang='lat' dir='ltr'><strong>stabilitate</strong></span> <span class='ocrx_word' id='word_1_691' title='bbox 2299 4694 2477 4752; x_wconf 89' lang='lat' dir='ltr'><strong>totius</strong></span> <span class='ocrx_word' id='word_1_692' title='bbox 2532 4695 2761 4768; x_wconf 88' lang='lat' dir='ltr'><strong>imperii</strong></span> <span class='ocrx_word' id='word_1_693' title='bbox 2821 4695 3055 4751; x_wconf 89' lang='lat' dir='ltr'><strong>nobisa</strong></span> <span class='ocrx_word' id='word_1_694' title='bbox 3094 4697 3210 4752; x_wconf 89' lang='lat' dir='ltr'><strong>Deo</strong></span> <span class='ocrx_word' id='word_1_695' title='bbox 3266 4698 3569 4756; x_wconf 90' lang='lat' dir='ltr'><strong>commissi</strong></span> 
     </span>
    </p>
   </div>
   <div class='ocr_carea' id='block_1_103' title="bbox 1923 4783 3570 4860">
    <p class='ocr_par' dir='ltr' id='par_1_103' title="bbox 1923 4783 3570 4860">
     <span class='ocr_line' id='line_1_103' title="bbox 1923 4783 3570 4860; baseline 0 -14"><span class='ocrx_word' id='word_1_696' title='bbox 1923 4789 2198 4846; x_wconf 89' lang='lat' dir='ltr'><strong>studeant</strong></span> <span class='ocrx_word' id='word_1_697' title='bbox 2228 4799 2481 4841; x_wconf 82' lang='lat' dir='ltr'><strong>exorare.</strong></span> <span class='ocrx_word' id='word_1_698' title='bbox 2509 4783 2620 4840; x_wconf 91' lang='lat' dir='ltr'><strong>Sed</strong></span> <span class='ocrx_word' id='word_1_699' title='bbox 2653 4784 2809 4855; x_wconf 83' lang='lat' dir='ltr'><strong>quod</strong></span> <span class='ocrx_word' id='word_1_700' title='bbox 2852 4785 3001 4840; x_wconf 90' lang='lat' dir='ltr'><strong>bono</strong></span> <span class='ocrx_word' id='word_1_701' title='bbox 3050 4785 3266 4855; x_wconf 89' lang='lat' dir='ltr'><strong>studio,</strong></span> <span class='ocrx_word' id='word_1_702' title='bbox 3303 4787 3570 4860; x_wconf 87' lang='lat' dir='ltr'><strong>bonaque</strong></span> 
     </span>
    </p>
   </div>
   <div class='ocr_carea' id='block_1_104' title="bbox 1924 4873 3569 4946">
    <p class='ocr_par' dir='ltr' id='par_1_104' title="bbox 1924 4873 3569 4946">
     <span class='ocr_line' id='line_1_104' title="bbox 1924 4873 3569 4946; baseline 0 -13"><span class='ocrx_word' id='word_1_703' title='bbox 1924 4877 2220 4934; x_wconf 89' lang='lat' dir='ltr'><strong>voluntate</strong></span> <span class='ocrx_word' id='word_1_704' title='bbox 2269 4873 2534 4941; x_wconf 88' lang='lat' dir='ltr'><strong>fecimus,</strong></span> <span class='ocrx_word' id='word_1_705' title='bbox 2576 4889 2890 4945; x_wconf 89' lang='lat' dir='ltr'><strong>perennem</strong></span> <span class='ocrx_word' id='word_1_706' title='bbox 2921 4873 3135 4929; x_wconf 88' lang='lat' dir='ltr'><strong>habeat</strong></span> <span class='ocrx_word' id='word_1_707' title='bbox 3165 4874 3569 4946; x_wconf 88' lang='lat' dir='ltr'><strong>stabilitatem,</strong></span> 
     </span>
    </p>
   </div>
   <div class='ocr_carea' id='block_1_105' title="bbox 1924 4961 3572 5038">
    <p class='ocr_par' dir='ltr' id='par_1_105' title="bbox 1924 4961 3572 5038">
     <span class='ocr_line' id='line_1_105' title="bbox 1924 4961 3572 5038; baseline 0.001 -17"><span class='ocrx_word' id='word_1_708' title='bbox 1924 4965 2092 5038; x_wconf 91' lang='lat' dir='ltr'><strong>petiit</strong></span> <span class='ocrx_word' id='word_1_709' title='bbox 2117 4963 2391 5037; x_wconf 89' lang='lat' dir='ltr'><strong>pietatem</strong></span> <span class='ocrx_word' id='word_1_710' title='bbox 2423 4966 2689 5017; x_wconf 74' lang='lat' dir='ltr'><strong>nostram</strong></span> <span class='ocrx_word' id='word_1_711' title='bbox 2711 4964 2781 5016; x_wconf 76' lang='lat' dir='ltr'><strong>ut</strong></span> <span class='ocrx_word' id='word_1_712' title='bbox 2822 4961 3087 5016; x_wconf 90' lang='lat' dir='ltr'><strong>eamdem</strong></span> <span class='ocrx_word' id='word_1_713' title='bbox 3135 4963 3572 5022; x_wconf 89' lang='lat' dir='ltr'><strong>ordinationem</strong></span> 
     </span>
    </p>
   </div>
   <div class='ocr_carea' id='block_1_106' title="bbox 1924 5050 3566 5123">
    <p class='ocr_par' dir='ltr' id='par_1_106' title="bbox 1924 5050 3566 5123">
     <span class='ocr_line' id='line_1_106' title="bbox 1924 5050 3566 5123; baseline -0.001 -12"><span class='ocrx_word' id='word_1_714' title='bbox 1924 5059 2126 5110; x_wconf 89' lang='lat' dir='ltr'><strong>nostra</strong></span> <span class='ocrx_word' id='word_1_715' title='bbox 2155 5053 2635 5108; x_wconf 84' lang='lat' dir='ltr'><strong>conﬁrmaremus</strong></span> <span class='ocrx_word' id='word_1_716' title='bbox 2674 5050 3118 5123; x_wconf 88' lang='lat' dir='ltr'><strong>conscriptione,</strong></span> <span class='ocrx_word' id='word_1_717' title='bbox 3154 5053 3306 5108; x_wconf 90' lang='lat' dir='ltr'><strong>sicut</strong></span> <span class='ocrx_word' id='word_1_718' title='bbox 3344 5057 3400 5109; x_wconf 84' lang='lat' dir='ltr'><strong>et</strong></span> <span class='ocrx_word' id='word_1_719' title='bbox 3429 5054 3566 5111; x_wconf 84' lang='lat' dir='ltr'><strong>feci-</strong></span> 
     </span>
    </p>
   </div>
   <div class='ocr_carea' id='block_1_107' title="bbox 1922 5138 3566 5212">
    <p class='ocr_par' dir='ltr' id='par_1_107' title="bbox 1922 5138 3566 5212">
     <span class='ocr_line' id='line_1_107' title="bbox 1922 5138 3566 5212; baseline 0.001 -14"><span class='ocrx_word' id='word_1_720' title='bbox 1922 5160 2076 5200; x_wconf 91' lang='lat' dir='ltr'><strong>mus.</strong></span> <span class='ocrx_word' id='word_1_721' title='bbox 2099 5141 2356 5212; x_wconf 87' lang='lat' dir='ltr'><strong>Denique</strong></span> <span class='ocrx_word' id='word_1_722' title='bbox 2378 5138 2552 5194; x_wconf 90' lang='lat' dir='ltr'><strong>etiam</strong></span> <span class='ocrx_word' id='word_1_723' title='bbox 2575 5140 2948 5196; x_wconf 88' lang='lat' dir='ltr'><strong>concedimus</strong></span> <span class='ocrx_word' id='word_1_724' title='bbox 2971 5140 3244 5212; x_wconf 70' lang='lat' dir='ltr'><strong>praedicto</strong></span> <span class='ocrx_word' id='word_1_725' title='bbox 3268 5147 3566 5200; x_wconf 86' lang='lat' dir='ltr'><strong>monaste-</strong></span> 
     </span>
    </p>
   </div>
   <div class='ocr_carea' id='block_1_108' title="bbox 1921 5227 3564 5300">
    <p class='ocr_par' dir='ltr' id='par_1_108' title="bbox 1921 5227 3564 5300">
     <span class='ocr_line' id='line_1_108' title="bbox 1921 5227 3564 5300; baseline 0.002 -14"><span class='ocrx_word' id='word_1_726' title='bbox 1921 5231 2004 5286; x_wconf 90' lang='lat' dir='ltr'><strong>rio</strong></span> <span class='ocrx_word' id='word_1_727' title='bbox 2045 5247 2248 5285; x_wconf 90' lang='lat' dir='ltr'><strong>omnes</strong></span> <span class='ocrx_word' id='word_1_728' title='bbox 2280 5227 2556 5294; x_wconf 87' lang='lat' dir='ltr'><strong>decimas,</strong></span> <span class='ocrx_word' id='word_1_729' title='bbox 2578 5228 2700 5282; x_wconf 84' lang='lat' dir='ltr'><strong>frea</strong></span> <span class='ocrx_word' id='word_1_730' title='bbox 2720 5232 2776 5284; x_wconf 90' lang='lat' dir='ltr'><strong>et</strong></span> <span class='ocrx_word' id='word_1_731' title='bbox 2806 5229 3144 5300; x_wconf 86' lang='lat' dir='ltr'><strong>judiciaria,</strong></span> <span class='ocrx_word' id='word_1_732' title='bbox 3184 5230 3271 5287; x_wconf 90' lang='lat' dir='ltr'><strong>vel</strong></span> <span class='ocrx_word' id='word_1_733' title='bbox 3329 5249 3564 5290; x_wconf 88' lang='lat' dir='ltr'><strong>omnem</strong></span> 
     </span>
    </p>
   </div>
   <div class='ocr_carea' id='block_1_109' title="bbox 1919 5315 3563 5390">
    <p class='ocr_par' dir='ltr' id='par_1_109' title="bbox 1919 5315 3563 5390">
     <span class='ocr_line' id='line_1_109' title="bbox 1919 5315 3563 5390; baseline 0 -14"><span class='ocrx_word' id='word_1_734' title='bbox 1919 5319 2401 5390; x_wconf 87' lang='lat' dir='ltr'><strong>compositionem</strong></span> <span class='ocrx_word' id='word_1_735' title='bbox 2435 5322 2492 5371; x_wconf 89' lang='lat' dir='ltr'><strong>et</strong></span> <span class='ocrx_word' id='word_1_736' title='bbox 2512 5315 2924 5373; x_wconf 87' lang='lat' dir='ltr'><strong>exbibitionem</strong></span> <span class='ocrx_word' id='word_1_737' title='bbox 2954 5317 3250 5389; x_wconf 88' lang='lat' dir='ltr'><strong>publicam</strong></span> <span class='ocrx_word' id='word_1_738' title='bbox 3283 5336 3350 5374; x_wconf 83' lang='lat' dir='ltr'><strong>ex</strong></span> <span class='ocrx_word' id='word_1_739' title='bbox 3375 5323 3563 5376; x_wconf 85' lang='lat' dir='ltr'><strong>omni-</strong></span> 
     </span>
    </p>
   </div>
   <div class='ocr_carea' id='block_1_110' title="bbox 1917 5406 3563 5482">
    <p class='ocr_par' dir='ltr' id='par_1_110' title="bbox 1917 5406 3563 5482">
     <span class='ocr_line' id='line_1_110' title="bbox 1917 5406 3563 5482; baseline -0.001 -16"><span class='ocrx_word' id='word_1_740' title='bbox 1917 5411 2029 5466; x_wconf 90' lang='lat' dir='ltr'><strong>bus</strong></span> <span class='ocrx_word' id='word_1_741' title='bbox 2048 5407 2424 5463; x_wconf 89' lang='lat' dir='ltr'><strong>manentibus</strong></span> <span class='ocrx_word' id='word_1_742' title='bbox 2437 5406 2687 5482; x_wconf 86' lang='lat' dir='ltr'><strong>desuper</strong></span> <span class='ocrx_word' id='word_1_743' title='bbox 2703 5408 3042 5463; x_wconf 89' lang='lat' dir='ltr'><strong>memoratis</strong></span> <span class='ocrx_word' id='word_1_744' title='bbox 3069 5409 3293 5465; x_wconf 89' lang='lat' dir='ltr'><strong>cellulis</strong></span> <span class='ocrx_word' id='word_1_745' title='bbox 3315 5411 3563 5465; x_wconf 78' lang='lat' dir='ltr'><strong>etcurti-</strong></span> 
     </span>
    </p>
   </div>
   <div class='ocr_carea' id='block_1_111' title="bbox 1916 5494 3564 5569">
    <p class='ocr_par' dir='ltr' id='par_1_111' title="bbox 1916 5494 3564 5569">
     <span class='ocr_line' id='line_1_111' title="bbox 1916 5494 3564 5569; baseline -0.001 -15"><span class='ocrx_word' id='word_1_746' title='bbox 1916 5499 2026 5554; x_wconf 91' lang='lat' dir='ltr'><strong>bus</strong></span> <span class='ocrx_word' id='word_1_747' title='bbox 2039 5497 2110 5553; x_wconf 93' lang='lat' dir='ltr'><strong>ob</strong></span> <span class='ocrx_word' id='word_1_748' title='bbox 2125 5494 2446 5551; x_wconf 89' lang='lat' dir='ltr'><strong>remedium</strong></span> <span class='ocrx_word' id='word_1_749' title='bbox 2468 5494 3564 5569; x_wconf 69' lang='lat' dir='ltr'><strong>animaenostrae,successorumqueuo-</strong></span> 
     </span>
    </p>
   </div>
   <div class='ocr_carea' id='block_1_112' title="bbox 157 5577 3564 5658">
    <p class='ocr_par' dir='ltr' id='par_1_112' title="bbox 157 5577 3564 5658">
     <span class='ocr_line' id='line_1_112' title="bbox 157 5577 3564 5658; baseline 0.003 -26"><span class='ocrx_word' id='word_1_750' title='bbox 157 5577 423 5649; x_wconf 63' lang='lat' dir='ltr'><strong>tempore</strong></span> <span class='ocrx_word' id='word_1_751' title='bbox 450 5577 688 5658; x_wconf 72' lang='lat' dir='ltr'><strong>fuerint,</strong></span> <span class='ocrx_word' id='word_1_752' title='bbox 723 5595 790 5635; x_wconf 92' lang='lat' dir='ltr'><strong>ac</strong></span> <span class='ocrx_word' id='word_1_753' title='bbox 819 5595 1188 5646; x_wconf 84' lang='lat' dir='ltr'><strong>successores</strong></span> <span class='ocrx_word' id='word_1_754' title='bbox 1220 5583 1378 5642; x_wconf 88' lang='lat' dir='ltr'><strong>illius</strong></span> <span class='ocrx_word' id='word_1_755' title='bbox 1434 5585 1674 5644; x_wconf 87' lang='lat' dir='ltr'><strong>abbates</strong></span> <span class='ocrx_word' id='word_1_756' title='bbox 1715 5589 1803 5644; x_wconf 88' lang='lat' dir='ltr'><strong>vel</strong></span> <span class='ocrx_word' id='word_1_757' title='bbox 1913 5591 2170 5644; x_wconf 87' lang='lat' dir='ltr'><strong>strorum</strong></span> <span class='ocrx_word' id='word_1_758' title='bbox 2215 5601 2417 5657; x_wconf 91' lang='lat' dir='ltr'><strong>regum</strong></span> <span class='ocrx_word' id='word_1_759' title='bbox 2454 5585 2542 5640; x_wconf 91' lang='lat' dir='ltr'><strong>vel</strong></span> <span class='ocrx_word' id='word_1_760' title='bbox 2568 5584 3012 5656; x_wconf 87' lang='lat' dir='ltr'><strong>imperatorum,</strong></span> <span class='ocrx_word' id='word_1_761' title='bbox 3039 5586 3136 5658; x_wconf 90' lang='lat' dir='ltr'><strong>qui</strong></span> <span class='ocrx_word' id='word_1_762' title='bbox 3172 5603 3272 5657; x_wconf 90' lang='lat' dir='ltr'><strong>per</strong></span> <span class='ocrx_word' id='word_1_763' title='bbox 3303 5589 3564 5658; x_wconf 88' lang='lat' dir='ltr'><strong>tempora</strong></span> 
     </span>
    </p>
   </div>
   <div class='ocr_carea' id='block_1_113' title="bbox 157 5666 3561 5748">
    <p class='ocr_par' dir='ltr' id='par_1_113' title="bbox 157 5666 3561 5748">
     <span class='ocr_line' id='line_1_113' title="bbox 157 5666 3561 5748; baseline 0.001 -20"><span class='ocrx_word' id='word_1_764' title='bbox 157 5666 456 5748; x_wconf 48' lang='lat' dir='ltr'><strong>prgpesiti</strong></span> <span class='ocrx_word' id='word_1_765' title='bbox 478 5683 615 5744; x_wconf 77' lang='lat' dir='ltr'><strong>eum</strong></span> <span class='ocrx_word' id='word_1_766' title='bbox 647 5667 926 5738; x_wconf 70' lang='lat' dir='ltr'><strong>subjectis</strong></span> <span class='ocrx_word' id='word_1_767' title='bbox 971 5672 1296 5744; x_wconf 85' lang='lat' dir='ltr'><strong>monachis,</strong></span> <span class='ocrx_word' id='word_1_768' title='bbox 1327 5673 1545 5732; x_wconf 85' lang='lat' dir='ltr'><strong>victum</strong></span> <span class='ocrx_word' id='word_1_769' title='bbox 1584 5675 1802 5738; x_wconf 88' lang='lat' dir='ltr'><strong>ibidem</strong></span> <span class='ocrx_word' id='word_1_770' title='bbox 1913 5676 2150 5744; x_wconf 82' lang='lat' dir='ltr'><strong>fuerint,</strong></span> <span class='ocrx_word' id='word_1_771' title='bbox 2187 5675 2257 5730; x_wconf 86' lang='lat' dir='ltr'><strong>ad</strong></span> <span class='ocrx_word' id='word_1_772' title='bbox 2290 5677 2520 5748; x_wconf 90' lang='lat' dir='ltr'><strong>portam</strong></span> <span class='ocrx_word' id='word_1_773' title='bbox 2551 5674 2738 5748; x_wconf 88' lang='lat' dir='ltr'><strong>ipsius</strong></span> <span class='ocrx_word' id='word_1_774' title='bbox 2771 5675 3107 5732; x_wconf 87' lang='lat' dir='ltr'><strong>monasterii</strong></span> <span class='ocrx_word' id='word_1_775' title='bbox 3150 5675 3561 5732; x_wconf 84' lang='lat' dir='ltr'><strong>conferendam</strong></span> 
     </span>
    </p>
   </div>
  </div>
