3976 6368
281 409 437 476 1055

1635 403 1946 484 MQNDM.
1995 403 2318 485 DIPLOM.
2339 401 2342 404 ’

3521 397 3684 499 4M

277 545 534 602 ecclesiae
567 543 661 601 cui
693 542 843 616 ipse,
866 542 982 602 Deo
1004 541 1586 616 donante,przesidet,
1612 542 1670 600 in
1697 542 1918 600 honore
1947 540 2003 608 Α
2030 540 2248 607 dimus,
2280 558 2347 597 ea
2375 538 2642 616 videlicet
2667 540 2911 614 ratione,
2941 545 3009 599 ut
3049 540 3516 622 praenominatus
3555 544 3682 617 epi-

279 641 494 694 sanctaa
527 637 627 691 Dei
650 637 947 708 genitricis
969 637 1163 693 Mariae
1187 637 1457 709 beatique
1481 635 1745 706 Chyliani
1767 641 1919 690 mar-

277 727 444 799 tyris,
479 742 584 780 nec
615 743 727 780 non
760 726 1112 781 confessoris
1148 725 1362 780 Christi
1400 725 1615 781 Liborii
1654 728 1919 781 constru-

279 820 403 880 ctae,
436 813 537 869 illa
567 815 782 886 praedia
811 831 937 886 quae
969 814 1302 870 habuerunt
1334 813 1618 869 Bernhart
1662 818 1720 868 et
1761 830 1924 868 soror

277 905 405 974 ejus
436 903 699 958 Hazecha
717 902 775 956 in
794 902 936 958 locis
950 903 1172 960 Alﬂaan
1191 907 1248 958 et
1274 902 1380 958 Etli
1390 919 1528 957 num
1545 902 1677 968 sita,
1701 901 1758 955 in
1776 916 1922 973 pago

276 993 554 1065 Paderga,
582 991 639 1046 in
668 992 948 1046 comitatu
974 990 1316 1064 Amulungi,
1336 1009 1468 1046 cum
1495 991 1626 1046 aliis
1648 991 1923 1046 omnibus

276 1080 414 1136 illuc
445 1079 894 1152 pertinentibus,
926 1085 982 1136 et
1012 1097 1142 1139 cum
1176 1081 1335 1135 omni
1387 1079 1634 1136 utilitate
1679 1097 1806 1152 quae
1835 1077 1922 1132 vel

276 1168 452 1224 scribi
483 1171 584 1223 aut
614 1168 902 1223 nominari
927 1168 1044 1223 ullo
1077 1169 1430 1232 modovalet,
1455 1185 1587 1222 cum
1613 1166 1921 1239 mancipiis

275 1257 584 1329 utriusque
613 1273 805 1322 sexus,
835 1274 969 1314 cum
1001 1258 1173 1323 areis,
1207 1257 1483 1324 aediﬁciis,
1535 1257 1710 1328 agris,
1759 1272 1917 1310 cam-

273 1345 385 1418 pis,
417 1346 588 1401 terris
616 1344 788 1400 cultis
819 1349 874 1398 et
904 1344 1162 1412 incultis,
1192 1345 1399 1416 pratis,
1433 1343 1685 1416 pascuis,
1736 1343 1917 1408 silvis,

271 1433 699 1500 venationibus,
733 1433 903 1504 aquis
939 1450 1296 1504 aquarumve
1327 1432 1692 1499 decursibus,
1726 1432 1919 1503 pisca-

270 1521 552 1588 tionibus,
587 1520 785 1590 molis,
814 1520 1188 1588 malendinis,
1222 1520 1330 1576 viis
1359 1525 1416 1575 et
1438 1519 1628 1585 inviis,
1668 1520 1920 1574 exitibus

270 1615 328 1668 et
357 1610 662 1676 reditibus,
699 1610 960 1682 quaesitis
987 1615 1043 1665 et
1073 1609 1460 1682 inquirendis,
1507 1609 1923 1682 perpetualiter

268 1700 539 1756 habenda
569 1699 938 1767 donavimus,
973 1716 1040 1754 ea
1063 1699 1286 1755 ratione
1317 1702 1379 1753 ut
1395 1699 1672 1770 praefatus
1701 1698 1922 1769 episco-

270 1807 382 1862 pus
412 1789 622 1860 suique
651 1804 1025 1846 successores
1075 1789 1146 1842 de
1206 1788 1426 1843 eisdem
1487 1786 1720 1858 praediis
1753 1787 1921 1842 nobis

267 1877 559 1950 imperiali
582 1878 718 1948 jure
748 1876 1106 1934 haereditatis
1135 1876 1380 1931 liberam
1411 1875 1622 1930 dehinc
1668 1875 1921 1930 habeant

265 1968 617 2039 potestatem
666 1963 953 2036 quidquid
1014 1965 1127 2020 sibi
1186 1963 1466 2037 placuerit
1527 1963 1802 2027 faciendi,
1844 1964 1915 2019 ad

266 2054 580 2110 utilitatem
606 2057 803 2110 tamen
843 2052 1098 2110 ecclesiae
1146 2070 1265 2109 suae
1297 2051 1562 2108 omnium
1621 2053 1910 2107 contradi-

265 2143 456 2200 ctione
484 2146 726 2198 remota.
762 2143 828 2200 Et
861 2146 923 2197 ut
955 2141 1076 2200 hac
1109 2145 1321 2202 nostra:
1353 2140 1686 2197 traditionis
1714 2145 1914 2197 aucto-

261 2231 405 2288 ritas
453 2230 682 2287 stabilis
714 2233 771 2286 et
801 2230 1147 2287 inconvulse‘.
1177 2230 1338 2286 omni
1398 2233 1743 2303 permaneat
1772 2247 1908 2297 aevo,

263 2319 420 2376 hanc
447 2319 722 2392 paginam
752 2320 887 2375 inde
918 2320 1309 2392 conscriptam
1341 2337 1519 2375 manu
1555 2319 1789 2392 propria
1815 2337 1910 2375 ro-

260 2409 556 2475 borantes,
591 2406 782 2480 sigillo
817 2412 1011 2466 nostro
1044 2407 1637 2481 insignirijussimus.

328 2499 562 2568 Signum
588 2496 777 2553 damni
809 2496 1135 2554 Chuonradi
1164 2499 1518 2554 invictissimi
1549 2499 1911 2553 Romanorum

259 2586 342 2657 (L.
377 2585 478 2656 M.)
510 2586 854 2660 imperatoris
884 2585 1139 2656 Augusti.

327 2673 632 2748 Odalricus
662 2672 1047 2729 cancellarius
1078 2673 1200 2729 vice
1231 2674 1504 2730 Aribonis
1553 2672 1906 2746 archicapel-

253 2763 373 2820 lani
402 2763 763 2836 recognovit.

325 2851 471 2907 Data
524 2868 626 2906 xm
689 2850 817 2906 Kal.
896 2851 1086 2917 Febr.,
1165 2849 1483 2906 indictione
1556 2867 1671 2916 xw,
1751 2868 1903 2908 anno

254 2939 566 2996 Dominicze
626 2938 1051 2994 Incarnationis
1111 2938 1269 3009 1034,
1303 2954 1454 2994 anno
1508 2954 1641 2993 vero
1701 2939 1900 2996 domni

254 3027 585 3084 Chuonradi
618 3027 668 3082 Il
700 3025 997 3098 regnantis
1028 3043 1141 3095 vn;
1174 3025 1403 3099 imperii
1434 3028 1629 3082 autem
1659 3044 1735 3082 1v.

324 3117 532 3172 Actum
559 3114 821 3172 Altstete.

1015 3203 1131 3258 XII.

650 3297 758 3348 Pro
785 3293 1026 3350 Ecclesia
1049 3290 1503 3346 Paderborncnsi.

871 3381 1270 3452 (Ann0103L)

455 3473 730 3539 [ERHARD,
762 3470 887 3528 Cod.
919 3471 1145 3542 diplom.
1190 3470 1444 3542 Westph.,
1479 3488 1536 3543 p.
1564 3472 1682 3543 92.]

316 3560 376 3616 Ο.
424 3561 489 3616 In
540 3559 777 3616 nomine
825 3565 1038 3616 sanctae
1090 3563 1149 3615 et
1196 3558 1504 3615 individua:
1556 3559 1884 3618 Trinitatis.

243 3649 1090 3716 Guuosmnus,Deiordinante
1121 3647 1445 3716 clementia,
1482 3649 1887 3706 Romanorum

245 3738 561 3810 imperator
589 3743 913 3811 Augustus.

314 3827 593 3883 Omnium
619 3828 719 3884 Dei
751 3828 1052 3899 nostrique
1077 3827 1340 3884 ﬁdelium
1374 3825 1736 3882 universitati
1781 3845 1887 3883 no-

241 3921 369 3972 tum
399 3932 528 3971 esse
556 3915 847 3984 volumus,
865 3915 1115 3988 qualiter
1131 3932 1256 3983 nos,
1282 3914 1489 3970 divina:
1514 3915 1800 3971 mercedis
1814 3917 1886 3971 ob

242 4004 543 4072 intuitum,
578 4020 682 4059 nec
731 4021 846 4058 non
901 4021 1004 4076 per
1055 4004 1445 4058 interventum
1494 4002 1886 4060 dilectissimzs

242 4093 580 4150 contectalis
638 4097 849 4148 nostrae
906 4091 1077 4148 Gislan
1154 4089 1543 4162 imperatricis
1617 4093 1886 4164 Augusta:

241 4181 417 4238 simul
449 4181 624 4237 etiam
647 4181 840 4238 dilecti
858 4181 960 4235 filii
994 4178 1177 4236 nostri
1198 4179 1348 4252 regis
1380 4179 1651 4244 Heinrici,
1686 4183 1886 4254 etjuge

239 4270 542 4326 servitium
603 4268 1020 4341 Meginwerchi
1085 4267 1565 4323 Paterburnensis
1624 4268 1885 4326 Ecclesiae

239 4357 496 4430 episcopi
513 4358 837 4429 saepissime
869 4356 1038 4417 nobis
1053 4353 1670 4431 ﬁdeliterimpensum,
1695 4357 1882 4413 eidem

239 4445 496 4503 ecclesiae
527 4446 587 4500 in
634 4445 853 4501 honore
903 4450 1117 4501 sanctas
1184 4443 1281 4499 Dei
1333 4445 1634 4518 genitricis
1690 4447 1883 4502 Mariae

239 4552 305 4591 ac
340 4534 528 4591 sancti
567 4534 829 4608 Chyliani
862 4535 1136 4607 martyris
1167 4539 1224 4590 et
1270 4533 1458 4589 sancti
1513 4533 1728 4590 Liborii
1759 4537 1883 4609 epi-

2032 646 2244 708 scopus
2273 632 2518 704 ejusque
2549 647 2914 690 successores
2944 632 3015 688 de
3045 631 3248 704 eodem
3280 620 3495 710 praedio
3531 631 3683 710 libe-

2036 735 2162 792 ram
2198 719 2439 790 posthac
2472 723 2818 794 potestatem
2849 718 3104 796 habeant
3133 707 3390 798 tenendi,
3413 707 3682 800 commu-

2034 808 2197 882 tandi
2229 807 2314 862 vel
2347 808 2632 880 quidquid
2667 808 2778 864 sibi
2812 808 3076 886 utilitatis
3099 809 3368 888 Ecclesiae
3402 799 3687 889 placuerit

2031 895 2304 970 faciendi,
2332 897 2598 952 omnium
2630 896 2936 954 hominum
2953 885 3415 978 contradictione
3441 885 3682 978 remota.

2032 985 2120 1049 Et,
2155 990 2441 1040 utnostraa
2457 984 2785 1041 traditionis
2801 987 3117 1042 auctoritas
3145 975 3388 1066 stabilis
3409 992 3466 1044 et
3489 975 3692 1066 incon-

2031 1071 2197 1127 vulsa
2225 1089 2330 1144 per
2360 1073 2605 1145 antiqua
2631 1073 2980 1130 saculorum
3005 1062 3299 1132 curricula
3317 1062 3683 1154 permaneat,

2031 1157 2182 1214 hanc
2239 1159 2514 1232 paginam
2565 1160 2701 1216 inde
2757 1161 3146 1234 conscriptam
3207 1179 3385 1219 manu
3429 1149 3686 1236 propria

2029 1248 2388 1324 roborantes,
2421 1248 2601 1322 sigilli
2633 1250 2817 1306 nostri
2847 1249 3231 1326 impressione
3273 1242 3571 1332 jussimus
3603 1239 3682 1331 si-

2027 1337 2239 1409 gillari.

2097 1427 2332 1498 Signum
2362 1427 2550 1485 damni
2578 1428 2891 1506 Chuonradi
2937 1430 3288 1510 invictissimi
3315 1430 3684 1510 μοῃιαῃονᾳηι

2029 1517 2380 1592 imperatoris
2412 1505 2918 1596 (L.M.)’A’ugu.sti.
3114 1505 3145 1510 ”
3228 1505 3234 1508 ”
3315 1505 3320 1510 ’
3593 1508 3596 1509 ν

2100 1605 2407 1661 Odalricus
2433 1605 2818 1682 cancellarius
2847 1605 2971 1661 vice
3000 1607 3272 1682 Aribonis
3318 1606 3682 1682 archicapel-

2032 1691 2150 1746 lani
2184 1694 2511 1768 recognovi.
2702 1680 2706 1682 ’
2771 1680 2774 1682 Ὺ
3203 1680 3211 1688 ’
3529 1682 3536 1687 ”

2101 1785 2246 1837 Data
2277 1799 2332 1837 xx
2365 1781 2482 1838 Kal.
2517 1782 2730 1850 Martii,
2763 1781 2962 1837 indict.
3012 1800 3126 1850 xw,
3161 1800 3314 1839 anno
3363 1783 3680 1840 Dominicis

2031 1871 2457 1946 Incarnationis
2489 1872 2649 1939 1031,
2707 1887 2860 1926 anno
2905 1887 3035 1928 vero
3090 1871 3294 1936 domni
3342 1871 3678 1948 Chuonradi

2029 1957 2077 2014 ΙΙ
2111 1961 2410 2031 regnantis
2443 1977 2539 2025 vn,
2575 1959 2804 2031 imperii
2837 1964 3034 2016 autem
3066 1978 3140 2016 ιν.
3223 1947 3226 1950 ”
3412 1947 3438 1954 γ’
3583 1947 3592 1953 ’

2096 2049 2307 2126 Actum
2337 2049 2596 2106 Goslare.
2621 2051 2635 2064 ‘

2769 2137 2918 2193 XIII.

2420 2228 2528 2284 Pro
2552 2228 2775 2283 ecclesia
2806 2227 3261 2284 Paderborncnsi.

2645 2315 3045 2388 (Αηηοίο3ίδ

2233 2404 2511 2478 [Enmnn,
2535 2403 2664 2461 Cod.
2692 2404 2916 2476 diplom.
2959 2403 3216 2476 Westph.,
3251 2421 3307 2477 p.
3336 2403 3455 2476 93.]

2092 2493 2152 2548 In
2181 2493 2417 2549 nomine
2447 2479 2731 2550 sanctaet
2755 2491 3069 2549 individua:
3093 2485 3421 2562 Trinitatis,
3447 2492 3672 2550 Canem

2019 2597 2224 2649 unus,
2257 2581 2454 2640 divina
2473 2581 2699 2638 favente
2717 2579 3048 2656 clementia,
3073 2570 3668 2660 Romanorumimpe-

2018 2675 2174 2726 rator
2203 2673 2526 2744 Augustus.
3321 2659 3346 2662 '7
3423 2659 3426 2660 ν
3513 2659 3518 2664 ’

2085 2759 2144 2815 Si
2175 2759 2277 2816 ulli
2309 2776 2377 2816 ex
2413 2760 2634 2816 nostris
2665 2759 3044 2832 pontiﬁcibus
3075 2759 3168 2817 sui
3219 2758 3412 2832 ﬁdelis
3474 2759 3671 2820 serviti

2013 2865 2130 2904 non
2162 2847 2538 2906 immemores
2590 2847 2813 2921 aliquid
2863 2866 2933 2904 ex
2984 2848 3058 2905 iis
3088 2866 3217 2920 quae
3275 2850 3462 2926 nostri
3509 2839 3667 2923 juris

2011 2938 2368 3010 deputantur
2387 2935 2638 3012 benigno
2667 2935 2862 2992 animo
2881 2935 3301 3008 impendimus,
3315 2953 3450 3022 eum
3463 2927 3666 3014 pbstea

2008 3026 2067 3081 in
2099 3031 2297 3082 nostro
2353 3025 2614 3084 oramine
2664 3027 2721 3080 et
2749 3025 3062 3080 servimine
3115 3025 3534 3104 promptiorem
3594 3032 3655 3085 et

2005 3114 2190 3171 multo
2219 3114 2628 3174 studiosiorem
2643 3104 2888 3176 existere
2903 3113 3105 3192 procul
3127 3113 3306 3170 dubio
3329 3103 3647 3194 credimus.

2003 3205 2366 3277 Quapropter
2393 3203 2667 3260 omnibus
2698 3201 2914 3260 Christi
2947 3201 3251 3282 nostrique
3291 3193 3653 3289 amatoribus

1925 3279 1968 3348 C
2002 3293 2387 3366 praesentibus
2444 3291 2666 3349 scilicet
2721 3308 2788 3348 ac
2821 3291 3033 3348 futuris
3089 3279 3476 3374 perSpicuuni
3522 3279 3652 3376 esse

2000 3381 2293 3450 volumus,
2319 3379 2568 3454 qualiter
2590 3379 2802 3436 Wicilo
2819 3367 3241 3456 nostram'adiit
3253 3369 3649 3460 serenitatem,

2000 3469 2302 3532 humiliter
2332 3486 2545 3541 rogans
2578 3473 2642 3524 ut
2673 3467 2957 3540 praedium
2981 3457 3385 3546 Sannanabiki
3404 3457 3648 3540 dictum,

1999 3559 2059 3614 in
2114 3559 2242 3617 istis
2311 3558 2469 3614 vitiis
2526 3557 2782 3614 Hornan.
2861 3557 3268 3630 Frodinctorp.
3344 3549 3650 3616 Vinesbiki

2000 3647 2236 3704 Rafseti.
2267 3645 2736 3704 Knechtahusen.
2757 3635 3194 3704 Buckinhusen.
3217 3647 3649 3706 Bennanhusen

1998 3735 2198 3809 Scuni.
2232 3735 2533 3792 Berchem.
2567 3734 2834 3790 Homam.
2897 3723 3238 3814 IiolthuSen.
3293 3724 3496 3803 situm,
3544 3753 3651 3794 sua

2000 3825 2316 3897 uxorisque
2346 3841 2465 3880 suae
2496 3823 2632 3879 Odaa
2662 3823 2910 3896 ﬁliaeque
2969 3841 3087 3880 sua:
3141 3825 3363 3908 Ceciliae
3394 3842 3500 3908 nec
3530 3842 3648 3883 non

1994 3914 2293 3972 Gerburch
2326 3912 2548 3986 filiique
2580 3913 2708 3983 ejus
2741 3912 2960 3969 Odonis
2989 3913 3267 3985 petitione
3287 3901 3290 3904 ’
3314 3901 3380 3972 ac
3407 3907 3410 3910 ’
3435 3901 3651 3972 collau-

2000 4005 2250 4073 datione,
2285 4005 2358 4060 ad
2388 4007 2650 4058 nostram
2683 4002 3047 4076 imperialem
3102 3993 3346 4078 manum
3392 3993 3650 4077 recipere

1997 4111 2361 4159 curaremus,
2392 4091 2674 4165 predium
2703 4090 2890 4148 Zurici
2924 4093 3078 4162 quod
3110 4095 3321 4150 nostris
3369 4092 3480 4149 fuit
3509 4081 3644 4166 pro-

1997 4183 2259 4258 prielatis
2291 4180 2793 4250 illorumecontra
2821 4181 3208 4260 subjugantes
3253 4170 3478 4260 ditioni.
3529 4181 3648 4238 Ho-

1996 4257 2128 4326 rum
2159 4270 2339 4344 igitur
2366 4268 2651 4341 desiderio
2674 4267 2994 4341 primatum
3027 4257 3358 4346 nostrorum
3385 4257 3645 4352 satisfa-

1995 4341 2214 4441 cientes
2244 4356 2508 4426 consilio,
2541 4357 2598 4412 id
2658 4358 2814 4430 quod
2845 4357 3077 4414 illorum
3128 4343 3230 4429 jus
3260 4341 3644 4439 lquoduno'stri

1994 4453 2117 4504 erat
2128 4449 2286 4520 juris
2315 4446 3417 4526 amicabiliterremisimus.Transactis
3439 4451 3642 4528 autem

1993 4536 2075 4621 ita
2101 4537 2212 4618 viis
2238 4535 2892 4608 omnibus,pra2dictum
2906 4535 3189 4610 praedium
3217 4523 3642 4618 ammissum,

238 4625 397 4697 scOpi
456 4629 512 4680 et
566 4605 918 4682 confessoris
975 4605 1344 4715 constructae,
1396 4623 1678 4715 praedium
1737 4605 1879 4681 Ben-
1913 4647 1962 4715 Β
1992 4607 2147 4700 quod
2178 4613 2319 4682 tunc
2350 4605 2571 4704 nostrai
2585 4605 2967 4707 judicabatur
2995 4640 3124 4702 esse
3157 4605 3548 4708 proprietatis,
3581 4623 3644 4678 in

237 4714 576 4782 nanhusun,
610 4713 954 4781 Ualabroch,
981 4711 1388 4780 Dadanbroch,
1423 4711 1604 4767 situm
1634 4713 1695 4768 in
1717 4715 1884 4786 pagis

237 4801 470 4874 Wetiga
525 4806 582 4858 et
616 4802 814 4858 Tilithi
871 4801 929 4856 in
987 4801 1269 4858 comitatu
1327 4800 1691 4870 Widukindi,
1751 4820 1884 4858 cum

237 4890 512 4945 omnibus
541 4891 615 4946 ad
647 4891 842 4962 ipsum
865 4891 1148 4962 praedium
1172 4891 1308 4960 jure
1340 4889 1689 4963 aclegaliter
1713 4893 1885 4964 perti-

236 4977 678 5043 nentibus,cum
694 4977 1004 5050 mancipiis
1019 4977 1324 5050 utriusque
1337 4995 1532 5048 sexus,
1557 4996 1689 5035 cum
1711 4980 1881 5048 areis,

237 5065 520 5135 aediﬁciis,
573 5066 752 5136 agris,
805 5066 1049 5138 campis,
1084 5067 1255 5122 terris
1313 5067 1486 5123 cultis
1534 5073 1592 5124 et
1623 5068 1880 5139 incultis,

234 5154 440 5227 pratis,
474 5154 732 5226 pascuis,
787 5154 970 5225 silvis,
1004 5155 1434 5225 venationibus,
1487 5158 1656 5230 aquis
1705 5176 1881 5230 aqua-

234 5259 437 5300 rumve
451 5243 816 5311 decursibus,
848 5243 1287 5315 piscationibus,
1307 5244 1881 5315 molis,molendinis,

234 5332 344 5389 viis
377 5335 433 5388 et
486 5331 684 5401 inviis,
743 5331 994 5389 exitibus
1026 5337 1083 5389 et
1141 5334 1446 5400 reditibus,
1507 5337 1770 5406 quaesitis
1827 5342 1884 5392 et

231 5421 626 5494 inquirendis,
660 5437 763 5477 seu
795 5438 930 5477 cum
961 5421 1120 5477 omni
1140 5421 1410 5489 utilitate,
1444 5440 1570 5496 quae
1591 5425 1677 5482 vel
1703 5426 1881 5482 scribi

231 5513 338 5566 aut
367 5509 658 5566 nominari
700 5510 818 5584 ullo
877 5512 1048 5566 modo
1107 5515 1315 5583 potest,
1349 5512 1407 5566 in
1468 5513 1880 5585 proprietatem

232 5599 718 5668 condonavimus,
779 5600 936 5656 etde
995 5605 1196 5656 nostro
1244 5600 1376 5670 jure
1407 5617 1472 5655 ac
1530 5601 1787 5659 dominio
1823 5603 1883 5659 in

231 5688 493 5782 dusdem
505 5690 770 5748 Ecclesiae
782 5691 880 5762 jus
893 5706 958 5746 ac
971 5688 1298 5747 dominium
1310 5689 1552 5751 omnino
1574 5691 1876 5749 transfun-

1955 4715 1958 4718 ’
1998 4715 2280 4782 comitatu
2337 4712 2645 4769 Widukini
2691 4713 2751 4794 in
2812 4730 2961 4788 pago
2991 4712 3225 4788 Wetiga
3277 4712 3644 4796 situm,|Cum

1996 4805 2271 4882 omnibus
2303 4802 2657 4882 utilitatibus
2683 4791 2756 4878 ad
2786 4803 2942 4860 idem
2975 4791 3430 4878 pertinentibus,
3468 4791 3643 4882 areis,

1995 4894 2279 4972 aediﬁciis,
2310 4893 2488 4970 agris,
2542 4891 2715 4948 terris
2773 4891 2948 4971 cultis
2999 4895 3057 4948 et
3120 4889 3381 4968 incultis,
3434 4888 3644 4972 pratis,

1993 4969 2251 5058 pascuis,
2280 4969 3246 5060 campis,silvis,venatihus,aquis,
3270 4969 3644 5060 aquarumve

1991 5072 2362 5138 decursibus,
2397 5069 2842 5150 piscationibus,
2876 5069 3072 5136 molis,
3102 5067 3482 5152 molendinis,
3529 5066 3642 5144 viis

1992 5167 2049 5219 et
2077 5160 2270 5228 inviis,
2303 5148 2629 5215 exitibuset
2658 5157 2963 5233 reditibus,
2985 5148 3246 5234 quaesitis
3272 5160 3329 5214 et
3343 5155 3644 5234 inquiren-

1992 5251 2104 5317 dis;
2139 5249 2211 5304 ob
2245 5247 2555 5302 amabilem
2587 5229 2855 5318 conjugis
2887 5229 3292 5324 nostraalGislaa
3313 5229 3645 5326 imperaui-

1993 5338 2076 5394 cis
2106 5339 2379 5410 Augustae
2409 5335 2828 5400 interventum,
2864 5339 2921 5390 et
2951 5336 3024 5391 ob
3055 5333 3300 5414 minime
3339 5335 3642 5414 denegan-

1992 5426 2127 5481 dam
2160 5423 2552 5481 dilectissime
2584 5423 2763 5496 prolis
2792 5427 3004 5480 nostraa
3039 5411 3291 5502 Heinrici
3323 5411 3642 5502 regis'peti-

1990 5514 2228 5589 tionem.
2262 5529 2368 5570 nec
2389 5529 2504 5569 non
2535 5510 3266 5589 Herimannimarchionis,
3290 5501 3642 5589 Meinvverco

1991 5587 2337 5659 venerabilis
2366 5601 2496 5655 vita:
2528 5587 2800 5672 episcopo
2831 5587 3086 5672 suasque
3116 5597 3372 5676 ecclesiae
3415 5597 3483 5662 in
3512 5587 3644 5664 san-

1993 5692 2269 5752 ctissime
2329 5689 2428 5764 Dei
2483 5687 2784 5767 genitricis
2863 5688 3056 5768 Mariae
3121 5692 3182 5746 et
3225 5685 3640 5770 pretiosissimi
