3976 6352
344 340 515 428 iis;

1636 350 2167 443 cnUoNalanS
2209 366 2263 434 ιι
2305 354 2472 437 IMP.

3593 371 3752 465 mss

344 490 624 574 martyris
643 487 912 573 ΒδῂὶἱὰΠί
933 514 1040 556 nec
1060 494 1176 556 non
1198 494 1606 574 gloriOSiSSimi
1636 504 1986 563 confessoris
2014 504 2071 572 Α
2170 486 2399 577 Signum
2444 505 2655 563 domini
2703 500 3017 565 Chuonradi
3030 510 3370 591 serenissinii
3395 512 3738 587 imperatoris

342 584 561 644 Liborii
583 586 865 644 honorem
893 592 1258 659 constructa,
1292 606 1357 647 eo
1380 593 1575 649 tenore
1597 589 1656 648 in
1689 594 1992 668 proprium

341 672 724 743 tradidimus,
753 678 821 732 ut
866 676 993 750 ipse
1018 677 1259 751 suisque
1288 676 1657 738 successores
1687 683 1759 739 de
1791 678 1995 739 eodem

343 762 591 849 liberam
614 758 889 837 deinceps
914 760 1168 822 habeant
1210 770 1557 847 potestatem
1586 766 1843 849 tenendi,
1876 775 1994 828 tra-

343 842 542 923 dendi,
562 850 873 924 vendendi,
890 852 1312 933 commutandi,
1327 857 1417 914 vel
1442 842 1735 932 quidquid
1768 858 1999 934 placue-

346 942 424 1000 rit
444 942 556 1000 sibi
580 936 852 1010 faciendi,
885 940 956 999 a‘d
986 940 1305 1001 utilitatem
1336 942 1533 1003 tamen
1584 942 1993 1021 pradictorum

345 1026 685 1090 sanctorum
717 1024 1009 1109 Ecclesia.
1042 1028 1349 1103 RecOrdati
1372 1050 1580 1093 sumus
1595 1054 1849 1110 namque
1879 1052 1995 1093 non

346 1122 407 1179 in
438 1118 548 1179 hoc
575 1114 828 1191 tantum,
861 1118 961 1179 sed
984 1122 1043 1178 in
1066 1118 1197 1180 aliis
1218 1122 1332 1179 sibi
1353 1121 1566 1195 adhuc,
1604 1131 1714 1183 Deo
1744 1126 1996 1195 volente,

346 1208 382 1268 a
406 1206 578 1267 nobis
632 1205 935 1267 tradendis
994 1208 1250 1285 praediis,
1284 1210 1439 1285 quod
1481 1231 1657 1271 suum
1688 1214 1993 1272 assiduum

346 1298 651 1357 servitium
707 1294 971 1358 devotius
1022 1294 1081 1357 et
1109 1300 1332 1359 cateris
1362 1302 1581 1361 uestris
1610 1302 1986 1378 pontiﬁcibus

345 1386 734 1463 frequentius,
786 1386 901 1446 neu
925 1388 1094 1464 quasi
1116 1408 1254 1460 uno,
1274 1392 1376 1448 sed
1406 1392 1523 1450 fere
1553 1393 1613 1449 in
1654 1394 1814 1449 omni
1845 1398 1993 1450 tem-

346 1476 485 1552 pore
506 1468 729 1536 certum
751 1472 1089 1536 habuimus.
1105 1476 1175 1536 Et
1204 1484 1269 1536 ut
1288 1480 1410 1550 hac
1428 1478 1639 1538 nostra
1660 1480 1994 1540 traditionis

348 1567 666 1626 auctoritas
704 1560 935 1625 stabilis
956 1572 1012 1625 et
1032 1566 1377 1627 inconvulsa
1397 1566 1763 1643 perlabentia
1776 1576 1996 1644 tempo-

345 1673 479 1714 rum
510 1656 801 1714 curricula
816 1651 1292 1725 observetur,hoc
1305 1664 1659 1732 praeceptum
1674 1656 1810 1717 inde
1831 1676 1996 1717 cons-

346 1745 600 1818 criptum
630 1747 840 1803 subtus
892 1763 1070 1803 manu
1129 1746 1366 1820 propria
1412 1749 1888 1806 conﬁrmavimus
1937 1752 1995 1805 et

346 1835 849 1899 corroboravimus
878 1852 945 1892 ac
994 1834 1173 1907 sigilli
1224 1837 1408 1893 nostri
1435 1836 1819 1909 impressione
1860 1837 1993 1893 dili-

347 1910 582 1998 gentius
611 1915 882 1997 insigniri
913 1925 1317 1998 praecepimus.

416 2014 649 2085 Signum
675 2013 866 2070 domui
888 2014 1209 2072 Chuonradi
1236 2017 1589 2072 invictissimi
1630 2017 1995 2074 Romanorum

348 2092 697 2175 imperatoris
724 2094 972 2175 Augusti.
1008 2102 1094 2175 (L.
1128 2103 1231 2177 Μ.)

416 2182 720 2249 Odalricus
752 2187 1137 2251 cancellarius
1178 2194 1528 2267 recognovit.

415 2279 562 2338 Data
614 2298 679 2338 ιιι
733 2282 879 2355 Non.
948 2274 1219 2355 Augusti,
1284 2283 1603 2341 indictione
1659 2301 1774 2351 xw,
1841 2301 1992 2341 anno

344 2362 661 2426 Dominica
694 2363 1119 2427 Incarnationis
1176 2368 1334 2439 1031,
1367 2388 1520 2429 anno
1561 2376 1759 2429 autem
1791 2372 1991 2429 domni

340 2458 672 2516 Chuonradi
704 2459 755 2516 ΙΙ
783 2459 1084 2533 regnantis
1110 2477 1212 2528 v11,
1243 2460 1477 2534 imperii
1497 2478 1629 2517 vero
1650 2478 1703 2517 ν.

413 2550 621 2606 Actum
634 2548 1111 2606 Immeteshusun
1123 2591 1135 2605 .

1098 2664 1244 2720 XIV.

351 2738 723 2827 Ghuenrodus
766 2740 793 2808 l
851 2755 1147 2827 imperator
1186 2742 1427 2827 Hubdldo
1475 2750 1822 2827 Cremonensi
1876 2756 1994 2827 epi-

418 2824 585 2968 Ecopo‘
604 2824 731 2887 iura
762 2824 941 2895 varia,
970 2829 1022 2881 et
1050 2826 1369 2881 comitatum
1397 2826 1571 2897 ipsius
1599 2827 1832 2882 civitatis
1867 2824 1994 2883 con-

460 2904 623 2953 rmat.

968 2985 1155 3056 (Anno
1188 2984 1372 3058 4031.)

667 3072 1021 3145 [Μυιυιτοιιῃ
1067 3075 1251 3148 Antiq.
1293 3074 1418 3130 Ital.
1452 3073 1522 3143 II,
1555 3075 1672 3147 73.]

416 3158 481 3228 in
512 3162 747 3228 nomine
774 3176 987 3235 sancta
1014 3176 1072 3227 et
1098 3168 1411 3227 individua
1434 3168 1993 3240 Trinitatis,Chuon-

2102 593 2349 666 Augusti.

2175 683 2369 739 Bruno
2389 683 2770 744 cancellarius
2817 687 2888 743 ad
2909 688 3093 744 vicem
3127 689 3397 748 Aribonis
3427 692 3748 766 Magontin‘i

2104 771 2522 847 archiepiscopi
2544 779 2601 831 et
2646 776 3140 833 archicancellarii
3171 781 3497 853 recognovi.

2181 860 2387 917 Datum
2418 880 2480 918 ιιι
2512 863 2800 920 Kalendas
2831 864 3204 931 Martii,anno
3228 868 3541 925 Dominica
3562 871 3751 928 Incar-

2105 949 2359 1006 nationis
2393 952 2551 1019 1031,
2583 952 2904 1009 indictione
2950 958 3065 1017 xw,
3115 972 3268 1011 anno
3321 960 3515 1014 autem
3547 961 3749 1017 domni

2105 1038 2438 1095 Chuonradi
2456 1057 2511 1096 v1
2536 1043 2858 1114 regnantis.
2890 1042 3235 1114 imperantis
3264 1061 3395 1102 vero
3426 1064 3498 1103 IV.

2175 1129 2383 1184 Actum
2415 1128 2654 1186 Goslare
2681 1129 2943 1187 feliciter.
2978 1134 3178 1188 Amen.

2866 1237 2982 1293 XV.

2106 1322 2539 1414 Chaonradusll
2563 1341 2684 1414 rex,
2708 1318 3021 1414 imperator
3050 1326 3092 1396 1,
3147 1326 3395 1412 Ilubqldo
3427 1331 3752 1414 σγρξζηοῃσητ

2171 1400 2770 1537 ρξὶῖέῗῖρέἐωῃᾷιαδᾳαθ
2808 1400 3091 1468 Ecclesiae,
3148 1402 3337 1456 omnia
3375 1402 3671 1477 privilegia
3699 1411 3753 1462 et

2720 1544 3124 1630 (AnnolO3L)

2420 1644 2764 1715 [Mumroay
2810 1648 2994 1719 Antig.
3038 1649 3160 1704 Ital.
3196 1649 3238 1715 Ι,
3277 1650 3423 1719 417.]

2175 1749 2237 1806 In
2270 1750 2504 1808 nemine
2530 1757 2744 1809 sancta
2773 1753 3157 1811 etindividua
3172 1756 3496 1830 Trinitatis,
3517 1759 3746 1817 CHUON-

2024 1860 2073 1942 Β
2102 1856 2311 1908 annos,
2343 1840 2539 1896 divina
2570 1841 2793 1898 favente
2820 1843 3151 1913 clementia,
3181 1844 3579 1904 Romanorum
3635 1849 3746 1905 im-

2102 1933 2335 2001 perator
2357 1929 2678 2003 Augustus.

2175 2017 2233 2073 Si
2252 2023 2451 2074 sancta
2463 2018 2881 2076 etvenerabilia
2912 2020 3174 2088 loca,etc.
3191 2022 3471 2087 Quocirca
3482 2024 3748 2084 omnium

2104 2110 2318 2163 sancta
2351 2105 2445 2164 Dei
2487 2108 2754 2164 Ecclesia
2797 2109 3084 2179 fidelium,
3118 2116 3571 2188 nostrorumque
3602 2128 3745 2189 pra-

2102 2195 2357 2252 sentium
2388 2196 2609 2253 scilicet
2637 2215 2702 2253 ac
2760 2199 3093 2255 futurorum
3137 2202 3360 2258 noverit
3397 2204 3748 2263 universitas

2101 2283 2456 2355 llubaldum,
2470 2284 2856 2342 venerabilem
2877 2287 3102 2343 Sancta
3120 2289 3527 2349 Cremonensis
3559 2293 3747 2351 Eccle-

2100 2372 2198 2428 sia
2230 2371 2571 2439 antistitem,
2606 2372 2846 2429 obtentu
2900 2374 3119 2430 dilecta
3146 2376 3375 2449 imperii
3401 2381 3582 2437 nostri
3610 2388 3745 2438 co'n-

2102 2460 2278 2517 sortis
2308 2460 2477 2518 Gisia
2525 2461 2915 2534 imperatricis
2973 2464 3344 2535 gratissima,
3376 2467 3746 2527 celsitudinis

2102 2553 2311 2606 nostra
2342 2549 2713 2606 clementiam
2745 2550 2953 2607 obnixe
2976 2550 3392 2627 humiliterque
3412 2556 3746 2628 postulasSe

2101 2644 2392 2712 quatenus
2435 2656 2539 2712 pro
2563 2638 2659 2695 Dei
2684 2654 2899 2708 amore,
2935 2642 3241 2714 nostrique
3271 2638 3502 2716 imperii
3533 2644 3742 2716 salut’e,

2102 2728 2306 2784 nostra
2334 2724 2623 2800 imperiali
2665 2729 3009 2785 auctoritate
3039 2736 3329 2803 pracepta
3357 2748 3393 2788 a
3422 2726 3743 2791 decessori-

2102 2816 2213 2873 bus
2244 2817 2460 2873 nostris
2487 2817 2748 2892 regibus,
2782 2822 2956 2890 atque
2986 2819 3459 2891 imperatoribus,
3490 2824 3744 2881 maxime

2103 2906 2469 2979 Berengario,
2487 2902 2817 2978 Rodulpho,
2835 2923 2938 2963 nec
2960 2924 3075 2962 non
3101 2906 3244 2963 diva
3267 2911 3559 2966 memoria
3580 2909 3743 2969 Otto—

2103 2994 2298 3064 nibus,
2324 3012 2391 3051 ac
2411 2995 2678 3065 Henrico,
2713 2994 3040 3069 magniﬁcis
3063 2996 3513 3069 imperatoribus
3542 3005 3741 3076 Augu-

2104 3084 2234 3151 stis,
2268 3101 2386 3139 sua
2417 3083 2683 3140 Ecclesia
2696 3096 2972 3141 concessa
2985 3086 3470 3145 confirmaremus
3495 3094 3553 3145 et-
3574 3086 3742 3147 robo-

2105 3173 2499 3245 raremus.Cuj
2509 3190 2578 3229 us
2603 3173 2797 3245 dignis
2819 3172 3199 3245 petitionibus
3219 3181 3744 3252 annuentes,prout

342 3248 763 3343 radu5,divin_a
792 3261 1017 3317 favente
1051 3258 1786 3330 clementia,Romanorum
1804 3263 1987 3336 impe-
2018 3245 2061 3311 (ἶ
2093 3263 2254 3334 juste
2278 3266 2336 3317 et
2355 3260 3207 3334 legaliter,etc.,conﬁrmamus
3230 3245 3741 3324 etcorroboramus

342 3352 503 3423 rator
526 3340 847 3423 Augustus.

412 3439 468 3494 Si
487 3430 692 3495 sancta
713 3455 778 3507 ac
799 3431 1152 3495 venerabilia
1174 3437 1298 3496 loca
1320 3433 1640 3497 sublimare
1688 3456 1752 3497 ac
1783 3440 1984 3498 defen-

340 3522 471 3584 sare
493 3522 896 3585 studuerimus
917 3520 988 3583 ad
1014 3526 1176 3601 regni
1202 3526 1387 3584 nostri
1417 3532 1637 3585 statum
1669 3527 1778 3587 hoc
1810 3526 1984 3603 perti-

341 3608 479 3674 nere
499 3616 701 3690 procul
719 3611 1033 3683 dubionon
1078 3614 1456 3691 ambigimus.
1490 3614 1853 3692 Quapropter
1883 3634 1985 3677 no-

338 3696 598 3764 strorum
620 3697 881 3767 ﬁdelium
913 3707 1290 3779 prasentium
1323 3704 1547 3763 scilicet
1569 3724 1633 3764 ac
1652 3707 1985 3766 futurorum

336 3786 545 3856 nesciit
562 3790 939 3862 universitas,
962 3793 1320 3864 Hubaldum,
1340 3802 1555 3853 sancta
1580 3794 1987 3856 Cremonensis

336 3870 606 3963 Ecclesia
636 3874 1026 3940 venerabilem
1075 3884 1419 3957 antistitem,
1465 3884 1791 3942 interventu
1837 3886 1986 3943 dile-

338 3962 614 4031 ctissima
647 3966 914 4046 conjugis
945 3976 1157 4029 nostra
1189 3969 1360 4030 Gisia
1420 3973 1827 4048 imperatricis,
1881 3974 1984 4034 no-

336 4054 521 4119 stram
553 4054 855 4118 humiliter
880 4056 1097 4119 adiisse
1129 4062 1522 4133 clementiam,
1573 4063 1877 4137 postulans
1921 4072 1986 4123 ut

334 4138 441 4223 pro
471 4140 585 4209 Deo
612 4152 670 4207 et
722 4144 933 4207 anima
964 4154 1175 4208 nostrae
1206 4150 1461 4227 remedio
1501 4148 1790 4226 praecepta
1819 4170 1853 4209 a
1884 4152 1982 4211 de-

334 4239 667 4297 cessoribus
692 4237 910 4297 nostris
939 4255 1059 4297 sua
1097 4236 1363 4296 Ecclesia
1376 4256 1654 4298 concessa
1676 4240 1983 4299 confirma-

334 4316 533 4385 remus
565 4342 631 4393 ac
659 4318 1091 4386 roboraremus.
1125 4329 1305 4402 Cujus
1343 4326 1541 4403 dignis
1597 4328 1982 4403 petitionibus

332 4407 681 4496 annuentes,
709 4494 711 4496 ι
738 4422 911 4491 prout
956 4417 1121 4489 juste
1158 4423 1216 4474 et
1246 4417 1511 4492 legaliter
1538 4418 1876 4491 possumus,
1910 4418 1980 4476 ea

330 4492 640 4563 firmsmus
668 4494 725 4562 et
754 4502 1222 4563 corrobo'ramus.
1278 4508 1365 4563 Ita
1394 4512 1459 4563 ut
1489 4507 1775 4581 quidquid
1807 4518 1977 4564 cura-

2095 3351 2284 3406 eidem
2316 3354 2527 3405 sancta
2555 3349 2931 3427 Cremonensi
2961 3349 3230 3406 Ecclesia
3261 3353 3548 3425 quidquid
3579 3372 3742 3412 cura-

2095 3443 2258 3508 tura,
2291 3438 2529 3506 telonei,
2559 3441 2732 3511 atque
2764 3428 3054 3510 portatici,
3088 3450 3187 3495 seu
3245 3437 3492 3513 ripatici,
3541 3443 3739 3517 aliquo

2094 3527 2329 3601 ingenio
2355 3527 2424 3583 de
2465 3528 2593 3599 jam
2621 3527 2741 3583 fata
2768 3527 3145 3583 Cremonensi
3175 3526 3407 3586 civitate
3437 3532 3510 3587 ad
3542 3532 3736 3605 publi-

2095 3631 2223 3671 cam
2248 3614 2604 3669 functionem
2644 3612 2926 3686 pertinuit
2946 3618 3067 3670 tam
3113 3615 3183 3671 de
3205 3620 3368 3688 parte
3387 3614 3576 3690 ipsius
3599 3620 3737 3675 civi-

2092 3703 2232 3760 tatis
2261 3703 2778 3775 comitatus,quam
2810 3703 2882 3759 de
2912 3707 3075 3775 parte
3105 3705 3282 3761 cortis
3313 3704 3596 3779 Sexpilas,
3632 3723 3739 3765 nec

2094 3809 2208 3849 non
2240 3793 2397 3866 ripas
2418 3795 2475 3849 et
2495 3791 2777 3864 piscarias
2799 3808 2832 3847 a
2871 3790 3204 3864 Vulpariolo
3243 3805 3432 3867 usque
3461 3795 3533 3851 ad
3563 3801 3741 3868 caput

2091 3882 2293 3938 Abdue
2313 3898 2445 3959 cum
2469 3880 2820 3937 molendinis
2840 3884 2897 3936 et
2919 3880 3209 3938 molatura
3257 3878 3482 3950 eorum,
3515 3882 3741 3942 scilicet

2094 3988 2198 4045 per
2225 3985 2707 4046 unumquemque
2737 3968 3143 4026 molendinum
3169 3972 3335 4045 grani
3363 3970 3590 4030 modios
3610 3972 3741 4030 Cre-

2093 4076 2402 4117 monenses
2418 4060 2695 4134 quinque,
2724 4063 2900 4132 atque
2926 4076 3061 4115 cum
3086 4060 3551 4134 uniuscujusque
3573 4062 3738 4119 navis

2091 4149 2261 4207 solito
2284 4165 2484 4214 censu,
2510 4162 2614 4221 per
2636 4164 3054 4221 unamquaque
3097 4150 3293 4205 navim
3311 4150 3578 4207 videlicet
3595 4150 3737 4209 salis

2091 4238 2279 4296 orales
2296 4242 2567 4311 quatuor,
2599 4236 2752 4293 sicut
2765 4238 3097 4293 continetur
3114 4238 3170 4294 in
3187 4238 3412 4295 notitiis
3435 4243 3570 4296 ante
3590 4236 3736 4313 pra—

2091 4328 2338 4386 sentiam
2352 4326 2630 4383 Cessonis
2659 4326 2911 4392 diaconi,
2937 4324 2994 4382 et
3017 4326 3217 4383 domui
3241 4320 3469 4384 Ottonis
3490 4322 3739 4402 impera-

2088 4418 2233 4475 toris
2264 4415 2516 4485 missi,et
2530 4415 2811 4471 Heriberti
2832 4416 3186 4485 cancellarii,
3209 4418 3490 4473 Cremone
3517 4416 3580 4473 in
3609 4417 3734 4490 pla-

2088 4508 2202 4563 cito
2231 4504 2613 4562 residentium
2646 4503 2833 4571 factis,
2866 4507 2923 4558 et
2976 4504 3325 4562 auctoritate
3375 4523 3442 4562 ac
3463 4506 3734 4578 jussione

326 4596 498 4669 tura,
527 4588 762 4679 telonei,
790 4594 1084 4679 portatici,
1116 4611 1219 4652 seu
1256 4592 1507 4670 ripatici,
1540 4600 1597 4652 et
1625 4592 1972 4653 comitatum
2002 4611 2050 4679 D
2082 4594 2368 4670 pralibati
2399 4592 2595 4650 domni
2629 4591 2854 4647 Otlonis
2889 4591 3261 4664 imperatoris
3289 4592 3556 4666 legaliter
3572 4596 3735 4652 robo-

328 4680 485 4740 infra
502 4672 984 4758 pranOminatam
1003 4682 1319 4753 civitatem,
1346 4680 1449 4742 seu
1481 4682 1641 4742 extra
1669 4700 1771 4758 per
1801 4681 1975 4758 quin-

327 4787 442 4845 que
463 4758 874 4830 milliariorum
896 4770 1106 4847 spatia,
1140 4773 1294 4830 sicut
1334 4773 1393 4829 in
1416 4774 1683 4846 ejusdem
1704 4774 1970 4832 Ecclesia

327 4848 633 4933 praeceptis
664 4852 1011 4929 continetur,
1070 4865 1284 4928 teneat,
1341 4856 1572 4930 habeat,
1614 4860 1977 4936 firmiterque

327 4937 630 5021 possideat
666 4941 787 5005 tam
818 4947 944 5023 ipse
974 4964 1151 5022 quam
1179 4952 1236 5004 et
1261 4947 1352 5004 sui
1384 4964 1774 5006 successores.
1826 4955 1975 5007 Pra-

325 5028 486 5094 terea
507 5032 652 5107 alias
676 5034 1149 5106 consuetudines,
1176 5030 1322 5111 quas
1353 5037 1443 5094 sui
1477 5042 1872 5096 antecessores
1903 5042 1975 5096 ad

325 5123 488 5182 illam
512 5116 858 5200 potestatem
890 5126 1266 5200 pertinentes,
1285 5131 1341 5184 et
1376 5127 1647 5200 angarias
1678 5126 1975 5201 quondam

325 5208 681 5282 habuerunt,
715 5220 771 5272 et
788 5212 1009 5273 totrum
1040 5215 1111 5273 de
1141 5215 1273 5290 ipsa
1298 5215 1547 5284 civitate,
1580 5218 1735 5289 quod
1769 5218 1839 5273 ad
1870 5235 1975 5275 no-

322 5307 514 5360 strum
546 5298 849 5362 servitium
900 5302 1094 5379 colligi
1142 5300 1289 5362 usus
1338 5305 1468 5372 fuit,
1518 5310 1575 5361 et
1610 5323 1816 5379 porcos
1845 5308 1973 5364 Ari-

323 5388 700 5462 marinorum,
735 5398 791 5449 et
848 5388 1244 5468 albergarias;
1287 5392 1560 5452 similiter
1601 5394 1975 5469 pracipimus

326 5485 391 5565 ut
420 5470 568 5566 ipse,
602 5476 1215 5566 suiquesuccessores
1268 5480 1569 5565 perpetuis
1610 5482 1974 5557 temporibus

320 5560 574 5655 exigua.
605 5562 987 5655 Pracipimus
1016 5570 1214 5650 itaque
1245 5568 1419 5650 atque
1440 5564 1723 5649 jubemus
1753 5582 1819 5631 ut
1848 5572 1975 5633 nul-

284 5670 287 5677 '
322 5656 419 5723 his
435 5648 577 5739 dux,
608 5648 825 5737 comes,
857 5664 968 5725 etc.
1044 5680 1047 5683 ·

2083 4686 2262 4749 ratis;
2283 4688 2340 4740 et
2369 4682 2711 4756 palifictura
2738 4679 2995 4736 denariis
3028 4684 3414 4752 quatuor,seu
3441 4697 3577 4738 cum
3608 4699 3734 4757 per-

2085 4773 2372 4831 solutione
2389 4772 2652 4827 omnium
2685 4768 3003 4838 navium,et
3023 4786 3155 4824 cum
3174 4774 3451 4826 curatura
3464 4772 3732 4828 omnium

2086 4861 2475 4937 negotiorum,
2510 4859 2610 4931 qui
2639 4859 2790 4915 ﬁunt
2820 4859 2878 4914 in
2911 4859 3187 4932 praedicta
3229 4859 3358 4931 ripa
3385 4863 3507 4916 tam
3536 4860 3611 4916 ab
3640 4856 3729 4916 in-

2087 4951 2229 5009 colis
2260 4948 2512 5006 civitatis
2544 4965 2720 5022 quam
2752 4949 2825 5003 ab
2857 4947 2987 5004 aliis
3048 4948 3284 5004 aliunde
3322 4949 3392 5004 ad
3432 4949 3727 5023 negotium

2084 5038 2581 5104 venientibus,scu
2612 5054 2747 5092 cum
2769 5038 3045 5094 omnibus
3073 5036 3340 5094 Ecclesia
3362 5038 3729 5095 rectitudini-

2085 5130 2195 5186 bus
2229 5144 2293 5185 ac
2324 5123 3324 5184 consuetudinibus.Districtionem
3355 5142 3490 5183 vero
3520 5127 3726 5183 civita-

2085 5220 2162 5275 tis
2175 5218 2333 5273 intus
2353 5219 2410 5272 et
2422 5220 2684 5286 exlraper
2703 5212 2962 5285 quinque
2976 5214 3385 5272 milliariorum
3399 5216 3724 5289 spatia,etc.

2083 5307 2142 5363 Si
2173 5307 2308 5380 quis
2341 5303 2539 5379 igitur,
2570 5307 2677 5358 etc.

2155 5397 2383 5467 Signum
2411 5393 2623 5451 domini
2654 5390 2969 5449 Chuonradi
2995 5396 3341 5451 serenissimi
3375 5397 3725 5467 imperatoris

2080 5482 2332 5557 Augusti.

2153 5570 2346 5630 Bruno
2376 5570 2763 5629 cancellarius
2790 5571 2862 5627 ad
2894 5572 3079 5628 vicem
3100 5571 3373 5630 Aribonis
3400 5572 3724 5649 Magontini

2083 5658 2503 5744 archiepiscopi
2519 5665 2577 5721 et
2596 5660 3091 5722 archicanoellarii
3111 5662 3440 5743 recognovi.
