3976 6402
269 370 428 434 1059

1633 363 1944 445 ΜΟΝΠΜ.
1989 366 2306 433 DIPLOM.

3507 358 3673 454 .1030
3735 359 3750 386 ³

341 503 554 558 Datum
581 516 646 556 Ill
676 499 966 556 Kalendas
997 497 1210 567 Martii,
1269 515 1421 555 anno
1455 499 1762 556 Dominicae
1815 501 1905 556 In-
1937 503 1992 569 Α
2021 505 2218 556 nostro
2227 502 2362 572 jure
2383 515 2448 558 ac
2465 495 2722 556 dominio
2745 499 2804 555 in
2829 498 3120 572 suumjus
3135 503 3319 581 atque
3332 501 3664 558 dominium

269 591 624 648 carnationis
651 589 1136 658 1031,indictione
1163 605 1280 655 XIV,
1310 605 1461 644 anno
1481 593 1673 644 autem
1708 589 1908 646 domni

266 679 596 738 Chuonradi
628 680 678 734 ll
709 678 1006 752 regnantis
1039 681 1218 747 sexto,
1254 676 1486 749 imperii
1524 694 1658 733 vero
1688 695 1762 733 ιν.

337 773 547 824 Actum
577 767 814 824 Goslare
846 767 1104 825 feliciter.
1132 769 1336 821 Amen.

1011 872 1156 927 XVI.

266 967 491 1024 ιίιιενω
521 965 837 1022 Chuonradi
863 966 889 1020 Ι
913 962 1256 1034 imperatoris
1309 960 1380 1015 ad
1403 963 1546 1034 cives
1577 961 1906 1034 Cremonen-

333 1055 435 1108 ses,
465 1047 526 1094 ut
548 1041 790 1108 episcopo
823 1031 1170 1092 Cremonensi
1196 1032 1260 1086 de
1315 1031 1641 1102 quibusdam
1667 1032 1905 1102 querelis

333 1111 676 1182 satisfaciant
686 1151 696 1162 .

715 1192 974 1267 (Circiter
1013 1208 1234 1246 annum
1268 1190 1450 1261 1031.)

583 1285 932 1356 ἱΜυΒΑΤοΜ,
965 1281 1148 1352 Antiq.
1189 1280 1314 1335 Ital.
1352 1280 1440 1348 VI,
1471 1280 1586 1349 53.]

332 1375 739 1438 CHUONRADUS,
770 1369 960 1443 gratia
988 1368 1086 1424 Dei
1153 1369 1550 1424 Romanorum
1582 1367 1903 1440 imperator

261 1461 864 1538 Augustus,omnibus
881 1459 1105 1514 civibus
1123 1457 1616 1514 Cremonensibus
1629 1456 1900 1512 salutem.

331 1554 618 1610 Volumus
648 1548 1248 1620 etﬁrmiterjubemus
1263 1552 1326 1600 ut
1368 1545 1698 1618 pecuniam,
1723 1563 1902 1618 quam

261 1642 614 1719 promisistis
645 1640 830 1695 vestro
890 1636 1102 1692 seniori
1136 1636 1408 1708 episcopo
1441 1651 1544 1707 pro
1575 1633 1817 1690 scaccho
1847 1639 1904 1689 et

261 1732 530 1790 incendio
545 1735 600 1785 ct
621 1727 815 1801 praeda
835 1742 1008 1797 quam
1035 1724 1255 1782 fecistis
1268 1741 1444 1796 super
1460 1723 1900 1794 illiuscastella,

262 1819 652 1893 adimpleatis,
705 1815 754 1870 si
812 1815 882 1868 de
913 1817 1111 1868 nostra
1168 1813 1356 1885 gratia
1384 1811 1624 1868 curatis.
1665 1813 1900 1866 Terram

261 1929 394 1968 vero
411 1905 700 1973 Ecclesiae,
737 1903 889 1960 sicut
921 1901 1248 1958 Landulfus
1295 1901 1602 1973 episcopus
1643 1903 1904 1972 tempore

260 1996 460 2056 domni
491 1992 860 2067 imperatoris
886 1989 1114 2047 Henrici
1145 1989 1354 2055 tenuit,
1373 1989 1664 2055 volumus,
1699 1992 1762 2044 ut
1793 1989 1902 2045 iste

259 2093 449 2144 vester
466 2083 660 2140 senior
681 2078 952 2137 similiter
972 2078 1166 2150 quiete
1185 2081 1398 2133 teneat.
1418 2083 1492 2133 De
1513 2077 1674 2132 silvis
1705 2081 1900 2133 autem

260 2173 528 2234 Ecclesiae
550 2188 675 2244 quae
697 2169 755 2224 in
771 2167 1012 2224 circuitu
1037 2167 1356 2235 sunt,unde
1377 2165 1460 2220 illi
1481 2166 1742 2238 quotidie
1763 2183 1898 2220 con-

261 2265 511 2324 trarium
545 2259 758 2330 facitis,
781 2261 836 2312 et
865 2255 1096 2312 utimini
1129 2259 1330 2311 contra
1361 2255 1488 2327 ejus
1517 2254 1897 2325 voluntatem,

253 2355 629 2430 jubemus,ut
651 2365 764 2403 non
789 2364 892 2402 vos
905 2345 1162 2418 amplius
1184 2345 1612 2411 intromittatis,
1643 2343 1692 2399 si
1727 2343 1899 2399 talem

261 2459 502 2502 censum
533 2439 584 2495 ei
606 2456 720 2494 non
751 2436 996 2502 dederit,
1028 2435 1181 2490 sicut
1211 2434 1607 2490 Mediolanum
1639 2438 1695 2490 et
1724 2432 1902 2504 Papia

260 2538 434 2605 atque
455 2526 1298 2596 Placentia.Osbertum,neque
1319 2523 1477 2580 illius
1504 2525 1902 2595 pares,contra

263 2621 616 2678 voluntatem
654 2615 832 2671 vestri
864 2613 1132 2681 senioris,
1183 2611 1344 2668 nullo
1401 2613 1574 2667 modo
1629 2611 1897 2677 teneatis,

263 2711 310 2767 si
337 2723 598 2779 unquam
621 2703 869 2778 gratiam
893 2705 1150 2758 nostram
1174 2701 1387 2756 habere
1407 2701 1536 2772 cupi
1547 2699 1900 2756 tis.Homici-

263 2801 369 2855 das
389 2801 446 2852 et
465 2795 743 2860 latrones,
778 2791 878 2864 qui
910 2791 1060 2844 infra
1092 2789 1381 2844 civitatem
1403 2794 1561 2856 sunt,
1593 2791 1664 2844 de
1686 2789 1902 2860 quibus

263 2887 574 2959 episcopus
605 2883 793 2954 legem
815 2885 872 2935 et
879 2878 1175 2950 justitiam
1197 2879 1383 2934 facere
1402 2877 1542 2946 vult,
1567 2893 1670 2950 per
1685 2882 1900 2933 rectam

229 3040 234 3043 _
261 2977 438 3032 ﬁdem
461 2977 592 3028 ante
614 2969 984 3043 praesentiam
1014 2969 1142 3040 ejus
1166 2967 1590 3036 conducatis,et
1617 2983 1716 3022 eos
1746 2966 1901 3039 lega-

259 3065 392 3122 liter
412 3061 678 3134 judicare
709 3057 776 3113 ad
777 3055 1014 3129 juvetis.

1001 3163 1168 3218 XVII.

659 3256 766 3310 Pro
798 3253 1038 3310 Ecclesia
1054 3252 1507 3308 Padcrbomcnsi.

884 3343 1070 3412 (Anno
1104 3341 1285 3410 1032.)

471 3437 754 3510 [Easanm
803 3432 927 3488 Cod.
945 3432 1170 3504 diplom.
1201 3431 1446 3502 Wcsiph.,
1479 3448 1535 3502 p.
1576 3431 1692 3501 92.]

330 3528 394 3584 In
424 3526 662 3582 nomine
679 3527 898 3580 sanctae
913 3521 1294 3579 etindividuaa
1317 3521 1645 3589 Trinitatis,
1669 3520 1904 3576 CHUON-

261 3615 675 3685 nanus,divina
695 3614 919 3669 favente
937 3610 1266 3676 clementia,
1303 3611 1699 3666 Romanorum
1723 3610 1903 3682 impe-

260 3713 418 3762 rator
443 3707 766 3776 Augustus.

327 3792 560 3850 Noverit
603 3791 868 3846 omnium
911 3789 1012 3863 Dei
1041 3788 1344 3860 nostrique
1366 3785 1626 3844 fidelium
1650 3805 1904 3860 praesen-

255 3883 401 3939 tium
425 3881 651 3938 scilicet
671 3897 738 3935 ac
787 3880 1118 3933 futurorum
1167 3877 1480 3946 industria,
1515 3878 1764 3950 qualiter
1795 3895 1902 3934 nos

257 3971 414 4027 ﬁdeli
433 3973 632 4026 nostro
655 3967 1044 4040 Meginwerco
1066 3966 1526 4022 Paderburnensi
1551 3968 1821 4040 episcopo
1843 3971 1901 4022 et

257 4057 524 4115 Ecclesiae
575 4055 670 4110 cui
748 4054 892 4125 ipse,
953 4058 1069 4108 Deo
1127 4053 1404 4124 donante,
1479 4056 1768 4126 praesidet,
1829 4055 1900 4110 ob

256 4146 652 4202 interventum
683 4147 740 4199 et
771 4142 1110 4215 petitionem
1140 4141 1362 4198 dilectae
1393 4145 1659 4216 conjugis
1693 4148 1901 4198 nostra:

257 4234 426 4292 Gislae
453 4231 841 4306 imperatricis
866 4231 1135 4303 Augusta:
1157 4234 1212 4286 et
1245 4233 1666 4288 amantissimas
1688 4236 1901 4286 nostrae

255 4323 438 4397 prolis
463 4321 718 4377 Heinrici
750 4320 910 4392 regia
941 4324 998 4375 et
1043 4319 1322 4392 Egilberti
1373 4319 1764 4392 Frisingensis
1797 4319 1900 4374 Ec-

258 4412 446 4468 clesiae
478 4409 828 4466 venerabilis
859 4407 1135 4481 episcopi,
1194 4427 1299 4466 nec
1331 4427 1444 4466 non
1476 4409 1548 4464 ob
1581 4425 1756 4464 suum
1789 4408 1902 4462 fre-

258 4517 444 4574 quens
501 4503 557 4553 et
614 4499 884 4554 devotum
939 4497 1259 4567 servitium,
1311 4497 1631 4570 quamdam
1689 4501 1900 4551 nostrai

259 4586 636 4662 proprietatis
661 4591 881 4642 curtem
907 4587 1292 4644 Gardenebiki
1319 4585 1902 4654 nominatam,situm

258 4679 319 4734 in
351 4693 500 4750 pago
534 4677 707 4732 Laeni
733 4675 790 4731 in
823 4677 1099 4732 comitatu
1129 4675 1466 4732 Herimanni
1499 4673 1904 4738 comitis,cum

259 4765 420 4822 omni
443 4782 551 4822 sua
571 4765 922 4838 integritate,
945 4765 1030 4821 vel
1055 4763 1338 4836 quidquid
1364 4761 1565 4832 praedii
1586 4761 1904 4818 habuimus

261 4855 321 4910 in
345 4853 498 4909 villis
544 4853 874 4920 meadal,
924 4853 1334 4924 Molduggane,
1369 4849 1901 4919 Liudulveshusun,

261 4944 440 4999 situm
470 4944 529 5000 in
559 4945 763 5000 eodem
795 4961 943 5017 pago
995 4948 1052 4998 et
1080 4942 1137 4996 in
1174 4940 1451 4996 comitatu
1498 4940 1904 5010 pramominati

261 5033 328 5088 H.
361 5033 615 5105 comitis,
647 5049 780 5088 cum
815 5033 1092 5089 omnibus
1151 5031 1221 5084 ad
1263 5029 1418 5083 idem
1454 5028 1901 5099 pertinentibus,

261 5136 396 5176 cum
427 5118 1204 5191 areis,aediﬁciis,mancipiis
1227 5117 1533 5188 utriusque
1557 5134 1728 5172 sexus
1759 5117 1903 5173 inibi

223 5262 228 5268 .
259 5207 688 5276 habitantibus,
721 5211 900 5282 agris,
935 5207 1107 5264 torris
1137 5203 1312 5261 cultis
1327 5208 1384 5259 et
1411 5203 1666 5264 incultis.
1700 5206 1903 5278 pratis,

261 5298 516 5370 pascuis,
549 5299 794 5371 campis,
824 5297 1008 5363 silvis,
1040 5294 1466 5360 venationibus,
1525 5295 1694 5367 aquis
1726 5313 1904 5367 aqua-

262 5403 464 5442 rumve
491 5388 859 5452 decursibus,
888 5383 1330 5456 piscationibus,
1357 5382 1904 5449 molis,molendinis

263 5476 370 5530 viis
427 5480 483 5531 et
539 5475 732 5545 inviis,
797 5473 1048 5531 exitibus
1107 5477 1164 5528 et
1193 5471 1496 5540 reditibus,
1559 5474 1819 5546 quaesitis
1851 5478 1908 5530 et

259 5564 764 5636 inquirendis,seu
798 5579 932 5618 cum
964 5561 1124 5618 omni
1157 5560 1408 5617 utilitate
1439 5579 1567 5634 qua
1598 5567 1698 5619 aut
1727 5563 1906 5620 scribi

262 5657 364 5716 aut
394 5652 686 5728 nominari
710 5655 922 5729 potest,
939 5651 1001 5710 in
1031 5650 1338 5730 proprium
1367 5652 1719 5713 tradidimus
1747 5657 1806 5712 et
1835 5653 1907 5716 de

2013 591 2250 645 omnino
2283 589 2813 658 trasfundimus,eo
2831 606 3065 662 quoque
3099 593 3388 656 tenore,ut
3413 591 3657 664 praedic-

2014 681 2111 733 tus
2145 677 2334 734 fidelis
2363 681 2566 734 noster
2619 678 2696 732 M.
2751 678 3082 750 episcopus,
3141 678 3263 736 sive
3321 678 3494 752 longe
3545 679 3668 736 sive

2017 782 2196 838 prope
2229 767 2441 834 sit,nos
2474 784 2591 822 suae
2643 767 2942 823 servitutis
2972 784 3090 823 non
3131 767 3505 824 immemores
3533 784 3665 826 esse

2015 859 2473 927 recognoscat,et
2495 860 2560 910 ut
2587 855 2710 926 ipse
2732 855 2940 928 suique
2971 872 3338 912 successores
3369 857 3440 912 de
3461 873 3662 930 supra,

2013 944 2330 1000 nominatis
2361 944 2594 1016 praediis
2624 942 2866 1000 liberam
2898 943 3170 1018 deinceps
3201 949 3545 1018 potestatem
3564 945 3665 1004 ba-

2012 1031 2190 1088 beant
2215 1033 2768 1104 tenendi,tradendi,
2800 1033 3110 1104 vendendi,
3125 1035 3547 1104 commutandi,
3569 1034 3662 1092 vel

2014 1123 2303 1195 quidquid
2333 1121 2617 1196 placuerit
2641 1122 2890 1178 faciendi
2914 1123 2984 1180 ad
3009 1141 3182 1180 usum
3203 1128 3400 1180 tamen
3433 1142 3660 1198 pramo-

2015 1211 2247 1267 minato's
2293 1229 2413 1268 suae
2434 1211 2704 1268 Ecclesiae
2736 1211 2798 1267 in
2820 1211 3036 1268 honore
3060 1213 3248 1268 sancti
3281 1213 3498 1269 Liborii
3525 1230 3660 1269 con-

2013 1303 2248 1356 structze
2277 1304 2332 1356 et
2361 1305 2728 1356 consecratae.
2764 1301 2850 1371 Et,
2866 1306 2932 1356 ut
2951 1301 3072 1358 haec
3103 1305 3312 1358 nostrae
3326 1301 3660 1358 traditionis

2011 1389 2355 1445 auctoritate
2411 1389 2638 1445 stabilis
2695 1394 2752 1445 et
2808 1390 3150 1447 inconvulsa
3205 1391 3364 1448 omni
3397 1398 3656 1464 tempore

2013 1481 2354 1549 perseveret,
2375 1478 2484 1533 hoc
2515 1483 2869 1550 praeceptum
2903 1480 3038 1537 inde
3071 1480 3468 1552 conscriptum
3522 1480 3660 1536 sub-

2012 1571 2224 1638 tusque
2255 1583 2432 1622 manu
2465 1567 2700 1639 propria
2731 1569 3064 1624 roboratam
3114 1567 3298 1642 sigilli
3329 1569 3512 1626 nostri
3543 1569 3655 1624 im-

2011 1655 2309 1729 pressione
2340 1656 2940 1728 insignirijussimus.

2079 1745 2310 1815 Signum
2338 1745 2526 1800 damni
2553 1745 2872 1802 Chuonradi
2903 1747 3253 1802 invictissimi
3288 1747 3657 1804 Romanorum

2012 1835 2356 1904 imperatoris
2377 1835 2626 1904 Augusti.
2651 1835 2737 1904 (L.
2773 1835 2872 1906 M.)

2081 1920 2385 1978 Odalricus
2415 1921 2796 1978 cancellarius
2829 1924 2898 1978 ad
2933 1924 3115 1980 vicem
3145 1924 3431 1982 Bardouis
3461 1925 3654 1982 archi-

2009 2009 2263 2082 episcopi
2297 2011 2646 2084 recognovit.
3103 2003 3106 2006 ’

2083 2104 2221 2154 Data
2243 2117 2312 2154 xv
2330 2099 2454 2156 Kal.
2507 2101 2695 2168 Febr.,
2742 2100 3060 2158 indictione
3079 2120 3172 2172 xv,
3205 2119 3358 2158 anno
3393 2102 3652 2159 Domini-

2010 2204 2089 2243 σεε
2121 2188 2541 2244 Incarnationis
2575 2190 2748 2256 1032;
2776 2207 2929 2246 anno
2960 2195 3153 2248 autem
3189 2192 3392 2249 domui
3419 2192 3651 2250 Cbuon-

2009 2277 2132 2332 radi
2165 2281 2213 2333 ll
2242 2278 2539 2350 regnantis
2569 2296 2690 2344 vm,
2721 2279 2952 2350 imperii
2983 2297 3114 2336 vero
3143 2297 3196 2336 v.

2077 2368 2282 2422 Actum
2318 2366 2886 2424 Hiltiwardeshusuu
2918 2367 3178 2425 feliciter.
3209 2369 3414 2426 Amen.

2723 2457 2924 2512 XVIII.

2415 2547 2522 2601 Pro
2552 2547 2788 2601 Ecclesia
2817 2547 3240 2604 Padcrbonensi.

2625 2635 2814 2706 (Anno
2848 2636 3030 2707 1032.)

2227 2723 2498 2794 (Eanum,
2531 2723 2656 2780 Cod.
2688 2724 2912 2795 diplom.
2953 2723 3206 2796 Westph.,
3233 2742 3291 2797 p.
3323 2724 3438 2796 9-1.]

2082 2813 2139 2868 Ο.
2175 2813 2238 2867 In
2298 2813 2532 2868 nomine
2591 2816 2802 2868 sanctae
2860 2817 2918 2868 et
2973 2812 3286 2869 individua:
3325 2813 3651 2882 Trinitatis,

2012 2901 2627 2970 Cnuonnanusﬁivina
2659 2902 2883 2958 favente
2913 2901 3240 2972 clementia,
3255 2902 3654 2960 Romanorum

2012 2990 2330 3061 imperator
2356 2991 2680 3062 Augustus.

2084 3078 2230 3142 Quia
2262 3095 2390 3145 nos,
2449 3078 2649 3134 divina
2693 3079 3038 3152 disponente
3065 3079 3396 3150 clementia,
3428 3080 3654 3137 caeteris

2013 3167 2520 3240 supereminemus
2543 3167 3144 3240 mortalibus,oportet
3156 3170 3657 3240 utcujusmunere

1935 3240 1978 3306 C
2015 3255 2558 3328 praecellimus,ejus
2586 3273 2819 3329 quoque
2846 3257 3136 3312 voluntati
3167 3259 3441 3315 omnibus
3485 3257 3655 3314 nobis

2015 3363 2214 3418 parere
2235 3347 2970 3418 studeamus.0uapropter
2998 3347 3272 3403 omnibus
3299 3347 3509 3403 Christi
3543 3364 3654 3404 no-

2013 3433 2271 3506 strisque
2300 3434 2570 3490 fidelibus
2623 3435 3012 3506 praesentibus
3067 3435 3291 3492 scilicet
3345 3453 3411 3492 ac
3441 3437 3656 3493 futuris

2012 3529 2215 3579 notum
2246 3541 2373 3580 esse
2400 3523 2693 3592 volumus,
2747 3523 2997 3596 qualiter
3026 3542 3132 3581 nos
3159 3526 3230 3582 ob
3263 3525 3656 3582 interventum

2015 3630 2078 3668 ac
2101 3613 2438 3684 petitionem
2463 3612 2684 3668 dilectae
2732 3613 2999 3686 conjugis
3021 3619 3230 3670 nostra:
3253 3613 3422 3670 Gislae
3470 3614 3658 3688 impe-

2012 3702 2238 3758 ratricis
2286 3704 2560 3774 Augustae
2618 3706 2676 3758 et
2724 3702 2829 3756 filii
2871 3703 3054 3758 nostri
3108 3703 3357 3760 Heinrici
3387 3703 3562 3776 regis,
3600 3707 3660 3760 et

2011 3789 2288 3863 Egilberti
2317 3791 2708 3864 Frisingensis
2739 3791 3006 3846 Ecclesiae
3051 3791 3332 3864 episcopi,
3365 3791 3520 3848 ﬁdeli
3551 3809 3657 3848 no-

2013 3885 2132 3936 stro
2165 3879 2566 3951 Meginvercho
2598 3880 3112 3937 Bodrebrunnensi
3165 3879 3486 3938 venerabili
3533 3881 3656 3954 epi-

2011 3985 2206 4040 scopo,
2259 3973 2317 4024 et
2347 3968 2600 4024 ecclesiae
2632 3969 2692 4024 in
2724 3969 2942 4026 honore
2989 3974 3204 4026 sanctae
3236 3969 3333 4026 Dei
3355 3967 3658 4042 genitricis

2012 4057 2204 4113 Marias
2225 4062 2282 4113 et
2305 4057 2492 4113 sancti
2515 4057 2777 4132 Chyliani
2816 4059 3090 4137 martyris
3122 4063 3179 4114 et
3207 4061 3395 4115 sancti
3437 4058 3654 4115 Liborii

2009 4146 2362 4202 confessoris
2387 4151 2735 4202 constructm
2763 4152 2819 4202 et
2841 4150 3205 4216 consecrata,
3239 4147 3333 4202 cui
3363 4147 3508 4220 ipse,
3540 4151 3658 4203 Deo

2010 4235 2284 4302 donante,
2333 4235 2622 4307 prwsidet,
2674 4253 2908 4292 omnem
2942 4241 3289 4308 potestatem
3321 4235 3656 4304 comitatus,

2011 4341 2198 4395 quam
2213 4323 2605 4380 Herimannus
2622 4341 2816 4380 comes
2838 4325 2896 4379 in
2918 4325 3048 4382 istis
3070 4325 3259 4381 tribus
3277 4326 3654 4400 pagis,Auga,

2011 4413 2249 4486 Netega,
2282 4413 2526 4486 Hessiga
2555 4413 2750 4482 habet,
2769 4431 2904 4470 cum
2935 4414 3093 4470 omni
3116 4415 3252 4485 jure
3282 4415 3354 4470 ad
3384 4414 3658 4470 eumdem

2013 4502 2352 4556 comitatum
2379 4502 2537 4572 juste
2567 4519 2633 4557 ac
2690 4501 2956 4574 legaliter
2987 4502 3330 4575 pertinente,
3377 4506 3434 4559 et
3463 4501 3662 4558 omnia

1931 4607 1980 4673 D
2013 4589 2304 4661 praediain
2324 4590 2548 4645 eisdem
2575 4591 2740 4663 pagis
2767 4591 2838 4648 ad
2869 4596 3100 4648 nostras
3131 4608 3344 4648 manus
3374 4591 3577 4647 habita
3604 4594 3662 4647 et

2014 4678 2393 4750 postmodum
2451 4679 2824 4750 acquirenda,
2857 4696 2992 4736 cum
3026 4681 3300 4737 omnibus
3349 4681 3421 4736 ad
3453 4679 3659 4736 eadem

2015 4766 2222 4822 merito
2245 4766 2686 4838 aspicientibus,
2719 4785 2851 4824 cum
2895 4769 3066 4836 areis,
3119 4767 3401 4836 adificiis,
3435 4766 3662 4824 manci-

2014 4856 2148 4927 piis,
2181 4855 2356 4928 agris,
2379 4855 2549 4912 terris
2579 4855 2750 4912 cultis
2781 4861 2838 4912 et
2867 4856 3127 4925 incultis,
3159 4859 3368 4931 pratis,
3401 4857 3657 4931 pascuis,

2014 4945 2256 5016 campis,
2281 4944 2466 5015 silvis,
2509 4944 2936 5012 venationibus,
2969 4947 3139 5020 aquis
3170 4963 3528 5020 aquarumve
3557 4944 3660 5002 de-

2013 5035 2308 5098 cursibus,
2345 5033 2792 5105 piscationibus,
2823 5033 3016 5102 molis,
3058 5035 3432 5102 molendinis,
3463 5034 3572 5090 viis
3601 5037 3662 5090 et

2013 5122 2208 5189 inviis,
2243 5122 2494 5178 exitibus
2522 5127 2580 5178 et
2609 5122 2913 5189 reditibus,
2973 5125 3236 5196 quaesitis
3265 5128 3324 5180 et
3354 5123 3660 5196 inquiren-

2014 5212 2126 5278 dis,
2161 5228 2264 5267 seu
2295 5227 2428 5266 cum
2459 5211 2618 5266 omni
2653 5211 2904 5268 utilitate
2963 5229 3089 5286 quae
3143 5211 3264 5269 ullo
3321 5213 3490 5268 modo
3522 5211 3660 5268 inde

2015 5300 2314 5372 provenire
2335 5301 2564 5373 poterit,
2613 5317 2716 5372 per
2737 5300 2847 5356 hoc
2871 5306 3142 5358 nostrum
3184 5300 3486 5374 imperiale
3509 5319 3660 5374 prea-

2015 5392 2243 5460 ccptum
2262 5389 2321 5444 in
2342 5389 2645 5460 proprium
2667 5390 3012 5447 donavimus
3025 5396 3198 5462 atque
3219 5389 3660 5464 largitisumus,

2015 5477 2278 5534 omnium
2309 5477 2615 5534 hominum
2649 5479 3105 5536 contradictione
3139 5483 3380 5548 remota,
3413 5496 3481 5535 eo
3515 5495 3662 5552 quo-

2017 5583 2129 5638 que
2156 5569 2353 5622 tenore
2372 5571 2436 5622 ut
2456 5566 2768 5640 praedictus
2790 5567 3191 5625 ﬁdelisnoster
3214 5567 3290 5624 M.
3324 5568 3663 5641 episcopus,

2017 5655 2136 5715 sive
2187 5655 2359 5732 longe
2413 5655 2532 5714 sive
2589 5670 2766 5731 prope
2801 5655 2897 5729 sit,
2930 5673 3036 5716 nos
3063 5673 3182 5740 suae
3202 5655 3516 5726 servitutis
3544 5671 3662 5746 non
