3976 6352
117 387 128 395 ·
153 365 315 438 1061

153 502 539 559 immemores
586 510 718 556 esse
764 500 1159 572 recognoscat,
1206 500 1264 552 et
1312 501 1378 550 ut
1430 496 1555 567 ipse
1602 494 1812 566 suique
1840 496 1895 561 Α

157 606 534 648 successores
566 589 637 646 de
690 588 911 645 eisdem
959 586 1194 660 praediis
1249 585 1496 641 liberam
1540 585 1814 656 deinceps

156 682 512 753 potestatem
558 677 814 734 habeant
856 675 1115 744 tenendi,
1164 673 1456 743 tradendi,
1503 673 1812 739 vendendi,

156 766 590 836 commutandi,
628 764 718 823 vel
771 764 1061 837 quidquid
1110 763 1396 836 placuerit
1440 761 1709 831 faciendi,
1743 761 1815 817 ad

158 873 342 914 usum
373 860 572 913 tamen
615 853 1048 928 praenominatae
1077 852 1367 909 Ecclesiae.
1392 851 1523 908 Hec
1550 866 1684 907 vero
1712 851 1815 906 do-

159 944 423 1003 nationis
456 944 778 1002 auctoritas
809 947 876 999 ut
903 943 963 997 in
1001 941 1103 998 Dei
1134 941 1372 998 nomine
1402 939 1690 1012 pleniores
1720 939 1818 995 ob-

156 1036 348 1093 tineat
376 1034 708 1102 ﬁrmitates,
729 1050 908 1089 manu
953 1030 1188 1105 propria
1217 1030 1427 1087 subtus
1458 1046 1586 1085 eam
1621 1030 1816 1084 firma-

158 1123 380 1191 vimus,
412 1121 726 1196 sigilloque
753 1124 955 1178 nostro
986 1120 1257 1194 insigniri
1280 1120 1593 1191 jussimus.

235 1214 471 1284 Signum
497 1213 696 1268 Domni
726 1210 1041 1266 Chuonradi
1074 1210 1425 1265 invictissimi
1453 1209 1821 1265 Romanorum

160 1302 513 1374 imperatoris
540 1301 628 1372 (L.
662 1300 766 1372 M.)
797 1301 1046 1369 Augusti.

236 1389 542 1447 Odalricus
573 1388 955 1446 cancellarius
986 1388 1059 1444 ad
1086 1387 1269 1444 vicem
1315 1385 1598 1442 Bardonis
1630 1385 1818 1440 archi-

164 1478 425 1552 episcopi
456 1478 810 1549 recognovit.

241 1569 385 1623 Data
411 1583 483 1623 xv
504 1567 629 1622 Kal.
658 1566 816 1632 Feb.,
850 1566 1165 1622 indictione
1195 1583 1287 1632 xv,
1321 1580 1474 1620 anno
1504 1562 1819 1618 Dominicae

163 1654 600 1712 Incarnationis
632 1655 790 1724 1032,
826 1673 977 1710 anno
1022 1660 1216 1711 autem
1260 1653 1459 1709 domni
1490 1652 1818 1708 Chuonradi

166 1744 219 1800 II
250 1742 554 1817 regnantis
580 1761 703 1810 vm,
733 1744 963 1817 imperii
992 1761 1125 1799 vero
1156 1762 1207 1798 ν.

238 1834 451 1890 Actum
486 1832 779 1889 Fritislare
809 1832 1071 1889 feliciter.
1101 1835 1307 1888 Amen.

564 2013 670 2066 Pro
700 2013 939 2067 Ecclesia
975 2010 1428 2066 Paderborncnsi.

799 2101 816 2172 (
825 2104 986 2156 Anno
1019 2098 1201 2169 1032.)

402 2187 684 2259 [Ennanm
717 2187 841 2244 Cod.
875 2189 1098 2260 diplom.
1141 2189 1388 2260 Westph.,
1424 2207 1477 2260 p.
1509 2189 1622 2260 95.)

242 2277 307 2334 G.
351 2276 417 2333 In
466 2277 704 2332 nomine
751 2281 963 2332 sancta
1016 2280 1073 2332 et
1132 2276 1445 2332 individua:
1503 2275 1827 2340 Trinitatis,

178 2365 593 2435 Cauomuous,
617 2365 814 2421 divina
837 2366 1061 2422 favente
1082 2364 1408 2433 clementia,
1434 2366 1830 2421 Romanorum

177 2454 500 2527 imperator
525 2456 849 2527 Augustus.

242 2542 409 2600 Sicut
430 2559 538 2600 nos
554 2560 623 2599 ex
644 2543 930 2616 promptis
946 2548 1004 2599 et
1019 2542 1277 2599 assiduis
1298 2542 1549 2599 servitiis
1566 2542 1829 2598 fidelium

177 2635 515 2689 nostrorum
537 2632 885 2705 gaudemus.
906 2633 987 2688 ita
1010 2648 1242 2704 quoque
1261 2632 1505 2705 dignum
1529 2637 1586 2687 et
1597 2633 1831 2703 justum

174 2735 305 2778 esse
338 2719 511 2777 nobis
532 2719 761 2776 videtur
781 2724 846 2775 ut
874 2737 972 2776 eos
995 2723 1066 2776 de
1096 2720 1401 2794 condignis
1422 2721 1546 2776 suis
1575 2720 1832 2792 przemiis

182 2809 441 2881 gaudere
483 2807 785 2866 faciamus.
813 2811 1175 2882 Quapropter
1202 2810 1521 2882 comperiat
1568 2811 1831 2865 omnium

182 2896 285 2953 Dei
315 2897 622 2969 nostrique
641 2898 903 2955 ﬁdelium
936 2899 1313 2970 praesentium
1344 2897 1565 2954 scilicet
1589 2914 1655 2953 ac
1684 2898 1834 2953 futu-

179 3002 382 3041 rorum
412 2985 725 3053 industria,
742 2986 992 3058 qualiter
1014 3004 1120 3043 nos
1141 2987 1213 3042 ob
1236 2987 1623 3043 interventum
1646 3004 1713 3043 ac
1733 3003 1833 3059 pe-

180 3073 449 3131 titionem
472 3073 696 3132 dilectaa
718 3074 986 3148 conjugis
1009 3079 1219 3132 nostrae
1244 3076 1413 3132 Gislae
1444 3076 1832 3148 imperatricis

178 3163 479 3235 Auguste,
504 3168 562 3220 et
582 3164 913 3220 charissimi
937 3164 1040 3219 ﬁlii
1076 3165 1257 3220 nostri
1282 3164 1532 3221 Heinrici
1565 3166 1738 3239 regis,
1766 3166 1832 3220 f1-

1449 359 1982 427 CHUONRADUS
2024 357 2080 423 II
2121 347 2290 425 IMP.

3410 343 3570 411 1062

2624 482 2805 547 ,ΧΧ.

1927 596 2241 653 Chucnradi
2270 597 2404 667 imp.
2434 593 2793 717 privilegitum
2825 606 2927 663 pro
2973 592 3299 645 monasterio
3344 589 3397 644 S.
3429 588 3571 645 Mar-

2710 680 2812 717 2m.

2710 680 2812 718 ιηι.

2550 773 2737 838 (Anno
2772 770 2952 837 1033.)

2132 898 2412 970 [ΕΒΗΑΒΟ.
2456 896 2581 952 Cod.
2614 895 2838 967 diplom.
2880 894 3130 965 ll'estph.,
3166 911 3221 966 p.
3255 894 3367 960 96.]

1998 1024 2058 1079 C.
2094 1024 2156 1079 In
2204 1022 2443 1079 nomine
2497 1023 2709 1077 sancte
2767 1024 2825 1074 et
2881 1017 3192 1074 individua;
3245 1018 3575 1088 Trinitatis,

1927 1112 2342 1177 CHUONRADUS,
2358 1110 2555 1166 divina
2576 1109 2801 1165 favente
2822 1106 3149 1175 clementia,
3178 1107 3576 1163 Romanorum

1927 1200 2245 1273 imperator
2271 1201 2592 1271 Augustus.

2000 1290 2060 1345 Si
2091 1290 2149 1345 in
2182 1287 2554 1345 monasteriis
2580 1286 2989 1342 construendis
3016 1286 3281 1341 studium
3314 1286 3581 1342 habueri-

1930 1395 2062 1433 mus
2083 1382 2186 1433 aut
2202 1377 2335 1432 aliis
2356 1377 2417 1431 in
2440 1376 2594 1431 idem
2618 1374 3092 1446 conspirantibus
3110 1380 3302 1431 votum
3328 1376 3581 1447 praebue-

1930 1467 2114 1521 rimus
2145 1482 2475 1533 asscnsum,
2504 1482 2619 1520 non
2663 1466 2852 1519 solum
2886 1464 2957 1519 ad
2990 1464 3346 1537 temporalis,
3380 1480 3581 1519 verum

1929 1555 2104 1612 etiam
2130 1556 2201 1611 ad
2227 1554 2422 1610 aeterni
2450 1553 2612 1626 regni
2640 1554 3012 1608 commodum
3048 1553 3157 1608 hoc
3184 1553 3351 1607 nobis
3381 1552 3581 1624 profu-

1930 1650 2131 1699 turum
2160 1661 2288 1700 esse
2314 1661 2429 1699 non
2470 1642 2846 1714 ambigimus.
2869 1643 3233 1713 Quapropter
3275 1651 3479 1697 notum
3506 1641 3583 1695 sit

1930 1732 2207 1788 omnibus
2229 1730 2570 1787 Christianae
2606 1728 2922 1801 religionis,
2950 1729 3331 1801 praesentibus
3364 1729 3586 1786 scilicet

1932 1825 2106 1891 atque
2138 1820 2376 1885 futuris,
2397 1818 2648 1890 qualiter
2676 1834 2782 1872 nos
2814 1818 2887 1872 ob
2920 1817 3311 1873 interventum
3343 1835 3409 1874 ac
3439 1817 3583 1890 peti-

1943 1909 2159 1965 tionem
2179 1907 2400 1964 dilectae
2411 1906 2678 1978 conjugis
2699 1911 2909 1961 nostra
2922 1904 3091 1961 Gisia:
3107 1906 3494 1979 imperatricis
3509 1907 3591 1962 vi-

1942 1997 2154 2052 delicet
2173 1998 2462 2069 Augustae,
2477 1999 2533 2051 et
2552 1994 2971 2050 amantissimae
2988 1997 3199 2049 nostrae
3222 1993 3402 2067 prolis
3422 1994 3591 2051 Hein-

1942 2085 2044 2140 rici
2068 2085 2242 2157 regis,
2268 2102 2372 2141 nec
2397 2102 2509 2139 non
2547 2082 2818 2138 Arihonis
2840 2082 3301 2155 Mogontinensis
3323 2082 3588 2140 Ecclesiaa

1941 2173 2361 2245 archiepiscopi
2403 2177 2459 2227 et
2494 2171 2774 2243 Piligrimi
2797 2171 3161 2227 Coloniensis
3198 2171 3463 2229 Ecclesia;
3494 2190 3591 2229 ar-

1940 2262 2317 2333 chiepiscopi,
2341 2260 2518 2317 simul
2537 2260 2711 2315 etiam
2735 2277 2868 2314 cum
2892 2276 3182 2316 consensu
3204 2260 3470 2317 omnium
3493 2278 3593 2318 no-

1942 2355 2197 2405 strorum
2220 2348 2481 2405 ﬁdelium
2520 2349 2618 2420 qui
2668 2354 2807 2402 tunc
2838 2349 3119 2419 temporis
3148 2349 3227 2404 ibi
3258 2350 3588 2419 adfuerunt,

1939 2439 2239 2510 Sigeberto
2262 2436 2669 2492 Mindunensis
2688 2436 2955 2491 Ecclesia:
2978 2437 3270 2509 episcopo,
3292 2437 3438 2492 inibi
3461 2455 3594 2494 con-

1942 2526 2203 2583 struendi
2229 2524 2572 2581 monasterii
2603 2523 2663 2578 in
2695 2523 2913 2578 honore
2939 2524 3124 2579 sancti
3149 2524 3383 2579 Martini
3412 2525 3593 2581 licen-

1941 2614 2082 2670 tiam
2133 2613 2556 2670 concessimus.
2593 2613 2836 2684 Insuper
2874 2611 3136 2667 omnium
3170 2612 3393 2668 noverit
3419 2612 3592 2669 indu-

1940 2702 2104 2769 stria,
2132 2702 2384 2774 qualiter
2410 2702 2675 2773 ejusdem
2699 2700 2858 2757 sedis
2881 2699 3192 2773 episcopus
3212 2702 3552 2757 curtiferum
3576 2721 3594 2759 1

1941 2791 1999 2846 in
2032 2807 2147 2863 quo
2181 2790 2334 2846 idem
2391 2790 2813 2846 monasterium
2855 2794 2911 2844 et
2952 2788 3275 2845 claustrum
3325 2796 3593 2848 cosmeta-

1941 2881 2213 2951 riumque
2262 2883 2402 2934 sunt
2450 2881 2803 2945 constructa,
2837 2881 2895 2933 et
2922 2878 3198 2934 curtifera
3220 2896 3274 2934 vn
3316 2896 3384 2935 ex
3435 2885 3593 2937 utra-

1940 2985 2054 3040 que
2084 2973 2249 3041 parte
2282 2967 2641 3035 monasterii,
2676 2972 2734 3022 et
2778 2964 2956 3023 salice
3008 2966 3234 3023 telluris
3265 2986 3327 3023 III
3358 2985 3595 3026 mansos

1941 3074 2077 3113 cum
2110 3057 2201 3114 sui
2227 3058 2386 3129 juris
2414 3057 2651 3129 praedio,
2686 3056 2744 3111 id
2793 3058 2884 3111 est
2930 3056 3154 3113 mansis
3184 3074 3259 3113 xu
3290 3058 3362 3116 de
3392 3075 3596 3115 mona-

1942 3147 2101 3201 sterii
2134 3146 2329 3202 Sancti
2362 3146 2511 3202 Petri
2544 3144 2896 3217 proprietate
2926 3144 2986 3199 in
3014 3145 3185 3200 istius
3215 3147 3408 3202 Sancti
3443 3147 3594 3203 Mar-

179 3249 298 3306 deli
320 3255 520 3309 nostro
545 3251 978 3325 Meginwercho
1007 3253 1321 3309 venerabili
1349 3230 1706 3326 episcopovet
1735 3271 1828 3311 ec-

1955 3235 2048 3290 ;ini
2089 3236 2427 3291 monasterii
2469 3236 2573 3305 jus
2612 3250 2678 3289 ac
2726 3238 3071 3304 potestatem
3120 3239 3599 3304 commutaverat,

187 3338 377 3396 clesie
407 3341 503 3397 cui
548 3341 695 3414 ipse,
720 3346 834 3398 Deo
882 3343 1157 3407 donante,
1191 3343 1483 3416 praesidet,
1515 3344 1572 3397 in
1623 3343 1842 3399 honore

186 3432 402 3485 sanctae
422 3429 522 3486 Dei
545 3430 847 3503 genitricis
869 3430 1067 3486 Mariae
1091 3435 1148 3486 et
1176 3432 1363 3487 sancti
1385 3430 1649 3504 Chyliani
1688 3448 1843 3487 mar-

179 3516 328 3591 tyris
362 3518 668 3591 sanctique
699 3519 913 3576 Liborii
943 3519 1160 3593 egregii
1193 3520 1544 3577 confessoris
1574 3524 1840 3576 constru-

183 3609 312 3674 cta,
335 3621 439 3662 sex
456 3607 769 3679 mancipia,
794 3625 1047 3680 quorum
1069 3608 1189 3664 haec
1210 3614 1352 3665 sunt
1377 3609 1617 3665 nomina
1640 3627 1652 3664 :
1677 3608 1843 3665 Thie-

182 3693 439 3751 thardus
456 3694 609 3767 pbr..
629 3696 823 3764 Liuza,
838 3697 1159 3769 Heregrim,
1180 3698 1439 3762 Ethilier,
1457 3698 1840 3765 Athaluuard,

188 3781 532 3851 Wicburch,
558 3801 692 3840 cum
723 3786 1001 3841 omnibus
1049 3786 1175 3842 suis
1226 3786 1573 3842 substantiis
1605 3803 1705 3859 per
1735 3787 1844 3842 hoc

193 3875 465 3933 nostrum
490 3872 792 3945 imperiale
822 3879 1177 3947 praeceptum
1200 3875 1612 3947 perpetualiter
1632 3875 1690 3929 in
1711 3893 1843 3948 pro-

178 3959 377 4033 prium
409 3961 767 4017 tradidimus
810 3967 867 4019 et
907 3963 980 4018 de
1010 3968 1209 4019 nostro
1233 3964 1369 4035 jure
1399 3980 1465 4018 ac
1494 3963 1753 4020 dominio
1783 3964 1843 4019 in

180 4066 358 4106 suum
394 4051 501 4122 jus
542 4056 718 4121 atque
750 4050 1083 4106 dominium
1133 4051 1371 4107 omnino
1415 4052 1845 4108 transfudimus

182 4143 362 4210 atque
388 4136 582 4212 largiti
606 4156 835 4205 sumus,
858 4156 923 4195 eo
945 4156 981 4210 q
998 4156 1189 4211 noque
1209 4146 1427 4209 tenore,
1453 4145 1517 4195 ut
1535 4142 1846 4213 praedictus

181 4226 374 4283 ﬁdelis
404 4231 603 4285 noster
647 4228 1118 4301 Meginwerchus
1145 4230 1457 4301 episcopus
1482 4230 1692 4301 suique
1723 4248 1849 4287 suc-

184 4331 454 4373 cessores
483 4317 557 4374 de
579 4317 800 4374 eisdem
835 4317 1145 4389 mancipiis
1171 4318 1719 4391 liberam,deinceps
1748 4337 1848 4392 po-

184 4407 460 4461 testatem
481 4404 736 4462 habeant
773 4407 1081 4473 vendendi,
1108 4407 1396 4475 tradendi,
1422 4409 1847 4465 commutandi:

158 4491 277 4557 ,νει
303 4491 597 4565 quidquid
622 4492 731 4549 sibi
754 4491 1036 4565 placuerit
1067 4494 1337 4560 faciendi,
1362 4495 1432 4549 ad
1459 4512 1632 4551 usum
1652 4500 1850 4552 tamen

1952 3324 2013 3379 In
2050 3323 2172 3379 loco
2214 3324 2369 3379 enim
2402 3322 3065 3393 Hildiwardingahusun
3109 3323 3262 3379 dicto
3293 3328 3350 3379 et
3380 3326 3438 3380 in
3468 3326 3600 3383 aliis

1948 3412 2103 3468 villis
2134 3414 2205 3468 ad
2238 3414 2510 3468 eumdem
2542 3411 2735 3466 locum
2759 3411 2893 3482 jure
2932 3411 3359 3483 pertinentibus
3387 3430 3466 3469 v11
3494 3432 3600 3488 pro

1952 3501 2409 3558 commutatione
2458 3500 2620 3556 dedit
2666 3516 2927 3568 mansos,
2953 3504 3010 3554 et
3059 3500 3118 3555 in
3168 3499 3541 3559 Chizzindorf
3562 3523 3601 3560 II

1951 3608 2220 3657 mansos;
2253 3590 2312 3644 in
2346 3589 2500 3645 Lohe
2531 3607 2545 3645 ι
2578 3606 2683 3657 m.;
2727 3589 2785 3643 in
2826 3588 3261 3645 Westirbracha
3290 3608 3305 3646 ι
3336 3608 3415 3647 m.
3447 3593 3512 3647 Et
3539 3594 3598 3649 in

1952 3678 2044 3733 his
2076 3696 2132 3734 1v
2162 3677 2303 3735 locis
2327 3696 2434 3733 xxv
2456 3678 2766 3750 mancipia.
2792 3677 3090 3733 Fratribus
3114 3682 3309 3734 autem
3340 3680 3411 3735 ad
3445 3680 3599 3737 idem

1952 3768 2328 3840 saepedictum
2360 3767 2781 3823 monasterium
2822 3772 2933 3823 Deo
2977 3766 3364 3825 servientibus
3393 3770 3453 3825 in
3486 3771 3597 3825 uti-

1954 3855 2176 3912 litatem
2207 3856 2447 3912 tradidit
2476 3857 2772 3928 quoddam
2804 3857 3087 3929 praedium
3134 3856 3440 3913 Chemmin
3469 3859 3597 3915 dic-

1953 3950 2100 4013 tum,
2130 3945 2285 4016 quod
2316 3946 2389 4001 ob
2422 3945 2811 4001 interventum
2844 3950 3050 4002 nostra:
3081 3946 3301 4003 dilectae
3332 3949 3598 4022 conjugis

1955 4035 2022 4090 G.
2072 4038 2400 4107 nostraeque
2442 4033 2622 4106 prolis
2670 4035 2738 4090 H.
2791 4035 2944 4107 regis
2991 4036 3063 4091 de
3111 4039 3310 4094 nostro
3357 4038 3491 4109 jure
3538 4036 3597 4092 in

1956 4142 2130 4179 suum
2191 4126 2292 4195 jus
2350 4129 2526 4196 atque
2596 4128 2941 4196 potestatem
3015 4126 3293 4197 suscepit.
3356 4126 3600 4198 Insuper

1956 4213 2128 4269 etiam
2163 4214 2235 4269 ad
2277 4214 2715 4269 Rotherisdorfa
2757 4213 2875 4268 vini
2923 4214 3389 4282 decimationem,
3421 4230 3599 4286 quam

1958 4304 2028 4357 de
2059 4303 2228 4358 nobis
2275 4302 2602 4373 acquisivit,
2636 4302 2695 4358 in
2745 4304 3083 4358 eorumdem
3132 4303 3378 4359 fratrum
3426 4321 3603 4360 usum

1958 4392 2263 4447 concessit.
2286 4390 2457 4446 Aliud
2489 4396 2684 4446 autem
2716 4393 2774 4446 in
2807 4393 3009 4447 eodem
3040 4391 3165 4447 loco
3194 4391 3455 4448 vinetum
3479 4393 3605 4450 suis

1960 4480 2020 4535 in
2065 4481 2375 4536 utilitatem
2426 4479 2681 4535 decrevit
2732 4480 3190 4548 successoribus,
3222 4498 3290 4537 ea
3338 4480 3607 4538 videlicet

189 4597 313 4636 sua;
340 4579 607 4638 Ecclesia
638 4582 1153 4641 Bodrabrunnensi
1187 4583 1520 4639 ηοωίηαίεε,
1551 4585 1616 4639 Et
1646 4589 1712 4639 ut
1731 4584 1852 4641 hac
1882 4605 1928 4669 D
1959 4570 2203 4635 ratione,
2238 4576 2301 4624 ut
2340 4571 2397 4623 in
2431 4567 2545 4622 vini
2583 4567 2966 4622 decimatione
2998 4569 3218 4624 nullam
3250 4569 3605 4641 injustitiam

190 4672 406 4725 nostris
436 4669 767 4726 traditionis
797 4670 1114 4726 auctoritas
1155 4670 1360 4743 plenas
1390 4672 1449 4727 in
1481 4672 1580 4728 Dei
1614 4673 1850 4729 nomine
1882 4655 1925 4669 ὐ
1959 4664 2061 4713 θοαί
2088 4657 2416 4713 mmo-“ﬂiam
2452 4658 2705 4713 inferam-
2733 4655 3030 4726 fratribus:
3053 4661 3111 4711 et
3138 4657 3373 4727 quando
3406 4657 3476 4712 de
3503 4656 3604 4713 ίῙῙο

191 4756 408 4814 habeat
432 4757 762 4827 ﬁrmitates,
786 4759 935 4814 hanc
965 4758 1226 4814 chartam
1270 4759 1406 4815 inde
1455 4761 1846 4833 conscriptam

192 4846 524 4920 subtusque
552 4864 731 4904 manu
764 4848 999 4920 propria
1037 4850 1390 4919 roboratam,
1423 4849 1615 4922 sigillo
1650 4854 1848 4906 nostro

193 4933 468 5007 insigniri
490 4936 805 5007 jussimus.

166 5082 171 5087 _
264 5024 500 5093 Signum
526 5025 714 5081 damni
744 5025 1061 5082 Chuonradi
1105 5027 1456 5081 invictissimi
1483 5029 1851 5083 Roman-brum

198 5112 547 5184 imperatoris
576 5114 661 5183 (L.
699 5114 802 5185 M.)
834 5114 1083 5183 Augusti.

184 5260 191 5267 ,
271 5200 578 5259 Odalricus
625 5201 1010 5259 cancellarius
1062 5202 1185 5258 vice
1228 5203 1512 5259 Bardonis
1561 5204 1851 5277 archiepi-

202 5290 364 5363 scopi
394 5290 749 5363 recognovit.
1262 5304 1265 5305 '

274 5380 421 5436 Data
446 5395 526 5436 xu
556 5380 685 5437 Kal.
717 5380 900 5453 Sept.,
930 5379 1246 5437 indictione
1275 5396 1368 5449 xv,
1405 5398 1558 5437 anno
1589 5382 1853 5437 Domini-

205 5484 281 5523 caa
312 5467 738 5530 Incarnationis
768 5471 935 5538 1031;
966 5486 1122 5526 anno
1159 5474 1356 5526 autem
1393 5470 1594 5526 domni
1624 5470 1854 5527 Chuon-

164 5596 165 5599 η
204 5555 329 5613 radi
359 5558 603 5613 secundi
634 5559 935 5631 regnantis
964 5576 1082 5628 vm,
1116 5558 1349 5633 imperii
1380 5575 1513 5616 vero
1544 5575 1622 5617 v1.

184 5714 191 5717 ,
271 5635 482 5710 Actum
511 5648 921 5730 Magadeburc.

1958 4748 2163 4802 bibant
2192 4747 2322 4801 vino
2362 4746 2471 4802 hoc
2521 4746 2844 4814 intendant,
2878 4745 3015 4816 quia
3045 4744 3208 4817 prius
3250 4745 3322 4799 ad
3371 4760 3606 4802 omnem

1957 4836 2357 4908 episcopatum
2376 4852 2549 4890 suum
2569 4838 2797 4889 tantum
2817 4850 2933 4889 non
2951 4832 3286 4889 habuerunt
3298 4833 3610 4906 viniquan-

1956 4930 2082 4979 tum
2116 4922 2370 4996 scyphus
2402 4940 2605 4994 capere
2656 4927 2864 4995 potest,
2894 4921 3139 4993 ideoque
3184 4921 3608 4994 frequentiores

1959 5013 2078 5068 sint
2108 5012 2176 5067 ad
2219 5011 2399 5066 Deum
2438 5011 2855 5068 intercessores
2885 5010 3067 5065 nostri
3101 5011 3440 5083 dilectmque
3468 5029 3607 5069 con-

1951 5101 2114 5174 jugis
2146 5104 2354 5156 nostra
2388 5099 2454 5154 G.
2489 5104 2545 5154 et
2574 5100 2754 5171 prolis
2802 5106 3011 5156 nostra:
3052 5099 3118 5155 Η.
3151 5100 3324 5174 regis,
3357 5118 3609 5173 quorum

1961 5190 2236 5265 petitione
2264 5189 2386 5244 haec
2416 5188 2544 5259 ipsa
2562 5187 2754 5245 vineta
2783 5191 2838 5245 S.
2866 5189 3177 5263 praelibataa
3200 5190 3357 5246 sedis
3386 5191 3610 5263 episco-

1962 5300 2034 5355 po
2068 5282 2127 5335 in
2174 5277 2583 5352 proprietatem
2631 5279 3002 5336 tradidimus.
3029 5279 3177 5343 Quin
3223 5280 3400 5335 etiam
3453 5281 3609 5337 idem

1962 5371 2266 5443 episcopus
2298 5368 2371 5422 ad
2402 5365 2806 5438 praescriptum
2832 5368 3026 5423 Sancti
3062 5368 3289 5425 Martini
3325 5373 3609 5425 monaste-

1962 5461 2116 5515 rium
2147 5457 2263 5513 alia
2290 5472 2419 5527 quae
2447 5454 2538 5510 sui
2561 5454 2719 5527 juris
2769 5460 2935 5511 erant
2966 5456 3093 5513 loca
3142 5457 3401 5526 tradidit,
3436 5458 3493 5513 id
3524 5462 3613 5514 est

1964 5542 2955 5621 Egisbern,Wolgatingahusum,in
2976 5545 3397 5605 Diotanhusam
3416 5564 3435 5603 1
3453 5564 3615 5603 man-

1967 5653 2101 5700 sum
2149 5641 2208 5695 et
2260 5632 2575 5719 utilitatem
2631 5633 2811 5709 silvae,
2845 5640 2903 5700 et
2956 5634 3072 5697 tale
3125 5638 3411 5714 praedium
3440 5637 3614 5719 quale
