3976 6370
387 413 412 425 ι·
429 383 586 450 4063

1796 367 2108 440 MONUM.
2155 369 2476 436 DIPLOM.

3651 369 3844 444 πιοη

424 519 630 576 habuit
659 515 730 570 ad
761 511 1080 582 Nianburg.
1106 501 1351 581 Insuper
1381 508 1555 562 etiam
1588 507 1657 561 ad
1703 506 1976 561 Ubhuscn
2011 523 2069 561 111
2101 513 2153 578 Α
2187 507 2440 561 dictione
2462 507 2832 579 proprietatis
2847 507 2980 578 jure
3004 505 3210 564 tenuit.
3233 507 3452 566 Idcirco
3473 509 3676 583 siquis
3692 513 3846 583 ejus‘

389 643 396 646 -
425 626 511 675 m;
538 608 596 660 in
619 603 810 658 Lobai
837 617 926 667 m;
960 599 1017 654 in
1051 614 1199 670 pago
1231 597 1407 652 etiam
1440 595 1657 669 Laiuga
1689 595 1746 650 in
1776 594 1930 649 villis
1952 595 2076 648 Tri-

422 695 618 760 burin,
637 690 950 754 Stocheim,
973 684 1526 756 Helingaburstalla,
1553 683 1890 750 Holinbeke,
1911 701 1963 736 v1
1988 700 2076 747 m;

424 785 481 838 in
516 797 664 854 pago
695 795 927 852 quoque
954 777 1225 830 Mars‘tem
1260 772 1317 826 in
1349 771 1484 826 villa
1517 788 1642 843 qua:
1663 772 1878 825 dicitur
1899 771 2080 825 Brun-

424 871 721 927 hildisfort
750 885 789 922 11
823 884 903 932 m,
927 865 1062 920 etin
1086 861 1315 932 Ilupida
1348 879 1359 914 l
1392 877 1471 928 In,
1495 865 1551 915 et
1576 861 1633 914 in
1656 860 1826 915 Oribe
1847 877 1886 914 11
1920 876 1998 925 m,
2023 863 2080 914 et

425 962 486 1016 in
517 958 911 1015 Volkeressun
935 970 973 1006 ιι
997 968 1079 1016 m,
1103 949 1158 1002 in
1192 965 1340 1020 pago
1360 948 1578 1014 Cizide;
1614 949 1670 1002 in
1703 946 1838 1002 villa
1868 947 2079 1003 Herisi-

419 1050 600 1105 vroda
621 1064 659 1101 11
683 1062 739 1098 m
761 1061 772 1110 ;
798 1043 856 1096 in
883 1041 1162 1094 Munnere
1185 1055 1200 1090 1
1226 1054 1304 1102 m,
1325 1053 1458 1092 cum
1482 1036 1733 1092 utilitate
1756 1035 1914 1090 salis.
1934 1037 2075 1090 Item

423 1140 482 1194 in
511 1138 792 1192 Munnere
823 1127 1202 1182 curtiferum1
1236 1125 1652 1197 cum;utilitate
1679 1125 1848 1192 salis;
1883 1126 1940 1179 in
1975 1125 2076 1180 Bo-

420 1227 625 1282 dukun
656 1237 673 1275 1
707 1236 798 1284 m;
833 1217 893 1270 in
927 1215 1192 1270 Beddure
1225 1233 1240 1269 1
1275 1232 1362 1284 m;
1398 1215 1454 1269 in
1487 1214 2074 1285 Hemezungahusum

418 1333 436 1369 1
459 1329 551 1378 m;
579 1311 638 1364 in
661 1305 842 1362 Helan
859 1323 892 1358 ν
914 1321 1002 1370 m;
1026 1303 1082 1357 in
1105 1303 1444 1359 UanebekeI
1464 1320 1519 1358 m
1541 1321 1553 1370 ;
1577 1303 1634 1357 in
1657 1303 2077 1375 Fridegerssun

417 1421 434 1458 1
471 1419 561 1468 m;
597 1399 656 1452 in
683 1395 954 1450 Nisinum
987 1410 1029 1446 11
1059 1409 1136 1460 1n,
1163 1392 1224 1446 in
1253 1393 1531 1448 Lieberke
1551 1410 1569 1446 1
1593 1409 1677 1459 m;
1713 1391 1784 1446 ad
1815 1391 2077 1446 Folchar-

420 1485 664 1546 desdorf
689 1482 1000 1538 utilitatem
1053 1482 1208 1538 silvae
1258 1498 1390 1536 cum
1442 1482 1636 1536 tribus
1675 1479 1984 1548 curtiferis,
2019 1480 2076 1534 in

419 1575 663 1635 Hervide
693 1590 712 1626 1
744 1589 831 1638 m;
858 1571 916 1626 in
941 1570 1445 1626 Hemmincburun
1468 1587 1522 1624 1v
1555 1588 1642 1638 m;
1675 1569 1734 1624 in
1764 1567 2076 1624 Uvoluara-

419 1663 800 1737 dingahusun
825 1660 1167 1716 curtiferum
1190 1677 1207 1714 1
1231 1676 1364 1715 cum
1404 1658 1653 1714 utilitate
1677 1657 1851 1712 silvas.
1876 1657 1938 1712 In
1969 1656 2079 1711 Eil-

413 1757 627 1811 dissun
661 1750 1001 1805 curtiferum
1026 1767 1042 1804 1
1068 1765 1201 1804 cum
1225 1747 1480 1803 utilitate
1503 1747 1688 1815 silvae;
1722 1747 1778 1800 in
1809 1747 2077 1801 Hadden-

2188 596 2320 651 dem
2344 597 2669 651 destructor
2688 601 2776 652 est
2797 597 3136 654 monasterii
3161 602 3265 654 aut
3288 598 3698 671 praedictorum
3721 599 3842 655 dis-

2189 685 2234 739 si
2244 691 2410 756 pater
2434 685 2890 752 bonorum,vere
2921 685 3067 741 sciat
3100 687 3240 759 quia
3266 685 3453 743 eidem
3485 688 3842 744 menasterio

2188 773 2586 846 fratribusque
2633 773 2851 830 ibidem
2881 774 2997 831 Deo
3029 772 3414 832 servientibus
3441 777 3500 832 in
3532 777 3705 832 nobis
3734 789 3840 833 no-

2187 861 2441 934 strisque
2471 863 2911 919 successoribus
2953 868 3176 918 certum
3207 868 3296 919 est
3339 863 3474 920 inde
3522 865 3838 938 refugium.

2188 948 2273 1016 Et,
2289 955 2354 1004 ut
2377 950 2486 1006 hoc
2510 955 2722 1006 nostrae
2743 951 3136 1008 concessionis
3164 957 3518 1025 praeceptum
3540 967 3646 1025 per
3666 966 3843 1012 omne

2185 1042 2419 1109 tempus
2469 1038 2675 1094 stabile
2720 1044 3060 1112 permaneat
3107 1045 3164 1096 et
3215 1041 3646 1109 inconvulsum,
3690 1043 3842 1099 hanc

2186 1127 2461 1199 paginam
2484 1128 2617 1184 inde
2638 1129 3028 1201 conscriptam
3053 1129 3382 1201 subtusque
3400 1131 3586 1187 manu.
3605 1132 3844 1204 propria

2186 1216 2641 1288 corroboratam,
2675 1217 2851 1290 sigilli
2898 1219 3080 1273 nostri
3124 1217 3508 1290 impressione
3543 1217 3843 1291 jussimus

2186 1303 2475 1376 insigniri.
3488 1348 3491 1350 -

2258 1393 2489 1462 Signum
2515 1396 2704 1450 domui
2734 1396 3045 1452 Chuonradi
3084 1398 3453 1454 Romanorum
3489 1392 3843 1470 imperatoris

2186 1481 2270 1550 (L.
2305 1482 2405 1554 M.)
2437 1484 2805 1540 invictissimi.
3582 1488 3592 1497 “
3709 1525 3712 1528 -

2257 1570 2629 1628 Burchardus
2668 1573 3047 1629 cancellarius
3078 1573 3199 1630 vice
3245 1575 3526 1633 Pardonis‘
3575 1577 3838 1634 archica-

2186 1657 2402 1730 pellani
2434 1661 2780 1733 recognovit.

2257 1752 2401 1803 Data
2429 1764 2485 1805 v1
2516 1749 2661 1805 Non.
2690 1750 2832 1817 Jul.,
2864 1768 3016 1807 anno
3057 1751 3370 1810 Dominicis
3413 1745 3838 1813 Incarnatioiiis

414 1845 614 1900 husun
657 1838 968 1895 dimidium
1018 1854 1319 1904 mansum;
1354 1837 1413 1891 in
1446 1836 1788 1891 Ekishusun
1823 1853 1861 1890 11
1895 1851 1981 1904 m;
2017 1835 2076 1890 in
2106 1881 2154 1947 Β
2189 1836 2345 1903 1033,
2380 1837 2696 1894 indictione
2719 1856 2764 1907 1;
2795 1855 2947 1895 anno
2969 1845 3165 1895 autem
3195 1842 3395 1898 domui
3427 1842 3760 1900 Chu'onradi
3786 1844 3837 1900 II

414 1933 498 1947 ισοι
549 1930 562 1947 1
612 1932 708 1947 ινι.
756 1945 764 1947 _
797 1945 843 1947 __
872 1945 879 1947 _
918 1927 966 1947 !_
1008 1927 1228 1947 n_J___.
1269 1943 1282 1947 _
1315 1943 1365 1947 μ
1399 1942 1408 1947 -
1446 1926 1496 1947 2..
1534 1924 1864 1947 ‘IT-I_L__---..
1893 1939 1954 1947 ---
1986 1940 2038 1947 ..-
2185 1926 2480 1947 _-._.._._A:-
2512 1944 2565 1947 __-
2622 1928 2952 1947 _'__,,____a11'i
3042 1945 3120 1947 1,,

411 1930 719 1989 Nitalstete
753 1945 766 1982 1
795 1945 882 1994 m;
917 1927 973 1981 in
1008 1927 1235 1981 Rodum
1268 1943 1282 1981 1
1315 1942 1410 1992 m;
1446 1926 1502 1978 in
1534 1924 1870 1980 Holzhusun
1893 1939 1954 1979 111
1986 1940 2071 2000 m;

410 2022 470 2076 in
499 2019 758 2090 Lippeke
781 2015 1120 2071 curtiferum
1148 2032 1163 2069 1
1196 2030 1330 2069 cum
1360 2013 1608 2069 utilitate
1639 2013 1813 2068 silvas.
1840 2014 1901 2067 In
1934 2013 2066 2067 Ret-

411 2111 549 2164 bere
573 2106 888 2162 dimidium
922 2120 1009 2172 m;
1045 2103 1104 2158 in
1126 2103 1460 2158 Sueverdun
1488 2120 1542 2156 ιν
1565 2119 1644 2168 m,
1667 2109 1723 2158 et
1753 2101 1944 2158 salices
1967 2101 2071 2156 tel-

414 2198 559 2254 luris
591 2213 632 2250 11
667 2213 744 2262 m,
771 2199 829 2250 et
850 2193 1077 2258 dimid.;
1104 2192 1160 2247 in
1202 2193 1527 2248 Honredere
1555 2209 1607 2246 v1
1640 2209 1718 2259 m,
1751 2196 1808 2246 et
1838 2186 2068 2245 dimidﬁ

413 2288 474 2341 in
497 2283 974 2341 Eddorunhusun
997 2297 1037 2336 11
1063 2298 1150 2349 m;
1177 2281 1234 2335 in
1254 2280 1527 2336 Morsilen
1553 2297 1737 2334 unum
1761 2291 2062 2339 mansum;

409 2376 469 2430 in
494 2373 802 2429 Nitalstete
823 2388 858 2425 x
880 2387 968 2438 m;
997 2387 1128 2424 cum
1153 2369 1310 2423 omni
1342 2369 1593 2424 utilitate
1615 2368 1752 2424 illuc
1773 2367 2064 2441 pertinen-

405 2465 479 2531 ti;
505 2464 564 2518 in
585 2460 831 2518 Weluen
873 2477 926 2514 1v
959 2476 1047 2528 m;
1083 2459 1155 2513 ad
1187 2459 1309 2513 haec
1346 2462 1668 2530 praenotata
1698 2457 1824 2513 loca
1867 2456 2066 2511 omnia

406 2553 622 2624 praedia
652 2567 779 2623 quea
809 2553 953 2604 tunc
986 2547 1269 2619 temporis
1292 2548 1402 2602 sub
1434 2563 1540 2603 suo
1564 2547 1699 2618 jure
1727 2545 1935 2600 habuit
1963 2549 2065 2600 aut

405 2648 607 2714 postea
629 2637 956 2712 acquisivit,
974 2637 1061 2692 vel
1091 2637 1264 2692 etiam
1289 2637 1451 2707 justo
1482 2636 1822 2690 concambio
1852 2635 2060 2690 horum

407 2733 812 2804 praedictorum
853 2727 1113 2782 locorum
1144 2725 1624 2793 commutatione,
1649 2723 1734 2778 vel
1770 2723 1885 2778 alia
1906 2723 2061 2792 juris

405 2819 787 2883 ordinatione,
814 2815 1031 2886 recepit
1062 2818 1269 2886 praeter
1305 2814 1406 2868 illa
1437 2830 1562 2884 quae
1593 2813 1666 2867 ad
1697 2811 1812 2867 alia
1841 2812 2061 2884 delega-

404 2912 565 2963 verat
594 2902 968 2970 monasteria,
995 2903 1065 2957 ad
1098 2902 1402 2973 praefatum
1435 2902 1628 2956 Sancti
1665 2901 1740 2954 M.
1776 2906 2062 2955 monaste-

405 2997 581 3062 rium,
610 3011 745 3049 cum
796 2990 1122 3061 mancipiis,
1145 2989 1320 3057 villis,
1348 2990 1524 3053 arcis,
1568 2989 1847 3057 aadiliciis,
1881 2990 2056 3061 agris,

403 3085 577 3141 terris
600 3082 774 3140 cultis
795 3085 851 3136 et
871 3079 1243 3146 incultis,viis
1265 3083 1322 3134 et
1345 3079 1536 3142 inviis,
1559 3079 1808 3134 exitibus
1833 3083 1889 3133 et
1909 3079 2056 3134 redi-

406 3175 586 3241 tibus,
602 3169 862 3244 quzesitis
884 3174 940 3224 et
961 3168 1344 3240 inquirendis,
1364 3168 1564 3240 pratis,
1591 3168 1846 3239 pascuis,
1872 3167 2054 3236 silvis,

2184 1926 2482 1996 regnantis
2512 1944 2588 1995 1x,
2622 1928 2964 1999 imperantis
2995 1945 3130 1984 vero
3163 1947 3239 1986 v1.

2251 2016 2457 2070 Actum
2487 2015 2846 2071 Mersiburch
2879 2017 3143 2073 feliciter.
3176 2021 3380 2074 Amen.

2232 2192 2549 2248 Chuonradz
2577 2194 2908 2265 praeceptum
2923 2209 3024 2267 pro
3049 2195 3286 2251 Ecclesia
3312 2193 3763 2254 Paderbbmensi.

2793 2284 2980 2354 (Anno
3013 2285 3196 2362 1033.2

2369 2371 2650 2441 [Eananm
2687 2371 2812 2427 Cod.
2846 2372 3071 2444 diplom.
3104 2361 3385 2445 Wéstph.,
3417 2388 3475 2446 p.
3507 2373 3626 2446 98.]

2246 2463 2273 2524 f
2306 2459 2365 2514 C.
2401 2461 2462 2514 ln
2497 2460 2732 2515 nomine
2771 2465 2984 2516 sanctae
3030 2465 3087 2516 et
3135 2461 3446 2518 individuis
3497 2455 3824 2532 Trinitatis,

2171 2546 2570 2619 Csuoxmous,
2599 2548 2796 2604 divina
2818 2548 3041 2604 favente
3063 2548 3388 2619 clementia,
3422 2547 3823 2609 Romanorum

2170 2635 2486 2708 imperator
2518 2640 2835 2710 Augustus.

2240 2726 2454 2781 Notum
2487 2726 2564 2781 sit
2611 2727 2886 2782 omnibus
2915 2727 3128 2784 Christi
3179 2728 3481 2801 nostrique
3526 2727 3824 2800 ﬁdelibus,

2169 2815 2554 2885 praesentibus
2587 2832 2649 2869 ac
2699 2816 2932 2884 futuris,
2960 2816 3213 2888 qualiter
3261 2815 3596 2874 antecessor
3625 2813 3826 2874 noster

2170 2903 2346 2957 beatae
2379 2905 2672 2959 memorias
2698 2903 3004 2960 Heinricus
3031 2906 3366 2978 imperator,
3387 2907 3559 2978 cujus
3590 2901 3827 2980 semper

2169 2991 2404 3047 animus
2421 2993 2481 3046 in
2499 2993 2600 3048 Dei
2623 2992 2892 3049 Ecclesiis
2912 2994 3289 3051 meliorandis
3310 2998 3366 3052 et
3390 2996 3826 3068 ampliﬁcan‘d‘is

2167 3080 2514 3154 invigilavit,
2529 3081 3070 3139 Paderbrunnensis
3085 3087 3490 3156 paupertatem
3507 3081 3826 3141 miseratus

2166 3167 2458 3237 Ecclesiae,
2475 3169 2662 3225 multa
2683 3171 2734 3226 ei
2756 3172 2908 3227 bona
2929 3176 3048 3227 tam
3067 3173 3125 3226 in
3148 3173 3382 3244 praediis
3403 3183 3579 3245 quam
3603 3174 3664 3229 in
3688 3171 3823 3230 aliis

375 3257 1016 3329 .venationibus,aquis
1033 3257 2058 3328 aquarumvedecursibus,piscatio-
2087 3247 2130 3312 C
2169 3257 2540 3314 facultatibus
2582 3259 2745 3332 larga
2774 3277 2954 3316 manu
2989 3277 3092 3332 pro
3123 3261 3222 3316 Dei
3273 3277 3471 3317 amore
3508 3261 3824 3336 dilectique

404 3351 598 3416 nibus,
621 3345 974 3403 molendinis
996 3351 1051 3401 et
1073 3345 1320 3402 utilitate
1342 3345 1640 3415 silvarum,
1657 3363 1759 3400 nec
1783 3363 1897 3401 non
1921 3363 2055 3402 cum

404 3439 679 3495 omnibus
699 3435 1063 3508 appendiciis
1081 3452 1206 3507 qua:
1225 3434 1338 3490 dici
1357 3439 1458 3490 aut
1476 3435 1763 3490 nominari
1786 3441 2056 3507 possunt,

402 3527 642 3585 tradidit
664 3525 1081 3598 perpetualiter
1102 3524 1178 3580 ibi
1204 3524 1526 3580 existenda.
1543 3525 1652 3578 Sed
1676 3528 1739 3579 ut
1760 3525 1913 3579 idem
1937 3541 2057 3580 mo-

403 3617 723 3674 nasterium
756 3615 816 3669 in
843 3614 1052 3685 majori
1083 3613 1394 3669 securitate
1418 3617 1571 3668 esset
1591 3613 1868 3685 positum,
1901 3618 1958 3668 et
1992 3618 2057 3668 ut

402 3708 555 3763 bona
583 3705 719 3759 illuc
749 3705 888 3758 data
921 3702 1117 3756 minus
1144 3702 1215 3756 ab
1245 3701 1374 3772 ejus
1406 3701 1843 3757 successoribus
1865 3701 1950 3756 vel
1982 3701 2053 3757 ab

403 3796 531 3851 aliis
546 3791 1059 3864 dissiparentur,in
1074 3791 1492 3845 mundiburdio
1510 3790 1842 3846 monasterii
1858 3791 2055 3850 Sancti

401 3883 555 3940 Petri
575 3880 895 3947 collocavit,
913 3884 968 3934 et
990 3883 1053 3934 ut
1085 3896 1186 3950 per
1216 3879 1478 3951 singulos
1501 3897 1684 3935 annos
1706 3879 1896 3935 eidem
1923 3895 2052 3934 mo-

403 3971 656 4028 nasterio
687 3985 948 4033 censum,
983 3968 1039 4022 id
1084 3972 1172 4022 est
1201 3985 1234 4022 v
1265 3967 1500 4036 solidos,
1533 3969 1744 4037 solvas,
1780 3967 2049 4023 decrevit.

403 4060 552 4126 Quin
570 4059 744 4115 etiam
768 4056 1072 4112 constituit
1096 4060 1161 4111 ut
1192 4073 1420 4129 semper
1449 4059 1508 4112 in
1534 4057 1841 4113 festivitate
1864 4056 2051 4111 sancti

404 4150 479 4205 M.
503 4149 769 4220 ejusdem
793 4145 948 4201 sedis
970 4144 1278 4217 episc0pus
1298 4163 1432 4202 cum
1456 4147 1734 4201 fratribus
1759 4150 2051 4202 monaste-

402 4239 473 4294 rii
489 4237 684 4294 Sancti
705 4241 767 4290 P.
785 4236 856 4290 ad
875 4234 1215 4307 prmdictum
1235 4234 1869 4304 monasteriumzveniat
1888 4239 1950 4290 ut
1965 4251 2052 4290 so.

404 4326 623 4382 lemnia
654 4326 970 4380 missarum
1003 4322 1251 4380 celebret
1273 4328 1328 4380 et
1350 4324 1464 4380 alia
1484 4324 1841 4380 ostendendo
1872 4323 2054 4378 chari-

403 4419 579 4471 tatem
615 4413 946 4484 adimpleat.
971 4415 1039 4467 At
1070 4414 1118 4468 si
1150 4412 1370 4486 aliquid
1419 4413 1575 4467 aliud
1618 4412 1812 4483 ipsum
1846 4413 2052 4469 adesse

406 4502 706 4574 impediat,
749 4502 952 4557 fratres
999 4502 1077 4556 ibi
1127 4503 1470 4558 conveniant
1518 4505 1573 4555 et
1620 4500 1822 4555 eadem
1873 4500 2049 4556 simul

2165 3345 2279 3401 sibi
2310 3347 2578 3419 praesulis
2623 3349 2996 3423 Meginwerci
3028 3351 3266 3406 assiduo
3312 3354 3372 3406 et
3414 3345 3821 3408 devotissimo-

2167 3435 2444 3507 obsequio
2476 3437 2744 3494 contulit.
2770 3440 2928 3494 Inter
2957 3455 3088 3510 quae
3107 3440 3284 3494 etiam
3310 3435 3653 3495 comitatum
3675 3439 3825 3495 Duo-

2165 3523 2390 3580 diconis
2421 3527 2718 3597 quondam
2751 3527 2982 3582 comitis
3007 3526 3196 3583 eidem
3228 3527 3498 3588 Ecclesiae
3523 3526 3821 3600 imperiali

2166 3613 2567 3670 muniﬁcentia
2610 3613 2866 3686 legitime
2914 3615 3168 3685 donavit,
3200 3616 3462 3684 tradidit,
3503 3615 3818 3689 delegavit.

2165 3701 2268 3758 Illo
2295 3706 2489 3758 autem
2509 3707 2873 3760 antecessore
2897 3709 3097 3760 nostro
3119 3705 3414 3773 defuncto,
3438 3699 3546 3762 nos
3565 3706 3672 3777 qui
3691 3705 3819 3762 loco

2162 3790 2321 3847 illius
2351 3791 2412 3846 in
2440 3808 2684 3864 regnum
2709 3793 3096 3862 surreximus,
3117 3809 3220 3866 per
3240 3787 3678 3866 suggestionem
3703 3785 3821 3850 Ma-

2161 3879 2385 3952 gontini
2417 3880 2701 3952 praesulis,
2725 3882 2997 3936 eumdem
3021 3881 3364 3938 comitatum
3390 3897 3424 3938 a
3454 3883 3699 3954 praefata
3717 3883 3821 3940 Ec-

2162 3969 2340 4024 clesia
2369 3969 2635 4037 tulimus,
2660 3974 2718 4024 et
2747 3969 2805 4023 in
2828 3971 2932 4040 jus
2955 3970 3302 4043 Magontinae
3327 3969 3615 4039 Ecclesiae,
3638 3971 3819 4029 rudes

2161 4057 2352 4112 adhuc
2383 4059 2442 4112 in
2473 4074 2670 4130 regno,
2699 4057 2918 4129 injuste
2949 4059 3214 4131 persuasi
3237 4059 3477 4115 consilio
3505 4059 3818 4116 irrationa.

2160 4145 2357 4200 biliter
2386 4146 2798 4202 transtulimus
2834 4151 2892 4202 et
2933 4147 3482 4205 transmutavimus.
3518 4147 3815 4222 Imperiali

2161 4239 2357 4290 autem
2380 4240 2582 4292 nostra
2605 4240 2912 4308 potestate,
2932 4236 3033 4293 Dei
3064 4237 3271 4310 gratia,
3295 4237 3483 4310 magis
3505 4230 3816 4311 magisQue

2162 4325 2221 4378 in
2254 4339 2432 4396 regno
2477 4326 2821 4382 conﬁrmata
2849 4330 2906 4381 et
2935 4327 3325 4396 corroborata,
3381 4321 3815 4399 Meginwercus

2161 4413 2374 4485 praesul
2400 4413 2820 4486 imperatorum
2851 4415 3268 4470 devotissimus
3299 4414 3544 4470 servitor
3564 4419 3621 4471 et
3651 4423 3814 4471 ama-

2159 4508 2269 4570 tor,
2284 4503 2521 4558 Marthze
2546 4503 2764 4560 sedulis
2781 4508 3056 4577 satagens
3073 4499 3391 4576 obseqUiis,
3408 4519 3523 4560 non
3541 4493 3815 4571 cessavit,

405 4593 645 4657 faciant,
666 4595 730 4645 ut
752 4589 856 4645 hoc
879 4590 1049 4646 modo
1071 4591 1380 4646 concordia
1395 4593 1451 4644 et
1473 4588 1729 4644 amicitia
1748 4589 1901 4644 inter
1921 4589 2052 4645 illos
2083 4613 2129 4678 Ι)
2162 4608 2276 4646 non
2297 4591 2514 4664 quievit
2529 4585 3668 4666 supplicando,serviendo,quoadusque
3683 4599 3817 4657 nos.

406 4681 711 4737 solidetur.
729 4680 794 4734 Et
815 4696 915 4751 per
934 4679 1083 4735 hanc
1108 4684 1328 4734 mutuae
1347 4677 1612 4732 charitati
1637 4677 2053 4734 exhibitionem

406 4771 465 4826 in
492 4769 591 4825 Dei
625 4768 853 4824 servitio
872 4770 1177 4824 unanimes
1203 4771 1562 4838 coaptentur.
1582 4768 1668 4823 Ad
1699 4767 1819 4823 haec
1850 4772 2052 4823 notum

407 4858 1113 4930 sitomnibus,qualiterid
1131 4858 1323 4928 ipsum
1339 4856 1535 4911 Sancti
1550 4857 2051 4912 M.monasterium

405 4952 462 5003 et
492 4949 698 5003 fratres
730 4947 872 5002 inibi
895 4948 1009 5002 Deo
1044 4944 1359 5002 servientes
1393 4946 1502 4998 sub
1536 4949 1734 4999 nostra
1765 4945 2050 5016 imperiali

406 5037 627 5108 filiique
645 5037 826 5092 nostri
841 5035 1280 5104 H.aliorumque
1299 5037 1630 5088 nostrorum
1648 5049 2050 5090 successorum

405 5126 654 5182 tuitione
681 5125 910 5180 defendi
936 5122 1228 5187 volumus,
1249 5121 1330 5176 sic
1361 5121 1584 5177 scilicet
1615 5126 1675 5176 ut
1708 5122 1904 5179 nullus
1924 5125 2051 5195 ejus

407 5231 710 5270 successor
740 5216 1085 5286 potestatem
1119 5211 1351 5279 habeat,
1373 5212 1526 5266 bona
1554 5212 1817 5281 ejusdem
1850 5230 2050 5269 mona-

407 5304 566 5359 sterii
595 5302 791 5374 aliquo
821 5301 994 5356 modo
1034 5301 1330 5355 destruere
1378 5305 1478 5355 aut
1527 5300 1746 5372 aliquid
1779 5302 1849 5357 de
1882 5303 2051 5357 bonis

406 5392 626 5448 eisdem
659 5389 1061 5460 auferre,quia
1087 5389 1458 5460 praescriptus
1488 5390 1796 5462 episcopus
1817 5395 1871 5447 S.
1896 5392 2050 5447 idem

407 5478 827 5534 monasterium
853 5494 886 5531 a
906 5476 1284 5531 fundamento
1307 5477 1576 5533 aediﬁcari
1611 5481 1780 5550 cmpit
1805 5485 1862 5535 et
1891 5480 2053 5535 nulla

406 5568 521 5624 alia
541 5567 758 5640 praedia
778 5565 915 5619 illuc
937 5565 1193 5632 tradidit,
1211 5565 1322 5622 nisi
1345 5583 1470 5638 quae
1499 5568 1568 5623 de
1589 5573 1788 5624 nostro
1809 5570 1960 5624 dono
1990 5569 2050 5623 in

395 5657 705 5732 suumjus
735 5652 1041 5732 acquisivit
1069 5659 1170 5715 aut
1198 5670 1303 5732 per
1331 5672 1393 5717 se
1424 5657 1646 5737 absque
1675 5657 1795 5718 ulla
1822 5662 2051 5719 contra-

2163 4681 2581 4753 omnipotentis
2613 4683 2708 4738 Dei
2740 4683 2800 4736 in
2831 4683 2999 4752 cujus
3024 4699 3205 4738 manu
3235 4683 3411 4738 corda
3440 4681 3580 4738 sunt
3607 4691 3816 4762 regum

2164 4769 2503 4825 commoniti
2553 4770 2860 4839 instinctu,
2899 4771 3238 4844 dilectasque
3285 4771 3552 4844 conjugis
3600 4775 3816 4828 nostra

2164 4858 2334 4914 Gislae
2368 4875 2472 4914 nec
2505 4877 2617 4914 non
2647 4859 2903 4915 Heinrici
2952 4860 3055 4915 ﬁlii
3095 4861 3278 4918 nostri
3311 4860 3607 4933 magniﬁci
3660 4861 3816 4942 r‘égis

2162 4949 2507 5016 interventu,
2533 4947 2798 5005 Ecclesiae
2843 4967 2960 5006 suae
3009 4950 3230 5006 scilicet
3279 4941 3812 5018 Paderbrunnensi,

2160 5040 2346 5092 totum
2380 5037 2700 5094 Bernhardi
2728 5039 2959 5094 comitis
2991 5039 3288 5110 quondam
3319 5039 3686 5105 comitatum,
3711 5039 3814 5111 qui

2161 5127 2310 5181 situs
2340 5131 2423 5181 est
2457 5126 2514 5181 in
2560 5126 2702 5182 locis
2734 5127 2931 5196 Hesse,
2951 5128 3206 5200 Nitergo,
3242 5128 3448 5200 Netgo,
3470 5128 3811 5201 Ohteresgo,

2160 5214 2422 5286 legitima
2437 5215 2747 5272 traditione
2765 5216 3148 5285 reddidimus,
3165 5216 3552 5285 restituimus,
3570 5217 3813 5272 redona-

2160 5303 2372 5359 vimus.
2400 5304 2789 5362 Prazcaventes
2835 5311 3032 5361 autem
3083 5324 3190 5362 nos
3238 5311 3294 5361 et
3346 5305 3808 5378 praecogitantes,

2164 5408 2234 5447 ne
2264 5391 2459 5464 aliqua
2489 5395 2862 5464 postmodum
2901 5394 3054 5450 inter
3092 5394 3252 5467 ipsas
3282 5393 3570 5451 Ecclesias
3601 5394 3673 5449 de
3703 5393 3812 5449 hac

2162 5497 2221 5536 re
2252 5483 2644 5539 controversia
2689 5483 2852 5539 fieret
2881 5489 2938 5539 et
2973 5483 3284 5550 discordia,
3328 5483 3676 5556 Magontinaa
3707 5483 3812 5539 Ec-

2161 5569 2348 5626 clesiae
2375 5571 2741 5643 comitatum,
2757 5569 2856 5644 qui
2888 5572 3039 5628 situs
3066 5577 3155 5628 est
3183 5573 3247 5632 in
3265 5571 3548 5646 Cluvinga
3575 5575 3814 5645 propter

2160 5660 2321 5737 pacis
2351 5660 2857 5722 conﬁrmationem
2877 5661 3166 5739 imperiali
3194 5666 3396 5721 nostro
3418 5661 3555 5740 jure
3584 5675 3814 5724 eam
