3976 6352
133 359 363 432 ληωθδ

1484 342 2011 445 αΗύοΝηΑυΰε
2053 380 2108 446 n
2135 381 2312 446 mp.

148 532 150 534 -
200 501 417 572 simus,
439 501 496 560 et
519 501 627 559 hoc
651 505 848 563 nostra
871 512 1030 580 parte
1053 508 1132 566 ita
1151 516 1240 566 est
1261 517 1629 584 compactum
1653 515 1853 588 sicque
1879 518 1935 585 Α
1963 533 2091 589 quae
2121 534 2469 590 quocunque
2491 517 2664 574 modo
2685 517 2828 574 inibi
2849 518 3123 576 laborata:
3144 518 3295 576 ﬁunt
3315 537 3331 589 ;
3353 521 3412 576 et
3429 518 3608 580 eccle-

199 592 533 661 deﬁnitdm,
557 599 623 650 ut
641 601 847 652 neutra
866 597 1253 655 Ecclesiarum
1281 601 1517 657 illarum
1531 603 1768 675 aliquod
1782 605 1852 660 de

1965 607 2112 661 siam
2145 624 2270 679 quae
2300 607 2359 661 in
2385 606 2606 663 honore
2636 609 2822 664 sancti
2849 608 3164 682 Augustini
3196 619 3312 665 aen
3358 607 3530 682 longe
3571 625 3608 668 α

197 681 493 752 praedictis
523 685 699 740 rebus
731 685 842 741 sibi
873 687 1172 759 inquisitis
1193 689 1568 760 aliquemodo
1593 693 1855 764 patiatur
1961 695 2241 751 Janucnsi
2263 697 2494 752 civitate
2515 701 2852 753 constructa
2871 681 2964 754 est
2977 697 3190 771 abipso
3207 681 3604 770 Liudprando,

159 791 165 794 ·
195 771 637 828 detrimentum.
669 773 727 828 Si
760 775 893 847 quis
920 782 1138 843 autem,
1158 779 1441 835 diabolica
1461 782 1737 837 suasione
1761 799 1850 837 se-

195 859 432 928 ductus,
467 860 620 917 hanc
648 868 908 919 nostram
941 866 1318 922 traditionem
1343 867 1400 922 in
1424 868 1619 941 aliquo
1642 869 1849 925 infrin-

191 950 360 1021 gerit,
387 950 536 1006 sciat
558 967 620 1008 se
643 952 843 1008 odium
872 954 967 1010 Dei
990 960 1445 1029 sanctorumque
1471 959 1600 1029 ejus
1622 959 1852 1014 habitu-

194 1066 351 1118 rum,
384 1053 441 1104 et
466 1029 548 1103 TW.
582 1043 682 1098 lib.
719 1045 842 1098 auri
878 1045 1008 1115 puri
1041 1047 1531 1116 compositurum,
1567 1048 1846 1104 medieta-

194 1142 317 1195 tem
337 1153 576 1193 camerze
602 1139 835 1201 nostrae,
860 1139 918 1188 et
941 1134 1308 1189 medietatem
1333 1136 1618 1207 praedictae
1632 1138 1847 1192 Pader—

196 1227 555 1282 brunnensis
569 1223 838 1280 Ecclesia:
864 1223 1092 1278 rectori.
1108 1224 1269 1286 Quod
1290 1225 1558 1280 utverius
1574 1227 1846 1280 credatur

196 1321 253 1372 et
273 1314 726 1388 diligentissime
749 1313 820 1368 ab
834 1311 1110 1367 omnibus
1124 1311 1182 1366 in
1198 1316 1542 1384 perpetuum
1558 1319 1838 1380 servetur,

196 1408 553 1477 praeceptum
587 1402 696 1457 hoc
743 1401 877 1456 inde
929 1401 1325 1473 conscriptum
1376 1419 1557 1458 manu
1605 1404 1842 1476 propria

193 1493 410 1549 subtus
440 1491 805 1546 firmavimus
836 1493 892 1545 et
920 1489 1109 1562 sigillo
1157 1496 1358 1546 nostro
1407 1492 1677 1564 insigniri
1711 1494 1839 1564 jus-

192 1582 403 1638 simus.
525 1583 528 1586 ’

262 1671 499 1740 Signum
530 1670 716 1725 damni
733 1669 1053 1726 Chuonradi
1084 1671 1444 1724 [tertianorum
1493 1672 1840 1741 imperatoris

181 1761 271 1831 .(L.
307 1755 409 1830 M.)
438 1759 807 1814 invictissimi.

266 1848 643 1905 Burchardus
674 1845 1055 1903 cancellarius
1086 1847 1209 1901 vice
1247 1847 1528 1903 Bardonis
1580 1847 1839 1903 archica-
1869 1887 1918 1952 Β

189 1938 409 2010 pcllani
441 1937 772 2010 recognovit
1257 1939 1278 2010 γε

261 2025 474 2080 Datum
498 2042 554 2079 IV
579 2009 724 2079 Non.
749 2027 917 2096 Aug.,
944 2009 1313 2088 indictionéi,
1335 2041 1485 2079 anno
1521 2024 1834 2080 Dominicae

193 2113 622 2170 Incarnatienis
638 2114 1014 2180 1033;aunne
1041 2117 1237 2168 autem
1275 2115 1475 2168 domni
1505 2114 1835 2168 Chuonradi

188 2203 431 2259 secundi
464 2202 782 2275 regnantis,
819 2202 1181 2273 imperantis.
1205 2203 1298 2257 VII

255 2293 467 2346 Actum
501 2289 790 2362 Lintburg
816 2289 1077 2346 feliciter.
1110 2292 1313 2345 Amen.

924 2405 1084 2462 XXII.

193 2497 508 2554 Chuo'nradi
536 2499 558 2552 Ι
589 2497 935 2567 imperatoris
961 2496 1315 2566 privilegium
1362 2495 1833 2564 conﬁrmatorium

254 2571 501 2624 omnium
520 2569 738 2639 jurium
765 2567 1088 2639 monasterii
1122 2567 1423 2621 Ticinensis
1451 2568 1637 2622 Sancti
1659 2570 1829 2633 Petri,

255 2640 395 2711 quod
415 2637 726 2712 appellatur
755 2640 815 2693 in
849 2637 990 2693 Caelo
1019 2639 1210 2693 Hareo.

797 2729 992 2798 (Anne
1025 2727 1209 2794 1033.)

529 2817 855 2883 MURATORI,
888 2817 1066 2886 Antiq.
1101 2817 1248 2884 Ital.,
1284 2816 1326 2882 Ι,
1360 2817 1510 2886 595.]

256 2912 319 2973 In
353 2915 588 2972 nomine
609 2918 820 2970 sanctae
851 2919 908 2969 et
928 2914 1237 2968 individua:
1261 2913 1586 2979 Trinitatis,
1609 2915 1836 2970 Cauen-

180 3024 389 3072 naeus,
405 3003 838 3060 divinafavente
851 3002 1202 3071 clementia,i
1211 3007 1590 3075 mperatorAu
1599 3009 1830 3076 gustus.

249 3097 308 3152 Si
341 3095 495 3150 circa
521 3091 650 3149 loca
686 3092 802 3148 Dee
852 3092 1046 3148 dicata
1104 3092 1570 3147 muniﬁcentiam
1621 3097 1832 3148 nostrae

147 3195 152 3197 ·
179 3182 561 3257 benignitatis
593 3181 908 3255 largimur,
933 3181 1228 3236 credimus
1261 3180 1369 3236 hoc
1401 3182 1471 3236 ad
1516 3197 1831 3254 regnorum

1961 784 2218 856 praedicti
2236 785 2481 841 ceenebii
2493 785 2828 856 fundatere;
2849 786 2993 843 alias
3005 792 3462 859 quoquecerte,
3477 803 3606 860 quas

1962 873 2330 929 Lardiriacus
2359 879 2416 929 et
2445 875 2764 931 Villarasca
2791 876 3086 944 dicuntur,
3117 881 3176 932 et
3213 893 3423 933 mansa
3472 893 3602 948 quae

1958 961 2017 1016 in
2053 963 2291 1018 Rovorri
2315 964 2535 1034 jacent,
2566 968 2623 1020 et
2651 969 2808 1021 certe
2848 964 3161 1034 Cressiani,
3211 965 3452 1033 Turin'e,
3493 965 3602 1023 GB-

1957 1052 2242 1120 rentiano,
2278 1056 2333 1107 et
2361 1052 2418 1107 in
2442 1053 2709 1110 Cartiano
2731 1053 3036 1110 ecclesiam
3053 1070 3236 1111 unam
3256 1055 3481 1111 Sancte
3499 1053 3601 1111 Ju-

1955 1139 2122 1195 lianae
2153 1157 2286 1196 cum
2314 1141 2472 1196 omni
2504 1142 2742 1198 honore.
2773 1143 3184 1200 Possessiones
3227 1142 3406 1200 etiam
3454 1156 3602 1214 quas

1954 1229 2100 1284 habe
2110 1246 2166 1284 re
2186 1231 2415 1286 videtur
2433 1229 2493 1286 in
2516 1232 2802 1288 Laudensi
2819 1232 3100 1289 comitatu
3118 1235 3177 1288 et
3190 1231 3601 1305 Pergame'nsil
3707 1234 3712 1238 ’

1950 1317 2216 1374 videlicet
2233 1321 2590 1392 Amfenenge
2607 1337 2742 1376 cum
2761 1325 2917 1378 certe
2939 1338 3068 1393 qua»,
3089 1320 3336 1378 Flumbo
3357 1320 3596 1392 dicitur,

1953 1423 2086 1460 cum
2104 1407 2378 1469 omnibus
2396 1411 2466 1465 ad
2489 1427 2618 1465 eam
2640 1410 3090 1482 pertinentibus,
3115 1408 3382 1466 et‘casale
3402 1409 3598 1468 Sancti

1952 1495 2124 1563 Petri,
2159 1501 2215 1552 et
2244 1497 2435 1553 casale
2463 1498 2748 1566 Aribaldi,
2781 1503 2838 1555 et
2867 1497 3177 1556 castellum
3204 1497 3479 1555 Aichardl
3507 1497 3600 1556 in-

1951 1584 2228 1640 comitata
2262 1587 2584 1655 Parmensi,
2601 1589 2677 1642 et
2707 1588 2864 1659 quod
2885 1586 3077 1644 casale
3098 1587 3331 1644 Sindesi
3353 1585 3592 1660 dicitur,

1949 1688 2084 1727 cum
2099 1674 2642 1732 omnibusrebusvel
2661 1692 2863 1732 earum
2877 1675 3409 1749 pertinentiis.Illa's
3421 1674 3597 1734 etiam

1947 1765 2134 1819 terras
2165 1780 2292 1834 quis
2322 1764 2380 1818 in
2414 1765 2667 1821 Luciano
2698 1770 2755 1821 et
2783 1765 3089 1838 Spariane,
3131 1768 3189 1820 et
3242 1764 3304 1821 in
3355 1763 3598 1822 Rosieni

1947 1851 2226 1920 possidet,
2253 1868 2384 1907 cum
2400 1853 2673 1910 omnibus
2689 1853 3146 1926 circumquaque
3158 1853 3232 1910 ad
3239 1852 3597 1925 jacentibue,

1945 1944 2002 1995 et
2030 1941 2102 1994 ad
2117 1941 2318 1996 eadem
2341 1942 2468 1998 loca
2485 1942 2953 2015 respicientibus
2974 1943 3408 2014 Conﬁrmamu‘s
3425 1940 3594 2001 ineu-

1941 2045 2047 2100 per
2074 2028 2374 2101 praelibate
2405 2032 2665 2088 coenobio
2695 2036 2869 2105 atque
2899 2031 3097 2088 abbati
3144 2034 3366 2088 cortem
3411 2030 3596 2088 Paveo

1945 2133 2100 2184 ncm,
2126 2135 2230 2173 nec
2244 2136 2358 2174 non
2381 2123 2436 2175 et
2461 2118 2623 2175 illam
2645 2136 2772 2190 quae
2794 2120 2852 2177 in
2877 2119 3166 2175 Roborete
3191 2117 3412 2176 dicitur
3427 2121 3594 2175 Certe

1944 2206 2140 2278 Regia,
2174 2211 2229 2262 et
2259 2207 2564 2264 ecclesiam
2594 2213 2815 2266 Sanctae
2848 2209 3042 2266 Mariae
3073 2209 3146 2264 de
3175 2207 3413 2281 Tergui,
3457 2219 3595 2266 cum

1943 2295 2218 2352 omnibus
2234 2297 2602 2368 pertinentiis
2627 2301 2682 2353 et
2702 2297 3044 2370 adjacentiis
3060 2297 3207 2367 suis,
3228 2295 3584 2354 melendinis

1943 2385 2366 2456 piscationibus
2398 2387 2543 2453 suis,
2576 2387 2745 2459 aquis
2775 2401 3185 2459 aquarumque
3221 2383 3590 2451 decursibus,

1942 2474 2115 2529 cultis
2129 2473 3250 2546 etincultisrebus,ubicunquelocorum
3265 2473 3337 2528 ad
3349 2471 3590 2531 easdem

1941 2565 2128 2616 certes
2161 2561 2620 2634 pertinentibus:
2653 2566 2710 2617 et
2741 2562 2940 2618 omnia
2970 2578 3097 2633 qum
3116 2561 3179 2617 in
3209 2564 3408 2617 mente
3451 2561 3591 2620 Far-

1942 2653 2085 2717 rato,
2119 2653 2175 2704 et
2206 2666 2329 2721 quae
2361 2650 2419 2704 in
2450 2650 2729 2706 comitatu
2743 2649 3098 2706 Vercellensi
3111 2653 3171 2706 et
3183 2647 3586 2722 Yporegiensi,

1942 2742 1997 2793 et
2015 2755 2139 2809 quae
2159 2739 2218 2792 in
2239 2739 2576 2795 Novariensi
2595 2741 2668 2795 ad
2691 2739 2964 2796 eumdem
2986 2737 3184 2794 locum
3205 2738 3517 2811 pertinent,
3530 2741 3592 2798 et

1942 2843 2071 2899 qua:
2099 2829 2159 2881 in
2189 2827 2409 2884 Caselle
2437 2833 2496 2883 et
2523 2828 2583 2883 in
2613 2831 2795 2884 Ponte
2818 2827 3072 2894 Carioni,
3096 2832 3154 2884 et
3193 2827 3254 2884 in
3303 2824 3589 2885 Solarlele

1941 2915 2096 2970 idem
2129 2917 2453 2972 coenobium
2484 2917 2782 2990 possidere
2809 2917 3002 2972 visum
3031 2920 3139 2972 est.
3167 2915 3396 2973 Cortem
3411 2913 3590 2973 etiam

1943 3021 2069 3075 qua:
2102 3005 2294 3060 Dianas
2325 3005 2560 3076 dicitur,
2593 3007 2653 3060 in
2683 3004 2963 3062 comitatu
2983 3003 3430 3078 Albinganensi,
3450 3006 3592 3062 etes

1943 3094 2142 3150 omnia
2171 3111 2298 3166 quae.
2328 3095 2482 3150 infra
2510 3095 2699 3167 ipsam
2723 3093 3015 3151 civitatem
3035 3097 3095 3149 et
3117 3091 3367 3150 extraad
3391 3091 3591 3164 ipsum

1943 3184 2366 3239 monasterium
2393 3184 2678 3256 pertinere
2702 3183 2995 3239 videntur.
3023 3186 3264 3238 Portum
3287 3181 3464 3238 etiam
3485 3179 3591 3237 Ro-

177 3256 398 3329 statuim
429 3275 784 3338 nostrorum,
815 3273 1144 3341 nostraeque
1173 3269 1379 3325 animm
1411 3270 1661 3326 salutem
1695 3287 1825 3342 pro~
1859 3256 1901 3323 C
1939 3270 2217 3327 sariolum
2249 3272 2421 3344 longe
2451 3276 2710 3344 tempore
2738 3273 2810 3327 ab
2839 3272 2966 3344 ipse
2988 3269 3342 3327 Monasterie
3357 3272 3584 3326 ten-tum

175 3363 368 3418 ﬁcere.
402 3361 622 3417 Idcirco
653 3359 874 3415 noverit
893 3359 1157 3415 omnium
1187 3359 1448 3415 ﬁdelium
1472 3364 1687 3415 sancta
1724 3359 1822 3414 Dei
1932 3377 2284 3432 omnemque
2311 3365 2527 3417 terram
2558 3361 2618 3415 in
2649 3359 2957 3432 campania
2985 3359 3292 3430 Papiensis
3311 3356 3584 3430 urbisja-

173 3451 466 3518 Ecclesiae,
489 3453 611 3504 tam
634 3449 1006 3521 praesentium
1024 3465 1204 3520 quam
1226 3449 1578 3515 futurorum,
1600 3449 1825 3503 univer-

175 3541 344 3607 sitas,
379 3537 601 3593 Gislam
633 3541 893 3593 nostram
926 3537 1333 3592 charissimam
1364 3537 1694 3609 conjugem,
1721 3554 1822 3592 no-

173 3634 360 3686 stram
383 3627 597 3684 adiisse
617 3625 980 3698 imperialem
1005 3625 1395 3694 clementiam,
1421 3630 1708 3698 quatenus
1722 3643 1824 3698 pro

176 3717 838 3787 Deiamore,nestraeque
851 3715 1056 3770 animm
1072 3716 1616 3781 remedio,c(enobio
1629 3715 1825 3771 Sancti

177 3806 360 3875 Petri,
392 3807 548 3878 quod
579 3805 793 3860 dicitur
820 3803 1038 3859 Caelum
1091 3807 1368 3874 Aureum,
1399 3804 1727 3871 subvenire,
1773 3808 1830 3859 et

177 3901 382 3952 nostra
409 3893 724 3966 preceptali
756 3894 1100 3949 auctoritate
1144 3893 1489 3948 conﬁrmare
1537 3898 1594 3948 et
1637 3909 1828 3949 corro-

121 4013 128 4028 ε
180 3987 385 4041 borare
407 3999 609 4039 omnes
638 3987 822 4038 certes
844 3987 899 4037 et
922 3983 1303 4056 preprictates
1319 3999 1466 4054 quas
1481 3981 1702 4053 pridem
1731 3998 1834 4054 per

183 4073 432 4146 Quodvis
463 4071 765 4145 ingenium
799 4063 1170 4143 dignoscitur
1194 4071 1547 4143 possedisse,
1570 4077 1757 4127 terras
1777 4076 1834 4127 et

181 4167 370 4219 certes
403 4178 528 4235 quis
578 4177 766 4232 usque
812 4162 983 4215 modo
1045 4159 1433 4216 vassallorum
1467 4161 1828 4228 dicebantur,

182 4253 538 4322 Munesengo
566 4253 622 4306 et
648 4248 787 4304 villa
834 4253 1004 4321 atque
1053 4249 1382 4316 castellum,
1429 4250 1582 4320 quod
1635 4249 1830 4305 Sancti

182 4341 336 4396 Petri
354 4339 588 4406 dicitur,
605 4344 662 4394 et
686 4339 958 4394 abbatem
986 4340 1219 4393 nomine
1235 4338 1526 4410 Alpisum,
1545 4339 1832 4409 quimodo

181 4430 230 4484 ei
255 4433 487 4502 praeest,
513 4444 581 4483 ex
616 4428 892 4483 omnibus
923 4427 1198 4483 investire
1233 4427 1626 4499 dignaremur.
1656 4428 1832 4497 Cujus

180 4517 560 4590 petitionibus
618 4533 787 4572 aures
845 4515 1230 4572 libentisSime
1302 4517 1830 4583 accommodantes,

1934 3452 2181 3518 centem,
2206 3451 2488 3521 justeque
2535 3448 2679 3504 inibi
2735 3448 3146 3521 pertinentem,
3197 3451 3255 3503 et
3297 3445 3580 3504 decimas.

1935 3538 2232 3593 Donamus
2263 3539 2438 3593 etiam
2469 3542 2526 3594 et
2556 3538 3002 3594 corroboramus
3031 3537 3221 3592 eidem
3254 3533 3582 3593 venerabili

1935 3627 2062 3682 loco
2092 3631 2276 3682 terras
2299 3643 2445 3699 quas
2477 3627 2534 3681 in
2567 3626 2829 3699 partibus
2858 3625 3080 3682 Tuscia;
3110 3624 3345 3681 videtur
3368 3623 3584 3682 habere

1936 3732 2039 3787 per
2068 3715 2328 3770 diversos
2355 3715 2670 3770 comitatus
2701 3719 2758 3769 et
2801 3713 2947 3770 loca.
3004 3714 3162 3770 Duas
3199 3712 3377 3769 etiam
3406 3710 3584 3768 certi-

1939 3801 2134 3868 cellas,
2156 3801 2458 3857 Maliacem
2482 3800 2770 3858 scilicetet
2786 3802 3140 3858 Calavadum
3160 3796 3582 3869 cumSussello,

1939 3897 1997 3946 et
2021 3890 2226 3957 Leuce,
2250 3895 2425 3963 atque
2455 3890 2707 3963 Capella,
2741 3909 2869 3964 qua:
2901 3896 2992 3948 est
3019 3890 3080 3946 in
3113 3890 3334 3948 honore
3363 3890 3585 3948 Sancta
3637 3915 3640 3918 -

1937 3980 2038 4035 Dei
2070 3980 2380 4036 Genitricis
2413 3981 2630 4051 Mariae,
2661 3997 2790 4052 quas
2821 3980 3038 4038 dicitur
3087 3978 3408 4047 Primam,
3457 3993 3586 4049 qua

1939 4074 2272 4126 constructa
2299 4074 2390 4126 est
2418 4069 2477 4124 in
2508 4070 2658 4126 valle
2685 4069 2992 4140 Belizona;
3023 4073 3082 4126 et
3100 4068 3233 4126 illas
3253 4072 3440 4126 terras
3457 4083 3588 4139 quae

1939 4159 2153 4215 habere
2183 4161 2375 4214 visum
2405 4164 2495 4215 est
2525 4161 2585 4215 in
2617 4159 2897 4233 Belingne
2929 4163 2986 4215 et
3013 4159 3074 4214 in
3105 4156 3431 4224 Liventina,
3453 4171 3589 4222 cum

1941 4248 2214 4304 omnibus
2237 4248 2360 4303 suis
2382 4247 2768 4319 pertinentiis.
2791 4252 3021 4304 Certem
3043 4249 3286 4319 insuper
3301 4261 3430 4317 qua
3452 4242 3592 4300 Ver-

1940 4342 2114 4409 gonto
2146 4337 2379 4402 dicitur,
2408 4341 2463 4392 et
2493 4337 2814 4393 Piscariam
2845 4353 2973 4409 quae
3003 4339 3093 4393 est
3119 4335 3180 4392 in
3210 4335 3428 4392 Tanxa.

2012 4426 2340 4481 Statuimus
2372 4425 2633 4496 insuper,
2665 4431 2724 4482 et
2744 4427 2935 4482 modis
2959 4425 3238 4482 omnibus
3256 4438 3587 4492 censemus,

1942 4515 2313 4587 praecipimus
2335 4531 2401 4569 ac
2421 4515 2722 4586 jubemus,
2777 4519 2835 4570 et
2867 4516 3038 4585 juxta
3077 4518 3412 4570 nostrorum
3434 4514 3592 4568 ante-

188 4611 521 4678 nostrzeque
553 4606 761 4662 animae
795 4605 1184 4674 consulentes,
1213 4622 1315 4677 pro
1344 4606 1439 4661 Dei
1471 4621 1667 4660 amore
1683 4622 1832 4677 prae-
1863 4625 1909 4688 D
1944 4619 2241 4659 cessorum
2265 4620 2469 4677 regum
2490 4603 2579 4659 vel
2603 4603 3023 4675 imperatorum
3039 4601 3382 4658 auctoritate
3399 4597 3592 4656 ﬁrmi-

184 4697 337 4752 dicte
367 4694 682 4751 venerabili
717 4694 842 4749 loco
876 4699 1048 4766 atque
1081 4695 1275 4749 abbati
1308 4695 1705 4760 concedimus,
1729 4695 1830 4750 do-

187 4802 419 4853 namus,
445 4785 753 4856 modisque
769 4784 1042 4838 omnibus
1062 4784 1510 4839 corroboramus
1524 4800 1725 4839 omnes
1740 4799 1831 4838 res

156 4881 160 4883 ’
184 4878 239 4930 et
264 4874 668 4946 proprietates,
703 4872 1126 4944 possessiones,
1150 4889 1469 4942 omnesque
1493 4872 1621 4926 illas
1643 4877 1830 4927 certes

185 4980 332 5035 quas
347 4963 596 5035 quisque
612 4978 798 5033 usque
813 4962 986 5016 modo
1005 4960 1326 5015 beneﬁciali
1344 4961 1546 5015 ordine
1566 4961 1833 5029 detinuit,

185 5057 384 5124 etquae
406 5049 795 5107 vassallerum
821 5048 1189 5115 dicebantur,
1215 5052 1269 5104 et
1291 5050 1836 5121 quascunqueidem

187 5141 517 5196 cmnobium
551 5139 726 5213 longe
761 5142 1019 5211 tempore
1042 5139 1405 5210 dignoscitur
1427 5139 1780 5210 possedisse,
1806 5156 1841 5193 a

187 5229 570 5302 Liudprando
602 5229 788 5300 ipsius
818 5227 927 5284 loci
959 5227 1266 5282 fundatore
1296 5243 1624 5283 concessas.
1647 5228 1712 5282 Id
1752 5231 1841 5282 est

189 5316 341 5374 inter
372 5323 610 5374 caeteras
639 5334 730 5373 res
753 5319 970 5372 cortem
995 5315 1153 5371 illam
1179 5333 1304 5388 quae
1331 5315 1471 5387 Alpe
1494 5315 1675 5370 Plana
1696 5316 1839 5370 dici-

191 5413 308 5476 tur,
335 5413 695 5481 cunctasque
716 5425 808 5463 res
827 5406 899 5462 ad
931 5406 1197 5462 eamdem
1221 5409 1436 5462 cortem
1459 5404 1837 5476 pertinentes,

187 5498 275 5554 vel
302 5499 654 5571 aspicientes
668 5497 727 5552 in
744 5496 1194 5568 quibuscunque
1209 5494 1371 5561 locis,
1391 5493 1842 5550 cumterritoriis

163 5579 173 5610 ²
190 5593 246 5644 et
275 5587 496 5643 ﬁnibus
519 5603 622 5660 per
643 5588 997 5658 praeceptum
1019 5583 1376 5656 Liudprandi
1401 5583 1574 5656 regis,
1601 5599 1702 5654 per
1723 5581 1841 5638 sin-

178 5675 327 5757 gula
343 5677 473 5735 loca
493 5675 876 5733 denuntiatis.
904 5673 994 5730 vel
1016 5673 1355 5732 earum-dem
1370 5689 1565 5732 rerum
1582 5671 1841 5731 decimas

511 5803 778 5872 PATROL.
819 5799 968 5868 GLI.

1942 4699 2029 4748 ter
2058 4693 2365 4759 edicimus,
2396 4698 2459 4748 ut
2485 4692 2684 4748 nullus
2717 4691 3211 4764 archiepiscopus,
3246 4687 3446 4746 nullus
3463 4684 3594 4758 epi-

1942 4799 2176 4854 scopus,
2207 4781 2406 4837 nullus
2442 4782 2723 4848 marchie,
2755 4779 2845 4838 vel
2877 4789 3094 4847 comes,
3125 4783 3230 4836 aut
3243 4778 3590 4842 vioeeemes,

1945 4875 2047 4927 aut
2076 4869 2385 4942 gastaldio,
2419 4872 2540 4927 sive
2570 4873 2974 4943 cujuscunque
3003 4863 3433 4935 ministerialis,
3455 4862 3594 4920 nul-

1945 4959 2116 5030 laque
2137 4958 2455 5029 judiciaria
2487 4964 2765 5031 potestas,
2798 4958 2887 5015 vel
2925 4955 3258 5030 reipublicm
3298 4951 3594 5019 minister,

1944 5047 2004 5101 in
2037 5047 2329 5119 praedictis
2361 5048 2640 5116 cortibus,
2674 5049 2929 5121 praediis,
2962 5042 3455 5120 possessionibus,
3483 5057 3593 5100 seu

1947 5135 2005 5190 in
2038 5135 2336 5206 aliquibus
2365 5134 2510 5191 locis
2532 5137 2770 5208 praefato
2799 5135 3116 5194 venerabili
3135 5135 3262 5192 loco
3307 5131 3598 5206 pertinen-

1946 5226 2125 5292 tibus,
2152 5224 2434 5296 placitum
2463 5229 2678 5294 tenere,
2706 5226 2794 5281 vel
2829 5227 3163 5282 districtum
3195 5224 3404 5290 facere,
3453 5221 3596 5278 sive-

1950 5314 2205 5380 fedrum,
2228 5316 2329 5369 aut
2352 5311 2610 5384 aliquam
2636 5314 2996 5370 iunctionem
3016 5311 3337 5387 publicam,
3358 5309 3447 5366 vel
3465 5309 3597 5366 red-

1951 5403 2162 5468 ditum,
2189 5419 2222 5457 a
2253 5401 2728 5473 supranicterum
2752 5401 3014 5457 locorum
3036 5399 3486 5465 habitatoribus,
3505 5395 3598 5466 vel

1951 5490 2379 5564 pertinentibus
2409 5490 2636 5562 exigere
2656 5489 2743 5545 vel
2764 5489 2985 5558 tollere,
3006 5493 3230 5547 remota
3251 5487 3412 5544 omni
3431 5501 3598 5543 occa-

1952 5581 2136 5649 sione,
2155 5583 2492 5653 praesumat.
2513 5579 2670 5635 Inter
2698 5582 2904 5634 caetera
2922 5584 3119 5636 tamen
3138 5579 3248 5636 hoc
3269 5573 3602 5651 Specialiter

1952 5671 2328 5730 statuendum
2359 5669 2701 5729 censuimus
2730 5673 2797 5727 ut
2825 5672 3044 5728 cortem
3075 5667 3411 5746 praedictam
3467 5679 3600 5742 (ινα

3193 5795 3278 5878 ³4
