3976 6378
385 371 549 443 1067

1756 373 2069 444 MONUM.
2112 374 2437 443 DIPLOM.‘

3634 368 3788 435 1068

386 509 628 566 Maliaee
658 508 891 578 dicitur,
913 509 1002 566 vel
1024 510 1310 584 quidquid
1329 527 1479 584 saepe
1497 510 1720 569 dictum
1739 517 2029 569 monaste-
2056 514 2112 581 Α
2141 514 2251 569 bus
2283 513 2458 569 rebus
2490 511 2571 567 rei
2600 509 2813 566 veritas
2844 508 3233 583 approbatur;
3267 508 3325 564 et
3382 502 3556 579 juxta
3584 474 3783 563 defini-

386 596 540 653 rium
570 598 631 653 in
664 597 809 654 valle
839 599 1092 669 Luvana,
1125 605 1182 656 et
1212 601 1269 655 in
1300 600 1447 656 valle
1490 604 1652 675 Agno
1699 603 1913 659 habere
1953 602 2033 658 vi-

2141 603 2356 657 tionem
2393 599 2780 657 antecesseris
2810 600 2992 655 nostri
3026 598 3383 671 Liudprandi
3412 596 3587 670 regis,
3621 596 3787 652 liceat

383 686 575 755 detur,
601 687 885 759 pracipue
917 691 1207 759 tueamur,
1243 688 1520 762 quoniam
1545 691 1667 747 haec
1710 691 1838 747 loca
1878 692 2031 747 inter
2138 691 2401 746 coenobio
2432 690 2503 745 de
2534 688 2769 761 propria
2786 687 3237 762 congregatione
3253 687 3528 743 abbatem
3551 684 3782 758 eligere,

384 779 588 832 caetera
607 776 828 847 majora
847 781 904 832 et
925 777 1163 833 fortiora
1186 778 1510 834 infortunia
1529 785 1705 852 atque
1727 779 2028 835 molestias

382 863 806 921 sustinuerunt.
827 866 1081 939 Ideoque
1110 867 1486 940 praecipimus
1502 872 1558 923 et
1579 869 2027 941 quibuscunque

378 951 956 1011 interminationibus
983 955 1274 1022 valemus,
1299 957 1510 1027 jubere
1540 957 1929 1025 decernimus,
1963 961 2027 1011 ut

378 1039 579 1097 nullus
601 1058 862 1114 unquam
890 1047 1168 1114 potestas,
1193 1043 1484 1112 minister,
1515 1043 1604 1098 vel
1635 1042 1874 1110 missus,
1928 1048 2026 1098 aut

375 1129 653 1197 famulus,
684 1131 1094 1203 praedictorum
1139 1131 1402 1187 locorum
1454 1130 1881 1187 habitatoribus
1921 1147 2020 1186 seu

375 1219 806 1292 pertinentibus
831 1219 1090 1293 aliquam
1122 1220 1399 1293 deinceps
1430 1220 1764 1276 molestiam
1809 1220 2022 1275 inferre

376 1313 710 1380 praesumat,
743 1308 968 1364 nullam
997 1308 1425 1364 districtionem
1458 1309 1543 1365 eis
1574 1309 1780 1375 facere,
1804 1308 1893 1364 vel
1936 1308 2020 1364 fo-

374 1397 546 1452 drum
575 1397 649 1453 ab
678 1397 764 1453 eis
794 1395 1016 1467 tollere,
1047 1400 1148 1452 aut
1178 1413 1382 1452 eorum
1414 1397 1653 1453 arbores
1697 1397 2016 1463 succidere,

368 1485 452 1541 vel
475 1486 934 1559 aliquodeorum
953 1484 1375 1557 suppellectilis
1394 1485 1480 1541 vel
1500 1485 1709 1557 peculii
1725 1486 2017 1552 invadere,

371 1581 471 1631 aut
500 1577 570 1631 de
599 1592 799 1631 eorum
819 1575 1296 1647 possessionibus
1316 1574 1534 1647 aliquid
1559 1575 1900 1647 potestative
1926 1592 2019 1630 ra-

368 1680 504 1737 pere
534 1663 731 1737 aliqua
746 1663 1058 1719 temeraria
1074 1664 1531 1736 praesumptione
1550 1664 1778 1719 audeat.
1803 1665 1863 1719 Si
1884 1665 2018 1735 quis

366 1769 498 1809 vero
517 1753 779 1826 aliquam
800 1750 1097 1824 querelam
1113 1769 1295 1824 super
1314 1752 1570 1824 aliquem
1596 1769 1798 1809 eorum
1816 1752 2012 1820 habet,

366 1859 483 1897 non
514 1859 614 1913 per
643 1858 705 1898 se
732 1841 1049 1910 vindicare,
1080 1846 1181 1897 aut
1198 1858 1299 1913 per
1315 1841 1569 1913 aliquem
1601 1840 1791 1915 legem
1824 1843 2016 1915 requi-
2046 1878 2096 1944 B

369 1947 516 1996 rere,
548 1930 663 1985 nisi
691 1946 795 2002 per
827 1946 933 1986 nos
965 1933 1065 1985 aut
1115 1930 1387 1986 abbatem
1434 1930 1622 2003 ipsius
1679 1932 2014 1987 monasterii

371 2018 804 2091 praesumat,vel
816 2035 919 2091 per
930 2022 1195 2075 nostrum
1211 2019 1508 2091 autipsius
1521 2020 1753 2076 abbatis
1764 2021 2013 2077 missum

371 2107 490 2164 Hac
519 2107 699 2180 igitur
726 2112 925 2162 nostra
938 2106 1268 2180 prazceptali
1284 2108 1633 2164 auctoritate
1653 2125 1858 2165 omnes
1874 2127 2015 2181 prae-

366 2196 554 2252 dictas
585 2199 769 2251 cortes
785 2194 1001 2264 etloca,
1017 2211 1151 2251 cum
1173 2196 1350 2252 rebus
1370 2201 1427 2252 et
1448 2197 1709 2265 familiis,
1748 2199 2014 2270 portibus

367 2289 425 2339 et
437 2288 710 2355 mercato,
729 2284 1215 2352 districtionibus,
1236 2284 1593 2342 molendinis
1615 2291 1672 2342 et
1686 2286 2016 2358 piscationi-

367 2372 675 2445 bus',aquis
691 2389 1092 2447 aquarumque
1105 2374 1826 2447 decursibus,cunctisque
1840 2378 2013 2433 rebus

368 2461 685 2518 mobilibus
714 2466 770 2518 et
800 2461 1204 2518 immobilibus
1237 2463 1308 2517 ad
1336 2464 1461 2533 jam
1481 2463 1733 2536 scriptas
1750 2470 1937 2521 cortes
1959 2470 2015 2521 et

360 2550 565 2608 locain
590 2551 886 2625 integrum
908 2550 1353 2623 aspicientibus,
1369 2552 1701 2608 divinorum
1723 2571 2013 2610 memores

368 2635 809 2713 praeceptorum,
837 2640 964 2711 jam
995 2638 1150 2693 dicto
1185 2639 1445 2694 coenobio
1478 2640 1863 2712 ejusdemque
1904 2641 2013 2697 loci

371 2729 590 2797 abbati,
614 2728 701 2784 vel
733 2728 1065 2799 cuicunque
1085 2743 1188 2798 pro
1208 2731 1467 2798 tempore
1489 2726 1631 2782 inibi
1654 2729 2010 2800 prmsidenti,

367 2814 787 2874 conﬁrmamus
819 2820 875 2871 et
904 2815 1605 2872 corroboramus.0mnes
1623 2815 1866 2888 insuper
1882 2817 2014 2874 illos

364 2900 785 2978 carpentarios,
818 2919 965 2974 quos
992 2903 1119 2974 ipse
1149 2908 1390 2960 sanctus
1417 2903 1579 2960 locus
1608 2922 1712 2977 per
1744 2908 2012 2979 praecepti

363 2994 626 3068 possidet
645 2992 919 3065 paginam
936 2996 1196 3063 tempore
1217 2993 1603 3049 antecesseris
1627 2994 1811 3050 nostri
1836 2994 2009 3051 Liud-

366 3070 576 3157 prandi
609 3080 777 3152 regis
795 3080 852 3133 in
880 3079 1027 3135 valle
1048 3097 1177 3152 quae
1207 3080 1423 3137 dicitur
1448 3082 1771 3150 Antelamo,
1806 3083 1889 3139 vel
1912 3102 2009 3141 eos

367 3170 468 3244 qui
500 3174 642 3225 sunt
670 3169 731 3223 in
763 3167 1057 3239 Besozolo,
1082 3185 1217 3224 eum
1249 3169 1388 3226 filiis
1421 3169 1789 3243 ﬁliabusque,
1827 3189 2009 3245 agna-

2137 778 2218 833 ita
2238 784 2300 833 ut
2322 796 2497 850 super
2516 794 2615 834 eos
2637 775 3073 848 nullaunquam
3093 776 3505 832 introducatur
3519 790 3784 848 persona.

2137 867 2466 923 Statuimus
2515 867 2692 923 etiam
2735 871 2800 921 ut
2848 865 3047 921 nullus
3094 863 3435 936 reipublicae
3499 862 3784 931 minister,

2135 972 2356 1027 necque
2388 956 2605 1028 aliquis
2650 973 2717 1011 ex
2755 954 3072 1026 judiciaria
3118 957 3403 1027 potestate
3464 953 3523 1008 in
3565 952 3789 1008 cunctis

2136 1044 2392 1116 praedicti
2427 1043 2766 1099 monasterii
2799 1043 3085 1114 cortibus,
3113 1041 3202 1097 vel
3240 1042 3407 1109 vicis,
3470 1040 3687 1097 liberos
3724 1056 3787 1095 ac

2134 1150 2330 1189 servos
2361 1133 2635 1205 deinceps
2651 1131 2996 1203 inquietare,
3017 1135 3118 1187 aut
3134 1132 3206 1187 ad
3227 1130 3513 1203 placitum
3535 1129 3785 1197 trahere,

2132 1226 2235 1278 aut
2264 1222 2321 1276 in
2350 1221 2645 1293 aliquibus
2675 1220 2892 1277 ﬁnibus
2922 1221 3052 1291 ejus
3082 1220 3365 1293 placitum
3414 1224 3632 1286 tenere,
3682 1223 3788 1274 aut

2130 1309 2388 1382 aliquem
2443 1310 2753 1383 pignorare
2813 1308 2897 1366 vel
2952 1308 3255 1364 detrahere
3313 1311 3650 1380 praesumat.
3721 1307 3791 1361 Et

2132 1397 2415 1470 quidquid
2441 1416 2576 1469 pars
2603 1397 2836 1470 publica
2852 1414 3085 1470 sperare
3107 1396 3342 1470 poterit,
3368 1396 3557 1453 eidem
3576 1411 3782 1451 mona-

2131 1489 2308 1541 sterio
2339 1495 2542 1542 saneto
2577 1488 2902 1542 secundum
2935 1485 3372 1542 concessionem
3401 1489 3459 1541 et
3474 1485 3777 1540 conﬁrma-

2127 1577 2346 1631 tionem
2402 1576 2759 1647 Liudprandi
2807 1577 2984 1647 regis,
3038 1575 3403 1646 aliorumque
3449 1589 3655 1647 regum
3698 1572 3783 1629 vel

2128 1664 2568 1735 imperatorum,
2604 1664 2849 1719 solemni
2870 1668 2925 1718 et
2940 1668 3229 1736 perpetua
3249 1662 3566 1718 stabilitate
3587 1663 3786 1718 ﬁrma-

2126 1769 2279 1807 mus.
2316 1754 2386 1808 Et
2414 1754 2892 1824 quandoeunque
2929 1752 3261 1808 necessitas
3293 1752 3584 1820 imminet,
3617 1767 3790 1808 naves

2126 1840 2314 1913 ipsius
2344 1843 2683 1897 monasterii
2715 1858 2818 1914 per
2856 1842 3046 1897 Ticini
3076 1845 3133 1897 et
3163 1841 3302 1897 Padi
3326 1844 3559 1914 portum
3582 1856 3787 1913 quam-

2125 1946 2237 2002 que
2268 1947 2370 2001 per
2399 1930 2712 2002 quodlibet
2741 1928 2900 1985 aliud
2915 1931 3249 1986 discurrant
3271 1930 3493 2002 absque
3521 1929 3773 2001 alicujus

2123 2017 2567 2090 impedimento,
2602 2016 2691 2073 vel
2723 2016 2934 2073 telonei
2964 2018 3278 2074 exactione.
3303 2018 3639 2074 Secundum
3662 2018 3782 2074 haec

2123 2106 2300 2161 etiam
2335 2107 2551 2177 regalia
2579 2106 2833 2177 scriptas
2867 2105 3201 2172 sancimus,
3219 2111 3276 2162 et
3295 2106 3486 2163 modis
3507 2106 3783 2161 omnibus

2123 2195 2529 2250 interdicimus
2542 2195 2769 2250 cunctis
2786 2195 3104 2251 subnostra
3115 2199 3401 2266 potestate
3414 2195 3781 2268 degentibus,

2124 2288 2189 2338 ut
2206 2282 2427 2349 nullam
2443 2288 2792 2355 potestatem
2806 2283 3051 2356 deincep
3067 2301 3096 2339 s
3109 2284 3481 2339 exerceantin
3495 2284 3786 2356 praedictis

2121 2372 2265 2428 locis
2298 2373 2368 2426 ad
2403 2376 2662 2428 nostram
2689 2372 3016 2428 mercedem
3041 2372 3365 2428 monachis
3381 2371 3680 2446 delegatis,
3695 2373 3783 2429 vel

2124 2462 2395 2518 abbatem
2426 2461 2485 2515 in
2507 2461 2703 2532 aliquo
2726 2461 3094 2529 conturbent,
3120 2461 3222 2517 sed
3246 2460 3547 2534 liceatipsi
3576 2461 3780 2518 abbati

2123 2549 2365 2621 suisque
2398 2549 2837 2604 successoribus
2868 2549 2978 2604 sub
3010 2548 3213 2622 regula
3244 2549 3433 2605 sancti
3477 2550 3773 2607 Benedicti

2123 2640 2350 2712 degere,
2383 2646 2437 2694 et
2468 2638 2728 2711 quotidie
2758 2644 2866 2695 Deo
2898 2638 3103 2695 laudes
3150 2656 3256 2710 pro
3298 2639 3507 2695 animae
3559 2645 3767 2697 nostra;

2123 2728 2397 2798 remedio,
2414 2727 2691 2800 regnique
2706 2727 2888 2782 nostri
2904 2731 3061 2782 statu
3074 2727 3217 2783 inibi
3231 2727 3774 2799 oﬂ‘erre,etomnem

2123 2816 2630 2889 congregationem
2664 2816 2778 2871 sibi
2800 2815 3180 2871 commissam
3203 2816 3460 2873 assiduis
3476 2816 3772 2874 alimentis

2122 2921 2358 2977 pascere
2380 2911 2436 2960 et
2464 2905 2719 2959 enutrirc
2749 2903 3182 2977 perpetualiter.
3246 2904 3538 2963 Volumus
3581 2906 3780 2979 etiam,

2123 2992 2429 3066 modisque
2439 2994 2714 3049 omnibus
2732 2992 3167 3061 interdicimus,
3199 2993 3433 3050 utnulla
3449 2998 3777 3068 praepotens

2120 3098 2412 3154 parvaque
2426 3098 2672 3153 persona
2684 3082 3026 3154 praedictum
3041 3083 3369 3138 coenobium
3387 3084 3772 3156 proprietario

2110 3172 2268 3242 jure,
2306 3173 2407 3225 aut
2436 3169 2759 3226 beneﬁciali
2790 3170 3013 3238 ordine,
3047 3175 3149 3226 aut
3176 3171 3510 3245 praeceptali
3563 3176 3766 3228 aucto-

363 3240 637 3331 tioneque
666 3261 877 3313 cuncta
895 3274 1118 3325 eorum,
1145 3263 1210 3313 ut
1232 3262 1494 3331 tempore
1515 3240 1843 3331 opportuno
1860 3240 2006 3317 inibi
2038 3240 2081 3307 α
2116 3240 2289 3315 ritate
2312 3259 2834 3325 nitaturinvadere,
2849 3240 3259 3333 Praecipientes
3275 3240 3503 3333 itaquej
3517 3262 3771 3317 ubemus

362 3349 694 3405 deserviant
721 3346 831 3419 ipsi
860 3349 918 3401 et
939 3346 1156 3418 posteri
1186 3364 1389 3403 eorum
1425 3348 1648 3420 absque
1681 3347 1802 3404 ulla
1822 3353 2001 3406 retra-

361 3438 611 3494 ctatione
642 3434 1087 3508 perpetualiter;
1124 3440 1182 3491 et
1208 3436 1356 3492 vada
1390 3437 1461 3491 ad
1495 3436 1841 3507 piscandum
1874 3455 2002 3510 quae

357 3532 498 3585 sunt
525 3527 585 3581 in
614 3525 836 3594 Ticino,
866 3524 925 3579 in
950 3524 1088 3580 Rivo
1110 3524 1336 3591 Poloni,
1356 3525 1637 3594 Morasca,
1663 3543 1765 3582 seu
1786 3528 2001 3584 vadum

354 3616 755 3692 quodldicitur
782 3613 1170 3682 Landemarii,
1205 3616 1462 3679 Costam,
1509 3614 1884 3682 'I‘everedum,
1944 3621 2003 3672 et

355 3707 512 3764 aliud
544 3706 699 3779 quod
729 3704 943 3759 dicitur
972 3703 1436 3770 Sextemascum,
1481 3720 1615 3758 cum
1661 3703 1759 3759 illo
1808 3704 2000 3761 medio

356 3781 511 3871 quod
529 3796 600 3852 ad
613 3796 824 3866 Sepem
838 3791 1073 3858 dicitur,
1094 3791 1307 3846 etillud
1329 3792 1484 3863 quod
1503 3792 1749 3848 Aunella
1763 3794 1997 3861 dicitur,

357 3903 459 3943 seu
486 3884 662 3940 etiam
694 3879 794 3936 illa
821 3879 971 3934 vada
985 3895 1113 3950 quae
1132 3883 1274 3934 sunt
1292 3878 1351 3933 in
1372 3880 1529 3934 Pado
1549 3880 1824 3936 habentia
1845 3882 1997 3954 prio-

356 3990 481 4030 rem
500 3969 821 4028 terminum
836 3986 869 4022 a
888 3966 1013 4022 loco
1027 3967 1126 4039 qui
1150 3966 1488 4022 nominatur
1507 3967 1728 4040 Populo
1744 3973 1995 4043 Pagana,

354 4068 412 4120 et
439 4057 828 4136 pertingentia
858 4072 1044 4127 usque
1076 4056 1148 4111 ad
1178 4054 1374 4110 locum
1423 4056 1522 4128 qui
1556 4057 1772 4112 dicitur
1817 4058 1998 4132 Caput

353 4153 477 4219 Asi,
507 4168 577 4207 ex
605 4151 854 4218 utraque
885 4143 1221 4216 partePadi,
1247 4143 1997 4219 cuminsulispositisjuxta

353 4241 691 4316 praedictam
720 4233 1124 4308 piscationem,
1154 4231 1241 4286 vel
1295 4231 1583 4304 quidquid
1634 4235 1705 4289 ab
1754 4236 1995 4309 antiquo

352 4334 614 4401 tempore
644 4342 749 4398 per
779 4322 1157 4393 antiquorum
1189 4337 1393 4393 regum
1425 4338 1527 4377 seu
1577 4323 1995 4395 imperatorum

350 4416 727 4474 donationem
757 4410 1012 4468 obtinuit
1040 4409 1127 4465 vel
1155 4410 1350 4465 Padus
1370 4410 1602 4480 invasit,
1633 4418 1733 4468 aut
1753 4414 1810 4468 in
1834 4416 1995 4470 futu-

349 4523 481 4564 rum
505 4502 802 4576 irruperit,
833 4500 1021 4556 eidem
1054 4501 1255 4554 sancto
1285 4498 1409 4555 loco
1429 4501 1848 4558 contradimus.

2113 3353 2232 3404 tam
2266 3348 2653 3420 praesentibus
2683 3364 2862 3419 quam
2892 3353 2951 3404 et
2970 3348 3209 3415 futuris,
3236 3353 3293 3405 et
3316 3349 3467 3420 parti
3498 3350 3767 3422 praedicti

2111 3436 2380 3503 cmnobii,
2414 3453 2545 3508 quae
2576 3454 2757 3509 supra
2784 3454 2818 3492 a
2841 3437 3012 3494 nobis
3041 3454 3325 3494 concessa
3351 3442 3408 3494 et
3428 3438 3773 3495 conﬁrmata

2112 3530 2273 3593 sunt,
2298 3523 2560 3597 quolibet
2580 3529 2839 3596 tempore
2856 3522 3057 3580 nullus
3078 3529 3398 3597 praesumat
3412 3524 3625 3580 inferre
3646 3541 3773 3580 mo-

2109 3613 2339 3669 lestiam
2352 3616 2453 3668 aut
2469 3611 2965 3679 contrarietatem,
2985 3611 3087 3667 sed
3106 3612 3217 3668 sub
3236 3611 3397 3667 omni
3412 3610 3771 3685 integritate,

2110 3703 2282 3758 sicuti
2332 3720 2367 3758 a
2397 3701 2569 3757 nobis
2597 3717 2877 3757 concessa
2925 3704 3065 3757 sunt
3113 3702 3185 3756 ad
3236 3699 3549 3756 utilitatem
3580 3699 3775 3773 ipsius

2109 3790 2445 3848 monasterii
2470 3791 2595 3846 sine
2626 3790 2824 3862 aliqua
2854 3789 3312 3845 diminoratione
3362 3794 3769 3860 permaneant.

2106 3882 2161 3937 Si
2194 3882 2326 3954 quis
2355 3879 2536 3952 igitur
2567 3878 2882 3950 aliquando
2914 3877 3204 3934 diabolica
3232 3878 3439 3933 fraude
3488 3878 3770 3950 deceptus

2107 3975 2311 4027 contra
2334 3969 2553 4023 dictam
2571 3967 2979 4023 auctoritatem
3004 3970 3062 4022 et
3081 3966 3511 4039 hancpostram
3533 3981 3771 4025 conces-

2106 4059 2328 4115 sionem
2359 4062 2418 4114 et
2442 4057 2948 4113 conﬁrmationem
2976 4055 3201 4129 aliquid
3224 4071 3395 4129 agere
3445 4058 3763 4113 tentaverit

2105 4153 2162 4204 et
2182 4149 2310 4219 jam
2345 4146 2564 4201 dictum
2589 4149 2857 4201 sanctum
2890 4144 3082 4200 locum
3128 4161 3197 4200 ex
3234 4143 3528 4217 praedictis
3559 4144 3764 4215 rebus,

2106 4237 2347 4308 fatigare
2378 4239 2620 4290 conatus
2650 4234 2846 4303 fuerit,
2875 4234 3023 4290 sciat
3053 4251 3113 4290 se
3127 4232 3592 4305 compositurum
3631 4233 3765 4290 auri

2104 4325 2237 4396 puri
2269 4323 2448 4379 libras
2504 4321 2683 4389 mille,
2736 4323 3108 4378 medietatem
3154 4338 3398 4378 camerae
3445 4326 3660 4380 nostrae
3706 4326 3767 4378 et

2106 4412 2475 4467 medietatem
2507 4410 2766 4484 praedicti
2826 4411 3165 4467 monasterii
3220 4410 3309 4467 vel
3366 4411 3496 4482 ejus
3536 4410 3762 4468 abbati.

2103 4502 2266 4567 Quod
2296 4500 2565 4555 utverius
2579 4500 2866 4566 credatur,
2887 4499 3349 4575 diligentiusque
3369 4499 3443 4554 ab
3480 4499 3765 4557 omnibus

415 4590 705 4653 Volumus
735 4590 913 4647 etiam
934 4592 991 4644 et
1006 4587 1403 4660 concedimus,
1429 4595 1494 4645 ut
1510 4590 1845 4646 molendina
1865 4609 1993 4663 quae
2024 4603 2071 4668 D
2103 4590 2487 4655 custodiatur,
2518 4604 2697 4643 manu
2726 4589 2963 4660 propria
2980 4589 3353 4655 roborantes,
3377 4586 3557 4660 sigilli
3574 4590 3769 4645 nostri

344 4689 405 4744 in
431 4686 733 4748 Caterona,
769 4678 946 4737 seuin
965 4676 1264 4749 aliquibus
1287 4678 1631 4735 ﬂuminibus
1648 4680 1989 4751 praedictum
2100 4678 2483 4751 impressione
2515 4677 2758 4732 inferius
2782 4677 3079 4749 jussimus
3108 4676 3413 4749 insigniri.

344 4771 767 4833 monasterium
800 4767 1080 4841 possidet,
1107 4765 1318 4822 habeat
1337 4770 1457 4823 tam
1488 4768 1669 4823 abbas
1695 4784 1992 4840 quamque

347 4871 405 4923 et
429 4861 701 4921 monachi
745 4860 1090 4930 potestatem
1139 4854 1368 4911 levandi
1412 4861 1591 4928 atque
1634 4856 1985 4927 deponendi,

348 4967 655 5028 quousque
685 4947 773 5005 vel
803 4963 1036 5019 quoquo
1068 4946 1241 5001 modo
1272 4961 1476 5000 eorum
1526 4944 1844 4999 decreverit
1888 4962 1986 5001 vo-

345 5045 564 5112 luntas,
599 5044 656 5097 et
684 5038 1065 5112 aquzeductus
1095 5034 1196 5106 qui
1228 5035 1426 5105 Bauga
1455 5032 1514 5087 Li
1526 5031 1811 5103 udprandi
1843 5034 1989 5090 dice-

346 5134 539 5200 batur,
568 5131 628 5185 in
650 5145 849 5187 eorum
881 5127 959 5184 sit
988 5127 1278 5197 potestate
1302 5121 1371 5176 ad
1406 5120 1733 5191 irrigandes
1790 5122 1987 5179 hortos

344 5221 534 5295 ipsius
562 5214 1169 5281 monasterii.Sintque
1196 5226 1400 5265 omnes
1424 5224 1515 5263 res
1546 5208 1733 5280 ipsius
1752 5227 1983 5267 monas-

342 5311 527 5383 sterii,
561 5310 742 5366 abbas
762 5321 996 5379 quoque
1012 5307 1068 5358 et
1088 5296 1381 5361 monachi,
1407 5296 1789 5371 hominesque
1828 5300 1988 5357 libel-

339 5399 469 5456 larii
487 5405 545 5456 et
558 5399 707 5455 ’servi
728 5398 839 5453 sub
862 5396 1061 5447 nostra
1082 5384 1372 5459 imperiali
1394 5386 1727 5443 defensione
1750 5391 1986 5447 munitae

340 5493 515 5561 atque
531 5488 802 5542 defensae.
831 5484 899 5537 Et
920 5478 969 5535 si
992 5475 1310 5533 necessitas
1330 5474 1506 5530 fuerit
1521 5475 1590 5531 de
1611 5478 1782 5534 rebus
1798 5479 1987 5552 ipsius

340 5574 679 5633 monasterii
699 5589 801 5646 per
824 5566 1263 5639 inquisitionem
1283 5563 1738 5639 circumquaque
1751 5584 1988 5625 manen-

336 5666 491 5727 tium
503 5665 792 5721 bonorum
816 5655 1145 5726 hominum,
1171 5652 1325 5711 sicut
1344 5653 1415 5712 de
1436 5655 1983 5733 nostrisimperiali-

2173 4769 2405 4838 Signum
2432 4767 2644 4823 domini
2673 4766 2997 4823 Chuonradi
3014 4769 3385 4824 Romanorum
3403 4768 3768 4825 invictissimi

2097 4857 2441 4929 imperatoris
2470 4855 2716 4924 Augusti.

2168 5033 2480 5090 Chuonradi
2489 5034 2515 5088 I
2529 5034 2662 5105 imp.
2677 4944 3037 5105 privggi’iiiii
3052 5049 3152 5105 pro
3170 5034 3414 5090 Ecclesia
3446 5034 3759 5092 Bremensi.

2584 5123 2770 5194 (Anno
2805 5123 2963 5190 1035,
2996 5123 3118 5178 Oct.
3159 5124 3268 5193 16.)

2094 5215 2510 5287 [ΕΑΡΡΕΝΒΕΒ6,
2544 5211 2978 5282 Hamburgische
3023 5212 3477 5279 Urlcundenbuch,
3529 5229 3589 5285 p.
3636 5213 3760 5283 69.]

2166 5302 2227 5357 In
2261 5300 2496 5357 nomine
2528 5304 2742 5355 sanctae
2763 5304 2820 5355 et
2838 5299 3151 5356 individuis
3169 5300 3497 5372 Trinitatis,
3522 5300 3762 5357 CHUON-

2097 5407 2306 5457 RADUS,
2321 5390 2519 5445 divina
2540 5388 2765 5444 favente
2791 5388 3120 5458 clementia,
3152 5389 3552 5446 Romanorum
3569 5388 3759 5462 impe-

2096 5484 2252 5535 rator
2280 5481 2604 5550 Augustus.
3452 5524 3469 5536 ,

2165 5567 2451 5625 Omnibus
2462 5566 2644 5622 divini
2663 5567 2961 5639 nostrique
2974 5567 3230 5623 nominis
3244 5567 3754 5625 amatoribustam

2095 5657 2311 5721 futuris
2328 5671 2507 5737 quam
2527 5656 2912 5730 praesentibus
2933 5657 3311 5733 perspicuum
3324 5672 3455 5716 esse
3468 5656 3757 5736 cupimus
