3976 6356
87 440 267 571 ιὸόθ,

1388 444 2225 555 CHUONRADUSIIIMP.

3349 489 3511 553 1076

82 620 344 694 qualiter
378 635 487 677 nos
530 620 602 676 ob
651 618 892 676 minime
944 620 1347 694 denegandam
1404 622 1743 693 petitionem
1777 625 1833 692 Α
1861 624 2252 678 Concedentes
2284 620 2462 695 igitur
2493 620 2911 678 confirmamus
2936 622 3255 679 Mantuano
3286 622 3510 696 episco-

80 708 480 766 dilectissime:
537 709 806 783 conjugis
851 715 1063 766 nostra)
1108 710 1301 779 Gislaa,
1360 711 1747 784 imperatricis

78 800 378 872 Augustaa,
410 815 517 855 nec
541 816 656 855 non
678 800 750 856 ob
774 799 1088 855 amabilem
1113 799 1503 855 interventum
1526 800 1746 856 charis-

78 889 245 944 simae
267 887 448 961 prolis
476 892 709 957 nostrae,
737 888 991 945 Heinrici
1014 889 1190 961 regis,
1215 889 1505 956 Becelino,
1530 893 1746 945 sancta;

77 976 416 1033 Bremensis
473 976 740 1033 Ecclesiae
795 977 1114 1033 venerabili
1175 977 1461 1050 nobisque
1508 976 1746 1033 amabili

79 1064 543 1138 archiepiscOpo,
580 1069 904 1121 mercatum
936 1066 995 1121 in
1047 1066 1249 1121 eodem
1281 1064 1406 1121 loco
1437 1082 1569 1121 cum
1601 1064 1746 1122 telo-

80 1171 213 1223 neo,
233 1153 718 1222 nomiématibus,
739 1171 846 1210 nec
864 1172 980 1211 non
1002 1154 1277 1210 omnibus
1295 1154 1652 1210 utilitatibus
1673 1154 1745 1210 ad

81 1247 408 1301 mercatum
464 1241 912 1317 pertinentibus,
960 1244 1175 1300 habere
1216 1243 1634 1300 concessimus.
1671 1245 1749 1299 Ea

79 1332 354 1391 videlicet
379 1331 508 1406 lege
540 1336 603 1387 ut
629 1332 721 1387 bis
748 1332 809 1387 in
843 1349 995 1389 anno
1026 1349 1232 1388 omnes
1262 1332 1364 1404 qui
1395 1332 1536 1388 illuc
1569 1349 1749 1389 causa

84 1422 388 1479 mercandi
417 1420 676 1488 veniant,
707 1438 827 1477 una
854 1422 977 1478 vice
1006 1426 1228 1494 septem
1250 1422 1375 1479 dies
1396 1425 1532 1478 ante
1554 1422 1751 1484 Pente.

82 1516 305 1578 costen,
329 1510 586 1567 secunda
604 1508 726 1566 vice
748 1509 1019 1566 similiter
1038 1516 1259 1584 septem
1286 1512 1410 1567 dies
1430 1515 1567 1567 ante
1587 1509 1747 1566 festi-

81 1600 319 1655 vitatem
333 1599 520 1656 sancti
537 1598 847 1656 Willehadi
868 1599 1085 1655 ibidem
1104 1599 1482 1673 corporaliter
1494 1599 1748 1671 requies-

83 1690 288 1757 centis,
322 1689 637 1746 annualem
668 1693 993 1746 mercatum
1026 1688 1143 1745 illic
1170 1689 1444 1745 habeant.
1478 1694 1746 1744 Bannum

83 1783 281 1835 autem
314 1785 583 1835 nostrum
618 1795 796 1852 super
826 1795 1031 1835 omnes
1054 1779 1162 1834 hos
1184 1778 1322 1834 illuc
1344 1778 1660 1843 venientes,
1686 1780 1750 1832 ut

83 1867 197 1923 illic
229 1869 427 1924 eundo
468 1874 523 1924 et
570 1867 866 1923 redeundo
916 1868 1171 1924 habeant
1219 1884 1443 1939 pacem,
1478 1866 1744 1932 facimus,

80 1956 476 2029 eamdemque
523 1957 783 2013 bannum
829 1962 1101 2013 nostrum
1149 1955 1421 2028 praedicto
1450 1953 1743 2026 archiepi-

81 2062 279 2118 scopo,
313 2045 386 2101 ob
418 2062 592 2101 suum
626 2044 796 2100 fidele
836 2045 1164 2115 servitium,
1198 2061 1267 2100 ea
1296 2044 1516 2100 ratione
1542 2059 1746 2098 conce-

80 2135 281 2191 dimus
312 2139 377 2190 ut
405 2134 454 2191 si
487 2135 543 2190 in
577 2135 685 2190 hoc
716 2137 935 2189 statuto
966 2137 1238 2208 tempore
1264 2150 1332 2188 ex
1352 2132 1492 2187 illuc
1521 2132 1751 2189 venien-

83 2224 240 2279 tibus
300 2222 499 2295 aliqua
556 2222 860 2278 temeritas
920 2222 1201 2291 evenerit,
1260 2222 1395 2277 inde
1454 2219 1748 2291 justitiam

81 2312 358 2381 faciendi,
392 2328 579 2384 neque
612 2312 750 2378 dux,
802 2327 991 2382 neque
1047 2327 1263 2380 comes,
1317 2326 1504 2383 neque
1536 2308 1748 2381 aliquis

82 2401 418 2471 hominum,
447 2405 653 2473 praeter
682 2399 877 2471 ipsum
908 2403 965 2454 et
995 2415 1134 2455 suos
1166 2415 1555 2467 successores,
1578 2398 1747 2453 licen-

80 2490 224 2546 tiam
256 2489 531 2545 habeant.
564 2489 636 2544 Et
686 2495 745 2544 ut
790 2487 912 2543 haec
953 2492 1153 2543 nostra
1189 2486 1488 2545 concessio
1516 2486 1748 2543 stabilis

79 2583 135 2634 et
162 2576 509 2635 inconvulsa
556 2577 715 2633 omni
746 2582 1088 2650 permaneat
1116 2594 1254 2644 aevo,
1286 2576 1438 2632 hanc
1469 2575 1746 2649 paginam

82 2668 216 2724 inde
268 2666 559 2722 conscribi
609 2682 854 2738 eamque
902 2665 1080 2738 sigilli
1127 2664 1313 2720 nostri
1359 2664 1747 2737 impressione

83 2754 471 2829 praecepimus
494 2754 783 2828 insigniri.

150 2847 389 2917 Signum
416 2844 605 2901 damni
635 2844 966 2910 Chuonradi,
1004 2845 1367 2899 Romanorum
1406 2843 1752 2914 imperatoris

84 2935 461 3007 invictissimi.
506 2934 610 3005 (S).

156 3022 535 3080 Burchardus
567 3021 954 3079 cancellarius
998 3022 1121 3076 vice
1153 3019 1461 3077 Barthonis
1490 3020 1751 3076 archica-

84 3112 301 3187 pellani
333 3112 682 3185 recognovit.

154 3203 300 3258 Data
337 3219 454 3257 xvu
507 3199 795 3257 Kalendas
843 3200 1209 3268 Novembris,
1241 3215 1393 3254 anno
1439 3198 1749 3253 Dominicze

84 3288 1015 3356 Incarnationis1035,indictione
1034 3306 1116 3355 ιιι,
1139 3305 1291 3344 anno
1310 3292 1505 3343 autem
1523 3285 1748 3343 domini

82 3380 418 3437 Chuonradi
450 3380 502 3434 ll
534 3379 695 3453 regni
725 3396 802 3445 χι,
839 3377 1066 3450 imperii
1099 3394 1232 3434 vero
1265 3395 1340 3431 Ix.

150 3473 362 3527 Actum
392 3468 843 3542 Magedeburch.

824 3572 1006 3629 XXIV.

82 3666 434 3737 Conﬁrmatio
463 3665 710 3737 omnium
729 3664 1046 3737 jurium_ac
1066 3663 1512 3737 privilegiorum
1540 3664 1688 3731 facta
1717 3679 1751 3716 a

257 3735 582 3793 Chuonrado
607 3737 935 3807 imperatore
956 3735 1206 3789 Ecclesia:
1229 3735 1566 3789 Mantuanae.

722 3824 906 3895 (Anno
940 3824 1125 3893 1037.)

442 3915 797 3986 [ΜυΒΑΤΟΒ[,
816 3913 997 3982 Antiq.
1020 3912 1167 3978 Ital.,
1193 3911 1396 3982 1,611.]

156 4007 217 4061 In
240 4002 478 4060 nomine
509 4005 722 4059 sanctae
753 4006 811 4058 et
838 4000 1151 4056 individua:
1173 3999 1500 4067 Trinitatis,
1526 3999 1758 4074 CHUON_

89 4109 299 4160 annus,
334 4092 533 4148 divina
553 4092 779 4148 favente
806 4090 1134 4159 clementia,
1158 4090 1554 4145 Romanorum
1576 4089 1752 4162 impe.

91 4187 250 4237 rator
279 4182 604 4253 Augustus.

159 4269 222 4324 Si
253 4269 316 4324 in
347 4269 593 4325 sacratis
616 4267 1002 4340 omnipotenti
1035 4267 1149 4324 Deo
1176 4266 1321 4324 locis
1343 4285 1377 4321 a
1396 4266 1759 4339 quibuslibet

89 4357 371 4415 desolatis
401 4362 785 4430 augmentum
819 4355 1277 4429 recuperationis
1299 4356 1394 4429 pio
1417 4356 1609 4413 favore
1642 4354 1755 4412 lar-

90 4447 310 4519 gimur,
343 4444 402 4500 id
436 4445 601 4502 nobis
622 4450 678 4501 et
692 4446 764 4501 ad
792 4445 1022 4518 imperii
1055 4445 1240 4501 nostri
1265 4444 1733 4501 stabilimentum

92 4540 267 4606 atque
299 4533 372 4589 ad
395 4538 619 4590 aeternis
642 4532 1134 4590 remunerationis
1155 4533 1619 4590 emolumentum
1642 4522 1759 4593 ore:

92 4625 292 4679 dimus
323 4612 546 4695 absque
568 4622 745 4679 dubio
768 4622 1164 4695 profuturum.
1192 4624 1558 4696 QuaprOpter
1580 4640 1758 4697 agno-

92 4717 217 4768 scat
248 4709 443 4766 omnis
494 4709 908 4767 Christianitas
961 4712 1117 4782 quod
1176 4711 1370 4766 Bruno
1412 4710 1759 4769 venerabilis

94 4798 330 4873 przesul,
359 4802 531 4871 atque
551 4799 837 4856 Cadelous
862 4799 1110 4855 dilectus
1130 4806 1329 4856 noster
1348 4801 1679 4875 episcopus,
1705 4805 1761 4856 et

93 4888 285 4945 fidelis
316 4887 722 4958 cancellarius,
785 4894 996 4946 nostris
1032 4889 1428 4962 magnitudini
1460 4890 1757 4964 significa-

95 4981 232 5034 runt
261 4977 421 5050 quod
450 4994 555 5050 pro
601 4978 859 5051 peccatis
906 4978 1234 5034 Mantuanae
1284 4978 1442 5034 sedis
1488 4979 1757 5035 Ecclesiae

94 5084 228 5123 cum
261 5066 567 5139 prmeeptis
600 5071 658 5122 et
694 5066 1028 5123 chartarum
1074 5066 1474 5135 ﬁrmitatibus,
1508 5085 1758 5140 quarum

95 5154 517 5228 scriptionibus
549 5172 642 5212 res
692 5161 751 5212 et
783 5155 1036 5213 familias
1063 5155 1176 5211 sibi
1208 5155 1448 5211 collatas
1478 5156 1760 5213 hactenus

97 5244 314 5302 meruit
339 5244 623 5312 obtinere,
656 5246 965 5301 combusta
988 5244 1274 5312 videatur,
1308 5244 1579 5317 ﬂagitans
1601 5251 1664 5301 ut
1686 5246 1760 5302 ad

94 5333 584 5391 restaurationem
614 5333 726 5389 hoc
743 5338 956 5391 1108th
979 5333 1378 5390 miserationis
1407 5340 1759 5407 preeceptum

95 5422 320 5479 Hitulfo
350 5420 621 5495 episcopo
642 5424 908 5495 ejusdem
930 5424 1261 5480 Mantuanae
1282 5422 1536 5479 ecclesia:
1567 5439 1765 5483 conce-

99 5514 235 5568 dere
265 5510 667 5583 dignaremur.
701 5512 885 5585 Cujus
928 5513 1201 5585 precibus
1250 5511 1501 5568 libenter
1530 5514 1762 5586 acquie-

100 5605 349 5666 scentes,
370 5604 429 5655 et
452 5601 732 5673 quoniam
763 5602 1009 5674 dignum
1030 5606 1136 5669 est,
1165 5618 1235 5657 ne
1258 5618 1350 5658 res
1373 5601 1763 5659 Ecclesiarum

101 5690 198 5748 Dei
233 5707 269 5746 a
296 5687 664 5761 quibuslibet
714 5690 1140 5763 depraadentur,
1184 5695 1284 5745 aut
1325 5691 1397 5745 ab
1443 5707 1644 5748 earum
1676 5692 1764 5747 di-

99 5778 254 5848 tione
283 5780 490 5839 contra
517 5776 706 5859 legem
738 5780 1080 5840 auferantur
1107 5779 1474 5841 decrevimus
1502 5780 1587 5841 ita
1614 5782 1759 5845 fieri.

1855 712 2017 785 patui
2049 727 2252 767 omnes
2283 728 2377 767 res
2408 727 2553 783 quas
2584 710 2710 767 sine
2739 709 2865 785 lege
2884 711 3231 785 potestative
3256 711 3347 770 vel
3376 728 3513 771 cum

1853 802 2065 857 virtute
2119 800 2376 873 perditas
2431 800 2644 857 habere
2698 800 2948 873 videtur,
3003 819 3107 859 seu
3146 818 3295 875 quas
3323 818 3516 876 usque

1857 890 2031 945 modo
2052 890 2125 945 de
2155 889 2324 945 donis
2347 905 2549 962 regum
2571 905 2674 945 seu
2693 888 3114 961 imperatorum
3131 890 3518 964 prmdecesso-

1857 996 1988 1034 rum
2013 982 2346 1034 nostrorum
2368 977 2595 1048 habuit,
2622 976 2893 1033 videlicet
2913 978 3335 1035 monasterium
3356 977 3514 1053 quod

1858 1068 2076 1123 factum
2108 1070 2197 1122 est
2226 1066 2284 1121 in
2314 1066 2893 1123 honore'sanctorum
2917 1066 3213 1135 Memoris,
3232 1065 3427 1137 Probi,
3458 1069 3517 1124 et

1858 1156 2097 1222 Ruffini,
2126 1155 2226 1212 ubi
2276 1155 2528 1228 Reginzo
2558 1155 2910 1213 venerabilis
2940 1156 3121 1214 abbas
3149 1172 3399 1231 pressae
3427 1153 3515 1211 di-

1856 1245 2178 1318 gnoscitur,
2202 1262 2336 1301 cum
2362 1244 2639 1301 omnibus
2659 1244 3027 1316 adjacentiis,
3055 1260 3187 1301 cum
3214 1260 3368 1318 aqua
3387 1259 3517 1317 qua

1857 1333 2072 1389 dicitur
2099 1332 2463 1403 Mulenellos,
2494 1350 2631 1390 cum
2654 1333 2778 1390 suis
2799 1333 3147 1392 decursibus
3168 1334 3240 1390 de
3263 1333 3388 1390 loco
3413 1330 3515 1390 illo

1858 1424 2013 1479 unde
2044 1440 2197 1495 aqua
2227 1422 2511 1496 originem
2542 1422 2744 1490 sumit,
2775 1421 2971 1496 ipsum
2995 1423 3213 1479 fontem
3242 1437 3433 1496 usque
3454 1420 3515 1477 in

1862 1511 2059 1569 Mincii
2113 1527 2347 1567 amnem
2379 1526 2449 1566 ex
2476 1514 2724 1584 utraque
2772 1509 2969 1567 lectuli
3010 1513 3176 1584 parte
3205 1507 3515 1567 duodecim

1857 1600 2053 1673 pedes,
2078 1600 2231 1655 sicut
2256 1600 2678 1655 monasterium
2700 1615 2934 1672 semper
2955 1598 3164 1671 tenuit,
3181 1615 3318 1655 cum
3334 1595 3519 1655 omni.

1858 1689 1970 1745 bus
2000 1688 2368 1761 pertinentiis
2397 1690 2662 1761 ejusdem
2691 1688 3058 1746 monasterii:
3092 1705 3227 1745 cum
3247 1686 3515 1744 curtibus

1857 1778 2033 1834 etiam
2056 1777 2116 1833 in
2135 1777 2479 1845 Veronensi,
2502 1778 2827 1847 Vicentino,
2861 1778 3198 1844 Mantuano,
3220 1776 3514 1844 Brixiano,

1857 1865 2214 1935 Placentino,
2249 1866 2589 1938 Mutinensi,
2618 1870 2795 1939 atque
2822 1865 3199 1923 Cremonensi
3228 1862 3516 1923 comitati-

1858 1956 1970 2011 bus
2000 1954 2152 2023 sitis,
2177 1972 2304 2028 quae
2327 1955 2408 2011 ita
2429 1955 2832 2023 nominantur,
2857 1952 3158 2028 Bagniolo,
3180 1952 3438 2024 Colonia,
3460 1956 3521 2010 et

1858 2044 1918 2098 in
1949 2042 2195 2099 circuitu
2227 2043 2510 2112 fluminis,
2534 2044 2690 2117 quod
2714 2043 3055 2101 nominatur
3072 2042 3260 2117 Caput
3282 2041 3522 2116 Alponis

1858 2132 2124 2200 Puliana,
2154 2132 2381 2202 Alonte,
2407 2132 2649 2206 Lonigo,
2671 2136 2845 2206 atque
2875 2132 3145 2202 Sablone,
3173 2148 3276 2188 seu
3296 2130 3359 2188 in
3379 2130 3521 2188 Gar-

1858 2222 2087 2277 dinensi
2104 2220 2440 2293 judiciaria,
2469 2237 2602 2277 cum
2626 2221 2809 2277 servis
2834 2227 2891 2277 et
2910 2219 3161 2292 ancillis,
3183 2224 3360 2294 atque
3384 2235 3521 2277 cum

1858 2311 2133 2367 omnibus
2164 2310 2381 2365 ibidem
2431 2309 2897 2382 pertinentibus;
2927 2314 2986 2365 et
3014 2326 3221 2367 omnes
3250 2309 3397 2367 alias
3426 2324 3522 2365 res

1856 2400 2121 2472 ejusdem
2154 2397 2572 2468 monasterioli,
2608 2415 2736 2471 quae
2767 2402 2910 2454 sunt
2936 2398 2995 2455 in
3025 2397 3319 2471 praedictis
3336 2398 3518 2454 comi-

1857 2488 2101 2556 tatibus,
2132 2487 2221 2543 vel
2244 2487 2395 2542 infra
2415 2491 2681 2543 nostrum
2706 2486 2976 2543 Italicum
2998 2502 3266 2560 regnum,
3291 2503 3393 2544 seu
3415 2502 3522 2543 cae.

1855 2582 2114 2632 terorum
2145 2574 2452 2632 hominum
2483 2574 2980 2644 concessionibus,
3014 2579 3125 2631 etc.
3155 2575 3240 2649 (ut
3266 2575 3328 2632 in
3348 2575 3520 2648 diplo-

1859 2674 2004 2721 mate
2032 2666 2255 2720 Henrici
2283 2665 2359 2720 111
2383 2680 2484 2737 pro
2541 2664 2729 2719 eadem
2782 2665 3028 2731 ecclesia,
3080 2664 3151 2720 ad
3208 2681 3303 2722 an.
3354 2664 3516 2733 1045,

1861 2754 2054 2825 infra).
2088 2753 2476 2810 Concedimus
2525 2757 2720 2810 autem
2761 2751 2949 2810 eidem
2999 2752 3218 2810 Hitull'o
3246 2752 3520 2827 episcopo

1862 2844 2172 2899 advocatos
2203 2858 2585 2915 quoscunque
2613 2840 2851 2915 elegerit
2867 2846 2989 2898 tam
3008 2842 3079 2898 de
3100 2841 3226 2898 suis
3248 2858 3426 2915 quam
3446 2841 3519 2897 de

1862 2930 2070 2989 alienis
2102 2931 2301 2987 liberis
2331 2930 2693 3000 hominibus,
2719 2930 2820 3003 qui
2840 2931 3106 3004 ejusdem
3127 2947 3327 2988 rerum
3355 2930 3516 2987 utili-

1859 3025 2010 3078 tates
2038 3020 2296 3095 episcopi
2327 3025 2667 3089 exerceant;
2698 3020 2781 3075 ita
2810 3024 2875 3076 ut
2901 3020 2975 3077 ab
3006 3021 3169 3079 omni
3188 3018 3519 3095 reipublicae

1861 3110 1917 3164 fu
1927 3109 2159 3167 notione
2181 3110 2299 3166 sint
2319 3108 2571 3166 absoluti
2590 3128 2608 3163 :
2625 3108 2706 3164 nil
2724 3110 2796 3165 ab
2813 3109 2898 3166 eis
2915 3110 3230 3183 quisquam
3245 3108 3521 3184 publicus

1862 3197 2131 3254 minister
2151 3198 2380 3270 exigere
2417 3201 2755 3269 praesumat,
2787 3200 2854 3252 ut
2882 3196 3146 3253 securius
3177 3213 3244 3253 ao
3272 3196 3520 3269 diligen-

1860 3287 1980 3341 tius
2011 3303 2221 3343 causas
2251 3287 2439 3359 ipsius
2491 3284 2759 3341 Ecclesia!
2809 3286 3085 3358 perﬁcere
3116 3284 3365 3358 possint,
3397 3284 3518 3343 sive

1774 3364 1817 3431 C
1858 3392 1961 3449 per
1991 3392 2274 3449 pugnam,
2310 3375 2431 3431 sive
2460 3391 2562 3447 per
2599 3373 2785 3447 legale
2824 3373 3141 3447 judicium.
3174 3372 3518 3430 Stabilimus

1856 3465 2034 3520 etiam
2067 3467 2132 3518 ut
2162 3465 2234 3519 de
2265 3463 2547 3519 omnibus
2569 3463 2746 3519 rebus
2768 3466 2825 3519 et
2847 3462 3081 3536 praediis
3101 3462 3290 3537 ipsius
3318 3462 3520 3519 Eccle-

1858 3554 1977 3621 siae,
2007 3552 2161 3608 sicut
2190 3553 2259 3608 de
2289 3552 2508 3609 nostris
2537 3551 2908 3624 domnicatis,
2940 3568 3045 3625 per
3072 3550 3295 3608 vicinos
3322 3551 3519 3625 inqui-

1857 3642 1991 3698 sitio
2023 3642 2143 3710 fiat,
2178 3646 2287 3697 etc.
2296 3683 2315 3711 ,
2345 3645 2403 3696 ut
2437 3643 2497 3697 in
2517 3641 2829 3714 supradicto
2848 3641 3160 3714 diplomate.

1928 3730 2171 3804 Signum
2202 3729 2425 3785 domini
2456 3729 2789 3786 Chuonradi
2820 3728 3197 3788 invictissimi
3228 3729 3521 3788 Romano-

1862 3838 1992 3876 rum
2025 3818 2392 3892 imperatoris
2421 3819 2693 3893 Augusti.

1933 3909 2262 3966 Chadelous
2292 3908 2676 3966 cancellarius
2695 3909 2819 3967 vice
2849 3908 3188 3968 Herimanni
3218 3910 3523 3969 archican-

1863 3999 2080 4057 cellarii
2109 3999 2436 4072 recognovi.

1936 4090 2064 4145 Dat.
2102 4088 2287 4161 pridie
2317 4088 2603 4145 Kalendas
2630 4087 2866 4162 Aprilis,
2901 4106 3054 4146 anno
3086 4089 3398 4148 Dominicis
3428 4090 3522 4146 ln-

1866 4178 2221 4234 carnationis
2249 4179 2409 4248 1037,
2441 4178 2761 4235 indictione
2788 4196 2846 4248 v,
2878 4196 3030 4236 anno
3071 4182 3267 4237 autem
3299 4178 3523 4236 domini

1865 4267 2201 4324 Chuonradi
2234 4268 2284 4322 Il
2315 4267 2477 4341 regni
2506 4284 2631 4336 xm,
2663 4267 2895 4341 imperii
2924 4285 2980 4324 x.

1936 4358 2143 4413 Actum
2174 4357 2233 4411 in
2266 4356 2561 4413 Canedulo
2594 4358 2768 4429 juxta
2815 4357 3035 4415 flumen
3083 4357 3222 4415 Padi
3256 4357 3524 4416 feliciter.

1866 4450 2073 4502 Amen.

2613 4553 2776 4610 XXV.

1871 4644 2183 4718 Chuonradi
2212 4644 2238 4698 Ι
2275 4645 2623 4718 imperatoris
2673 4644 2934 4716 diploma,
2981 4660 3091 4718 quo
3136 4648 3529 4703 monasterium

1943 4717 2287 4790 Taroisinum
2304 4715 2506 4790 Sancti
2537 4715 2815 4790 Theonesti
2839 4715 3107 4790 martyris
3133 4718 3234 4773 sub
3263 4734 3366 4780 sua
3390 4733 3529 4790 pro-

1940 4789 2169 4843 iectione
2197 4788 2410 4857 recipit,
2441 4787 2663 4859 ejusque
2681 4789 2818 4861 jura
2845 4787 3153 4860 conﬁrmat.

2492 4878 2681 4945 (Anno
2713 4878 2896 4951 1037.)

2204 4965 2561 5035 [Muaaronn
2592 4966 2772 5039 Antiq.
2803 4969 2930 5025 Ital.
2959 4968 3029 5040 Il,
3060 4968 3210 5041 877.]

1940 5073 2004 5128 In
2037 5072 2274 5127 nomine
2302 5075 2518 5147 sanctae
2542 5076 2598 5128 et
2617 5072 2933 5131 individuis
2954 5074 3287 5145 Trinitatis,
3309 5078 3535 5132 CnUON-

1869 5177 2079 5226 mnus,
2113 5159 2312 5216 divina
2334 5160 2561 5216 favente
2583 5160 2913 5235 clementia,
2936 5164 3333 5223 Romanorum
3354 5164 3537 5239 impe.

1870 5254 2029 5307 rator
2056 5253 2381 5322 Augustus.
3584 5324 3587 5328 Ι

1941 5338 2235 5411 Quidquid
2268 5338 2426 5395 enim
2452 5339 2798 5411 temporalis
2821 5340 3116 5399 commodi
3139 5341 3213 5399 ob
3237 5340 3417 5398 divini
3434 5357 3541 5400 no-

1872 5428 2052 5485 minis
2083 5444 2343 5484 amorem
2377 5426 2520 5483 locis
2550 5427 2747 5484 divino
2770 5428 2954 5486 cultui
2976 5429 3324 5504 mancipatis
3345 5430 3539 5487 confe-

1871 5517 2082 5588 rimus,
2117 5515 2225 5573 hoc
2254 5515 2426 5571 nobis
2460 5516 2662 5587 procul
2694 5516 2872 5574 dubio
2904 5519 2977 5575 ad
3018 5523 3310 5593 perpetuae
3339 5533 3543 5575 remu-

1873 5606 2196 5662 nerationis
2228 5604 2392 5660 lucra
2421 5607 2781 5677 capessenda
2801 5607 3081 5679 prodesse
3104 5607 3342 5665 omnino
3363 5606 3543 5663 conﬁ-

1874 5696 2092 5751 dimus.
2118 5693 2333 5750 Idcirco
2354 5692 2620 5750 omnium
2644 5699 2859 5751 sanctis
2883 5695 2982 5752 Dei
3006 5695 3298 5768 Ecclesiae,
3314 5700 3545 5758 nostro-

1873 5801 2125 5861 rumque
2146 5783 2432 5854 ﬁdelium,
2453 5784 2833 5862 presentium
2854 5784 3078 5847 scilicet
3091 5802 3159 5847 ac
3183 5786 3544 5867 futurorum,
