3976 6452
429 550 585 640 107i

1792 559 2110 640 MONUM’.
2159 569 2479 641 DIPLOM.

3683 521 3833 640 {eis

423 709 650 770 noverit
675 709 1000 786 industria:
1033 723 1151 781 qua
1173 710 1375 763 nostra
1400 705 1782 762 dilectissima
1801 709 2076 780 conjuga-
2105 709 2158 777 Α
2190 713 2246 764 et
2265 710 2649 766 utilissimum
2673 709 2980 781 famulum,
3004 714 3062 768 et
3080 725 3256 786 quem
3281 683 3545 767 nosncum
3566 709 3834 768 omnibus

424 799 500 858 lis
531 799 690 856 Gisia
715 802 974 855 nostram
1003 797 1312 870 deprecata
1342 799 1431 852 est
1461 795 1854 864 serenitatem,
1889 800 1956 852 ut
1973 813 2080 853 nos

424 890 497 950 ob
527 904 786 946 amorem
812 887 916 944 Dei
946 889 1004 942 et
1030 887 1212 942 beata;
1240 883 1500 958 Virginis
1530 883 1746 952 Μαι-ἰῶ,
1777 884 2080 957 sanctique

421 977 642 1051 Christi
691 973 1042 1038 confessoris
1085 973 1352 1044 Zenonis,
1408 973 1740 1046 pariterque
1782 974 2080 1036 Michaelis

419 1061 676 1144 abbatis,
709 1069 884 1140 atque
913 1063 1338 1120 monachorum
1369 1063 1427 1118 in
1459 1062 1726 1134 ejusdem
1749 1063 1946 1118 Sancti
1974 1063 2078 1118 Ze-

421 1147 593 1214 nonis
615 1155 875 1212 crenobio
891 1153 1008 1210 Deo
1028 1153 1425 1219 servientium,
1445 1149 1927 1207 monasteriolum
1949 1167 2079 1206 san-

421 1243 500 1302 eti
529 1242 831 1301 Theonisti
862 1242 1138 1316 martyris
1153 1241 1366 1298 Christi
1388 1239 1650 1296 Tarvisio
1673 1239 1874 1306 situm,
1900 1238 2076 1312 perti-

422 1322 659 1394 nentem
688 1333 762 1389 ad
795 1332 1056 1406 praedicti
1107 1330 1305 1388 Sancti
1353 1329 1601 1386 Zenonis
1631 1329 2076 1396 monasterium,

421 1438 687 1481 unacum
706 1421 1010 1484 monachis
1026 1419 1171 1476 inibi
1188 1418 1535 1492 degentibus
1553 1421 1610 1473 et
1625 1417 1886 1476 ecclesiis
1903 1422 2078 1490 atque

419 1511 663 1582 familia,
693 1509 782 1569 vel
811 1509 1088 1584 omnibus
1117 1509 1313 1575 rebus,
1333 1508 1444 1563 sub
1476 1511 1688 1562 nostrae
1713 1505 2078 1562 auctoritatis

419 1604 704 1674 praecepto
731 1599 986 1672 recipere
1017 1603 1074 1658 et
1103 1597 1451 1654 conﬁrmare
1469 1596 1875 1670 dignaremur.
1899 1595 2078 1666 Cujus

417 1691 526 1764 piae
558 1689 824 1764 petitioni
853 1705 1026 1744 aures
1072 1689 1283 1742 nostra:
1333 1685 1658 1757 majestatis
1703 1683 2074 1750 inclinantes,

419 1780 574 1838 idem
609 1777 1031 1835 monasterium
1085 1793 1202 1831 una
1239 1791 1371 1832 cum
1413 1769 1717 1830 monachis
1749 1777 1804 1829 et
1834 1771 2076 1839 familia,

421 1886 526 1926 seu
555 1869 731 1924 rebus
754 1867 825 1923 ad
847 1883 980 1923 eum
995 1866 1156 1938 justo
1175 1864 1603 1940 pertinentibus
1627 1864 1737 1919 sub
1760 1866 1959 1918 nostra
1978 1861 2078 1916 de-

421 1957 686 2014 fensione
716 1955 1108 2028 suscepimus,
1145 1957 1321 2026 atque
1348 1953 1408 2008 in
1431 1953 1626 2008 futuro
1647 1952 1862 2008 habere
1883 1951 2077 2006 decre-

418 2045 634 2102 vimus.
674 2044 1058 2101 Concedimus
1087 2041 1263 2098 etiam
1295 2041 1414 2098 illis
1447 2040 1781 2098 annualiter
1800 2039 1871 2095 ad
1896 2038 2070 2094 eccle-

423 2135 574 2192 siam
606 2133 804 2192 Sancti
858 2131 1150 2190 Laurentii
1201 2131 1473 2204 martyris
1521 2129 1736 2186 Christi
1773 2129 1830 2183 in
1865 2127 2082 2184 Pendia

421 2227 746 2282 mercatum
775 2221 1076 2295 publicum
1107 2219 1346 2287 habere,
1374 2226 1432 2276 et
1450 2219 1830 2275 telonaticum
1851 2215 1988 2272 inde
2007 2215 2078 2271 ad

421 2313 678 2373 ecclesia:
708 2311 797 2369 vel
829 2327 968 2368 suos
997 2327 1144 2366 usus
1173 2310 1488 2382 suscipere.
1512 2305 1916 2379 Praecipientes
1945 2321 2080 2378 ergo

413 2402 718 2474 jubemus,
755 2404 928 2473 atque
961 2416 1062 2472 per
1092 2399 1244 2455 hanc
1274 2397 1462 2454 nostri
1499 2395 1770 2468 praecepti
1805 2393 2079 2466 paginam

421 2491 694 2548 omnibus
717 2487 1146 2555 interdicimus,
1169 2491 1234 2544 ut
1251 2487 1450 2544 nullus
1463 2485 1647 2557 judex
1666 2482 1956 2558 publicus,
1979 2485 2082 2539 aut

422 2579 703 2654 quislibet
726 2595 799 2636 ex
813 2577 1130 2651 judiciaria
1156 2579 1440 2650 potestate
1461 2575 1534 2632 ab
1555 2574 1692 2630 hinc
1721 2574 1782 2628 in
1815 2573 2078 2628 futurum

421 2669 482 2726 in
509 2669 675 2744 ipsas
701 2667 976 2725 ecclesias
1006 2667 1204 2723 Sancti
1234 2662 1553 2734 Theonisti,
1602 2667 1659 2718 et
1699 2661 1896 2718 Sancti
1930 2662 2080 2717 Lau-

422 2759 616 2829 rentii,
639 2758 761 2822 sive
790 2755 1048 2828 reliquas
1078 2753 1482 2828 possessiones
1511 2749 1583 2808 ad
1609 2769 1819 2808 causas
1839 2750 2080 2807 audien-

421 2847 528 2904 das
545 2845 634 2914 vel
665 2833 826 2901 l‘reda
852 2843 1156 2916 exigenda,
1180 2841 1301 2898 sive
1333 2839 1691 2909 mansiones,
1715 2855 1818 2894 seu
1846 2843 2079 2911 paratas

420 2923 735 3006 faciendas,
767 2939 869 2990 aut
897 2932 1134 2988 illicitas
1177 2929 1514 2986 occasiones
1545 2928 1948 3000 requirendas,
1981 2932 2082 2984 aut

418 3024 686 3089 homines
701 3040 884 3097 supra
897 3025 1111 3078 terram
1134 3017 1392 3092 praedicti
1411 3015 1810 3074 monasterioli
1829 3033 2082 3074 comma.

417 3119 625 3175 nentes
654 3103 1092 3185 distringendos
1122 3107 1339 3163 nostris
1369 3111 1426 3162 et
1472 3106 1686 3162 futuris
1715 3107 2080 3178 temporibus

417 3203 644 3278 ingredi
675 3201 908 3268 audeat,
939 3189 1044 3254 aut
1091 3213 1160 3254 ea
1197 3213 1325 3268 quae
1357 3213 1537 3268 supra
1567 3200 1888 3251 memorata
1917 3199 2075 3277 sunt,

416 3294 652 3366 penitus
677 3291 903 3363 exigere
927 3289 1262 3359 praesumat,
1283 3285 1388 3346 sed
1409 3283 1585 3341 liceat
1605 3283 1750 3357 ipsis
1777 3283 2082 3340 monachis

417 3383 613 3456 quiete
639 3379 830 3434 vivere
860 3380 919 3432 et
949 3374 1064 3431 Deo
1111 3391 1340 3443 vacare,
1386 3377 1562 3447 atque
1608 3391 1712 3446 pro
1743 3377 1947 3429 nostra
1976 3389 2079 3429 seu

2191 800 2315 855 suis
2347 799 2522 856 rebus
2540 799 2855 858 mobilibus
2875 804 2933 857 et
2950 799 3355 858 immobilibus
3375 799 3487 857 sub
3508 803 3717 858 nostrae
3735 817 3835 877 po-

2188 888 2417 944 testatis
2445 889 2692 946 tuitione
2716 890 3064 964 recepimus,
3095 894 3306 946 nostra:
3337 889 3665 962 majestatis
3693 890 3841 946 re've

2190 977 2439 1032 rentiam
2495 977 2878 1050 vilipendens,
2939 979 3308 1036 innocentem
3365 977 3675 1044 occiderat,
3715 978 3839 1050 ejus

2189 1069 2375 1124 morte
2406 1065 2680 1137 ecclesiae,
2705 1068 2876 1140 cujus
2891 1073 3014 1126 erat
3037 1067 3295 1125 famulus
3315 1067 3375 1123 in
3396 1067 3673 1124 omnibus
3693 1083 3842 1125 com.

2190 1155 2422 1220 modus,
2452 1161 2615 1212 tanta
2630 1157 2846 1213 damna
2860 1157 3165 1214 conferens
3186 1161 3407 1230 quanta
3423 1153 3705 1212 extimare
3723 1173 3836 1213 non

2187 1244 2536 1300 sufﬁcimus.
2571 1247 2934 1318 Quapropter
2962 1245 3259 1317 omnibus,
3293 1250 3426 1313 etc.,
3479 1250 3686 1302 notum
3715 1239 3842 1303 esse

2185 1330 2458 1387 volumus
2491 1334 2648 1404 quod
2689 1335 3020 1391 interventu
3061 1333 3282 1391 dilectae
3324 1335 3595 1408 conjugis
3633 1338 3840 1391 nostra:

2186 1419 2356 1500 Qislze
2389 1421 2799 1494 impcratricis,
2832 1427 2898 1478 ut
2928 1423 3186 1480 Ecclesia
3205 1441 3271 1480 ex
3290 1429 3456 1496 parte
3479 1427 3844 1496 recuperaret

2188 1510 2404 1565 damna
2436 1515 2618 1566 morte
2641 1511 2730 1566 sui
2755 1511 2959 1568 famuli
2979 1513 3091 1568 sibi
3115 1511 3296 1580 illata,
3313 1518 3382 1568 et
3399 1512 3547 1569 tanti
3567 1511 3841 1570 facinoris

2187 1599 2454 1670 contagio
2486 1615 2856 1672 nequaquam
2888 1601 2948 1655 in
2980 1601 3460 1658 consuetudinem
3479 1605 3840 1674 prorumpat,

2187 1687 2384 1741 omnia
2415 1687 2630 1759 praedia
2659 1705 2786 1760 qua:
2815 1689 3090 1762 praefatus
3132 1689 3319 1745 Adam
3371 1690 3522 1746 infra
3551 1689 3842 1747 civitatem

2187 1779 2548 1842 Cremonam,
2583 1781 2639 1831 et
2671 1781 2832 1832 extra
2883 1795 2985 1850 per
3033 1778 3210 1834 totius
3255 1779 3627 1852 episcopatus
3657 1777 3845 1852 spatia

2187 1861 2400 1918 habere
2430 1862 2676 1930 videtur,
2709 1869 2766 1921 et
2789 1882 3020 1922 omnem
3049 1883 3172 1922 rem
3201 1867 3476 1924 mobilem
3499 1867 3845 1924 etimmobi-

2188 1950 2508 2041 lem,qua.m
2531 1953 2888 2025 possederat,
2904 1955 3216 2028 przelibatze
3235 1961 3448 2013 sancta:
3471 1955 3847 2012 Cremonensi

2186 2039 2472 2108 Ecclesiae,
2509 2059 2611 2114 per
2645 2042 2821 2115 hujus
2859 2045 3042 2101 nostri
3075 2045 3346 2118 praecepti
3378 2045 3676 2118 paginam,
3709 2061 3848 2116 pro—

2189 2129 2462 2202 prietario
2481 2131 2614 2201 jure
2643 2131 2913 2189 habenda
2941 2139 2998 2190 et
3027 2133 3342 2190 detinenda
3361 2133 3764 2202 concedimus,
3790 2138 3850 2190 et

2188 2217 2248 2272 in
2267 2219 2370 2289 jus
2401 2235 2466 2273 ac
2495 2219 2800 2276 dominium
2847 2222 3280 2294 praenominatae
3331 2221 3600 2278 Ecclesiae
3649 2226 3852 2278 nostra

2190 2307 2476 2380 imperiali
2533 2309 2876 2366 auctoritate
2933 2311 3433 2367 transfundimus:
3482 2327 3552 2366 ea
3586 2309 3852 2367 videlicet

2189 2396 2432 2465 ratione,
2478 2403 2542 2452 ut
2584 2403 2702 2452 tam
2751 2398 3052 2456 Hubaldus
3091 2399 3338 2456 dilectus
3386 2397 3576 2454 ﬁdelis
3625 2401 3846 2466 noster,

2189 2485 2453 2556 ejusdem
2481 2484 2748 2542 Ecclesiae
2778 2486 3126 2544 venerabilis
3151 2488 3483 2561 episcopus,
3522 2504 3700 2560 quam
3718 2504 3851 2544 suc-

2189 2567 2458 2630 cessores.
2483 2574 2598 2642 sui,
2630 2575 2702 2630 de
2735 2575 3024 2647 praedictis
3077 2575 3353 2632 omnibus
3385 2573 3559 2630 rebus
3588 2573 3850 2648 praedicti

2189 2661 2494 2718 homicidae
2525 2663 2811 2736 quidquid
2835 2664 2921 2721 eis
2947 2666 3100 2720 recte
3121 2664 3313 2720 visum
3336 2662 3512 2719 fuerit
3532 2663 3602 2718 ad
3629 2662 3851 2720 utilita-

2187 2755 2307 2807 tem
2353 2751 2618 2807 Ecclesiae
2665 2750 3080 2824 perpetualiter
3121 2752 3356 2808 faciant.
3398 2753 3644 2824 Insuper
3671 2751 3852 2809 etiam

2189 2839 2477 2912 imperiali
2510 2857 2756 2896 censura
2773 2841 3056 2913 jubemus
3087 2845 3155 2896 ut
3183 2840 3383 2897 nullus
3403 2841 3543 2908 dux,
3563 2839 3850 2911 marchio,

2189 2945 2406 2993 comes,
2457 2931 2798 2998 vicecomes,
2843 2931 3045 3000 judex,
3090 2929 3442 2998 sculdascio,
3487 2929 3588 2986 sed
3639 2930 3858 3003 magna

2189 3033 2482 3090 parvaque
2499 3018 2659 3092 regni
2681 3020 2865 3074 nostri
2893 3035 3162 3092 persona,
3181 3019 3252 3074 de
3269 3017 3564 3092 praedictis
3577 3019 3858 3076 omnibus

2191 3107 2492 3180 prmtaxati
2524 3107 2827 3163 homicidae
2867 3116 3134 3164 sanctam
3176 3109 3630 3164 Cremonensem
3660 3107 3862 3165 Eccle-

2191 3195 2340 3252 siam
2371 3202 2545 3269 atque
2598 3196 2930 3252 Hubaldum
2971 3197 3236 3268 ejusdem
3289 3196 3446 3254 sedis
3503 3195 3859 3264 antistitem,

2191 3285 2436 3358 ejusque
2460 3301 2827 3342 successores
2849 3285 3142 3355 divestire,
3175 3290 3278 3342 aut
3307 3285 3634 3358 inquietare
3656 3284 3860 3358 aliquo

2189 3374 2422 3448 ingenio
2455 3379 2556 3430 aut
2584 3375 2888 3431 occasione
2918 3379 3254 3448 praesumat.
3287 3373 3348 3430 Si
3389 3373 3522 3446 quis
3548 3389 3707 3442 vero,
3740 3378 3856 3430 eto.

420 3445 698 3544 conjugis,
716 3469 930 3528 nostris
959 3462 1046 3520 vel
1079 3464 1259 3537 prole,
1291 3463 1410 3520 sive
1438 3445 1872 3534 totiusimperii
1895 3461 2078 3518 nostri
2108 3445 2152 3515 α
2260 3445 2494 3533 Signum
2520 3464 2708 3519 damni
2765 3445 3082 3520 Chuonradi
3121 3464 3462 3543 serenissimi
3502 3464 3860 3534 imperatoris

419 3558 758 3624 stabilitate,
813 3571 944 3612 cum
998 3552 1420 3626 tranquillitate
1471 3552 1565 3608 Dei
1617 3549 2078 3608 misericordiam

418 3631 754 3720 implorare.
789 3644 848 3701 Si
882 3643 1016 3717 quis
1034 3632 1190 3712 vero,
1215 3646 1327 3699 etc.

491 3735 723 3807 Signum
760 3733 948 3790 damni
998 3731 1314 3790 Chuonradi
1341 3731 1685 3787 serenisssmi
1712 3731 2077 3786 Romanorum

420 3825 768 3897 imperatoris
807 3823 1056 3895 Augusti.
1091 3853 1158 3864 -
1190 3823 1358 3877 Locus
1405 3825 1431 3885 ’r
1483 3819 1664 3888 sigilli
1702 3819 1846 3874 cerei
1885 3817 2077 3890 deper-

419 3913 545 3970 diti.

489 4002 823 4060 Kadelohus
854 3999 1238 4058 cancellarius
1262 3998 1384 4054 vice
1414 3997 1756 4053 Herimanni
1779 3997 2078 4053 archican-

419 4092 638 4151 cellarii
654 4089 996 4164 recognovi.

487 4187 702 4240 Datum
731 4199 769 4237 Il
803 4181 940 4237 Idus
959 4177 1123 4246 Julii,
1147 4193 1300 4232 anno
1321 4175 1634 4233 Dominicis
1657 4175 2080 4234 Incarnationis

417 4272 578 4342 4037,
601 4270 920 4326 indictione
940 4285 994 4334 v,
1019 4283 1174 4323 anno
1195 4268 1391 4320 autem
1418 4265 1615 4320 domni
1641 4264 1974 4320 Chuonradi
1995 4281 2082 4320 se-

417 4361 595 4420 cundi
625 4359 789 4434 regni
817 4376 938 4426 xm,
970 4354 1200 4430 imperii
1230 4374 1308 4413 Χῖ.

485 4452 695 4507 Actum
724 4449 962 4505 Veronae
1005 4446 1078 4502 ad
1137 4446 1417 4502 Sanctum
1462 4444 1772 4512 Zenonem,
1809 4442 2075 4500 feliciter.

414 4543 619 4597 Amen.

1149 4623 1346 4680 XXVI.

415 4715 733 4779 Chuonradi
763 4717 814 4796 Π
865 4715 1033 4796 regis,
1095 4714 1448 4796 imperatoris
1482 4713 1685 4796 'primi,
1741 4712 2079 4796 praeceptum

489 4805 594 4863 quo
624 4791 812 4846 omnia
835 4782 1064 4863 prsertim
1087 4782 1370 4863 cujusdam
1413 4782 1632 4863 Adami,
1659 4783 1756 4863 qui
1782 4782 2079 4863 Henricum

489 4854 783 4918 diaconum
811 4854 1160 4914 c'ardz'nulem'
1183 4857 1557 4913 Cremonensis
1590 4854 1846 4909 Ecclesiae
1876 4854 2078 4920 iniuste

491 4932 778 4998 occiderat,
831 4929 1004 4986 eidem
1061 4929 1324 4986 Ecclesiae
1351 4927 1422 4982 ait
1453 4927 1860 4996 reparationem
1889 4922 2080 4977 damni

491 5003 749 5060 concedit.
781 5035 786 5038 -
1405 5043 1410 5048 .

911 5073 1110 5144 (Cinea
1133 5086 1358 5127 annum
1393 5067 1577 5138 1037.)

731 5163 1078 5236 [ΜΗΒΑΤΟΞΠ.
1111 5161 1293 5231 Antiq.
1327 5157 1476 5221 Ital.,
1513 5155 1582 5221 ll,
1616 5153 1765 5224 327.]

490 5253 554 5311 In
584 5254 819 5310 nomine
849 5256 1061 5308 sanctae
1083 5253 1140 5304 et
1161 5245 1471 5302 individua?
1495 5243 1822 5307 Trinitatis,
1847 5244 2072 5303 Cncox-

417 5361 627 5415 nanus,
649 5343 848 5400 divina
871 5342 1096 5396 favente
1118 5333 1446 5399 clementia,
1473 5333 1867 5388 Romanorum
1892 5331 2074 5405 impc-

417 5439 576 5492 rator
602 5435 928 5506 Augustus.
1661 5487 1670 5497 .

489 5524 550 5580 Si
581 5525 794 5579 sanctae
824 5518 925 5574 Dei
959 5511 1248 5579 Ecclesiae,
1281 5515 1388 5567 etc.
1441 5511 1502 5565 In
1553 5511 1791 5568 veritate
1822 5526 2078 5582 namque

417 5610 813 5684 comperimus
843 5601 997 5678 quod
1031 5602 1272 5674 quidam
1302 5600 1708 5658 Cremonensis
1751 5600 1862 5667 vir,
1893 5599 2077 5655 Adam

419 5701 678 5768 nomine,
707 5694 992 5767 superbiae
1022 5691 1231 5764 spiritu
1283 5690 1540 5756 inﬂatus,
1571 5695 1628 5747 et
1657 5687 1948 5745 diabolica
1975 5705 2078 5744 au-

423 5789 590 5844 dacia
627 5785 971 5850 concitatus,
1019 5782 1336 5854 quemdam
1391 5779 1724 5848 diaconum,
1765 5776 2079 5832 Henricum

425 5867 680 5944 nomine,
713 5875 927 5931 sanctze
955 5869 1364 5930 Cremonensis
1401 5867 1667 5926 Ecclesiae
1699 5864 2077 5938 cardinalem,

2187 3553 2438 3622 Augusti.

2259 3640 2506 3714 Reliqua
2536 3642 2962 3699 desiderantur.

2397 3802 2400 3805 .
2913 3749 3130 3807 XXVII.

2187 3836 2507 3912 Chuonradi
2532 3840 2706 3912 pri-mi
2725 3841 2958 3912 Augusti
2975 3839 3216 3912 diploma
3232 3855 3334 3912 per
3353 3837 3494 3912 quod
3515 3841 3859 3896 monasterio

2258 3909 2606 3984 Segusino’S.
2627 3913 2787 3984 justi
2811 3909 2974 3984 ’bona
3023 3909 3249 3984 collata'
3269 3911 3337 3967 ab
3365 3909 3548 3967 Alrico
3582 3913 3858 3984 episeopo,

2257 3985 2308 4036 et
2327 3979 2676 4052 ’Maginfredo
2705 3982 3042 4052 marehione,
3075 3983 3490 4054 conﬁrmantur.

2817 4070 3003 4142 (Anno
3037 4069 3220 4144 1037.)

2514 4159 2865 4232 [Μυκη-01η,
2899 4161 3080 4234 Antig.
3115 4161 3264 4228 [tal.,
3297 4159 3342 4229 Ι,
3375 4158 3528 4231 347.]

2262 4269 2324 4322 In
2358 4267 2594 4324 nomine
2625 4271 2840 4324 sanctae
2870 4272 2926 4324 et
2955 4267 3268 4324 individuis
3297 4266 3601 4324 Trinitatis
3626 4267 3870 4325 CHUON-

2190 4371 2400 4426 nanus,
2433 4355 2833 4412 Romanorum
2856 4357 3178 4430 imperator
3195 4359 3523 4428 Augustus,
3551 4355 3758 4414 divina
3781 4357 3870 4414 fa-

2187 4449 2356 4502 vente
2386 4443 2809 4502 misericordia.

2261 4533 2320 4590 Si
2353 4533 2550 4590 divino
2573 4534 2929 4592 intrinsecus
2946 4534 3084 4592 tacti
3108 4535 3431 4608 spiramine
3453 4532 3622 4589 alma
3640 4539 3877 4591 sanctae

2189 4623 2360 4678 matri
2393 4623 2684 4694 Ecclesiae,
2715 4625 3068 4698 Christoque
3099 4625 3276 4698 digne
3308 4622 3652 4689 servientes,
3687 4639 3877 4679 mun-

2187 4711 2358 4768 dialis
2397 4713 2578 4786 hujus
2636 4714 2922 4787 temporis
2969 4713 3188 4770 auxilia
3239 4713 3586 4788 praebentes,
3643 4716 3882 4769 nostrae

2111 4818 2156 4883 ι)
2188 4801 2462 4858 Romana:
2516 4801 2848 4875 reipublicae
2897 4803 2966 4860 ad
3021 4803 3368 4876 profectum,
3399 4805 3578 4873 atque
3607 4800 3686 4856 ad
3718 4798 3876 4874 aug-

2189 4894 2452 4948 mentum
2487 4891 2796 4964 utriusque
2827 4893 2982 4962 vitae,
3014 4909 3129 4949 non
3159 4892 3436 4966 exiguum
3469 4891 3590 4946 fore
3612 4889 3884 4946 minime

2187 4981 2580 5054 ambigimus:
2615 4985 2670 5036 et
2699 4981 2749 5036 si
2779 4980 2894 5054 piis
2925 4985 3265 5037 nostrorum
3295 4977 3561 5035 ﬁdelium
3583 4977 3887 5050 precibus

2183 5072 2473 5125 Caesareas
2505 5086 2677 5126 aures
2705 5067 3024 5126 clementer
3049 5068 3429 5132 inclinamus,
3451 5063 3757 5122 ﬁdeliores
3782 5071 3880 5121 at-

2185 5175 2296 5231 que
2315 5159 2385 5212 ad
2408 5158 2708 5230 publicum
2729 5175 2833 5214 nec
2853 5176 2968 5214 non
2992 5157 3282 5230 privatum
3301 5155 3652 5227 obsequium
3669 5171 3889 5226 prom-

2185 5248 2402 5318 ptiores
2425 5265 2523 5302 eos
2547 5247 2756 5303 obnixe
2778 5247 3096 5302 credimus.
3121 5248 3484 5319 Quapropter
3505 5242 3886 5300 cunctorum

2185 5339 2356 5390 castae
2389 5335 2594 5392 matris
2625 5333 2894 5392 Ecclesia:
2922 5333 3186 5390 ﬁdelium
3211 5333 3458 5401 devotio,
3483 5331 3879 5388 animadver-

2185 5426 2273 5502 tat
2301 5423 2550 5496 qualiter
2581 5428 2782 5480 nostra
2824 5422 3149 5497 imperialis
3207 5423 3489 5496 majestas
3521 5420 3885 5478 interventu

2187 5511 2411 5568 domini
2444 5513 2736 5586 Popponis
2765 5511 3222 5586 archiprmsulis,
3258 5526 3364 5568 nec
3395 5527 3513 5567 non
3545 5507 3733 5567 Berte
3770 5527 3887 5567 co-

2187 5600 2454 5667 mitissae,
2485 5600 2768 5656 virtutum
2801 5601 3063 5658 moribus
3090 5599 3374 5674 expolitae,
3399 5597 3597 5672 dignis
3618 5598 3888 5672 petitio—

2188 5689 2364 5744 nibus
2394 5692 2548 5743 tacta
2579 5688 2974 5758 concedimus,
3005 5694 3180 5762 atque
3203 5705 3306 5763 per
3324 5689 3476 5745 hanc
3498 5687 3690 5744 nostri
3715 5704 3891 5762 prie—

2188 5778 2335 5850 cepti
2360 5775 2636 5850 paginam
2657 5777 3100 5835 corroborantes
3119 5777 3324 5834 omnia
3343 5775 3560 5853 praedia
3582 5776 3892 5835 cunctas—

2189 5881 2303 5942 que
2335 5881 2426 5926 res
2457 5865 2588 5924 illas
2620 5883 2768 5943 quas
2798 5865 2940 5926 olim
2969 5867 3200 5928 Alricus
3240 5865 3594 5926 venerabilis
3623 5865 3892 5944 episco-
