3976 6360
174 414 372 495 ’⁵1085

1556 427 1952 498 HENRICUS
1994 431 2080 497 III
2118 431 2286 497 IMP.

3428 428 3434 436 ’
3465 431 3624 494 1086

210 562 524 621 dominum
546 580 721 622 suum
740 562 1111 635 interfecerit,
1131 561 1219 622 vel
1234 563 1645 634 vulneraverit,
1667 566 1865 640 ipsum
1893 568 1944 636 Α
1978 566 2112 623 cilia
2132 566 2191 621 in
2206 566 2600 641 longinquum
2618 565 2932 624 habuerint
2952 564 3015 635 ⁸⁸,
3033 562 3288 623 vasallus
3309 564 3546 623 domino
3557 584 3621 625 se

211 651 521 710 dominum
553 671 791 712 suamve
822 655 1125 711 dominam
1158 655 1495 726 obsederit.,
1526 656 1613 712 vel
1657 673 1790 713 eum
1822 657 1867 690 3’

211 742 686 811 cucurbitaverit,
709 742 798 803 vel
820 747 1024 799 contra
1046 760 1112 799 ea
1132 760 1259 815 quae
1282 743 1341 799 in
1369 743 1649 800 fidelitate
1671 744 1866 800 nomi-

212 835 431 888 nantur
452 832 655 887 fecerit
672 832 738 899 ³³,
760 832 848 888 vel
866 832 960 889 his
982 832 1337 905 supradictis
1358 834 1669 890 consilium
1694 833 1865 890 dede-

210 920 309 988 rit,
341 919 577 993 parium
607 919 944 977 laudatione
976 920 1323 977 beneficium
1354 924 1628 978 amitttat.
1653 923 1711 978 Si
1733 940 1865 979 vero

211 1008 284 1066 de
301 1009 657 1082 supradictis
674 1026 735 1065 se
752 1009 1060 1065 defendere
1080 1009 1343 1078 voluerit,
1379 1011 1628 1066 testibus
1651 1029 1685 1066 a
1705 1015 1867 1084 parte

209 1092 439 1154 demini
468 1097 900 1166 deficientibus,
935 1115 1068 1153 cum
1101 1098 1290 1153 tribus
1312 1097 1551 1170 paribus
1575 1117 1636 1155 se
1657 1116 1802 1172 expu
1814 1118 1866 1155 r-

210 1188 326 1261 get;
362 1186 411 1242 si
440 1191 639 1243 autem
669 1203 839 1259 pares
870 1186 1084 1243 habere
1113 1204 1227 1242 non
1259 1188 1533 1259 potuerit,
1563 1205 1695 1243 cum
1719 1189 1867 1244 duo-

211 1276 404 1350 decim
434 1274 955 1349 propinquioribus
988 1275 1331 1350 parentibus
1360 1292 1421 1332 se
1447 1277 1719 1333 defendat
1766 1278 1863 1347 (4).

208 1365 271 1421 Si
300 1363 435 1438 quis
464 1367 667 1420 autem
699 1381 943 1420 suorum
976 1364 1227 1437 parium,
1262 1365 1507 1421 idoneus
1528 1370 1746 1434 tamen,
1776 1383 1866 1421 cx-

208 1452 348 1509 inde
379 1469 441 1509 se
468 1451 770 1509 veritatem
802 1452 949 1509 scire
980 1452 1210 1519 dixerit,
1246 1456 1303 1509 et
1323 1452 1427 1526 per
1446 1470 1706 1526 pugnam
1729 1470 1864 1509 eum

205 1541 453 1616 fatigare
480 1540 748 1610 voluerit,
782 1545 848 1597 ut
876 1558 979 1614 per
1010 1559 1269 1616 pugnam
1302 1560 1363 1598 se
1392 1544 1666 1599 defendat
1685 1543 1861 1599 edici-

208 1647 345 1687 mus
366 1631 432 1685 “.
460 1630 521 1686 Si
549 1630 685 1703 quis
715 1634 910 1686 autem
944 1631 1053 1686 fuit
1073 1632 1117 1665 ³⁵
1145 1631 1245 1704 qui
1293 1632 1529 1687 domino
1580 1649 1694 1687 non
1744 1648 1865 1687 ser-

202 1719 396 1789 vierit,
429 1719 660 1792 parium
690 1719 1022 1775 laudatione
1053 1719 1400 1776 beneﬁcium
1432 1722 1476 1755 ³⁸
1505 1720 1740 1776 amittat
1763 1720 1860 1791 (5).

207 1810 321 1866 Sed
357 1809 408 1864 si
437 1807 548 1865 hoc
577 1808 887 1865 defendere
909 1809 1155 1865 voluerit
1173 1810 1238 1876 ³⁷,
1265 1809 1411 1865 duos
1433 1808 1519 1865 vel
1540 1826 1728 1866 unum
1754 1809 1866 1864 sal-

186 1902 329 1967 ,tem
359 1913 561 1971 parem
588 1898 875 1966 ostendat,
901 1902 1112 1953 etcum
1135 1897 1228 1952 his
1251 1915 1312 1953 se
1334 1898 1584 1954 servisse
1602 1898 1782 1969 juret,
1808 1904 1865 1953 et

210 1987 261 2046 si
292 2003 466 2061 pares
495 2003 766 2060 paremve
795 1986 1009 2042 habere
1040 1986 1386 2059 nequiverit,
1412 2004 1544 2043 cum
1568 1988 1757 2042 tribus
1778 1987 1865 2042 vel

211 2077 446 2132 duobus
474 2073 994 2148 propinquioribus
1024 2076 1366 2147 parentibus
1388 2091 1448 2131 se
1470 2076 1622 2131 intra
1643 2093 1864 2131 annum

208 2164 669 2236 servire“juret
702 2164 797 2236 (6).
831 2166 888 2220 Si
933 2167 1130 2219 autem
1171 2164 1531 2220 concorditer
1579 2181 1712 2219 cum
1763 2166 1864 2221 do-

188 2246 372 2310 'mino
403 2268 510 2309 suo
540 2268 603 2307 se
649 2251 922 2308 habuerit
970 2253 1276 2308 dominum
1307 2253 1352 2288 3°
1384 2270 1535 2324 saepe
1586 2254 1861 2323 videndo,

208 2345 350 2399 tunc
378 2340 665 2398 edicimus
712 2339 779 2409 ‘0,
822 2345 885 2397 ut
934 2338 1139 2414 probet
1188 2359 1290 2414 per
1336 2345 1514 2397 testes
1562 2342 1863 2397 servitium

208 2432 440 2500 fecisse,
473 2434 531 2487 et
560 2446 664 2503 per
696 2447 758 2487 se
788 2447 903 2487 non
929 2432 1181 2488 stetisse.
1204 2431 1261 2487 Si
1284 2436 1479 2487 autem
1502 2432 1697 2504 aliqua
1716 2431 1867 2487 inter

208 2510 519 2579 dominum
551 2523 608 2576 et
634 2519 921 2577 vasallum
955 2520 1247 2577 discordia
1268 2521 1463 2589 fuerit,
1484 2520 1573 2577 vel
1598 2520 1647 2576 si
1675 2521 1863 2577 domi-

1977 658 2448 729 reprzesentando
2482 656 2782 713 servitium
2814 656 3140 728 promittat.
3173 660 3229 712 et
3249 658 3294 691 ⁴²
3316 657 3364 712 si
3388 673 3625 713 necesse

1977 745 2169 808 fuerit,
2203 744 2311 800 hoc
2344 746 2547 818 probet
2568 746 3036 818 "jurejurando,
3068 745 3277 800 saltem
3325 747 3393 801 ad
3447 747 3623 801 finem

1976 834 2377 889 controversia
2408 834 2623 890 vasallo
2649 852 2683 889 a
2713 834 2954 907 paribus
2986 834 3139 888 dato.
3176 834 3233 889 Si
3262 835 3498 906 quidem
3534 834 3624 889 in-

1976 930 2068 977 tra
2097 939 2315 977 annum
2350 922 2632 990 servierit,
2658 924 2811 995 quod
2830 921 3192 977 levissimum
3226 922 3421 987 fuerit,
3447 927 3503 978 et
3523 924 3624 980 do-

1977 1011 2173 1066 minus
2192 1010 2348 1066 aliud
2374 1012 2675 1089 servitium
2699 1010 3045 1083 imposuerit
3065 1011 3221 1082 quod
3247 1010 3503 1067 vasallus
3525 1028 3635 1067 ηε·-

1974 1099 2238 1171 glexerit,
2253 1100 2407 1155 unde
2420 1101 2704 1156 damnum
2723 1101 2960 1155 domino
2980 1098 3209 1154 illatum
3226 1100 3418 1170 fuerit,
3438 1118 3627 1172 usque

1976 1189 2048 1244 ad
2082 1189 2278 1259 fruges
2331 1189 2692 1245 feudatarius
2735 1190 2780 1223 “
2828 1188 3059 1261 parium
3110 1187 3537 1244 existimatione
3584 1191 3629 1225 ‘5

1975 1278 2257 1333 damnum
2290 1278 2585 1334 resarciat.
2621 1279 2701 1333 De
2731 1277 2863 1334 aliis
2890 1294 3025 1333 vero
3058 1276 3247 1349 culpis
3276 1278 3432 1333 unde
3455 1279 3630 1333 bene-

1975 1365 2168 1421 ficium
2196 1383 2310 1421 non
2334 1366 2644 1433 amittitur,
2662 1366 2825 1439 pariu
2841 1384 2898 1421 m
2913 1365 3246 1421 laudatione
3263 1366 3534 1423 defendat
3547 1384 3630 1433 se,

1972 1458 2040 1509 ut
2072 1471 2268 1527 supra,
2300 1456 2389 1510 vel
2421 1456 2689 1511 emendet
2714 1457 2777 1509 ιδ.

1972 1563 2097 1616 Alia
2121 1564 2431 1618 constitutio
2463 1564 2708 1619 Ileinrici
2736 1564 2801 1618 de
2830 1563 3034 1617 vasallo
3082 1563 3179 1633 qui
3217 1580 3389 1618 unum
3419 1580 3489 1618 ea:
3535 1562 3628 1619 d0-

2554 1636 2722 1690 mz’m’s
2750 1636 3028 1706 refutavit.

2043 1722 2363 1794 Imperator
2392 1723 2716 1779 Heinricus.
2750 1723 2809 1778 Si
2840 1722 3167 1794 contigerit,
3202 1722 3442 1778 feudum
3469 1724 3630 1779 incu-

1972 1810 2059 1865 ria
2079 1817 2180 1866 aut
2202 1811 2390 1867 ﬁdelis
2412 1813 2451 1846 ‘7
2479 1812 2740 1884 neglectu
2765 1811 3137 1867 consortibus
3163 1811 3465 1884 applicari,
3492 1813 3625 1868 nul-

1974 1899 2098 1955 lum
2121 1900 2163 1934 ‘8
2186 1917 2251 1955 ex
2284 1917 2348 1955 eo
2383 1900 2645 1956 levamen
2677 1902 2952 1957 detrusus
2981 1900 3251 1971 excipiat,
3276 1918 3347 1955 ne
3381 1901 3634 1957 senioris

1975 1988 2068 2044 sui
2100 1992 2471 2061 contemptus
2500 1988 2713 2045 illusus
2747 1990 2865 2056 fiat,
2900 1989 2972 2044 ob
3004 2005 3180 2059 quem
3214 1988 3455 2044 feudum
3498 1991 3633 2061 jure

1974 2077 2298 2133 dimiserat.
2333 2079 2483 2133 Sane
2509 2078 2611 2150 qui
2633 2077 2804 2133 aliter
2825 2077 3069 2133 fecerint
3092 2094 3267 2149 quam
3291 2078 3446 2149 quod
3463 2096 3635 2136 mens

1975 2166 2372 2222 saluberrimae
2388 2171 2597 2222 nostra:
2614 2166 3050 2223 constitutionis
3064 2166 3634 2238 exposcit,beneﬁeio

1976 2272 2037 2311 sc
2059 2255 2345 2310 carituros
2369 2272 2496 2311 esse
2513 2260 2889 2328 cognoscant;
2915 2255 2995 2309 ita
3016 2258 3081 2309 ut
3102 2255 3186 2311 eis
3212 2254 3467 2328 amplius
3494 2272 3629 2329 spe-

1977 2360 2104 2399 rare
2136 2361 2249 2399 non
2282 2343 2482 2412 liceat;
2518 2344 2727 2399 seniori
2756 2344 2950 2399 danda
2990 2342 3243 2411 licentia,
3298 2348 3417 2399 tam
3460 2346 3507 2380 ‘9
3560 2346 3632 2401 ab

1975 2433 2121 2505 ipsis
2152 2449 2471 2505 eorumque
2502 2433 2750 2504 posteris
2782 2449 2961 2503 quam
2998 2431 3206 2487 ceteris
3249 2432 3635 2489 detentatori-

1975 2522 2089 2577 bus
2123 2522 2466 2593 praedictum
2499 2521 2850 2577 beneﬁcium
2884 2520 3244 2576 vendicandi.

1565 2671 1807 2726 VARIIE
1838 2671 2247 2727 LECTIONES.

277 2787 325 2858 3?
354 2801 488 2843 eam
518 2788 658 2843 Ανίί.
691 2788 808 2843 Αιυ.
842 2787 886 2822 ³³
916 2787 1057 2843 deest
1078 2789 1195 2843 Alv.
1230 2788 1276 2822 ³⁵
1319 2786 1582 2843 decimus
1638 2787 1767 2841 Ard.
1829 2788 1945 2841 Alv.
1978 2787 2023 2821 ³⁵
2081 2786 2279 2843 fecerit
2336 2787 2489 2858 quod
2544 2787 2659 2841 Αἰιι.
2694 2786 2738 2821 ³⁸
2793 2786 2847 2841 b.
2902 2803 3021 2858 non
3054 2786 3290 2841 amittat
3319 2788 3444 2842 Alv.
3478 2788 3525 2822 3"
3556 2791 3636 2844 ita

206 2857 340 2931 Ανᾴ.
374 2859 494 2914 Αιυ.
528 2858 779 2931 noluerit
806 2861 898 2930 Sp.
931 2860 974 2893 ³⁸
1008 2861 1087 2914 ita
1117 2859 1227 2913 Ard
1259 2860 1386 2914 Αιυ.
1422 2858 1692 2915 serviisse
1723 2858 1815 2931 Sp_.
1848 2860 1894 2893 39
1924 2858 2162 2914 domino
2198 2860 2323 2931 γᾼίυ.
2352 2856 2513 2931 “ita
2568 2860 2802 2931 correxi.
2855 2856 3108 2931 dicimus
3148 2859 3301 2931 rArd.
3361 2859 3481 2913 Alv.
3539 2859 3631 2931 Sp.

232 2931 250 2964 ¹
289 2928 569 2986 habuerit
597 2932 715 2987 Atv.
748 2931 792 2965 ⁴²
821 2928 885 2985 ut
939 2931 1068 2985 Ard.
1128 2931 1246 2985 Atv.
1278 2932 1322 2964 ⁴³

205 3000 362 3062 Ἀνά.
392 3001 513 3058 Αιυ.
545 3003 589 3037 ⁸⁷
620 3019 680 3057 n.
711 3001 751 3057 f.
783 3002 873 3074 Sp.
907 3002 949 3036 ⁴⁸
980 3000 1179 3058 nullus
1207 3002 1336 3058 Ard.
1367 3000 1482 3057 Ᾱιυ.
1510 3002 1555 3036 ⁴⁵
1582 3001 1725 3057 deest
1752 3001 1868 3056 Alv.

1423 2930 1628 2985 rebare
1686 2929 1814 2984 Ard.
1876 2930 1990 2985 Alu.
2029 2932 2073 2965 ἰδ
2126 2930 2348 2986 scilicet
2390 2930 2508 2984 Atv.
2567 2930 2609 2964 ‘5
2666 2929 3035 2986 estimatione
3091 2930 3208 2984 Αιυ.
3270 2931 3313 2965 ⁴⁶
3364 2929 3639 2987 emendat

1810 3142 2045 3199 NOTlE.

188 3296 195 3301 η
224 3258 454 3331 ratione
481 3257 867 3331 vocisseizior,
900 3274 1029 3330 quae
1058 3258 1194 3331 inde
1215 3259 1299 3331 ab,
1320 3258 1872 3331 antiquistempori-

226 3330 341 3386 bus
369 3346 562 3396 usque
581 3329 653 3385 ad
676 3328 1091 3386 Chuonradum
1115 3330 1165 3386 ΙΙ
1186 3330 1432 3396 obtinet,
1457 3328 1512 3385 et
1534 3328 1745 3384 ultima
1758 3330 1879 3384 vice

228 3418 385 3457 anno
416 3399 557 3457 H36
602 3399 662 3455 in
712 3401 1131 3457 constitutione
1181 3400 1437 3456 Lotbarii
1485 3401 1558 3456 ΙΙΙ
1606 3401 1875 3465 occurrit,

224 3472 535 3544 Eichornio
565 3472 896 3529 accedimus
925 3489 1124 3528 vocem
1152 3473 1381 3544 feudum
1410 3472 1627 3544 saeculo
1641 3489 1697 3526 x1
1720 3472 1878 3526 inso-

217 3542 416 3616 litam,
449 3559 720 3616 quisque
755 3549 820 3599 ut
866 3544 962 3599 hic
1015 3542 1161 3599 cum
1195 3544 1526 3616 beneﬁcium
1580 3542 1879 3616 alternans

221 3614 507 3688 primo_in
538 3614 1062 3688 constitutionibus
1084 3615 1340 3688 Letharii
1363 3615 1438 3671 lli
1463 3615 1734 3688 occurrit,
1761 3616 1878 3670 for-

221 3686 383 3753 tasse
410 3686 628 3744 Jacobo
659 3687 730 3742 de
754 3686 1038 3743 Ardizone
1069 3687 1291 3756 deberi,
1322 3686 1565 3759 opinati.

2054 3259 2126 3329 (Δ)
2161 3258 2275 3314 Usu
2310 3275 2441 3313 vero
2472 3257 2677 3314 curiali
2713 3257 2872 3313 solus
2903 3258 3191 3314 defendat.
3219 3258 3383 3313 Feud.

2062 3332 2136 3399 (5)
2163 3330 2378 3386 Curiali
2410 3334 2602 3384 tamen
2623 3329 2838 3402 _usu_id
2870 3329 3155 3402 redimere
3184 3334 3374 3401 potest
3394 3346 3498 3402 pro
3521 3347 3638 3386 me-

1989 3398 2202 3455 dietate
2233 3405 2521 3471 quantum
2550 3398 2815 3471 voluerit.
2848 3400 3012 3454 Feud.

2062 3473 2137 3543 (δέ)
2170 3469 2288 3526 Usu
2328 3478 2522 3526 tamen
2575 3469 2779 3525 curiali
2828 3470 2988 3543 solus
3028 3471 3229 3541 jurare
3278 3471 3633 3543 conceditur.

1988 3541 2248 3606 Qualiter
2276 3547 2472 3598 autem
2491 3543 2670 3613 juret,
2704 3558 2775 3596 an
2810 3541 2972 3597 solus
3005 3559 3075 3595 an
3109 3558 3244 3596 eum
3279 3541 3431 3610 aliis,
3484 3543 3634 3599 nihil

1989 3615 2252 3681 interest,
2280 3614 2423 3669 dum
2453 3618 2648 3668 tamen
2680 3613 2916 3669 servitia
2944 3614 3225 3669 nominet.
3251 3613 3413 3669 Feud.

979 3974 1504 4069 HENBICI
1575 3974 1711 4065 III
1789 3971 2036 4065 IMP.
2136 3971 2886 4065 DIPLOMATA.

1027 4285 1071 4339 Ι.

295 4375 661 4446 Privilegium
678 4391 778 4447 pro
800 4374 1458 4518 τηῇηαξῗεηέὲξοτοὺθιέωί
1477 4380 1527 4430 ct
1544 4376 1883 4447 parthenone

905 4463 985 4499 eri
1015 4462 1077 4501 or
1176 4463 1251 4500 δι.

905 4462 1230 4501 emoraemz
1239 4488 1251 4499 .

852 4535 1043 4606 (Anno
1086 4535 1265 4605 1039.)

429 4624 717 4695 [Eanum
746 4623 861 4680 cod.
894 4624 1117 4695 diplom.
1151 4625 1416 4694 Westph.,
1444 4641 1500 4696 p.
1536 4625 1683 4695 102.]

303 4729 368 4786 C.
423 4729 488 4785 In
538 4730 775 4787 nomine
824 4735 1037 4786 sanctae
1089 4735 1145 4785 et
1192 4729 1504 4785 individua;
1557 4731 1877 4786 Trinitatis.

232 4818 573 4887 ﬂammeus,
608 4818 806 4874 divina
833 4819 1060 4875 favente
1091 4817 1418 4885 clementia,
1461 4835 1578 4875 rex.

304 4906 365 4963 Si
395 4906 711 4980 petitiones
741 4924 1044 4964 servorum
1076 4907 1175 4963 Dei
1198 4909 1395 4979 justas
1426 4911 1481 4962 et
1510 4908 1882 4964 rationabiles

233 4996 307 5053 ad
322 4996 597 5053 effectum
618 4997 1085 5070 perduxerimus,
1108 5000 1165 5052 et
1186 4997 1257 5051 ad
1280 4995 1430 5051 hanc
1452 4996 1629 5052 vitam
1656 4997 1883 5053 felicius

231 5084 699 5158 transigendam,
731 5090 788 5143 et
818 5087 888 5142 ad
922 5088 1263 5159 perpetuam
1297 5084 1525 5140 facilius
1550 5102 1883 5156 promeren-

235 5174 372 5231 dam
384 5173 588 5248 procul
603 5175 781 5232 dubio
793 5175 963 5232 nobis
979 5190 1082 5247 pro
1095 5172 1360 5228 futurum
1378 5191 1705 5247 speramus.
1731 5177 1883 5239 Qua-

235 5267 474 5337 prdpter
502 5266 708 5321 notum
734 5281 863 5321 esse
892 5262 1185 5329 volumus,
1220 5262 1498 5334 quoniam
1538 5263 1885 5319 venerabilis

237 5352 419 5409 abbas
436 5352 864 5410 Truchtmarus
887 5352 1029 5409 adiit
1050 5350 1448 5407 excellentiam
1469 5357 1730 5407 nostram
1754 5370 1819 5407 su
1830 5370 1885 5425 p-

202 5502 207 5507 _
236 5439 468 5514 pliciter
487 5458 687 5511 orans,
705 5446 769 5499 ut
786 5446 986 5499 nostra
1004 5439 1885 5514 muniﬁcentiaprospiceremus

238 5530 613 5587 monasteriis
643 5531 755 5587 sibi
780 5530 1136 5598 commissis,
1156 5546 1406 5602 quorum
1424 5547 1607 5585 unum
1630 5536 1717 5585 est
1740 5547 1889 5587 nova

237 5618 1027 5693 Corbeianuncupatum,ubi
1050 5623 1106 5674 et
1126 5617 1223 5674 ille
1244 5617 1494 5692 regulari
1518 5619 1886 5675 constitutio-

240 5723 312 5764 ne
325 5707 507 5765 abbas
519 5708 763 5773 exstitit.
777 5713 833 5765 et
848 5708 1099 5765 alterum
1111 5710 1199 5765 est
1210 5706 1747 5765 sanctimonialium
1773 5708 1885 5764 He-

1903 4288 1945 4354 C,
1984 4286 2154 4341 rifort
2184 4286 2429 4351 dictum,
2463 4287 2521 4339 et
2550 4285 2794 4356 propriae
2844 4285 3154 4340 abbatissae
3206 4284 3375 4356 cujus
3421 4301 3635 4341 nomen

1992 4375 2293 4441 Gotesdiu,
2328 4374 2682 4443 subjectum,
2715 4374 2814 4428 sed
2839 4375 3003 4443 iuxta
3019 4373 3503 4429 consuetudinem
3523 4391 3641 4446 qua

1991 4463 2338 4517 ancillarum
2373 4462 2469 4517 Dei
2503 4462 3054 4534 congregationibus
3107 4462 3401 4533 procurari
3452 4462 3642 4518 solent

1990 4551 2304 4624 praepositi,
2337 4568 2403 4605 ex
2431 4549 2821 4605 ecclesiastico
2853 4550 3078 4616 ordine,
3101 4552 3228 4619 jam
3261 4550 3413 4605 dicto
3444 4551 3639 4606 abbati

1990 4637 2552 4704 commendavimus,
2592 4643 2651 4692 ut
2680 4643 2800 4692 tam
2834 4641 2891 4691 in
2924 4637 3233 4708 disciplina
3278 4638 3638 4694 abbatissam

1990 4728 2307 4799 locijuvet,
2343 4743 2519 4799 quam
2553 4727 2609 4779 in
2661 4725 2885 4780 cunctis
2936 4725 3184 4796 negotiis
3233 4742 3359 4796 qua:
3408 4726 3638 4781 famulae

1991 4815 2205 4873 Christi
2238 4818 2362 4888 (pro
2394 4832 2531 4870 sexu
2559 4816 2635 4887 et)
2672 4815 3029 4885 professione
3080 4830 3188 4868 sua
3235 4814 3473 4883 exsequi
3522 4832 3639 4871 non

1992 4909 2249 4978 possent,
2284 4904 2547 4977 ipsarum
2579 4903 2843 4975 provisor
2871 4908 2927 4957 et
2959 4905 3241 4975 patronus
3270 4902 3561 4959 existeret.
3586 4905 3638 4959 Is

1992 5012 2128 5067 ergo
2162 4994 2326 5066 petiit
2356 4992 2765 5048 celsitudinem
2797 4996 3057 5047 nostram
3092 4992 3430 5063 (recordari)
3481 4994 3640 5064 quod

1993 5084 2099 5156 piae
2114 5082 2406 5139 memoriae
2419 5086 2755 5138 antecessor
2770 5086 2968 5137 noster
2981 5082 3310 5137 Ludovicus
3324 5081 3645 5153 imperator

1994 5173 2167 5228 ambo
2198 5172 2317 5227 haec
2348 5171 2701 5226 monasteria
2731 5171 2989 5226 construi
3018 5170 3202 5242 jussit
3247 5171 3316 5225 ad
3371 5187 3641 5226 normam

1991 5261 2259 5316 videlicet
2307 5259 2732 5332 prmcipuorum
2780 5260 2839 5314 in
2891 5259 3078 5316 Gallia
3126 5259 3639 5325 monasteriorum,

1995 5368 2202 5406 novam
2232 5348 2456 5403 scilicet
2486 5349 2786 5404 Corbeiam
2817 5350 2887 5405 ad
2914 5349 3363 5404 similitudinem
3388 5349 3641 5419 antiquae

1994 5437 2268 5507 Corbeiae,
2287 5437 2692 5493 Hcrifordense
2714 5455 2844 5494 vero
2866 5439 3188 5494 cmnobium
3215 5439 3284 5493 ad
3309 5436 3641 5507 exemplum

1995 5525 2334 5585 monasterii
2349 5526 2883 5581 sanctimonialium
2900 5528 2956 5581 in
2971 5527 3390 5581 Suessioncnse
3411 5524 3644 5579 civitate

1996 5613 2338 5680 constructi,
2373 5618 2521 5669 etut
2551 5616 2607 5669 in
2661 5616 3087 5688 cleemosynam
3133 5628 3296 5668 suam
3348 5630 3413 5669 ac
3461 5611 3643 5669 totius

1995 5705 2223 5779 generis
2252 5702 2341 5759 sui
2370 5702 2813 5761 institutionum
2829 5703 3167 5762 earumdem
3187 5701 3461 5777 perfectio
3484 5717 3643 5759 com-
