3976 6366
371 377 529 447 1987

370 620 507 659 cum
528 604 774 660 decimis
795 607 851 659 et
871 602 1345 675 possessionibus
1368 604 1617 677 aliisque
1639 603 1711 659 ad
1733 618 1861 658 eam
1886 618 2015 674 per-

369 690 713 760 tinentibus,
749 695 805 747 et
832 691 1138 748 ecclesiam
1179 692 1483 759 Eresburc,
1552 708 1729 764 quam
1777 688 2019 747 Carolus

371 780 560 854 primo
591 784 938 836 construens
968 779 1027 834 in
1059 780 1310 836 Saxonia
1351 780 1594 836 decimis
1642 779 1861 835 dotavit
1906 777 2016 833 cir-

373 885 740 942 cumquaque
756 868 1151 924 habitantium
1174 885 1278 941 per
1302 870 1449 925 duas
1470 869 1786 925 Saxonicas
1807 870 2014 932 rastas,

370 959 644 1031 praefatus
667 958 992 1013 Ludovicus
1015 958 1084 1012 ad
1108 975 1313 1013 novam
1331 957 1573 1013 tradidit
1589 957 1912 1013 Corbeiam.
1931 955 2014 1010 Ad

368 1046 793 1105 Herifordensis
825 1050 1021 1102 autem
1053 1046 1391 1103 monasterii
1423 1047 1831 1118 adjumentum
1854 1044 2017 1100 dedit

368 1137 429 1192 in
460 1136 796 1209 episcopatu
826 1135 1302 1207 Asnabruggensi
1341 1133 1662 1191 Ecclesiam
1714 1133 2013 1207 Buginithi

370 1243 503 1281 cum
533 1224 814 1296 subjectis
845 1222 956 1279 sibi
977 1223 1258 1289 ecclesiis,
1288 1224 1344 1277 in
1369 1222 1644 1295 parochia
1664 1239 1798 1278 vero
1822 1221 2014 1277 Mimi-

366 1311 808 1389 gernafordensi
841 1311 1159 1368 Ecclesiam
1191 1313 1335 1367 Reni
1366 1329 1499 1367 cum
1520 1312 1615 1367 his
1638 1329 1765 1385 qua
1789 1311 1861 1367 ad
1883 1328 2012 1368 eam

367 1403 662 1478 pertinent
680 1400 960 1469 ecclesiis,
987 1401 1068 1457 ita
1087 1418 1247 1468 sane,
1269 1406 1332 1456 ut
1356 1401 1718 1458 decimarum
1741 1400 2015 1456 aliorum-

368 1509 481 1567 que
511 1490 849 1547 reddituum
881 1494 1199 1562 proventus
1229 1506 1434 1545 omnes
1457 1489 1713 1562 praefatis
1744 1491 2014 1545 cederent

367 1578 755 1647 monasteriis,
788 1583 846 1635 et
875 1580 948 1634 ab
978 1578 1071 1634 his
1095 1577 1354 1635 vicissim
1384 1582 1838 1651 procurarentur
1869 1578 2013 1634 sub-

356 1672 525 1748 jecta:
551 1669 751 1743 plebes
774 1667 835 1723 in
862 1667 1237 1740 baptismate,
1262 1666 1321 1722 in
1344 1667 1719 1735 eucharistia,
1742 1666 1800 1721 in
1824 1665 2016 1740 sepul-

364 1766 515 1829 tura,
548 1759 608 1814 in
639 1756 1003 1815 confessione
1034 1760 1407 1828 peccatorum
1438 1756 1748 1825 audienda,
1781 1759 1838 1812 et
1883 1772 2011 1828 pre-

364 1847 583 1922 sbyteri
605 1847 706 1919 qui
724 1844 1079 1918 principales
1100 1861 1169 1900 ex
1186 1843 1280 1900 his
1300 1844 1587 1900 Ecclesias
1608 1848 1890 1913 tenerent,
1915 1862 2012 1900 ar—
2040 1873 2088 1945 Β

366 1935 935 2008 chipresbyterorum
979 1933 1171 1989 officio
1218 1933 1619 2006 fungerentur,
1683 1934 1754 1989 ad
1813 1933 2011 1990 omnia

366 2023 633 2083 facienda
655 2040 781 2095 quae
805 2021 993 2078 solent
1013 2020 1138 2076 ﬁeri
1161 2021 1232 2076 ab
1254 2020 1772 2095 archipresbyteris
1794 2022 2011 2095 episco-

365 2130 595 2189 porum.
628 2111 775 2168 Cum
803 2114 998 2167 autem
1030 2110 1143 2183 ipsi
1174 2110 1433 2183 episcopi
1477 2111 1819 2167 circationes
1870 2129 2010 2171 suas

366 2204 446 2260 ibi
476 2216 647 2275 agere
676 2200 972 2267 deberent,
1006 2199 1078 2254 ad
1104 2216 1306 2255 eorum
1329 2199 1755 2255 mansionatica
1772 2201 2012 2256 daretur

366 2293 521 2369 quod
538 2291 595 2347 in
614 2288 1035 2364 capitularibus
1054 2291 1491 2346 antecessorum
1517 2293 1850 2345 nostrorum
1872 2307 2012 2363 prae-

364 2382 648 2456 scriptum
671 2379 938 2435 habetur.
964 2376 1064 2434 Ille
1086 2377 1265 2451 igitur
1284 2381 1407 2434 rata
1429 2394 1558 2434 esse
1588 2378 1787 2435 volens
1805 2383 2012 2435 caetera

364 2469 580 2538 omnia,
614 2473 844 2525 tantum
873 2482 1159 2541 expensas
1188 2467 1259 2522 ad
1308 2467 1705 2524 ministerium
1753 2467 2011 2540 episcopi

363 2563 601 2634 propter
615 2557 1021 2632 aegritudinem
1041 2559 1097 2611 et
1118 2560 1473 2612 senectutem
1487 2556 1537 2627 ej
1548 2574 1614 2612 us
1629 2555 1729 2629 qui
1748 2559 1888 2612 tunc
1902 2556 2013 2612 fuit

364 2647 670 2706 Gauzberti
684 2662 894 2719 augere
907 2644 1289 2716 debuit,quod
1298 2646 1470 2717 juxta
1481 2645 1822 2718 petitionem
1836 2645 2010 2719 primi

366 2738 632 2810 ejusdem
662 2735 772 2792 loci
790 2734 1023 2791 abbatis
1039 2733 1264 2789 Warini
1283 2734 1364 2791 ita
1379 2735 1669 2790 moderari
1686 2735 1927 2807 placuit,
1947 2740 2012 2790 ut

366 2826 659 2898 descripto
675 2827 960 2897 quantum
974 2822 1119 2879 satis
1132 2822 1208 2877 sit
1219 2823 1291 2878 ad
1305 2823 1603 2878 servitium
1628 2823 1883 2896 episcopi
1902 2824 2011 2880 hoc

367 2914 529 2973 nullo
551 2913 724 2969 modo
753 2910 1157 2980 subtrahatur,
1187 2915 1245 2967 et
1271 2911 1582 2984 episcopus
1606 2911 1863 2970 vicissim
1887 2929 2009 2973 am-

369 3003 557 3078 pliora
585 3018 702 3057 non
735 3003 974 3071 quaerat,
1009 3016 1115 3055 nec
1146 3015 1280 3055 cum
1310 2998 1581 3072 pluribus
1610 3000 1804 3057 veniat
1831 3017 2009 3072 quam

367 3097 434 3149 ut
452 3092 538 3149 eis
564 3089 832 3146 sufﬁcere
854 3087 1099 3161 possint.
1124 3089 1187 3144 In
1210 3088 1427 3161 quibus
1448 3090 1595 3147 satis
1614 3106 1743 3147 esse
1767 3107 2009 3149 consen-

368 3182 447 3239 sit
477 3179 754 3253 praefatus
794 3178 1102 3250 episcopus
1156 3194 1351 3234 coram
1402 3182 1765 3236 antecessore
1806 3185 2009 3236 nostro

366 3268 652 3325 Ludovico
677 3269 734 3323 et
761 3265 1193 3339 archiepiscopo
1224 3266 1482 3336 Rabano,
1516 3268 1855 3338 caeterisque
1874 3286 2008 3325 cum

366 3375 432 3416 eo
463 3358 523 3414 in
547 3357 768 3431 synodo
790 3352 1118 3429 agentibus,
1142 3355 1200 3412 id
1228 3359 1314 3413 est
1338 3360 1401 3413 ut
1419 3357 1634 3414 dentur
1651 3358 1723 3413 ad
1744 3356 2008 3432 singulas

362 3446 640 3506 ecclesias
670 3445 830 3519 porci
859 3463 912 3501 ιν
940 3443 1199 3501 valentes
1230 3445 1449 3519 singuli
1479 3446 1749 3503 denarios
1771 3465 1870 3516 xn,
1904 3452 2010 3504 aut

362 3554 463 3593 VIII
489 3535 697 3593 arietes
726 3534 1094 3590 tantumdem
1124 3534 1405 3604 valentes,
1438 3535 1677 3608 porcelli
1717 3553 1794 3605 ιν,
1849 3554 2007 3593 aucte

361 3644 436 3695 IV,
470 3624 614 3699 pulli
642 3640 764 3690 VIII,
797 3623 985 3680 situlaa
1015 3641 1087 3679 xx
1110 3624 1181 3679 de
1212 3623 1479 3690 medone,
1513 3624 1584 3679 de
1613 3624 1837 3680 mellita
1883 3641 2007 3681 cer-

359 3715 507 3771 visia
533 3731 627 3780 xx,
658 3714 729 3769 de
753 3730 867 3768 non
886 3712 1125 3768 mellita.
1172 3754 1185 3767 .
1230 3754 1243 3766 .
1289 3755 1302 3768 .
1347 3755 1361 3781 ,
1387 3729 1568 3785 panes
1585 3730 1710 3781 cxx,
1731 3714 1802 3770 de
1826 3731 2009 3771 avena

362 3803 520 3860 modi
547 3822 600 3872 c,
634 3800 920 3873 manipuli
953 3819 1042 3869 DC,
1076 3801 1268 3873 sitque
1298 3801 1360 3856 in
1414 3805 1703 3873 potestate
1747 3803 2003 3877 episcopi

361 3897 559 3948 utrum
590 3891 713 3946 haec
735 3906 836 3961 per
858 3889 1122 3962 singulas
1142 3889 1415 3946 ecclesias
1436 3891 1508 3945 ad
1532 3908 1717 3946 unum
1750 3894 2006 3950 mansio-

361 3979 621 4038 naticum
653 3996 726 4034 an
749 3978 820 4033 ad
843 3978 957 4033 duo
973 3978 1110 4034 velit
1126 3977 1359 4034 habere.
1379 3979 1460 4034 Ne
1479 3983 1673 4035 autem
1696 3980 1754 4036 in
1774 3998 2008 4038 summa

362 4067 543 4126 debiti
571 4067 666 4123 his
695 4065 829 4139 plus
852 4066 1049 4122 minus
1076 4065 1484 4138 compleretur,
1512 4068 1622 4124 hoc
1643 4070 2007 4127 auctoritatis

364 4176 481 4215 sua:
509 4155 761 4214 decrevit
793 4159 964 4227 atque
987 4154 1188 4227 jussit.
1224 4154 1326 4210 His
1348 4154 1524 4210 etiam
1549 4157 1866 4231 adjungere
1889 4160 2007 4233 pla-

363 4248 483 4304 cuit
511 4246 756 4303 liberam
776 4243 1007 4316 utrique
1028 4242 1152 4298 loco
1178 4242 1619 4300 concessionem
1636 4244 1912 4319 eligendae
1934 4250 2007 4307 de

358 4335 592 4410 propria
622 4332 1068 4406 congregatione
1099 4332 1157 4387 in
1192 4332 1456 4406 regimen
1512 4333 1601 4389 sui
1648 4352 1750 4409 per
1806 4338 2006 4396 futura

359 4440 590 4497 semper
612 4426 878 4494 tempora
906 4438 1174 4493 congruae
1203 4438 1465 4493 personae
1486 4424 1641 4496 quod
1668 4430 1725 4481 et
1747 4443 1850 4484 nos
1868 4444 2002 4484 con-

358 4513 667 4571 ﬁrmamus
697 4515 752 4567 et
779 4511 1246 4580 corroboramus,
1268 4515 1325 4567 et
1348 4516 1412 4567 ut
1431 4513 1624 4569 omnis
1646 4512 1782 4571 hinc
1804 4516 2004 4574 dubie-

1693 373 2050 481 ‘MONUM.
2093 372 2415 447 DIPLOM.

371 513 650 589 pleretur,
684 510 990 571 ecclesiam
1013 512 1168 586 juris
1199 513 1290 571 sui
1323 530 1449 588 quae
1478 516 1716 571 vocatur
1760 511 2011 587 Meppia,
2041 510 2099 582 Α

3620 371 3784 455 1.03.3

2333 603 2690 676 Privilegium
2715 619 2818 676 pro
2840 602 3081 659 Ecclesia
3108 599 3570 665 Paderbomemi.

2749 692 2936 764 (Anno
2972 690 3152 765 1039.)
3220 700 3225 705 ’

2500 782 2782 853 [Eanum
2813 781 2915 837 ubi
2939 798 3130 854 supra,
3160 797 3218 854 p.
3254 780 3402 853 103.]

2197 869 2256 923 Ο.
2308 874 2371 924 In
2428 869 2664 926 nomine
2714 874 2927 933 sancte
2973 874 3031 929 et
3083 869 3395 935 individua».
3446 867 3778 937 Trinitatis,

2124 956 2459 1025 Hammone,
2489 957 2686 1014 divina
2714 959 2939 1014 favente
2968 957 3298 1025 clementia,
3331 974 3449 1014 rex.

2195 1047 2483 1111 Quoniam
2516 1047 2726 1104 divinae
2751 1046 3154 1122 dispositionis
3187 1045 3550 1119 providentia
3578 1046 3651 1109 ad
3684 1062 3777 1109 re-

2124 1136 2374 1211 gendam
2388 1135 2567 1194 totius
2580 1137 2658 1192 rei
2665 1135 2910 1213 publieae
2925 1135 3326 1195 monarchiam
3340 1152 3458 1191 sue
3470 1134 3779 1197 immensae

2122 1224 2355 1297 pietatis
2388 1225 2824 1299 magnificentia
2852 1242 2960 1281 nos
2983 1225 3260 1297 provexit,
3286 1228 3419 1281 ante
3441 1222 3641 1287 omnia
3663 1241 3772 1285 au-

2120 1317 2238 1369 tem
2269 1314 2378 1370 hoc
2407 1313 2669 1371 laborare
2699 1314 3002 1380 debemus,
3036 1317 3103 1369 ut
3131 1313 3229 1385 qui
3255 1329 3532 1369 coronam
3554 1312 3773 1375 terreni

2123 1403 2286 1477 regni
2321 1403 2626 1472 concessit,
2662 1406 2795 1476 post
2815 1418 3121 1465 emensum
3144 1402 3323 1477 hujus
3343 1401 3472 1461 vitae
3491 1400 3775 1475 spatium,

2123 1508 2191 1547 ea
2221 1492 2397 1549 etiam
2430 1492 2692 1548 coronari
2725 1491 3044 1564 permittat,
3093 1507 3222 1563 quae
3245 1507 3361 1551 non
3392 1489 3693 1549 auferatur
3710 1490 3777 1547 in

2126 1585 2430 1636 aeternum.
2457 1581 2617 1644 Quod
2641 1581 3017 1653 potissimum
3039 1579 3162 1636 ﬁeri
3185 1596 3357 1654 posse
3381 1579 3776 1651 decernimus,

2123 1669 2171 1724 si
2205 1668 2331 1727 loca
2360 1668 2766 1727 ecclesiasticis
2798 1669 3099 1742 obsequiis
3129 1669 3407 1742 deputata
3435 1672 3635 1731 nostra
3664 1685 3779 1724 au-

2123 1757 2390 1817 ctoritate
2420 1759 2884 1826 corroborentur,
2918 1762 3002 1827 ut,
3032 1757 3192 1819 omni
3222 1756 3503 1821 exteriore
3536 1756 3779 1830 inquie-

2122 1846 2325 1904 tudine
2346 1852 2591 1917 remota,
2617 1846 2677 1903 in
2697 1846 3120 1918 tranquillitate
3142 1849 3541 1919 permaneant,
3566 1849 3774 1927 quate-

2123 1954 2235 1992 nus
2247 1953 2447 1993 eorum
2461 1936 2734 2009 precibus
2746 1936 3112 2007 adjuvemur,
3137 1936 3237 2009 qui
3261 1935 3341 1991 ibi
3363 1934 3458 1991 die
3478 1939 3778 2007 noctuque

2119 2024 2482 2082 orationibus
2512 2025 2570 2080 in
2601 2025 2703 2081 Dei
2726 2024 2960 2083 servitio
2976 2040 3178 2083 vacare
3201 2024 3507 2091 debentur,
3529 2027 3588 2081 et
3608 2024 3769 2098 quod

2120 2131 2223 2189 per
2242 2131 2349 2169 nos
2369 2117 2569 2188 utpote
2590 2113 2951 2169 conscientia
2968 2112 3180 2185 trepidi
3203 2129 3459 2187 quaarere
3479 2130 3596 2175 non
3616 2130 3774 2188 prae-

2122 2203 2435 2271 sumimus,
2481 2207 2694 2261 sancta:
2747 2201 2849 2258 Dei
2907 2200 3175 2261 Ecclesia:
3236 2201 3613 2263 servientium
3670 2202 3775 2277 pia

2120 2291 2536 2348 intercessione
2565 2290 2969 2364 impetremus.
2997 2291 3361 2367 Quapropter
3399 2289 3775 2353 universitati

2120 2380 2381 2437 ﬁdelium
2413 2385 2748 2437 nostrorum
2781 2383 2976 2453 patere
3002 2378 3295 2456 volumus,
3338 2378 3586 2451 qualiter
3614 2379 3774 2443 Ruc-

2121 2470 2316 2527 dolfus
2347 2474 2560 2531 sanctae
2581 2468 3109 2527 Paterbrunnensis
3131 2468 3400 2533 Ecclesia:
3420 2467 3773 2538 venerabilis

2121 2559 2453 2632 episcOpus,
2484 2576 2586 2632 pro
2617 2556 2885 2614 Ecclesiae
2912 2573 3034 2614 sua:
3062 2557 3302 2625 honore,
3346 2556 3466 2612 imo
3514 2555 3775 2613 maxima

2121 2647 2392 2717 utilitate,
2427 2647 2536 2720 piae
2566 2646 2912 2703 intentionis
2941 2645 3245 2703 devotione
3277 2662 3383 2702 nos
3425 2643 3776 2718 suppliciter

2119 2737 2389 2797 aditurus
2408 2736 2682 2804 exoravit,
2707 2738 2773 2797 ut
2793 2734 3049 2797 Ecclesia
3069 2735 3162 2797 cui
3184 2735 3311 2807 ipse
3326 2733 3606 2808 pastorali
3627 2750 3775 2801 cura

2119 2826 2407 2898 praesidet,
2442 2829 2643 2882 nostra
2672 2823 2853 2897 regali
2882 2822 3225 2887 auctoritate
3271 2823 3769 2891 cerroboraretur.

2119 2915 2299 2988 Cujus
2330 2914 2616 2988 petitioni,
2638 2915 2778 2987 quia
2806 2912 3176 2979 rationabilis
3203 2912 3455 2982 videtur,
3507 2912 3772 2985 gratuito

2118 3003 2526 3075 assentientes,
2547 3002 2833 3075 quidquid
2854 3002 3059 3059 eadem
3076 3000 3337 3058 Ecclesia
3356 3000 3772 3074 perjustitiam

2119 3094 2380 3153 obtinere
2408 3093 2581 3149 debet
2609 3095 3044 3149 antecessorum
3075 3094 3409 3147 nostrorum
3440 3105 3648 3163 regum
3676 3089 3772 3146 vel

2121 3182 2537 3254 imperatorum
2568 3179 2657 3237 vel
2688 3184 2887 3237 nostra
2916 3178 3206 3236 oblatione
3238 3178 3577 3251 caeterisque
3624 3178 3771 3234 ﬁde-

2039 3241 2083 3308 C'
2121 3241 2279 3331 libus
2308 3269 2390 3327 ibi
2420 3268 2718 3336 collatum,
2752 3268 2811 3324 in
2834 3266 3376 3339 rebus,territoriis,
3400 3241 3569 3322 veiin
3588 3264 3776 3322 comi-

2118 3359 2336 3419 tatibus
2368 3375 2435 3415 ac
2465 3358 2756 3428 districtu,
2786 3356 2875 3413 vel
2907 3356 3361 3429 quibuscunque
3385 3352 3768 3426 utensilibus,

2117 3465 2185 3506 ac
2235 3447 2522 3521 quidquid
2568 3450 3003 3521 Megenwercus
3051 3443 3383 3519 episcopus,
3426 3447 3773 3508 anteceseor

2116 3537 2339 3594 scilicet
2364 3536 2649 3609 praelibati
2675 3534 2945 3593 Ruodolﬁ
2976 3533 3254 3607 episcopi,
3282 3535 3359 3593 de
3382 3550 3498 3597 sua
3520 3533 3772 3601 heredi-

2116 3630 2234 3682 tate
2262 3625 2344 3682 ibi
2366 3623 2632 3691 contulit,
2654 3622 2744 3680 vel
2760 3622 2997 3680 aliunde
3014 3637 3118 3695 per
3128 3621 3651 3678 commutationem
3666 3625 3774 3685 aut

2114 3714 2437 3788 precariam
2467 3712 2733 3787 legaliter
2761 3710 3087 3784 acquisivit,
3122 3712 3315 3767 denuo
3365 3709 3562 3766 stabili
3611 3710 3769 3767 dono

2115 3804 2490 3861 concedimus
2520 3808 2579 3859 et
2607 3801 2788 3876 regali
2818 3801 3165 3859 auctoritate
3204 3798 3648 3857 conﬁrmamus.
3696 3800 3764 3858 Si

2116 3894 2249 3968 quis
2278 3897 2475 3950 autem
2506 3896 2721 3949 nostrae
2749 3889 3213 3947 conﬁrmationis
3235 3888 3490 3945 edictum
3514 3887 3768 3945 ulterius

2114 3982 2312 4056 aliqua
2342 3981 2794 4057 praesumptione
2823 3978 3139 4052 infringere
3168 3977 3498 4047 tentaverit,
3523 3982 3766 4035 centum

2112 4072 2397 4128 librarum
2417 4071 2544 4127 auri
2557 4071 2630 4127 ad
2652 4073 2916 4127 nostrum
2940 4069 3172 4141 pondus
3194 4065 3596 4140 conpositione
3615 4066 3767 4124 mul-

2112 4166 2286 4231 tetur,
2323 4164 2389 4216 ut
2417 4158 2728 4215 dimidium
2762 4174 3006 4216 camerae
3047 4160 3261 4214 nostra:
3310 4155 3627 4230 persolvat,
3678 4173 3773 4213 re-

2111 4250 2342 4323 liquum
2371 4264 2504 4304 vero
2534 4247 2721 4304 eidem
2772 4246 3041 4311 Ecclesiae
3090 4262 3269 4318 quam
3321 4245 3630 4301 temerarie
3677 4245 3775 4302 in-

2113 4339 2377 4413 quietare
2408 4336 2802 4411 praesumpsit.
2854 4338 2925 4392 Et
2971 4340 3037 4391 ut
3085 4335 3207 4392 haec
3256 4334 3621 4401 conﬁrmatio
3671 4351 3781 4408 per

2113 4427 2514 4484 successiones
2542 4431 2873 4500 temporum
2906 4424 3135 4485 stabilis
3161 4427 3219 4480 et
3248 4422 3592 4481 ineonvulsa
3638 4440 3775 4497 per-

2113 4520 2369 4583 maneat,
2402 4515 2551 4571 hanc
2581 4514 2791 4589 regalis
2821 4513 3095 4587 praecepti
3127 4512 3404 4585 paginam
3444 4511 3584 4568 inde
3631 4529 3776 4570 con-

357 4601 902 4669 tastollatur,manu
916 4600 1149 4674 propria
1162 4602 1811 4677 corroborantes,sigilli
1831 4608 2019 4663 nostri
2046 4610 2095 4676 D
2125 4605 2302 4662 scribi
2335 4622 2400 4661 ac
2432 4621 2609 4667 manu
2641 4602 2877 4677 propria
2906 4603 3323 4665 continuantes
3348 4599 3546 4675 sigillo
3571 4605 3778 4658 nostro

358 4685 749 4765 impressione
779 4708 847 4747 ea
876 4689 1095 4761 signari
1115 4690 1430 4761 jussimus.

427 4781 662 4852 Signum
688 4779 877 4836 damni
920 4781 1170 4836 Heinrici
1214 4782 1368 4836 tertii
1416 4780 1501 4852 (L.
1538 4780 1641 4849 M.)
1690 4784 1833 4853 regis
1862 4785 2009 4839 invi-

354 4871 614 4926 ctissimi.

427 4956 819 5014 Theodericus
850 4957 1232 5016 cuncellarius
1261 4959 1384 5016 vice
1416 4958 1702 5014 Bardonis
1745 4959 2005 5017 archica-

357 5044 576 5121 pellani
597 5047 942 5120 recognovit.

428 5136 574 5192 Data
593 5152 656 5191 III
681 5135 825 5192 Non.
852 5136 1035 5208 Sept.,
1060 5135 1365 5191 indictioni
1392 5151 1491 5201 vn,
1516 5151 1669 5191 anno
1689 5134 2003 5196 Dominicaa

356 5223 780 5281 Incarnationis
826 5225 1000 5293 1039;
1051 5242 1204 5279 anno
1256 5226 1450 5279 autem
1502 5224 1701 5280 domni
1750 5226 2004 5286 Heinrici

355 5314 509 5372 tertii
540 5313 927 5372 ordinationis
957 5331 1055 5379 xu,
1091 5312 1253 5385 regni
1286 5329 1417 5367 vero
1450 5330 1486 5367 ι.

423 5405 633 5469 Actum
659 5402 899 5463 Goslare
929 5401 1191 5460 feliciter.
1221 5402 1427 5458 Amen.

2112 4693 2409 4767 jussimus
2438 4691 2728 4766 insigniri.

2185 4785 2417 4854 Signum
2446 4781 2634 4838 damni
2662 4781 2911 4838 Heinrici
2948 4780 3100 4837 tertii
3144 4778 3229 4851 (L.
3279 4777 3383 4851 M.)
3432 4778 3577 4850 regis
3624 4778 3774 4835 invi-

2114 4873 2364 4928 ctissimi-

2186 4959 2581 5021 Theodericus
2636 4956 3020 5016 cancellarius
3065 4956 3192 5013 vice
3237 4954 3522 5021 Pardonis
3572 4954 3769 5019 archi-

2114 5049 2441 5109 cancellarii
2472 5047 2822 5123 recognovit.

2184 5140 2331 5199 Data
2347 5154 2452 5197 xm
2474 5137 2598 5197 Kal.
2624 5138 2773 5209 Oct.,
2795 5136 3000 5197 indict.
3024 5150 3143 5206 vni,
3168 5150 3321 5195 anno
3338 5132 3651 5201 Dominicge
3674 5133 3768 5190 In-

2112 5227 2469 5287 carnationis
2500 5227 2658 5297 1039;
2696 5243 2848 5283 anno
2878 5229 3077 5282 autem
3101 5223 3301 5291 domni
3323 5221 3579 5291 Heinrici
3604 5223 3767 5291 tertii

2109 5336 2209 5386 xu,
2241 5317 2405 5391 regni
2436 5336 2473 5374 1.

2177 5409 2389 5465 Actum
2419 5404 2739 5469 Bothtfelht
2767 5404 3030 5469 feliciter.
3056 5405 3269 5469 Amen.
