3976 6360
293 372 444 434 1091

1654 373 1971 439 MONUM.
2016 370 2344 439 DlPLOM.

3545 344 3719 432 409':
3749 313 3762 326 ”

293 503 816 578 Werzeburgensis
831 504 1114 578 episcopi,
1147 522 1253 562 nec
1285 524 1398 564 non
1435 509 1670 564 Kadeloi
1695 509 1947 582 episcopi
1977 508 2034 576 Α
2063 508 2323 579 genitore
2355 508 2552 560 nostro
2583 499 2698 574 ipsi
2728 499 2836 556 fuit
2877 500 3215 556 restitutum
3247 516 3283 556 a
3312 499 3526 557 comite
3573 482 3731 560 Hor;

292 600 466 668 atque
488 593 816 650 cancellarii
843 595 1046 662 nostri,
1071 596 1314 651 consilio
1354 596 1739 654 saluberrimo
1771 600 1944 652 inter-

289 684 578 747 veniente,
634 687 843 738 nostrac
895 682 1108 753 regalis
1164 685 1526 742 auctoritatis
1570 691 1944 758 praeceptum,

292 774 450 844 quod
474 771 806 828 inviolabile
832 771 1249 843 perpetualiter
1279 778 1566 843 teneatur,
1600 776 1719 830 fieri
1745 793 1948 848 praece-

292 861 508 934 pimus.
544 861 621 915 Ea
644 858 911 914 videlicet
931 860 1156 916 ratione
1188 865 1252 916 ut
1301 865 1420 916 tam
1463 879 1718 935 przesens
1763 865 1945 920 abbas

292 967 468 1022 quam
494 949 673 1004 futuri
716 947 939 1003 nullam
979 954 1324 1021 potestatem
1366 951 1643 1025 deinceps
1693 945 1947 1008 habeant

291 1040 362 1094 de
393 1039 568 1094 rebus
600 1038 670 1092 ad
705 1037 1041 1109 praedictam
1071 1039 1363 1094 abbatiam
1407 1041 1833 1112 pertinentibus
1859 1042 1944 1098 di-

289 1128 686 1196 minuere,nec
711 1127 770 1181 in
806 1127 1152 1183 beneficium
1187 1129 1509 1195 dando,nec
1539 1131 1944 1188 commutatio-

294 1234 398 1272 nes
429 1232 530 1272 seu
555 1216 848 1287 precarias
879 1219 1054 1288 atque
1075 1215 1393 1272 libellarias
1424 1218 1850 1291 faciendo,sine
1880 1220 1945 1274 1i-

291 1305 480 1362 centia
525 1304 782 1376 praedicti
831 1303 1081 1359 Ilubaldi
1128 1305 1385 1379 episcopi
1417 1313 1474 1362 et
1531 1325 1940 1364 successorum

289 1394 418 1465 ejus
465 1393 565 1464 qui
619 1409 720 1464 pro
751 1397 1009 1465 tempore
1038 1393 1272 1448 fuerint.
1305 1394 1361 1448 Si
1408 1395 1541 1466 quis
1583 1413 1716 1452 vero
1759 1397 1940 1453 abbas

290 1486 491 1537 contra
521 1481 672 1536 hanc
706 1487 963 1536 nostram
1016 1481 1418 1538 auctoritatem
1455 1484 1670 1552 fecerit,
1691 1485 1854 1542 irrita
1884 1492 1942 1541 et

290 1587 472 1626 vacua
501 1575 558 1625 et
588 1569 712 1624 sine
746 1571 948 1625 robore
984 1576 1384 1642 permaneant,
1409 1577 1466 1627 et
1494 1573 1676 1630 abbas
1705 1575 1938 1646 proprio

290 1659 506 1714 honore
533 1662 590 1714 et
613 1658 896 1731 dignitate
924 1658 1265 1730 privetur,et
1297 1659 1376 1714 illi
1400 1661 1500 1732 qui
1531 1660 1938 1718 investituram

293 1751 393 1802 aut
422 1745 654 1820 aliquod
679 1747 960 1818 scripturn
977 1747 1272 1820 suscipere
1287 1751 1940 1822 praesumpserit,sciant

293 1851 354 1889 se
384 1833 814 1905 composituros
846 1835 971 1888 auri
1003 1835 1208 1907 Optimi
1240 1835 1422 1892 libras
1453 1843 1708 1904 centum,
1730 1840 1940 1894 medie-

293 1927 473 1978 tatem
506 1927 1009 1990 camerzenostrae,
1042 1929 1099 1978 et
1142 1924 1515 1980 medietatem
1548 1927 1812 1993 abbatim,
1847 1929 1940 1984 cui

293 2011 578 2067 damnum
610 2010 820 2067 inferre
849 2012 1176 2069 tentaverit.
1201 2015 1364 2080 Quod
1406 2020 1470 2069 ut
1516 2016 1709 2071 verius
1748 2019 1942 2074 creda-

293 2106 408 2165 tur,
441 2105 551 2156 etc.

363 2189 592 2260 Signum
621 2189 807 2244 domm’
835 2191 1080 2244 Heinrici
1106 2190 1498 2260 gloriosissimi
1523 2195 1572 2246 et
1593 2194 1942 2249 invictissimi

291 2279 454 2348 regis.

365 2364 646 2422 Kadeolus
679 2366 988 2438 episcopus
1019 2370 1078 2421 et
1126 2367 1528 2436 cancellarius,
1575 2370 1696 2426 vice
1739 2370 1938 2426 domni

293 2453 628 2510 Herimanni
660 2452 1081 2525 archiepiscopi
1129 2462 1182 2508 et
1222 2455 1716 2514 archicancellarii
1749 2475 1941 2532 recog-

293 2559 442 2599 ῐιονι.

361 2633 570 2688 Datum
620 2649 710 2686 xv:
761 2629 1046 2686 Kalendas
1104 2631 1421 2700 Februarii,
1471 2635 1785 2694 indictione
1837 2654 1935 2703 vn,

292 2738 443 2776 anno
481 2723 632 2787 1040,
666 2736 819 2774 anno
850 2736 982 2774 vero
1004 2719 1203 2774 domni
1235 2721 1506 2779 Heinrici.
1545 2768 1557 2778 .
1595 2767 1608 2779 .
1645 2767 1656 2780 .

359 2812 566 2866 Actum
597 2810 871 2880 Augustae
904 2806 1164 2863 feliciter.
1197 2811 1403 2865 Amen.

1091 2923 1154 2977 κ’.

289 3015 540 3089 Diploma
576 3012 829 3066 Heinrici
857 3011 930 3065 111
961 3013 1104 3089 regis
1151 3013 1511 3070 Romanorum
1559 3021 1801 3089 Poppom'
1841 3019 1934 3074 ab-

361 3084 476 3160 bati
512 3098 845 3160 concessum.
881 3084 1172 3160 ——-‘0mn_cs
1220 3089 1538 3142 mmiasterii
1581 3084 1937 3160 possessiones

355 3165 408 3211 et
439 3155 814 3210 immunitates
837 3153 1140 3223 conﬁrmat.

909 3244 1092 3313 (Anno
1121 3245 1302 3316 1040.)

566 3330 883 3398 (Maerens,
915 3333 1090 3403 Ampi.
1127 3332 1365 3402 ϐοηθοίη
1411 3335 1506 3402 IIl,
1543 3339 1656 3409 50.]

362 3431 422 3484 In
459 3429 694 3484 nomine
725 3433 938 3485 sanctas
960 3436 1017 3486 et
1039 3431 1349 3486 individua:
1373 3434 1678 3490 Trinitatis
1705 3436 1936 3492 Hamm-

287 3534 414 3586 cus,
447 3517 644 3574 divina
673 3518 895 3575 favente
922 3519 1251 3588 clementia,
1287 3537 1408 3577 rex.

359 3605 700 3664 Sublimitas
751 3607 964 3680 regalis
1012 3609 1334 3681 prudentiae
1391 3610 1508 3666 Deo
1557 3613 1934 3670 servientium

286 3694 413 3766 paci
445 3711 511 3749 ac
546 3695 726 3766 quieti
773 3696 1130 3755 omnimodis
1173 3697 1345 3752 debet
1382 3699 1729 3771 prospicere.
1773 3702 1936 3760 Unde

287 3783 603 3856 comperiat
632 3785 900 3840 omnium
952 3784 1216 3840 fidelium
1271 3791 1607 3844 nostrorum
1638 3794 1759 3846 tam
1791 3809 1935 3863 prae-

285 3874 540 3930 sentium
575 3892 752 3946 quam
794 3875 1128 3930 futurorum
1159 3875 1468 3942 industria,
1503 3881 1657 3948 quod
1702 3898 1934 3938 monas-

283 3963 412 4017 terii
444 3963 708 4020 Stabulai
759 3963 870 4018 sub
905 3966 1105 4018 nostra
1135 3962 1353 4019 ditione
1397 3963 1494 4019 siti
1527 3966 1603 4036 (7)
1637 3985 1937 4026 consecra-

283 4051 426 4106 tioni
455 4056 792 4124 praesentes,
814 4051 872 4105 id
900 4055 989 4105 est
1019 4051 1315 4107 obtinente
1346 4054 1501 4125 apud
1535 4061 1796 4114 nostram
1831 4060 1936 4116 cel-

282 4139 600 4195 situdinem
629 4137 860 4195 abbatis
891 4138 1156 4208 ejusdem
1206 4137 1337 4206 loci,
1372 4140 1593 4198 scilicet
1645 4145 1935 4220 Popponis

283 4229 862 4299 reverentia,petente
896 4227 1098 4281 eodem
1123 4228 1352 4297 abbate,
1369 4231 1542 4300 juxta
1562 4235 1932 4309 antiquorum

283 4333 487 4389 regum
531 4313 830 4387 Sigiberti,
877 4313 1210 4384 Childeriei,
1267 4316 1553 4388 Clodovei,
1604 4327 1932 4398 Dagoberti,

281 4406 380 4476 qui
413 4407 850 4460 constructores
884 4402 1041 4458 fuere
1093 4405 1314 4476 praafati
1347 4406 1706 4476 loci,necnon
1737 4419 1794 4470 et
1823 4415 1932 4471 im-

282 4497 618 4564 peratorum
641 4489 848 4556 Caroli,
883 4490 1183 4559 Ludovici,
1217 4493 1491 4552 Ottonum
1538 4499 1740 4566 trium,
1769 4503 1938 4559 Hein-

2057 613 2272 651 manno
2303 611 2373 650 ex
2403 592 2630 648 haerede
2680 593 2909 645 mortuo
2957 606 3060 661 per
3097 588 3398 661 aliquanta
3443 593 3716 662 tempora

2053 683 2273 756 injuste
2301 685 2624 747 detentum,
2659 678 2912 736 Scaletin
2943 677 3214 734 videlicet
3241 682 3299 734 et
3327 677 3543 734 Palisol
3574 695 3713 734 cum

2053 774 2333 829 omnibus
2363 769 2716 844 appenditiis
2761 768 2904 836 suis,
2957 773 3014 824 et
3056 767 3343 840 quidquid
3395 768 3466 824 ad
3509 766 3712 840 ipsum

2053 861 2248 918 locum
2281 861 2672 929 emit,sextam
2703 857 2925 914 scilicet
2951 857 3022 912 de
3051 856 3334 912 Amblava
3363 860 3423 912 et
3460 855 3714 912 Tumbis

2053 967 2088 1006 a
2118 949 2326 1005 comite
2357 948 2670 1005 Godefrido
2719 948 2790 1002 de
2839 944 3091 1018 Zingeis,
3121 944 3212 1000 vel
3264 945 3423 1018 quod
3452 945 3525 1001 de
3554 945 3710 1018 bono

2052 1038 2306 1095 ecclesia:
2332 1037 2742 1093 concambium
2773 1033 3250 1106 Wendengias,et
3269 1034 3709 1090 Corworonnon

2051 1127 2280 1182 abbatis
2310 1127 2505 1182 Sancti
2539 1123 2841 1180 Maximini
2874 1123 3009 1177 data
3037 1121 3173 1177 villa
3201 1121 3705 1180 Astebronnaloco

2051 1215 2377 1272 concambii
2409 1215 2535 1270 sine
2566 1213 2765 1285 aliqua
2793 1212 3116 1267 infractura
3145 1215 3381 1268 maneat
3407 1210 3708 1267 inconvul-

2051 1304 2503 1372 sum.Quoniam
2532 1320 2666 1360 vero
2697 1302 3152 1374 praedecessores
3187 1301 3372 1357 nostri
3419 1317 3586 1374 reges
3612 1299 3705 1356 vel

2051 1394 2434 1466 imperatores
2492 1411 2610 1448 suae
2671 1389 3035 1446 auctoritatis
3092 1389 3368 1446 ﬁrmitate
3416 1389 3530 1462 ipsi
3574 1389 3703 1446 loco

2049 1483 2436 1548 sancivere,ut
2457 1481 2770 1536 advocatus
2781 1479 3042 1549 ejusdem
3083 1477 3340 1534 ecclesias
3360 1477 3419 1532 in
3441 1477 3705 1532 cortibus

2049 1572 2120 1626 ad
2155 1571 2350 1627 locum
2395 1569 2846 1642 respicientibus
2895 1583 3010 1622 non
3046 1570 3364 1638 praesumat
3393 1583 3706 1623 mansuras

2049 1665 2150 1714 aut
2179 1664 2488 1732 paraturas
2547 1660 2734 1714 facere
2785 1656 3184 1722 redibitiones,
3241 1655 3402 1712 freda
3453 1656 3703 1730 exigere,

2049 1755 2149 1804 aut
2179 1749 2458 1821 placitum
2483 1751 2806 1814 tenero,a'1t
2829 1745 3166 1820 parafredos
3187 1745 3300 1801 sibi
3323 1762 3557 1803 sumere
3577 1746 3705 1802 sine

2048 1839 2339 1910 permissu
2372 1838 2600 1894 abbatis
2638 1842 2695 1894 et
2734 1835 3034 1892 voluntate
3081 1836 3304 1902 eadem,
3355 1839 3413 1891 et
3441 1851 3550 1891 nos
3590 1833 3704 1908 ipsi

2049 1926 2244 1982 abbati
2305 1927 2590 1982 firmando
2647 1925 3114 1990 corroboramus,
3175 1923 3474 1996 bannique
3517 1923 3706 1980 nostri

2051 2015 2427 2087 impositione
2484 2032 2556 2070 ne
2611 2015 2886 2086 deinceps
2943 2014 3259 2086 quisquam
3315 2013 3436 2068 haec
3495 2013 3707 2070 audeat

2049 2103 2365 2175 infringere
2394 2103 2750 2176 vigoramus,
2777 2107 2833 2158 et
2880 2101 3169 2173 quidquid
3203 2117 3344 2157 sane
3393 2099 3704 2172 acquisivit

2049 2197 2150 2246 aut
2180 2192 2534 2265 acquisitum
2550 2191 2764 2264 reperit
2785 2189 2842 2244 in
2868 2189 3230 2261 quibuslibet
3242 2190 3417 2246 rebus
3437 2187 3700 2246 ecclesia

2049 2281 2357 2337 roboratur
2381 2285 2591 2336 nostra:
2621 2279 2984 2336 auctoritatis
3016 2282 3142 2334 rata
3161 2278 3566 2352 praeceptione,
3598 2277 3704 2334 ba-

2049 2369 2192 2426 bens
2215 2369 2597 2426 emunitatem
2613 2369 2684 2424 ab
2709 2367 2866 2424 omni
2883 2368 3292 2424 advocatorum
3310 2366 3701 2424 infestatione.

2050 2458 2115 2512 Et
2147 2457 2426 2530 quoniam
2461 2456 2766 2514 monachis
2799 2455 3038 2511 alterius
3071 2455 3407 2518 ccenobii,id
3447 2457 3536 2512 est
3567 2453 3706 2512 Mal-

2049 2547 2598 2618 mundarii,sancita
2625 2544 2998 2618 antiquorum
3030 2561 3236 2617 regum
3259 2543 3346 2600 vel
3386 2543 3702 2617 imperato-

2049 2652 2177 2691 rum
2212 2653 2326 2692 non
2360 2634 2734 2702 suffecerunt,
2760 2639 2816 2689 et
2848 2633 2958 2689 sub
3003 2633 3236 2689 duobus
3267 2632 3580 2689 abbatibus
3609 2649 3704 2689 re-

2049 2725 2312 2781 scindere
2350 2725 2552 2780 eadem
2603 2723 2960 2779 monasteria
3007 2721 3441 2795 laboraverunt,
3482 2723 3638 2794 quod
3668 2739 3704 2778 a

2048 2815 2409 2886 temporibus
2440 2812 2627 2869 sancti
2661 2811 2924 2886 Remagii
2955 2811 3148 2868 adhuc
3169 2815 3368 2867 manet
3395 2809 3698 2867 inconvul-

2047 2919 2179 2958 sum
2211 2907 2446 2974 pr0pter
2476 2901 2961 2974 haec,inquam,ut
2991 2917 3064 2956 ne
3094 2917 3212 2972 qua
3238 2899 3514 2971 deinceps
3544 2898 3698 2955 inter

2045 3009 2143 3047 eos
2203 2989 2596 3046 controversia
2646 2990 2767 3057 fiat,
2802 2990 2957 3062 quod
3018 2989 3278 3045 evenisse
3335 2988 3701 3061 temporibus

2045 3081 2244 3136 domui
2278 3079 2650 3152 imperatoris
2681 3079 2910 3135 Ottonis
2941 3078 3182 3134 secundi
3213 3081 3462 3146 constat,
3483 3077 3700 3134 statui-

2047 3185 2180 3224 mus
2207 3168 2532 3224 secundum
2565 3167 3040 3223 mansuetudinis
3071 3169 3282 3222 nostra:
3313 3165 3596 3233 edictum,
3631 3171 3702 3222 ut

1965 3243 2008 3310 C
2049 3258 2222 3313 unius
2281 3257 2508 3314 abbatis
2565 3255 2836 3330 regimini
2887 3255 3040 3312 sicut
3096 3254 3320 3328 jugiter
3376 3255 3702 3328 permansit

2044 3351 2360 3418 utrumque
2391 3346 2719 3418 subjectum
2750 3344 3100 3400 coenobium.
3135 3345 3206 3400 Et
3236 3347 3302 3399 ut
3332 3343 3454 3399 haec
3484 3347 3704 3400 nostras

2043 3434 2440 3491 concessionis
2468 3450 2535 3490 ac
2565 3433 3028 3490 confirmationis
3058 3432 3130 3488 de
3157 3432 3434 3489 omnibus
3463 3431 3701 3528 hisple-

2045 3523 2175 3579 nior
2203 3523 2490 3580 habeatur
2509 3523 2850 3591 auctoritas,
2883 3539 3060 3578 manu
3094 3521 3332 3596 propria
3351 3521 3462 3578 hoc
3493 3521 3704 3595 prisce-

2044 3615 2210 3684 ptum
2239 3613 2442 3668 subter
2467 3612 2853 3679 firmavimus,
2876 3611 3172 3685 sigillique
3217 3611 3410 3672 nostri.
3452 3611 3698 3685 impres-

2045 3700 2206 3757 sione
2236 3701 2503 3775 insigniri
2526 3702 2843 3772 jussimus.

2116 3791 2346 3862 Signum
2372 3791 2561 3846 damni
2591 3793 2837 3847 Heinrici
2865 3793 3011 3862 regis
3043 3792 3410 3847 invictissimi.

2116 3879 2510 3936 Theodericus
2540 3879 2924 3936 cancellarius
2963 3880 3086 3936 vice
3117 3879 3400 3936 Bardonis
3431 3879 3699 3937 archica-

2045 3968 2258 4042 pellani
2294 3969 2620 4043 recognovi.

2115 4058 2261 4114 Data
2284 4058 2429 4114 Non.
2461 4057 2641 4126 Junii,
2675 4058 2992 4114 indictione
3041 4075 3164 4125 VIII,
3195 4074 3350 4115 anno
3379 4058 3697 4118 Dominica

2044 4146 2470 4202 Incarnationis
2515 4146 2824 4204 millesimo
2875 4147 3352 4221 quadragesimo,
3400 4165 3552 4204 anno
3600 4165 3702 4205 au-

2042 4241 2160 4292 tem
2217 4233 2419 4291 domni
2478 4235 2728 4292 Heinrici
2786 4237 2937 4308 regis
2994 4237 3067 4292 Ill
3127 4235 3515 4293 ordinationis
3571 4254 3694 4308 xm,

2044 4325 2206 4397 regni
2239 4341 2296 4379 ιι.

2116 4415 2326 4468 Actum
2349 4411 2606 4468 Stabulai
2641 4413 2898 4470 feliciter.
2931 4416 3136 4470 Amen.

2815 4520 2907 4576 VI.

282 4580 515 4685 νιίξιβξθά
550 4585 605 4635 et
637 4597 1029 4685 ﬁer‘fnlssm“?
1060 4583 1356 4685 Γηθωξξνίῖθ
1383 4585 1715 4685 (Πλυοξπθζξί
1746 4591 1932 4685 ίῐηρθτ
1962 4610 2013 4680 D
2044 4609 2407 4678 Privilegium
2446 4625 2542 4679 pro
2577 4608 2996 4685 parthenpncrs.
3030 4612 3218 4667 Maria:
3249 4609 3694 4685 Mimigardefor-

280 4667 490 4724 ratoris
517 4668 801 4740 genitoris
833 4669 1017 4724 nostri
1065 4670 1308 4737 sancita,
1343 4677 1799 4747 appendentium
1843 4681 1932 4736 vel

278 4756 625 4813 traditarum
664 4775 857 4813 rerum
905 4757 988 4812 illi
1044 4757 1299 4816 ecclesiae
1355 4780 1389 4817 a
1441 4769 1701 4838 tempore
1747 4775 1936 4856 sancti

280 4845 540 4918 Remain
575 4864 676 4918 per
707 4847 1080 4903 succedentia
1111 4856 1370 4922 tempora
1394 4858 1580 4908 ratam
1603 4845 1938 4928 praeceptio:

280 4950 414 4988 nem
447 4934 816 4990 firmavimus
845 4936 1022 5007 regali
1055 4941 1396 4996 auctoritate
1427 4947 1650 4997 nostra.
1687 4944 1783 4998 Est
1826 4944 1934 5018 igi-

279 5027 376 5079 tur
406 5026 604 5078 nostra
633 5022 970 5094 dignatione
996 5028 1383 5096 sancitum,ut
1405 5029 1690 5100 quidquid
1715 5035 1934 5103 pra-de-

279 5127 578 5166 cessorum
606 5128 846 5169 suorum
879 5117 1342 5188 temporibusilli
1376 5117 1501 5172 loco
1518 5118 1628 5172 fuit
1651 5121 1930 5179 traditum

279 5203 381 5253 aut
409 5201 826 5270 condonatum,
859 5205 958 5258 sed
1000 5206 1154 5276 quod
1171 5205 1360 5259 eidem
1384 5205 1582 5260 abbati
1619 5209 1934 5281 imperator

277 5287 581 5345 Heinricus
628 5291 700 5346 ob
742 5309 861 5349 suae
891 5293 1098 5348 animm
1151 5292 1477 5348 mercedem
1526 5295 1596 5351 de
1639 5298 1931 5358 Hasbanio

278 5377 530 5433 reddidit
578 5379 960 5448 beneficium,
989 5381 1109 5436 sive
1158 5379 1313 5452 quod
1367 5398 1401 5435 a
1445 5381 1588 5439 divae
1637 5391 1929 5446 memoriae

349 5503 424 5584 (7)
457 5503 605 5584 Hinc
653 5509 825 5584 patet.
869 5502 1366 5584 consecrationem
1423 5509 1787 5584 stabulensis
1843 5534 1931 5572 ec-

281 5571 467 5658 clesia:
500 5571 941 5658 factain‘fuisse.
981 5576 1324 5656 anno.'l()’i0,
1383 5581 1493 5658 sub
1658 5571 1929 5658 Poprpoine

281 5644 510 5715 abbate,
563 5646 663 5720 qui
713 5645 1086 5719 disciplinam
1133 5645 1194 5704 in
1245 5653 1598 5710 monasterio
1648 5644 1926 5734 restituit,

2781 4681 2953 4738 densi.

2669 4772 2856 4842 (Anno
2891 4771 3072 4842 1040.)

2239 4857 2518 4929 [ERHARD,
2552 4858 2676 4914 Cod.
2709 4859 2936 4932 diplom.
2968 4859 3222 4932 ll’estph.,
3255 4877 3313 4933 p.
3348 4860 3495 4932 107.]

2116 4945 2178 5000 C.
2213 4946 2273 5001 In
2331 4946 2565 5002 nomine
2624 4951 2835 5003 sanctae
2889 4953 2946 5004 et
3002 4947 3316 5006 individuis
3367 4947 3694 5022 Trinitatis,

2047 5033 2586 5103 Hemmces,divina
2611 5037 2837 5093 favente
2866 5037 3197 5108 clementia,
3224 5053 3344 5094 rex.

2115 5123 2388 5179 Omnium
2450 5125 2711 5180 fidelium
2761 5130 3096 5182 nostrorum
3144 5129 3267 5182 tam
3316 5127 3694 5199 praesentium

2044 5228 2218 5282 quam
2251 5216 2307 5266 et
2326 5213 2652 5268 futurorum
2676 5213 2859 5270 solers
2883 5215 3104 5271 noverit
3123 5214 3700 5290 industria,qualiter

2041 5317 2148 5356 nos
2181 5300 2374 5356 divina
2405 5303 2799 5360 admonitione
2830 5305 3300 5377 compuncti,nec
3330 5321 3446 5360 non
3476 5303 3696 5362 ﬁdelis-

2042 5391 2190 5445 simo
2221 5407 2286 5446 ac
2319 5391 2791 5464 frequentissimo
2835 5393 3068 5450 servitio
3096 5393 3448 5450 Heremanni
3499 5391 3695 5450 Mimi-

2040 5516 2280 5590 iedificia
2319 5517 2498 5573 etiam
2546 5517 2804 5590 collapsa
2843 5523 3017 5590 atque
3044 5519 3188 5575 adeo
3221 5517 3528 5590 ecclesiam
3579 5535 3696 5576 res-

2039 5587 2310 5654 tauravit,
2336 5591 2491 5660 quod
2521 5587 2777 5661 amplius
2869 5587 2986 5646 atet
3035 5607 3104 5646 ex
3143 5589 3474 5648 narratione
3505 5589 3694 5665 ipsius

2039 5658 2418 5719 dedicationis
2447 5660 2767 5719 (Mauram.
2799 5607 2977 5719 (θηρὶ.
3015 5661 3256 5719 σοιιεει..
3289 5666 3362 5719 II.
3389 5661 3501 5719 60).

2039 5659 2418 5719 dedicationis
2447 5659 2767 5736 (Maternae,
2799 5659 2977 5741 :impl.
3015 5661 3256 5742 (Ιοιιθσι.³
3289 5666 3362 5734 II,
3389 5661 3501 5740 60).
