3976 6388
416 381 574 454 {098

1783 376 2096 452 NONUM.
2126 376 2480 450 .DIPLOM;

3670 377 3854 445 res"

417 520 862 591 fluminisjuxta
875 517 1031 574 Mind
1043 535 1140 576 um
1157 509 1555 592 posita,etsub
1570 525 1854 594 potestate
1873 519 2060 577 sancti
2091 521 2146 588 Α
2176 537 2315 592 pum
2345 520 2550 576 adesse
2579 515 2800 588 aliquid
2831 515 3131 590 impediat,
3163 517 3374 592 fragres
3401 509 3603 573 tamen
3624 513 3830 570 ibim-.-

417 609 570 666 Petri
601 607 846 681 apostoli
879 608 1216 676 constituta,
1245 609 1303 664 in
1335 609 1554 664 honore
1586 611 1771 666 sancti
1803 609 2067 666 Mauricii

415 697 692 772 martyris
721 698 1130 770 sociorumque
1161 699 1289 768 ejus
1319 704 1378 753 et
1407 695 1658 754 aliorum
1704 703 2062 766 sanctorum,

415 792 474 842 et
501 803 604 860 pro
617 787 798 843 nostri
823 785 1006 860 patris
1023 787 1360 842 Chuonradi.
1373 787 1743 860 imperatoris
1759 787 2064 854 memoria,

416 875 516 948 qui
546 876 818 931 eumdem
852 874 1172 947 pontiﬁcali
1205 876 1491 948 dignitate
1513 875 1941 943 sublimavit,et
1963 891 2065 947 pro

416 968 617 1020 nostra
646 964 929 1036 sospitate
973 968 1030 1020 et
1075 963 1239 1036 regni
1287 964 1469 1020 nostri
1512 963 1850 1032 stabilitate,
1881 968 1938 1018 et
1962 979 2064 1035 pro

413 1069 476 1108 se
487 1053 730 1124 suisque
743 1053 1212 1108 antecessoribus
1225 1051 1343 1108 sive
1363 1054 1802 1109 successoribus
1825 1051 2066 1124 suisque

413 1141 591 1196 etiam
621 1141 983 1213 parentibus,
1009 1159 1043 1196 a
1063 1142 1232 1197 nobis
1262 1141 1560 1198 licentiam
1591 1145 1928 1198 construere
1959 1142 2064 1196 im-

413 1230 680 1302 petravit,
715 1247 830 1302 quo
851 1229 904 1285 in
926 1230 1050 1288 loco
1063 1231 1239 1285 vitam
1255 1230 1672 1286 monachorum
1688 1229 2062 1298 constituere,

411 1318 750 1390 eisdemque
781 1319 1051 1374 abbatem
1080 1335 1145 1374 se
1176 1317 1416 1374 licenter
1446 1319 1718 1374 ordinare
1742 1335 1846 1374 nos
1867 1322 2064 1390 postu-

410 1406 565 1462 lavit.
598 1407 668 1462 Et
699 1407 837 1478 quia
869 1405 1052 1462 ullam
1090 1405 1150 1462 in
1195 1406 1305 1463 hac
1351 1424 1413 1463 re
1463 1410 1776 1464 novitatem
1810 1407 2063 1479 incipere

409 1495 496 1551 vel
526 1511 632 1552 nos
661 1494 883 1567 aliquid
907 1495 1112 1551 exinde
1134 1496 1427 1568 postulare
1453 1501 1624 1552 antea
1645 1513 1756 1551 non
1781 1512 2061 1569 praesum-

409 1585 544 1656 psit,
578 1601 756 1656 quam
790 1584 1164 1640 monasteriis
1214 1585 1339 1640 suis
1383 1601 1511 1658 quae
1561 1585 1785 1640 invenit
1823 1584 2060 1656 aliquod

407 1673 881 1746 supplementum
907 1673 1298 1740 adderet,locu
1309 1690 1484 1746 mque
1504 1674 1659 1729 hunc
1676 1675 1786 1730 sub
1800 1679 2059 1729 nostram

406 1762 807 1818 defensionem
841 1761 1139 1834 suscipere
1160 1778 1268 1818 nos
1290 1763 1532 1836 rogavit.
1563 1763 1744 1834 Cujus
1795 1763 2059 1836 petitioni

2175 609 2309 665 dem
2339 607 2640 664 cbaritatis
2672 605 2973 662 vocatione
3001 605 3370 676 conveniant,
3410 601 3482 661 ut
3521 619 3626 678 per
3675 603 3828 660 hanc

2177 697 2546 753 concordiam
2579 699 2638 751 et
2663 695 3036 751 dilectionem
3053 695 3114 751 in
3131 688 3234 752 Dei
3249 693 3488 752 servitio
3504 693 3833 751 devotion:

2175 786 2596 842 coadunentur.
2629 787 2818 856 Atque
2846 788 2913 839 ut
2951 785 3154 840 eadem
3201 783 3448 841 ecclesia
3491 794 3631 840 eum
3659 782 3835 840 bonis

2175 875 2298 931 suis
2329 889 2487 930 nunc
2517 875 2589 930 ab
2616 873 2743 946 ipso
2773 873 2825 928 ei
2857 872 3084 930 collatis
3113 868 3201 929 vel
3233 873 3612 947 postmodum
3633 869 3830 928 conio.

2174 963 2371 1019 rendis
2402 963 2476 1018 ab
2504 963 2633 1034 ejus
2663 963 3105 1018 successoribus
3132 961 3220 1018 vel
3251 961 3326 1017 ab
3357 961 3488 1017 aliis
3517 960 3710 1034 magis
3731 973 3826 1016 se;

2173 1069 2314 1107 cura
2341 1050 2704 1118 consisteret,
2736 1049 2798 1105 in
2830 1050 3318 1107 mundiburd‘ium
3349 1049 3547 1108 Sancti
3589 1046 3741 1106 Petri
3764 1052 3830 1104 et

2172 1141 2479 1196 tuitionem
2512 1145 2772 1195 nostram
2805 1142 2862 1194 et
2891 1139 3000 1195 sub
3031 1143 3376 1211 potestatem
3407 1137 3670 1211 episeOpi
3707 1137 3822 1194 loci

2171 1229 2330 1285 illius
2359 1227 2909 1284 collocavit.Idcirco
2931 1233 3137 1283 notum
3167 1227 3246 1283 sit
3273 1225 3826 1300 omnibusquaiiter

2169 1318 2227 1374 id
2259 1317 2454 1390 ipsum
2485 1315 2910 1373 monasterium
2931 1317 3320 1388 ejusdemque
3337 1315 3609 1373 abbatem
3631 1320 3692 1372 et
3712 1315 3826 1372 ua.-

2168 1411 2288 1463 tres
2319 1407 2461 1461 inibi
2495 1409 2798 1462 manentes
2848 1405 2959 1461 sub
3008 1409 3209 1461 nostra
3235 1404 3420 1479 regali
3465 1405 3593 1462 sine
3641 1405 3826 1477 impeo

2171 1496 2298 1552 riali
2337 1510 2864 1566 successorumque
2913 1497 3246 1550 nostrorum
3293 1493 3540 1550 tuitione
3589 1493 3826 1550 defendi

2167 1584 2460 1651 volumus,
2503 1583 2588 1638 sic
2626 1581 2848 1638 scilicet
2891 1587 2956 1638 ut
3003 1583 3206 1638 nullus
3247 1583 3512 1654 ejusdem
3564 1581 3830 1654 episcepi

2171 1689 2474 1730 successor
2502 1675 2848 1745 potestatem
2878 1672 3089 1728 habeat
3134 1671 3290 1727 bona
3326 1671 3591 1742 ejusdem
3613 1669 3828 1726 mena-4

2171 1763 2329 1819 sterii
2362 1761 2560 1833 aliquo
2591 1760 2763 1817 modo
2795 1761 3096 1816 destruere
3111 1763 3214 1816 aut
3235 1757 3517 1816 minuere.
3551 1761 3742 1826 Quare
3771 1758 3824 1814 si

407 1853 547 1922 quia
568 1853 733 1922 justa
763 1868 829 1906 ac
855 1851 1125 1923 religiosa
1147 1851 1732 1924 fuerat,nequaquam
1760 1852 2058 1918 contrarii,
2091 1885 2137 1950 Β
2167 1852 2254 1908 vel
2283 1851 2379 1907 ille
2407 1849 2494 1906 vel
2526 1849 2675 1904 alius
2705 1844 2921 1922 aliquis
2958 1847 3138 1950 hujus
3151 1849 3501 1948 destructor
3527 1853 3588 1904 et
3611 1858 3826 1948 mone-6

411 1941 484 1995 ob
525 1939 916 1994 interventum
973 1939 1236 1995 videlicet
1284 1939 1666 1996 familiarium
1723 1945 2058 1996 nostrorum

406 2027 746 2083 Herimanni
795 2026 1158 2082 Coloniensis
1215 2027 1637 2100 archiepiscopi
1685 2032 1742 2084 et
1789 2027 2058 2084 Hunfridi

410 2115 934 2189 Magdeburgensis
965 2115 1244 2188 episcOpi,
1276 2116 1452 2172 simul
1507 2118 1684 2173 etiam
1733 2133 1870 2172 cum
1919 2133 2056 2172 con-

409 2221 584 2261 sensu
619 2209 960 2260 creterorum
993 2208 1328 2260 nostrorum
1349 2204 1610 2261 fidelium
1633 2206 1732 2278 qui
1752 2210 1895 2261 tunc
1914 2209 2058 2261 tem-

407 2293 565 2366 poris
597 2286 912 2365 praesentes
943 2294 1272 2362 adfuerunt,
1299 2295 1602 2366 praefatum
1635 2295 2054 2350 monasterium

406 2386 742 2438 construere
769 2387 826 2438 et
856 2382 1239 2438 monasticam
1271 2383 1448 2438 vitam
1481 2383 1868 2455 abbatemque
1909 2383 2054 2439 inibi

405 2471 760 2528 constituam
793 2469 878 2526 illi
912 2471 1480 2544 permisimus,Quod
1511 2487 1648 2528 cum
1688 2471 1896 2528 merito
1926 2472 2055 2543 ejus

408 2560 698 2616 desiderio
730 2559 1226 2633 permitteremus,
1283 2577 1350 2616 eo
1400 2565 1594 2616 tamen
1647 2560 1854 2632 majori
1897 2561 2054 2616 fidu-

404 2647 494 2704 cia
520 2653 650 2704 voto
670 2647 858 2720 ipsius
877 2647 1630 2720 consensimus,quia,sicut
1653 2648 2052 2720 praediximus,

403 2737 558 2794 idem
588 2737 896 2810 episcopus
913 2736 974 2792 in
994 2737 1202 2808 primis
1229 2737 1386 2793 sedis
1404 2754 1522 2792 suae
1541 2737 1852 2809 primatem
1873 2737 2052 2792 eccle-

403 2827 552 2882 siam
599 2826 963 2896 fratrumque
1013 2841 1256 2880 suorum
1305 2825 1617 2897 prandium
1669 2825 1887 2881 ibidem
1938 2827 2051 2882 Deo

402 2917 722 2986 sanctoque
754 2913 920 2969 Petro
970 2913 1383 2969 famulantium
1414 2915 1484 2969 de
1514 2914 1895 2970 haereditariis
1927 2915 2050 2971 suis

401 3003 576 3060 bonis
606 3002 856 3073 benigne
887 3001 1142 3057 adauxit.
1177 3001 1243 3057 Et
1273 3003 1388 3058 duo
1427 3003 1802 3071 monasteria,
1837 3009 2050 3060 sanctae

402 3085 596 3148 Mariae
618 3089 888 3146 videlicet
925 3095 981 3146 et
1023 3091 1210 3146 sancti
1257 3091 1516 3158 Martini,
1565 3093 1638 3147 ab
1687 3097 2050 3150 antecessore

403 3195 511 3236 suo
539 3179 839 3251 Sigeberto
858 3179 1130 3252 episcopo
1149 3178 1535 3252 inccnptaﬁste
1551 3181 1799 3236 alterum
1823 3199 2048 3238 eorum-

401 3269 534 3324 dem
567 3269 720 3340 quod
751 3271 842 3324 est
872 3271 1086 3324 sanctae
1118 3269 1312 3324 Martiis
1343 3272 1400 3325 et
1427 3286 1599 3342 opere
1648 3276 1706 3325 et
1743 3288 2046 3328 consecra-
2081 3255 2124 3323 C

399 3358 558 3414 tione
586 3357 1036 3425 consummavit,
1061 3355 1309 3414 alterum
1343 3361 1528 3416 sancti
1561 3359 1794 3415 Martini
1825 3377 1958 3416 vero
1979 3378 2050 3417 ex

399 3449 565 3519 parte
622 3446 824 3502 devote
851 3445 1372 3520 'augmentaverat,
1401 3448 1631 3521 aliaque
1663 3451 2044 3505 monasteria-

397 3551 522 3608 quae
550 3536 610 3590 in
641 3535 978 3608 episcopatu
1007 3537 1136 3608 ejus
1167 3537 1278 3592 sub
1309 3553 1416 3592 suo
1441 3539 1575 3609 jure
1596 3542 1845 3606 erant,et
1874 3555 2046 3611 pran-

394 3623 492 3679 dia
515 3623 597 3678 ibi
627 3623 743 3680 Deo
789 3625 1166 3680 servientium
1217 3625 1352 3681 ﬁdei
1399 3626 1685 3682 charitate
1733 3627 2043 3700 supplevit,

397 3714 689 3785 quatenus
719 3717 920 3768 votum
954 3730 1127 3768 suum
1148 3713 1334 3769 inhoc
1355 3731 1588 3787 quoque
1603 3716 1962 3772 monasterio
1979 3733 2045 3772 eo

397 3801 604 3872 majori
658 3801 873 3856 ﬁducia
920 3802 1295 3872 postmodum
1344 3803 1615 3874 expedire
1665 3808 1882 3876 posset,
1931 3819 2046 3876 quo

396 3888 660 3944 ecclesiis
703 3889 827 3944 suis
875 3905 1022 3959 quas
1071 3889 1292 3945 invenit
1337 3890 1692 3948 utilitatibus
1721 3897 1893 3948 antea
1923 3909 2049 3964 pro-

396 3979 704 4034 desset.Ad
735 3977 891 4032 idem
920 3994 1050 4034 vero
1083 3980 1504 4036 monasterium
1549 3999 1619 4036 ex
1648 3982 1894 4054 proprias
1924 3983 2046 4037 hae-

397 4065 661 4122 reditatis
692 4083 810 4121 suae
841 4065 1011 4120 bonis
1042 4067 1162 4121 sive
1194 4071 1250 4122 et
1281 4084 1348 4122 ex
1377 4067 1508 4124 aliis
1541 4085 1904 4141 quaecunque
1953 4086 2044 4124 ac.

395 4155 626 4227 quirere
653 4153 844 4226 potuit
881 4153 1291 4210 collationibus
1322 4157 1616 4229 octoginta
1643 4173 1883 4213 mansos
1911 4175 2045 4214 cum

396 4243 730 4316 mancipiis,
763 4241 942 4310 villis,
976 4243 1148 4309 areis,
1181 4243 1648 4318 aadiﬁciis,agris,
1679 4246 1851 4302 terris
1872 4247 2048 4304 cultis

393 4335 450 4386 et
473 4331 737 4398 incultis,
769 4329 878 4384 viis
909 4335 964 4385 et
997 4329 1189 4399 inviis,
1217 4331 1465 4388 exitibus
1496 4338 1552 4388 et
1583 4333 2048 4408 reditibus,quzs-

397 4419 527 4475 sitis
577 4422 634 4473 et
679 4417 1066 4490 inquirendis,
1112 4419 1320 4492 pratis,
1368 4421 1625 4493 pascuis,
1659 4421 1843 4491 silvis,
1876 4425 2046 4498 aquis

397 4523 806 4580 aquarumque
836 4507 1656 4582 decursibus,piscationibus,
1693 4512 2044 4570 molendinis

2167 1940 2326 1996 sterii
2358 1941 2762 2010 bonorumque
2810 1954 3050 1994 suorum
3105 1935 3422 2010 dissipator
3463 1951 3599 1993 vere
3645 1935 3822 2002 sciat;

2167 2029 2308 2102 quia
2337 2027 2535 2084 abbati
2566 2027 2963 2099 fratribusque
2994 2025 3213 2081 ibidem
3270 2027 3382 2082 Deo
3425 2025 3824 2082 servientibus

2166 2119 2225 2174 in
2258 2117 2428 2175 nobis
2458 2115 2790 2188 nostrisque
2821 2114 3265 2171 successoribus
3293 2117 3642 2171 certumest
3681 2113 3823 2170 inde

2166 2205 2554 2280 refugium.Et
2574 2208 2640 2258 ut
2659 2203 2768 2260 hoc
2797 2208 3011 2260 nostra:
3043 2203 3438 2260 concessionis
3456 2205 3820 2275 praeeptum

2164 2313 2268 2370 per
2295 2311 2468 2352 omne
2482 2298 2717 2366 tempus
2733 2292 2940 2349 stabile
2951 2295 3291 2365 permaneat
3300 2295 3360 2348 et
3379 2290 3818 2364 inconvulsum,

2165 2385 2314 2441 hanc
2344 2383 2618 2457 paginam
2665 2382 2800 2438 inde
2850 2381 3242 2454 conscriptam
3275 2381 3605 2453 subtusque
3631 2395 3818 2437 mum

2164 2473 2400 2546 propria
2427 2473 2859 2529 corroboratam
2893 2467 3072 2544 sigilli
3087 2468 3818 2542 nostriimpressionejuso

2165 2564 2353 2620 simus
2379 2560 2670 2635 insigniri.
3645 2574 3648 2577 '

2233 2656 2444 2707 Datum
2475 2651 2701 2706 decimo
2733 2649 3022 2706 Kalendas
3053 2645 3372 2714 Februarii,
3403 2660 3560 2702 anno
3589 2643 3816 2722 .pomi-

2163 2757 2239 2797 cae
2271 2739 2694 2797 Incarnationis
2735 2735 2898 2805 4043,
2931 2735 3249 2794 indictione
3295 2749 3374 2806 χι,
3407 2722 3815 2791 αιηιοίιιωω

2163 2830 2362 2885 domni
2394 2828 2644 2885 Heinrici
2674 2825 3059 2884 ordinationis
3087 2841 3180 2895 xv,
3215 2824 3374 2897 regni
3403 2839 3539 2880 vero
3563 2837 3640 2879 rv.

2231 2922 2439 2974 Actum
2469 2915 2708 2972 Goslare
2739 2917 2796 2970 in
2824 2915 2923 2971 Dei
2957 2914 3192 2971 nomine
3223 2911 3469 2968 feliciter
3492 2913 3702 2968 Amen.

2230 3007 2547 3080 Adelgerus
2577 3004 2960 3062 cancellarius
2989 3003 3109 3060 vicc
3140 3003 3423 3059 Bardonis
3453 3001 3812 3075 arebicapel-

2158 3096 2277 3152 lani
2303 3094 2653 3168 recognovit.

2340 3275 2706 3346 Privilegz'um
2729 3288 2832 3345 pro
2854 3273 3188 3328 monasterio
3219 3269 3619 3342 Heri/"ardenti.

2782 3363 2970 3433 (Anno
3003 3359 3187 3432 1044.)

2523 3452 2807 3524 (Eamne,
2841 3449 2967 3506 Cod.
3000 3449 3252 3521 diplmn.,
3287 3446 3434 3518 111.]

2227 3541 2285 3598 C.
2335 3546 2400 3596 In
2463 3539 2699 3596 nomine
2747 3543 2960 3596 sanctae
3010 3542 3068 3594 et
3111 3535 3428 3593 individua;
3485 3533 3814 3592 Trinitatis.

2155 3635 2486 3698 Hammcus,
2519 3629 2714 3684 divina
2744 3627 2972 3684 favente
3003 3625 3334 3696 clementia,
3359 3638 3480 3680 rex.
3791 3633 3800 3658 ῖ

2226 3721 2287 3776 Si
2319 3719 2486 3792 regis:
2515 3715 2882 3774 liberalitatis
2913 3715 3318 3772 munificentia
3333 3711 3478 3772 lucis
3504 3715 3622 3769 Dee”
3649 3711 3820 3768 dieeo

2156 3810 2232 3866 tis
2263 3809 2543 3882 quiddam
2573 3805 2950 3874 conferimus,
2985 3811 3042 3860 et
3090 3805 3161 3859 ad
3205 3800 3592 3875 temporalem
3621 3800 3809 3856 vitam

2155 3903 2213 3954 et
2241 3904 2517 3953 aeternam
2548 3895 2718 3951 nobis
2750 3894 3126 3968 profuturum
3159 3907 3286 3948 esse
3315 3887 3816 3962 liquido‘coniidi-

2155 4003 2309 4042 mus.
2342 3989 2704 4057 QuaprOpter
2731 3983 2997 4038 omnium
3045 3980 3258 4036 Christi
3307 3979 3608 4050 nostrique
3662 3977 3813 4032 ﬁde-

2153 4075 2299 4130 lium
2329 4079 2450 4130 tam
2482 4074 2815 4130 futurorum
2838 4089 3016 4144 quam
3041 4069 3418 4143 praesentium
3441 4065 3682 4124 solertia
3701 4079 3818 4120 no-

2152 4163 2320 4232 verit,
2354 4161 2608 4234 qualiter
2656 4179 2765 4217 nos
2797 4161 3086 4233 praecipue
3134 4175 3238 4231 pro
3287 4171 3485 4214 amore
3514 4153 3714 4210 divino
3755 4157 3821 4209 et

2155 4252 2362 4308 animae
2393 4254 2603 4307 nostrae
2635 4250 3045 4318 remedio,tum
3068 4248 3140 4302 ob
3163 4248 3554 4303 interventum
3585 4241 3817 4298 dilecte

2154 4335 2490 4397 contectalis
2520 4343 2728 4396 nostrae
2749 4339 2980 4411 Agnetis
3028 4331 3558 4410 reginae,quasdam
3601 4344 3702 4388 res
3740 4330 3821 4386 ah

2155 4429 2624 4486 antecessoribus
2667 4428 2886 4484 nostris
2932 4427 3169 4500 regibus
3213 4423 3304 4480 vel
3346 4419 3822 4496 imperatoribus

2155 4517 2512 4574 monasterio
2543 4515 2949 4572 Herivordensi
2993 4515 3054 4570 in
3105 4515 3388 4570 honorem
3439 4508 3657 4567 sancta
3700 4502 3816 4563 Dei

395 4599 454 4688 et
483 4595 733 4688 utilitate
765 4597 1185 4688 silvarumNec
1218 4615 1333 4688 non
1365 4615 1500 4654 cum
1531 4600 1808 4656 omnibus
1835 4619 2048 4675 appen-
2077 4623 2124 4688 Ι)
2157 4606 2456 4681 genitricis
2488 4609 2776 4678 perpetuae
2827 4603 3070 4677 virginis
3119 4601 3314 4659 Maria
3365 4600 3722 4688 constructo.
3757 4599 3822 4652 et

396 4685 564 4742 diciis
593 4703 718 4758 quae
749 4687 864 4742 dici
899 4692 998 4743 aut
1031 4687 1318 4743 nominari
1355 4693 1624 4759 possunt,
1659 4690 1900 4747 tradidit
1921 4709 2046 4764 per-

395 4775 707 4847 petualiter
753 4775 834 4830 ibi
883 4776 1282 4848 permanando.
1332 4777 1588 4849 exceptis
1633 4779 1727 4834 his
1773 4796 1898 4851 quae
1953 4781 2040 4836 vel

392 4863 536 4934 ipse,
571 4863 684 4919 Deo
711 4863 1058 4936 opitulante,
1093 4868 1293 4934 postea
1343 4865 1640 4936 acquirere
1688 4869 1918 4938 poterit,
1951 4871 2041 4925 vel

394 4950 700 5007 collatione
732 4951 994 5006 fidelium
1021 4951 1156 5008 huic
1180 4953 1478 5024 provenire
1510 4955 1737 5026 possint
1765 4956 2040 5028 ecclesiae,

394 5039 537 5110 quin
568 5039 744 5094 etiam
775 5039 1016 5114 triginta
1047 5059 1284 5098 mansos
1314 5047 1372 5098 et
1399 5043 1694 5115 octoginta
1723 5052 1914 5104 aratra
1947 5051 2043 5106 dc-

395 5126 775 5184 cimationum
809 5129 880 5184 de
920 5131 1258 5186 monasterii
1306 5131 1502 5186 Sancti
1552 5131 1704 5187 Petri
1751 5134 1922 5192 bonis
1969 5138 2040 5194 ad

396 5215 871 5288 supplementum
905 5219 1093 5276 eidem
1126 5217 1482 5276 monasterio
1513 5221 2039 5281 condonavit.Cono

395 5304 586 5360 stituit
611 5310 842 5379 qucque
872 5312 936 5363 ut
967 5325 1069 5381 per
1097 5307 1362 5380 singulos
1392 5324 1577 5364 annos
1627 5309 1687 5365 in
1735 5312 2042 5372 festivitate

393 5393 579 5450 sancti
611 5395 875 5452 Mauricii
907 5398 1172 5468 ejusdem
1195 5396 1352 5452 sedis
1374 5398 1682 5470 episcopus
1700 5418 1834 5457 cum
1857 5403 2044 5460 fratri-

391 5483 502 5540 bus
532 5485 869 5542 monasterii
891 5487 1088 5542 Sancti
1122 5485 1271 5540 Petri
1301 5485 1370 5540 ad
1400 5489 1804 5560 supradictum
1835 5509 2040 5548 mona-

392 5575 638 5630 sterium
669 5573 864 5630 veniat
894 5591 960 5629 ac
991 5575 1308 5630 missarum
1341 5573 1626 5634 solemnia
1655 5578 1906 5636 celebret
1925 5581 2041 5636 ibi-

394 5672 508 5738 que
535 5663 877 5738 prandendo
909 5663 1256 5723 charitatem
1281 5663 1620 5742 adimplcat.
1639 5668 1709 5726 Et
1737 5668 1788 5727 si
1817 5670 2040 5745 episco-

2160 4697 2338 4752 beatae
2371 4693 2622 4749 Bosinne
2651 4693 3029 4768 corporaliter
3076 4691 3224 4746 inibi
3257 4685 3606 4762 quiescenti,
3663 4685 3824 4740 duas

2155 4783 2380 4840 scilicet
2437 4787 2630 4839 curtes
2687 4780 3053 4838 Overanberh
3103 4783 3159 4835 et
3207 4771 3686 4840 Liutwinesdorf,
3747 4771 3816 4827 in

2151 4889 2324 4928 usum
2367 4869 2906 4928 sanctimonialium
2953 4870 3068 4926 Deo
3112 4869 3332 4924 ibidem
3381 4860 3808 4924 famulantium

2151 4963 2339 5028 datas,
2375 4965 2584 5016 nostrae
2631 4959 2993 5016 auctoritatis
3026 4970 3304 5014 renovare
3335 4953 3573 5027 scriptis
3603 4956 3662 5008 et
3715 4966 3826 5006 co-

2151 5051 2384 5106 ﬁrmare
2417 5048 2882 5116 voluimus,sitas
2915 5049 2973 5104 in
3003 5063 3152 5121 pago
3173 5048 3658 5118 Angeresgauwe
3678 5037 3822 5096 etin

2151 5138 2430 5196 comitatu
2474 5135 2832 5196 Witechindi
2880 5137 3136 5202 comitis,
3167 5151 3304 5190 cum
3353 5131 3632 5189 omnibus
3675 5127 3816 5184 suis

2152 5227 2532 5300 appendiciis,
2581 5227 2690 5283 hoc
2735 5234 2824 5285 est
2856 5227 3177 5303 utriusque
3234 5237 3409 5279 sexus
3468 5215 3810 5290 mancipiis,

2152 5317 2324 5389 areis,
2357 5317 2636 5382 aedificiis,
2670 5317 2842 5372 terris
2877 5315 3052 5372 cultis
3081 5319 3139 5370 et
3167 5310 3430 5378 incultis,
3461 5305 3672 5382 pratis,
3702 5319 3822 5378 pa-

2152 5405 2330 5474 scuis,
2364 5406 2532 5476 aquis
2557 5421 2962 5478 aquarumque
2991 5391 3809 5468 decursibus,molis,molen-
3851 5425 3856 5430 -

2151 5493 2326 5561 diuis,
2361 5493 2804 5566 piscationibus,
2841 5493 3022 5563 silvis,
3073 5489 3507 5554 venationibus,
3551 5483 3816 5541 exitibus

2152 5587 2208 5639 et
2237 5583 2545 5649 reditibus,
2583 5582 2690 5638 viis
2719 5587 2776 5637 et
2807 5583 2997 5653 inviis,
3031 5579 3294 5656 quaesitis
3325 5581 3382 5633 et
3408 5571 3814 5648 inquirendis,

2152 5689 2284 5734 cum
2309 5671 2478 5732 omni
2496 5669 2750 5730 utilitate
2776 5688 2904 5750 quac
2936 5671 3053 5731 ullo
3083 5670 3255 5732 modo
3288 5666 3423 5727 inde
3453 5662 3829 5741 poteritpro-
