3976 6352
91 365 254 446 ψει

1436 360 1834 448 HENRIGUS
1875 365 1958 433 Ill
2000 361 2169 434 IMP.

86 501 311 559 venire.
345 500 428 560 Ea
468 493 735 559 videlicet
796 495 1042 564 ratione,
1090 502 1155 554 ut
1197 500 1476 572 praedicta
1522 502 1650 560 loca
1697 502 1755 558 in
1785 503 1840 572 Α
1875 504 2028 560 ditas
2058 503 2273 560 habere
2302 503 2549 560 videtur.
2583 501 3315 563 Videlicet-monasterium
3351 503 3508 576 quod

84 606 269 648 usum
299 585 847 650 sanctimonialium
878 587 1023 644 inibi
1052 588 1320 642 omnium
1348 594 1573 646 remota
1615 607 1748 646 con-

79 679 437 738 tradictione
461 675 877 748 perpetualiter
905 681 1234 743 teneantur,
1266 677 1410 732 nulli
1453 679 1511 732 in
1534 678 1748 734 beneﬁ-

81 769 244 824 cium
278 766 631 840 priestanda.
659 764 810 820 Illud
832 764 1006 820 etiam
1025 781 1161 820 cum
1184 769 1618 822 antecessorum
1643 784 1744 822 no-

82 862 347 914 strorum
368 853 684 913 traditione
701 857 758 909 et
778 853 1189 925 astipulatione
1207 853 1456 926 benigne
1477 855 1746 910 concedi-

81 962 218 1004 mus
250 949 308 1006 et
339 944 782 1008 conﬁrmamus,
815 945 880 996 ut
910 942 1384 1000 sanctimoniales
1435 943 1578 1000 inibi
1627 943 1742 999 Deo

81 1033 439 1095 famulantes
484 1031 792 1088 arbitrium
836 1034 893 1086 et
940 1035 1285 1103 potestatem
1341 1031 1596 1088 habeant
1638 1031 1740 1087 eli-

77 1123 254 1196 gendi
307 1120 693 1186 abbatissam,
749 1136 881 1175 cum
935 1118 1209 1191 quaelibet
1267 1137 1469 1175 earum
1541 1119 1739 1175 locum

77 1216 270 1268 morte
294 1208 678 1267 intercidente
708 1207 1039 1275 mutaverit,
1069 1214 1127 1263 et
1157 1213 1220 1263 ut
1242 1206 1740 1280 nullajudiciaria

76 1315 333 1371 persona
361 1298 421 1353 in
457 1298 549 1354 his
598 1313 726 1368 quae
771 1296 1038 1352 eamdem
1086 1297 1392 1352 ecclesiam
1441 1296 1737 1352 continere

75 1387 369 1456 videatur,
400 1386 489 1443 vel
536 1389 785 1451 exactor,
837 1383 927 1440 vel
977 1382 1250 1456 publicus
1299 1385 1482 1455 judex
1525 1401 1736 1440 causas

78 1492 250 1549 agere
279 1475 370 1531 vel
402 1474 564 1530 freda
591 1473 839 1545 exigere,
874 1488 977 1528 seu
1027 1473 1098 1527 ad
1140 1471 1477 1529 mansiones
1525 1472 1612 1528 vel
1661 1473 1734 1527 ad

77 1564 383 1636 quodlibet
413 1562 808 1618 ministerium
839 1559 1188 1634 compellere
1218 1565 1558 1633 praesumat,
1619 1559 1731 1616 nisi

75 1655 392 1709 advocatus
425 1668 597 1724 quem
642 1649 907 1721 ejusdem
955 1649 1065 1705 loci
1122 1649 1360 1722 elegerit
1414 1649 1729 1716 abbatissa,

74 1742 338 1798 locorum
393 1741 632 1813 quidem
692 1739 904 1794 horum
967 1738 1235 1794 homines
1294 1756 1328 1793 a
1384 1743 1730 1793 czeterorum

74 1831 338 1886 omnium
369 1828 637 1886 districtu
671 1827 791 1888 sint
821 1826 1012 1881 liberi.
1049 1827 1115 1881 Et
1145 1831 1210 1882 ut
1241 1827 1362 1882 haec
1395 1827 1564 1898 regiae
1619 1842 1725 1882 no-

76 1923 206 1974 stra
234 1917 570 1974 traditionis
599 1920 656 1972 et
677 1915 1142 1971 confirmationis
1166 1915 1479 1971 auctoritas
1497 1914 1732 1970 stabilis

76 2004 512 2068 etineonvulsa
543 2004 836 2060 omniaavo
869 2007 1228 2075 permaneat,
1280 2003 1431 2059 hanc
1467 2003 1730 2059 chartam

77 2094 214 2159 inde
245 2093 638 2165 conscriptam
668 2108 848 2148 manu
881 2092 1134 2164 propria,
1169 2095 1234 2148 ut
1282 2091 1433 2146 infra
1478 2092 1730 2160 videtur,

77 2183 518 2252 corroborantes
550 2179 944 2253 sigillinostri
996 2181 1288 2251 jussimus
1339 2179 1729 2251 impressione

80 2271 306 2340 signiri.

139 2359 376 2432 Sig-num
401 2360 589 2416 damni
616 2360 862 2415 Heinrici
899 2359 1053 2414 tertii
1101 2358 1182 2429 (L.
1235 2357 1331 2421 Μ.)
1380 2359 1522 2427 regis
1574 2358 1730 2411 invi-

71 2450 324 2504 ctissimi.
361 2453 389 2513 ’ς
424 2447 537 2508 CR.
573 2452 602 2514 τ

144 2536 538 2594 Theodericus
568 2535 951 2592 cancellarius
979 2534 1098 2590 vice
1129 2533 1731 2591 Bardonisarchican-

82 2623 300 2680 cellarii
331 2623 681 2697 recognovit.

148 2713 295 2777 Data
321 2731 376 2770 Vl
407 2713 533 2770 Kal.
568 2713 716 2782 Oct.,
749 2729 900 2770 anno
940 2711 1251 2768 Dominicis
1302 2709 1728 2766 Incarnationis

83 2803 238 2869 1044,
273 2801 590 2866 indictione
622 2819 732 2870 x11;
776 2818 928 2856 anno
980 2805 1175 2857 autem
1228 2799 1430 2855 domui
1477 2797 1727 2854 Heinrici

83 2891 235 2946 tertii
256 2891 639 2953 ordinationis
667 2891 797 2962 ejus
820 2906 955 2957 xvu,
990 2890 1153 2962 regni
1177 2905 1310 2946 vero
1333 2905 1407 2942 v1.

161 2983 369 3036 Actum
395 2979 748 3053 Aquisgrani
780 2978 840 3032 in
865 2977 964 3034 Dei
986 2977 1221 3033 nomine
1245 2976 1726 3033 feliciter.Amen.

875 3085 940 3141 Χ.

85 3180 437 3241 Confirmatio
463 3177 882 3249 priuilegiorum
909 3173 1211 3249 e_t__jur_ium
1260 3174 1573 3249 Mantuanae
1619 3173 1724 3249 lic-

1857 593 2076 649 factum
2106 597 2196 648 est
2225 591 2284 648 in
2317 593 2534 649 h'onore
2561 597 2902 652 sanctorum
2931 592 3230 660 Memoris,
3260 591 3431 648 Probi
3453 594 3512 646 et

1858 683 2099 750 Bullini,
2133 699 2266 737 cum
2293 681 2570 738 omnibus
2597 682 2722 738 suis
2746 681 3353 754 adjacentiis,sciiicet
3373 695 3507 736 cum

1857 788 2031 843 aqua,
2067 788 2190 843 quae
2218 770 2434 826 dicitur
2460 770 2808 841 Mulinelles,
2842 781 2976 828 cum
3003 772 3130 828 suis
3159 769 3508 830 decursibus

1856 860 1926 916 de
1947 859 2046 916 illo
2063 860 2210 927 loco,
2229 860 2383 915 unde
2405 859 2607 916 eadem
2630 877 2785 932 aqua
2804 860 3090 933 originem
3103 859 3305 926 sumit,
3319 872 3508 930 usque

1855 949 1914 1002 in
1946 948 2143 1004 Mincii
2173 964 2426 1014 amnem,
2459 951 2516 1004 et
2543 965 2613 1004 ex
2643 953 2892 1021 utraque
2923 948 3120 1005 lectuli
3150 951 3317 1020 parte
3345 947 3494 1002 duo-

1852 1034 2038 1090 decim
2070 1034 2266 1105 pedes,
2299 1050 2434 1090 cum
2491 1035 2767 1091 omnibus
2809 1033 3176 1107 pertinentiis
3235 1033 3501 1106 ejusdem

1852 1123 2371 1190 monasterii,cum
2405 1123 2668 1180 curtibus
2699 1123 2874 1179 etiam
2919 1125 2981 1180 in
3030 1121 3351 1180 Veronensi
3395 1120 3500 1176 Vi-

1848 1211 2099 1279 centino,
2120 1211 2456 1277 Mantuano,
2471 1211 2755 1280 Brisiano,
2775 1212 3133 1280 Placentino,
3151 1210 3499 1277 Mutinensi,

1849 1303 2024 1372 atque
2054 1299 2428 1355 Cremonensi
2458 1299 2837 1356 comitatibus
2868 1299 3022 1368 sitis,
3049 1316 3178 1372 quae
3205 1299 3288 1354 ita
3311 1297 3498 1354 nomi-

1848 1393 2081 1455 nantur,
2117 1387 2412 1459 Baguiolo,
2436 1387 2694 1455 Colonia,
2722 1392 2780 1444 et
2808 1388 2868 1444 in
2897 1388 3149 1444 circuitu
3201 1385 3490 1454 ﬂuminis,

1846 1477 2002 1549 quod
2028 1476 2241 1531 dicitur
2262 1479 2446 1548 Caput
2472 1476 2740 1548 Alponis,
2772 1475 3036 1545 Puliana,
3078 1475 3304 1544 Alonte,
3352 1475 3491 1531 Leo-

1846 1565 2002 1637 nigo,
2035 1569 2208 1637 atque
2238 1563 2514 1633 Sablone;
2549 1581 2650 1621 seu
2682 1565 2743 1621 in
2772 1564 3116 1621 Cardinensi
3145 1561 3488 1620 Judiciaria.

1844 1670 1978 1708 cum
2011 1653 2190 1709 servis
2217 1658 2276 1708 et
2304 1652 2532 1708 ancillis
2555 1652 2774 1710 ibidem
2805 1651 3254 1725 pertinentibus,
3279 1654 3336 1707 et
3357 1667 3486 1706 om-

1843 1759 1945 1797 nes
1977 1742 2123 1797 alias
2153 1757 2244 1797 res
2275 1741 2538 1812 ejusdem
2571 1741 2932 1808 monasterii,
2953 1758 3080 1813 qua
3101 1739 3314 1798 suntin
3353 1756 3494 1811 prai-

1839 1831 2012 1886 dictis
2040 1828 2435 1897 comitatibus,
2468 1829 2558 1885 vel
2582 1829 2734 1886 infra
2751 1832 3019 1885 nostrum
3036 1827 3304 1884 Italicum
3327 1843 3492 1900 rega-

1843 1934 2309 1992 gnum,seuquas
2323 1921 2661 1974 caeterorum
2674 1915 3492 1980 hominumconcessionibus,

1809 2005 1812 2008 ’
1843 2008 2277 2072 traditionibus,
2302 2007 2743 2074 oll‘ensionibus,
2767 2004 3495 2078 comparationibus,oom-

1843 2094 2632 2162 mutationibus,libellorum
2649 2111 2883 2167 quoque
2893 2093 2984 2150 vel
2998 2093 3399 2167 qualicunque
3411 2109 3494 2149 re-

1842 2183 1987 2240 lium
2001 2184 2336 2240 chartarum
2352 2185 2905 2256 conscriptionibus,
2921 2201 3025 2240 seu
3062 2181 3493 2256 pheothecariis

1839 2274 2011 2346 empb
2022 2274 2186 2329 iteosi
2201 2273 2323 2345 ipse
2340 2277 2578 2329 sanctus
2592 2272 2757 2328 locus
2771 2271 3488 2328 obtin'uit.Conﬁrmamus

1837 2362 2033 2434 itaque
2065 2361 2176 2417 sibi
2209 2361 2439 2433 plebem
2472 2361 2796 2417 Mantuanae
2841 2361 3090 2416 civitatis
3133 2375 3267 2415 cum
3319 2358 3489 2431 plebe

1840 2450 2098 2518 Sasselli,
2131 2467 2258 2522 quae
2289 2449 2452 2505 estin
2473 2449 2912 2522 Porto,plebem
2925 2449 2998 2505 de
3019 2449 3226 2516 Suave,
3253 2446 3485 2520 plebem

1839 2539 2048 2607 Mauri,
2067 2539 2294 2611 plebem
2319 2538 2512 2594 Sancti
2540 2537 2726 2602 Metri,
2750 2537 2978 2610 plebem
3000 2535 3072 2592 de
3092 2535 3323 2602 Octavo,
3361 2533 3484 2606 ple-

1839 2629 1970 2684 bem
2002 2629 2073 2683 de
2105 2628 2360 2693 Riverso,
2392 2625 2618 2698 plebem
2640 2627 2710 2681 de
2733 2625 2884 2690 Goti,
2906 2626 2978 2681 de
2996 2623 3187 2691 Volta,
3201 2625 3272 2680 de
3293 2623 3486 2680 Bona.

1839 2736 1930 2790 go,
1965 2718 2035 2772 de
2067 2716 2234 2772 Corte
2267 2716 2335 2771 de
2364 2714 2653 2770 Cauriana
2682 2714 2754 2770 de
2776 2713 3070 2787 Galziago,
3093 2714 3164 2768 de
3186 2711 3481 2769 Gussena-

1839 2824 1930 2879 go,
1966 2807 2036 2862 de
2065 2804 2261 2877 Capite
2292 2804 2625 2869 Tartari,de
2638 2803 2980 2875 Margareja,
2995 2802 3068 2858 de
3085 2800 3327 2870 Ludolo,
3359 2817 3488 2874 qua

1840 2900 1928 2953 est
1977 2895 2036 2950 in
2095 2893 2470 2959 Scorzarolio,
2521 2893 2592 2947 de
2636 2890 2943 2962 Turiselle,
2985 2891 3056 2947 de
3101 2889 3350 2957 Saviola,
3411 2889 3483 2945 de

1840 2981 2185 3039 Castellione
2201 2982 2536 3045 Mantuano,
2563 2980 2634 3035 de
2653 2978 2963 3046 Boneﬁcio,
2985 2979 3057 3034 de
3078 2976 3385 3051 Bigarello,
3409 2977 3483 3034 de

1840 3073 2052 3128 Sancto
2084 3070 2348 3142 Georgio,
2383 3069 2454 3124 de
2484 3067 2818 3136 Ponterioli,
2851 3068 2924 3124 de
2954 3065 3252 3135 Barbasio,
3285 3067 3358 3122 de
3385 3067 3490 3124 Ca-

1841 3159 2119 3226 risedolo,
2150 3160 2221 3215 de
2265 3159 2475 3214 Sancto
2515 3157 2817 3224 Cassiano,
2867 3157 2939 3213 de
2986 3156 3199 3213 Sancto
3245 3155 3494 3212 Martino

155 3229 509 3320 Eié'sié'fdcfa
537 3229 862 3302 abilienrico
914 3229 1016 3311 illi”,
1073 3244 1380 3300 Germaniae
1438 3246 1488 3298 et
1548 3242 1728 3298 Italia?
1759 3229 1800 3296 Ο
1840 3252 1909 3306 de
1941 3249 2130 3305 casale
2162 3247 2421 3312 Barbasi,
2456 3247 2526 3301 de
2552 3246 2765 3302 Sancto
2799 3245 3108 3301 Laurentio
3157 3244 3216 3298 in
3267 3243 3481 3312 casale,

154 3339 297 3394 rege.

699 3407 886 3479 (Anno
919 3404 1102 3475 1045.)

403 3496 753 3572 [Munaroan
786 3495 964 3567 Antiq.
989 3493 1110 3549 Ital.
1137 3491 1230 3559 Vl,
1255 3491 1402 3556 415.]

154 3609 217 3664 ln
249 3605 484 3661 nomine
502 3606 716 3660 sanctis
738 3605 795 3657 et
811 3599 1121 3655 individua:
1145 3595 1470 3653 Trinitatis.
1497 3598 1730 3650 Hamm-

81 3714 210 3764 cus,
243 3693 444 3759 divina
465 3693 690 3747 favente
719 3687 1046 3757 clementia,
1081 3705 1196 3752 rex.

155 3785 217 3842 Si
246 3785 307 3840 in
339 3777 986 3851 sacratisjomnipotenti
1010 3778 1125 3832 Deo
1149 3773 1292 3831 locis
1315 3791 1348 3828 a
1381 3771 1740 3846 quibuslibet

88 3871 365 3930 desolatis
397 3867 855 3940 recuperationis
886 3868 1269 3938 augmentum
1298 3861 1392 3934 pio
1412 3861 1607 3916 favore
1626 3859 1738 3914 lar-

1833 3341 1904 3396 de
1929 3336 2262 3394 Gubernule
2290 3336 2360 3390 de
2389 3333 2784 3408 Septengenti,
2806 3333 2878 3388 de
2893 3332 3163 3401 Sermite,
3186 3332 3258 3388 de
3278 3332 3494 3391 Sancta

1836 3428 2017 3485 Maria
2041 3427 2112 3481 de
2134 3423 2390 3489 Baniolo,
2425 3423 2496 3478 de
2525 3420 2965 3489 Castellucchio,
2990 3422 3062 3478 de
3093 3419 3483 3494 Campedello,

1839 3518 1910 3572 de
1949 3511 2382 3571 Radaldescbo:
2414 3511 2670 3582 itemque
2697 3509 2924 3581 plebem
2948 3510 3008 3565 in
3027 3507 3296 3565 Flumine
3314 3525 3484 3579 novo,

1842 3604 2070 3678 plebem
2103 3603 2175 3656 de
2206 3598 2446 3667 Pletule,
2482 3615 2617 3654 cum
2649 3597 2928 3653 omnibus
2953 3595 3085 3654 aliis
3115 3596 3387 3670 plebibus
3435 3599 3495 3654 et

1844 3691 2101 3766 capellis,
2133 3705 2268 3745 cum
2300 3687 2469 3747 terris
2498 3686 2674 3742 cultis
2705 3690 2762 3742 et
2791 3685 3054 3752 incultis,
3087 3701 3223 3742 cum
3246 3685 3412 3742 silvis
3433 3689 3492 3741 et‘

1845 3778 2274 3843 venationibus,
2307 3773 2572 3842 decimis,
2603 3789 2707 3829 seu
2739 3773 3028 3840 curtibus,
3054 3771 3277 3830 mansis
3319 3772 3497 3829 etiam

1847 3867 2073 3925 vestitis
2100 3869 2275 3937 atque
2308 3863 2673 3931 absentibus,
2702 3862 2951 3935 campis,
2985 3862 3192 3935 pratis,
3244 3860 3503 3934 pascuis,

89 3965 304 4036 gimur,
341 3959 397 4014 id
432 3955 600 4014 nobis
631 3959 686 4012 et
716 3955 787 4010 ad
809 3954 1040 4027 imperii
1064 3952 1248 4008 nostri
1278 3949 1740 4007 stabilimentum
1850 3962 1906 4015 et
1933 3973 2065 4013 cum
2096 3953 2369 4010 omnibus
2397 3951 2630 4023 insulis,
2662 3968 2789 4023 qua;
2817 3954 2956 4008 sunt
2986 3950 3044 4006 in
3076 3949 3320 4008 ﬂumine
3339 3947 3503 4018 Padi,

90 4057 265 4124 atque
287 4048 359 4104 ad
382 4051 605 4104 aeternae
631 4042 1120 4101 remunerationis
1143 4039 1608 4096 emolumentum
1623 4054 1743 4092 cre-
1853 4049 1922 4103 de
1953 4047 2096 4100 Zara
2125 4058 2313 4114 usque
2341 4041 2400 4096 in
2435 4045 2686 4108 Burana,
2737 4043 2794 4095 et
2843 4055 3031 4112 usque
3078 4039 3137 4095 in
3193 4039 3506 4106 Vizanum,

91 4142 284 4196 άῖωυε
315 4135 710 4209 Ρνοταῐυνυῐη·
738 4135 1102 4204 Quapropter
1125 4129 1388 4186 omnium
1414 4131 1626 4182 5³οοῖίὲ
1645 4124 1746 4181 Πθί
1854 4137 2006 4191 sicut
2037 4129 2230 4188 Padus
2251 4129 2580 4202 antiquitus
2601 4129 2982 4185 decurrebat:
3008 4145 3142 4184 cum
3165 4127 3502 4201 piscationi-

92 4227 380 4292 Ecclesiae,
415 4227 866 4292 nostrorumque
887 4218 1170 4288 ﬁdelium,
1190 4215 1566 4288 praesentium
1591 4213 1729 4270 scilii

1855 4225 1987 4291 bus,
2003 4221 2234 4286 caretis,
2250 4218 2586 4291 paludibus,
2604 4217 2979 4287 molendinis,
2996 4217 3504 4290 aquis,aquarum-

91 4322 181 4372 cet
209 4331 277 4372 ac
307 4314 663 4379 futurorum,
697 4307 921 4366 noverit
941 4305 1291 4363 universitas
1315 4305 1469 4376 quod
1500 4303 1751 4359 Marcia-
1858 4328 1968 4384 que
1999 4307 2368 4376 decursibus,
2400 4305 2564 4377 ripis,
2597 4305 2796 4366 omnia
2826 4306 3066 4362 omnino
3099 4306 3158 4361 in
3207 4305 3503 4378 integrum

86 4423 200 4462 nus
216 4400 772 4459 sancteMantuanze
787 4396 1295 4469 sedisepiscopus,
1315 4397 1585 4448 nostram
1605 4390 1752 4446 adiit
1858 4413 2219 4474 quaecunque
2250 4395 2362 4451 dici
2387 4393 2474 4450 vel
2504 4394 2794 4450 nominari
2826 4395 3073 4467 possint,
3119 4395 3276 4452 unde
3300 4393 3506 4450 eadem

88 4491 482 4557 clementiam,
523 4487 831 4561 POStlﬂaDS
864 4490 928 4541 ut
961 4501 1064 4558 Ι)Ρο
1087 4484 1187 4540 Dei
1210 4498 1406 4538 amore
1421 4486 1750 4551 nostraeque
1859 4492 2062 4546 sancta
2081 4483 2522 4542 Mantuanensis
2540 4481 2800 4538 Ecclesia
2819 4482 3095 4538 investita
3113 4483 3294 4540 fuisse
3309 4482 3512 4555 digno-

90 4583 297 4640 animae
326 4577 586 4636 remedio
618 4576 691 4632 ad
721 4575 1229 4630 conﬁrmationem
1245 4571 1335 4627 vel
1373 4567 1747 4626 restauratio-
1777 4589 1824 4653 D
1854 4579 2059 4643 scitur,
2091 4587 2441 4646 quocunque
2466 4571 2670 4626 ordine
2689 4569 2776 4625 vel
2809 4569 3068 4642 qualibet
3097 4570 3362 4642 legitima
3401 4584 3506 4624 au-

97 4687 232 4727 nem
266 4667 532 4725 omnium
565 4680 806 4720 suorum
839 4665 1124 4719 bonorum
1151 4666 1360 4716 nostra;
1382 4656 1744 4715 auctoritatis
1856 4666 2138 4725 ctoritate,
2174 4662 2418 4732 Insuper
2449 4675 2794 4715 renovamus
2825 4658 3108 4730 scriptum
3135 4657 3325 4714 εαηοιί
3372 4667 3508 4713 ωε-

95 4760 454 4832 praeceptum
497 4771 614 4809 suis
665 4752 935 4808 Ecclesiae
978 4751 1292 4807 concedere
1345 4747 1744 4820 dignaremur.
1858 4753 2010 4812 signi
2042 4750 2310 4816 abbatiie,
2345 4765 2378 4803 a
2408 4746 2653 4822 paganis
2685 4747 3016 4813 devastata,
3049 4761 3154 4818 per
3200 4745 3309 4802 hos
3357 4745 3508 4800 ﬁnes

95 4847 277 4918 Cujus
311 4843 582 4916 precibus
612 4839 908 4909 inclinati;
945 4856 1048 4912 per
1075 4838 1467 4892 interventum
1514 4850 1745 4906 quoque
1856 4844 2205 4908 terminata,
2237 4839 2308 4894 de
2341 4836 2564 4910 Agritia
2596 4835 2814 4906 Majore
2844 4850 3032 4906 usque
3063 4834 3121 4889 in
3151 4834 3330 4905 viam,
3380 4848 3513 4904 qua!
3555 4893 3570 4906 ,

97 4931 636 4991 Herimanninostri
661 4925 1034 4986 dilectissimi
1054 4921 1473 4996 archiepiscopi
1492 4929 1545 4978 et
1559 4921 1744 4977 archi-
1853 4931 2026 5004 vulgo
2058 4930 2274 4986 dicitur
2304 4924 2632 4992 Viscovilis,
2661 4938 2850 4995 usque
2882 4923 2943 4978 in
2985 4922 3274 4995 Αειιῆίαω
3323 4921 3515 4978 Μίηο..

95 5020 450 5087 cancellarii,
475 5024 529 5082 et
547 5019 837 5074 Brunonis
859 5016 1041 5072 nostri
1058 5012 1450 5069 amantissimi
1469 5009 1744 5082 θρὶεοορί,
1857 5035 2008 5087 rem;
2036 5018 2170 5074 inde
2192 5015 2458 5072 decurrit
2479 5011 2814 5070 terminatio
2833 5012 3093 5084 usquein
3123 5009 3513 5078 Verenscula;

97 5111 355 5166 libenter
385 5107 855 5180 acquiescentes:
888 5109 945 5160 et
975 5101 1251 5175 quoniam
1284 5100 1528 5173 dignum
1544 5103 1653 5164 est,
1676 5114 1748 5153 ne
1857 5109 1993 5164 inde
2021 5106 2316 5162 derivatur
2347 5121 2450 5178 per
2477 5104 2664 5160 fossas
2695 5101 2886 5158 Paluti
2919 5101 2978 5157 in
3002 5100 3198 5158 lacum
3233 5101 3513 5168 Mantum,

97 5215 192 5253 res
219 5194 612 5258 Ecclesiarum
647 5195 747 5251 Dei
783 5212 817 5250 a
845 5190 1208 5266 quibuslibet
1237 5189 1662 5261 depraadentur,
1686 5189 1751 5242 ut
1858 5195 1995 5250 inde
2019 5193 2272 5258 Fissaro,
2295 5196 2352 5248 et
2380 5208 2484 5264 per
2508 5192 2808 5248 Fissarum
2824 5191 3085 5263 usquein
3100 5189 3387 5263 Agritiam
3401 5187 3518 5243 Ma-

98 5286 172 5341 ab
201 5300 406 5342 earum
439 5283 680 5349 ditione,
705 5282 861 5354 quod
887 5295 1140 5352 nequam
1160 5281 1250 5333 est
1267 5276 1625 5341 auferantur,
1650 5275 1751 5330 de-
1852 5280 2183 5356 jorem,ubi
2197 5279 2632 5336 terminationis
2645 5280 2948 5336 exordium
2961 5279 3385 5353 sumpsit,cum
3399 5292 3515 5333 om-

98 5374 391 5430 crevimus
422 5371 609 5428 eidem
641 5371 959 5427 Mantuano
990 5365 1349 5440 episcopatui
1399 5380 1604 5420 omnes
1660 5380 1753 5420 res
1863 5373 2040 5429 nibus
2069 5367 2438 5442 pertinentiis
2469 5371 2526 5422 et
2555 5368 2922 5442 adjacentiis,
2953 5386 3082 5442 quin
3113 5368 3185 5426 ad
3202 5368 3390 5441 ipsam
3409 5366 3517 5422 ab-

99 5477 247 5533 quas
260 5461 436 5524 ωοάο
457 5460 526 5516 de
551 5460 722 5517 donis
747 5475 953 5532 regum
971 5473 1076 5515 seu
1095 5456 1514 5529 imperatorum
1534 5453 1752 5524 praede-
1861 5460 2080 5517 batiam
2097 5456 2386 5532 pertinere
2396 5453 2689 5523 videntur,
2705 5462 2996 5529 quatenus
3014 5458 3170 5514 idem
3185 5454 3518 5513 Marcianus

100 5565 402 5607 cessorum
434 5552 792 5615 nostrorum,
823 5547 913 5604 vel
943 5545 1055 5603 alio
1089 5543 1352 5617 quolibet
1374 5541 1546 5598 modo
1576 5544 1754 5609 tenet,
1865 5548 2099 5624 presul,
2133 5547 2385 5624 ejusque
2402 5559 2772 5624 successores
2802 5545 2925 5601 haec
2954 5545 3153 5602 omnia
3181 5546 3254 5602 ad
3299 5543 3518 5600 ιιιίιίιε.

97 5639 200 5706 vel.
218 5653 369 5718 quas
402 5637 530 5700 sine
560 5636 688 5713 lege
716 5634 1081 5709 potestative,
1111 5631 1200 5692 vel
1222 5647 1355 5701 cum
1379 5630 1590 5700 virtute
1631 5643 1756 5705 per-
1864 5622 1984 5690 tem
2017 5626 2108 5688 sui
2135 5622 2416 5702 episcopii
2447 5622 2670 5698 absque
2701 5622 2952 5698 alicujus
2999 5623 3421 5700 impedimento
3461 5624 3520 5684 et

426 5764 692 5834 PATROL.
736 5762 883 5830 CLI.
3115 5751 3198 5819 35
