3976 6394
467 405 644 491 ficiis

1846 397 2175 500 MONUM.’
2208 421 2531 498 mPLoM.

3733 415 3908 496 nco

485 557 969 618 contradictionis
989 557 1256 616 molestia
1277 561 1692 636 perpetualiter
1701 565 1930 622 valeant
1941 569 2130 640 possi-
2158 571 2216 638 Α
2243 571 2378 626 inde
2399 571 2634 636 fecerat,
2654 567 2809 640 apud
2821 561 3102 640 genitoris
3118 565 3301 624 nostri
3318 558 3729 624 excellentiam
3745 566 3904 624 mul-

484 652 641 706 dere.
672 648 889 705 Verum
919 649 1095 704 etiam
1154 650 1574 708 conﬁrmamus
1627 653 1814 710 eidem
1857 655 2124 712 Ecclesiae

484 754 656 794 omne
676 737 992 803 toloneum,
1017 736 1196 808 ripas,
1219 743 1276 792 et
1290 738 1334 792 ri
1342 739 1598 810 paticum
1606 784 1624 812 ,
1649 746 1706 798 et
1729 743 1946 798 ﬁxuras
1965 745 2126 816 palo-

484 843 616 884 rum
645 826 782 898 ripaa
813 825 1142 880 Mantuanae
1174 826 1422 883 civitatis
1453 833 1508 884 et
1537 829 1713 902 porti,
1739 835 1796 887 et
1816 836 1997 888 totam
2019 850 2126 905 pu-

482 915 697 974 blicam
727 913 1107 983 functionem,
1141 920 1318 987 atque
1347 916 1603 974 insulam
1636 920 1851 976 reveris
1893 924 1950 976 et
1995 939 2126 977 cur-

481 1004 602 1061 tem
632 1001 930 1076 Regalem,
955 1018 1191 1058 necnon
1210 1003 1560 1074 etinsulam,
1581 1024 1710 1079 quae
1723 1009 1940 1064 dicitur
1954 1013 2128 1065 Suza-

483 1093 589 1162 ria,
622 1096 730 1149 etc.

451 1174 455 1178 ”
549 1182 782 1254 Signum
810 1177 911 1252 (ἦε)
940 1179 1128 1236 damni
1167 1182 1416 1239 Heinrici
1469 1187 1624 1241 tertii
1681 1187 1826 1256 regis
1883 1187 2129 1242 invictis-

481 1273 630 1328 simi.
785 1279 788 1283 ‘

549 1362 889 1420 Adelberius
917 1365 1301 1423 cancellarius
1324 1364 1447 1420 vice
1469 1361 1809 1418 Herimanni
1827 1363 2128 1419 archican-

479 1449 700 1506 Cellarii
732 1455 1058 1526 recognovi.

549 1539 696 1594 Data
725 1556 878 1596 anno
911 1541 1226 1599 Dominicae
1279 1540 1706 1597 Incarnationis
1765 1541 1926 1607 1045,
1969 1540 2132 1612 judi-

479 1627 670 1684 ctione
701 1645 822 1697 χιιι,
857 1646 1009 1686 anno
1040 1647 1172 1686 vero
1205 1629 1406 1685 domni
1439 1627 1693 1684 Heinrici
1719 1627 1873 1682 tertii
1907 1629 2134 1684 ordina-

479 1717 656 1774 tionis
688 1718 817 1789 ejus
847 1735 940 1786 xv,
973 1718 1275 1791 regnantis
1305 1733 1438 1774 vero
1457 1734 1534 1772 vn.

472 1825 478 1830 ·
547 1809 757 1861 Actum
782 1809 1052 1878 Augusta
1074 1805 1338 1862 feliciter.
1375 1810 1586 1860 Amen.

1263 1895 1362 1949 XI.

480 1965 768 2036 Heinricus
796 1963 848 2019 Il
875 1965 1179 2036 imperator
1211 1933 1566 2021 Cieiaonensi
1586 1964 1839 2036 Ecclesiw
1853 1967 2136 2020 restituen-
2163 1933 2211 1999 Β

552 2034 625 2090 da
652 2034 898 2090 decernit
919 2034 1098 2092 eidem
1122 2036 1308 2091 ablata
1331 2052 1366 2090 α
1398 2035 1631 2092 Gerardo
1653 2039 1844 2106 nepote
1861 2037 2134 2092 Heriberti

555 2106 950 2178 archiepiscopi
969 2107 1422 2178 Mediolanensis.

937 2177 1199 2249 (Circiter
1229 2193 1450 2234 annum
1479 2177 1668 2249 4946.)

797 2247 1074 2320 [MURAT.,
1105 2249 1287 2320 Antiq.
1319 2250 1442 2304 Ital.
1477 2247 1572 2317 Vl,
1603 2250 1757 2317 217.]

553 2337 618 2392 In
651 2335 884 2393 nomine
913 2337 1146 2394 Domini
1177 2337 1277 2394 Dei
1308 2336 1529 2392 aeterni.
1565 2337 1911 2409 Hsmmcus,
1935 2337 2134 2393 divina

480 2426 706 2482 favente
735 2425 1044 2481 clementia
1073 2425 1390 2498 imperator
1417 2427 1737 2497 Augustus.

548 2515 606 2570 Si
641 2518 976 2570 sanctarum
998 2514 1100 2570 Dei
1121 2513 1516 2570 Ecclesiarum
1534 2513 1870 2586 pastoribus
1891 2530 1978 2581 ea,
2001 2532 2129 2586 quae

479 2613 652 2685 digne
681 2627 716 2667 a
739 2611 954 2668 nostris
987 2611 1259 2667 fidelibus
1290 2611 1445 2684 apud
1478 2615 1739 2668 nostram
1758 2613 2128 2682 majestatem

477 2699 872 2772 postulantur,
904 2700 1324 2772 impendimus,
1356 2701 1414 2755 id
1446 2701 1518 2756 ad
1542 2703 1766 2755 aeterna
1789 2717 2126 2757 remunera-

476 2788 655 2845 tionis
677 2787 954 2845 meritum
975 2787 1147 2844 nobis
1159 2787 1439 2860 prolicere
1457 2805 1572 2844 non
1591 2787 1952 2845 dubitamus.
1975 2789 2126 2854 Quo-

483 2877 914 2932 circaomnium
933 2874 1195 2931 ﬁdelium
1219 2881 1431 2932 sanctae
1454 2876 1556 2932 Dei
1578 2875 1872 2945 Ecclesiae,
1897 2885 2126 2933 nostro-

477 2981 750 3036 rumque,
784 2963 1156 3036 praesentium
1190 2963 1410 3021 scilicet
1431 2981 1497 3020 ac
1525 2964 1879 3031 futurorum,
1903 2967 2128 3022 noverit

477 3043 772 3109 industria
800 3069 866 3108 eo
897 3053 1050 3124 quod
1065 3053 1725 3110 Hubaldusvenerabilis
1747 3058 1960 3110 sanctae
1990 3054 2122 3110 Cre-

479 3141 780 3198 monensis
825 3140 1092 3198 Ecclesiae
1135 3143 1464 3216 episcopus,
1519 3141 1884 3214 dilectusque
1933 3141 2124 3200 fidelis

478 3236 694 3298 noster,
714 3247 816 3303 per
837 3231 1119 3286 domuum
1141 3231 1566 3288 Herimannum
1585 3230 2120 3288 reverentissimum

2234 659 2408 714 toties
2440 660 2802 730 conquestus
2828 660 2919 712 est
2941 673 3004 712 se
3033 655 3144 712 hoc
3176 660 3384 728 sponte
3407 673 3524 712 non
3549 655 3782 713 fecisse.
3799 657 3904 713 Cui

2241 765 2378 802 cum
2407 746 2746 820 praedictam
2776 749 2996 801 cortem
3028 749 3085 801 et
3104 743 3335 817 plebem
3365 746 3676 802 restituere
3705 744 3903 813 vellet,

2235 853 2385 906 saepe
2414 839 2472 890 et
2495 833 2817 906 szepissime
2847 849 2950 905 per
2982 849 3122 890 suas
3153 832 3378 890 litteras
3409 832 3494 888 illi
3540 833 3905 890 mandatum

2237 928 2513 979 estuteas
2542 923 2614 978 ad
2649 928 2870 995 partem
2905 921 3498 994 episcopiihabendas
3520 921 3904 996 relinqueret.

2235 1011 2397 1075 Quod
2429 1027 2734 1083 nunqnam
2762 1011 3086 1084 impetrare
3115 1010 3321 1078 valuit,
3353 1011 3452 1066 sed
3487 1011 3780 1068 diabolico
3810 1011 3906 1068 in-

2237 1099 2478 1162 stinctu,
2509 1098 2602 1154 cui
2627 1115 2660 1154 a
2691 1099 3020 1168 cunabulis,
3057 1097 3208 1155 sicut
3236 1098 3513 1156 omnibus
3529 1102 3651 1156 tam
3675 1099 3897 1156 Italicis

2237 1204 2414 1260 quam
2443 1187 2776 1243 Teutonicis
2797 1191 2973 1260 patet,
2999 1187 3375 1257 deservierat,
3395 1188 3525 1258 ejus
3542 1187 3900 1262 legationem

2234 1277 2620 1349 vilipendens,
2655 1277 2936 1348 superius
2958 1277 3113 1332 dicta
3141 1276 3392 1332 detinuit
3439 1281 3496 1333 et
3543 1277 3659 1334 alia
3709 1277 3896 1334 mulio

2238 1367 2464 1436 majora
2495 1365 2567 1419 ad
2599 1364 2880 1438 genitoris
2910 1365 3161 1422 dedecus
3191 1369 3248 1421 et
3277 1363 3584 1433 vilitatem,
3611 1367 3889 1424 invadere

2240 1473 2353 1510 non
2374 1453 2722 1519 formidavit,
2737 1453 2958 1509 scilicet
2970 1453 3198 1526 plebem
3214 1455 3286 1510 dc
3307 1453 3556 1510 Misiano
3579 1471 3712 1510 cum
3727 1455 3894 1510 omni

2241 1541 2570 1612 integritate
2601 1559 2727 1608 sua,
2761 1546 2818 1598 et
2847 1543 3137 1600 decimam
3165 1543 3236 1598 de
3264 1547 3454 1600 castro
3499 1543 3779 1616 Aganello
3823 1545 3902 1600 ad

2241 1631 2576 1704 praedictam
2611 1631 2838 1704 plebem
2869 1631 2940 1686 de
2970 1631 3210 1688 Arciaco
3229 1633 3638 1704 pertinentem,
3663 1638 3720 1688 et
3739 1633 3902 1689 deci-

2244 1735 2399 1775 mam
2434 1721 2505 1776 de
2535 1719 2862 1792 Mauringo,
2893 1720 2965 1775 ad
2995 1719 3228 1792 plebem
3259 1721 3332 1776 de
3354 1720 3612 1777 Fornovo
3633 1721 3893 1778 attinen-

2241 1813 2382 1877 tem,
2417 1824 2520 1862 nec
2551 1824 2665 1862 non
2687 1811 2743 1863 et
2765 1807 3136 1864 medietatem
3159 1808 3230 1863 de
3250 1811 3440 1864 castro
3463 1807 3808 1881 Gortegano,
3825 1809 3901 1866 ad

2240 1895 2537 1952 abbatiam
2570 1895 2768 1951 Sancti
2801 1895 3096 1952 Laurentii
3127 1896 3536 1968 pertinentem.
3571 1896 3648 1953 Eo
3685 1900 3889 1954 autem

2241 1985 2300 2040 in
2327 2001 2504 2057 regno
2517 1985 2779 2040 veniente
2791 2001 2926 2040 cum
2939 1985 3320 2056 comperisset
3337 1985 3489 2057 quod
3505 1985 3900 2059 archiepisco-

2236 2077 2350 2146 'pus
2381 2073 2595 2128 violata
2629 2071 2906 2129 ﬁdelitate
2934 2089 3112 2146 quam
3143 2072 3228 2128 illi
3251 2073 3485 2140 fecerat,
3510 2089 3760 2148 regnum
3781 2075 3901 2132 sibi

2239 2163 2512 2217 invadere
2544 2159 2864 2230 moliretur,
2891 2161 3136 2217 Girardo
3155 2160 3474 2234 instigante
3493 2163 3618 2218 etei
3651 2163 3899 2221 omnino

2241 2251 2617 2323 suffragante,
2649 2250 2846 2306 omnia
2876 2250 3174 2322 praedicta,
3199 2250 3352 2306 sicut
3373 2266 3468 2306 reo
3493 2251 3821 2322 majestatis
3843 2256 3903 2309 et

2240 2338 2665 2412 proscriptione
2691 2339 2890 2411 digno,
2904 2339 3064 2410 juste
3082 2338 3134 2394 ei
3155 2337 3403 2394 abstulit
3425 2342 3483 2395 et
3503 2340 3786 2414 episcopo
3808 2358 3902 2398 re-

2239 2427 2449 2484 stituit.
2483 2427 2594 2484 Sed
2626 2428 2886 2500 genitore
2918 2431 3114 2484 nostro
3144 2427 3216 2484 de
3237 2443 3414 2500 regno
3433 2429 3765 2496 recedente,
3789 2429 3900 2485 ite-

2239 2533 2370 2588 rum
2385 2516 2584 2572 omnia
2604 2515 2877 2572 invadere
2890 2532 3006 2571 non
3025 2514 3240 2584 timuit,
3255 2519 3451 2588 spreta
3462 2517 3512 2590 ej
3521 2533 3592 2574 us
3614 2533 3892 2574 reveren-

2234 2605 2318 2662 tia
2345 2611 2402 2660 et
2429 2605 2657 2660 timore.
2691 2605 2806 2660 Nos
2833 2620 2963 2661 vero
2994 2604 3370 2678 episcopatus
3409 2605 3791 2662 diminutioni
3831 2612 3895 2664 et

2237 2693 2486 2750 miseriae
2514 2692 2912 2761 condolentes,
2946 2697 3004 2748 et
3019 2697 3328 2765 paternum
3347 2693 3895 2752 dedecus-conside-

2234 2787 2450 2848 rantes,
2485 2781 2606 2837 haec
2645 2781 2842 2836 omnia
2882 2780 3176 2854 episcopio
3218 2781 3566 2838 mternaliter
3611 2782 3888 2842 habenda

2235 2870 2630 2938 concedimus,
2661 2873 2718 2926 et
2747 2870 2990 2942 insuper
3017 2886 3119 2942 per
3139 2870 3409 2943 praecepti
3427 2871 3610 2928 nostri
3633 2873 3893 2928 auctori-

2232 2962 2414 3015 tatem
2446 2958 2750 3014 retinenda
2777 2957 3165 3024 instituimus,
3195 2973 3265 3014 ea
3281 2957 3550 3016 videlicet
3584 2959 3807 3016 ratione
3827 2965 3900 3016 ut

2235 3046 2435 3102 nullus
2486 3046 2982 3119 archiepiscopus,
3029 3045 3360 3118 episcopus,
3406 3047 3543 3114 dux,
3596 3048 3885 3118 marchio,

2233 3151 2448 3202 comes,
2481 3135 2820 3203 vicecomes,
2845 3151 2946 3190 seu
2970 3149 3188 3207 magna
3203 3151 3497 3207 parvaque
3515 3135 3677 3209 regni
3699 3137 3888 3193 nostri

2233 3241 2480 3296 persona
2508 3223 2813 3280 ecclesiam
2836 3225 3104 3280 eamdem
3128 3223 3402 3280 divestire
3422 3223 3656 3281 audeat.
3680 3225 3890 3298 Siquis

477 3311 879 3376 Coloniensem
898 3316 1908 3393 archiepiscopum,etdulcissimum
1927 3335 2126 3376 conso-
2156 3297 2200 3364 Ο
2236 3329 2391 3380 vero.
2423 3317 2533 3369 θῐοο

477 3407 714 3464 brinum
760 3412 1050 3476 nostrum,
1100 3413 1316 3464 nostrae
1364 3408 1536 3480 regias
1586 3405 1892 3463 humiliter
1932 3408 2135 3465 retulit

477 3497 774 3570 potestati,
810 3495 1062 3569 qualiter
1091 3513 1262 3552 suam
1277 3495 1598 3552 Ecclesiam
1621 3511 1767 3566 pene
1805 3495 2128 3554 desolatam

485 3585 806 3659 multisque
833 3585 1264 3642 calamitatibus
1285 3589 1342 3640 et
1360 3583 1614 3640 miseriis
1633 3583 1953 3642 invenisset
1973 3586 2134 3642 attri-

485 3681 628 3732 t'am.
651 3673 1024 3748 Imperatoris
1045 3689 1299 3744 namque
1322 3672 1463 3728 divae
1488 3673 1780 3730 memoria
1794 3673 2129 3732 Chuonradi

482 3765 563 3821 im
569 3762 1103 3838 peratorisAugusti
1116 3760 1396 3834 genitoris
1409 3761 1590 3818 nostri
1605 3765 1864 3836 tempore
1877 3763 2130 3821 domnus

483 3851 806 3910 Landulfus
833 3851 1266 3924 pranominatze
1295 3849 1566 3906 Ecclesiae
1593 3855 1651 3906 et
1683 3851 1832 3922 parti
1879 3852 2128 3909 Romani

481 3933 710 4014 imperii
741 3931 844 4014 per
871 3939 1069 3997 omnia
1092 3954 1325 4010 semper
1353 3937 1757 4006 fidelissimus,
1789 3940 1948 4012 gravi
1971 3940 2126 3996 infir-

479 4029 682 4086 mitate
712 4035 1037 4102 correptus,
1059 4028 1120 4082 in
1150 4027 1280 4100 ipsa
1325 4027 1668 4082 infirmitate
1731 4027 1965 4100 longam
2021 4046 2126 4102 pro

473 4120 650 4176 traxit
676 4119 876 4175 vitam.
902 4123 966 4172 In
988 4117 1160 4188 cujus
1177 4115 1350 4188 longa
1372 4115 1717 4189 aegritudine
1737 4132 1848 4171 sua
1869 4116 2127 4174 Ecclesia

473 4226 590 4266 non
614 4207 904 4265 modicam
923 4221 1098 4279 passa
1113 4205 1524 4276 cstjacturam,
1546 4203 1798 4259 maxime
1812 4205 2120 4276 aGirardo,

473 4297 760 4355 Heriberti
791 4292 1247 4351 Mediolanensis
1277 4291 1704 4364 archiepiscOpi
1735 4298 1966 4366 nepote,
2022 4295 2123 4368 qui

471 4387 718 4444 audacia
747 4383 939 4458 patrui
971 4381 1086 4450 sui,
1119 4381 1220 4452 qui
1251 4396 1424 4436 omne
1459 4396 1707 4453 regnum
1734 4381 1998 4439 Italicum
2047 4385 2122 4441 ad

475 4492 650 4533 suum
673 4471 1019 4547 disponebat
1044 4474 1276 4538 nutum,
1301 4469 1809 4541 superbelevatus,
1833 4473 2120 4546 quidquid

475 4565 586 4621 sibi
605 4563 894 4636 placitum
913 4564 1058 4625 erat,
1073 4559 1306 4630 justum
1327 4563 1428 4613 aut
1445 4558 1753 4631 injustum,
1777 4562 2121 4634 potestative

2313 3402 2428 3476 Ego
2455 3403 2801 3458 Ramundus
2831 3401 3096 3458 notarius
3127 3401 3308 3475 hujus
3333 3402 3546 3460 exomii
3587 3403 3888 3476 exemplar

2237 3491 2356 3547 vidi
2383 3495 2438 3548 et
2468 3489 2602 3564 legi.

3017 3577 3135 3636 ΧΠ.

2237 3652 2486 3724 Heinrici
2513 3651 2588 3707 III
2619 3653 2785 3720 regis,
2818 3652 3166 3724 imperatori:
3197 3652 3261 3719 II,
3293 3651 3535 3724 diploma
3563 3668 3670 3724 quo
3694 3657 3888 3712 omnia

2309 3722 2446 3778 bona
2473 3725 2759 3794 conﬁrmat
2815 3723 3144 3780 monasterio
3208 3722 3496 3779 Veronensi
3545 3722 3733 3782 Sancti
3788 3725 3886 3782 Ze-

2309 3810 2492 3850 ηοηιε.

2347 3885 2352 3891 υ
2857 3865 3045 3937 (Anno
3076 3864 3264 3934 4047.)

2532 3937 2886 4009 [MURATORI,
2918 3938 3138 4008 Aantiq.
3171 3937 3294 3992 Ital.
3330 3937 3411 4004 Vl,
3445 3937 3598 4009 22L]

2305 4027 2368 4082 In
2388 4026 2623 4084 nomine
2644 4029 2858 4080 sanctae
2880 4029 2938 4081 et
2957 4023 3174 4081 individ
3184 4042 3268 4080 uae
3288 4024 3611 4082 Trinitatis.
3638 4025 3884 4084 HEINRI-

2233 4133 2360 4182 cus,
2376 4115 2573 4171 divina
2585 4113 2808 4170 favente
2820 4111 3550 4185 clementia,Romanorum
3564 4113 3888 4188 imperator

2233 4209 2558 4278 Augustus.
3843 4269 3850 4274 η

2305 4289 2674 4364 Imperialem
2705 4289 3128 4347 sublimitatem
3149 4292 3446 4362 condecet,
3471 4295 3610 4360 etc.;
3631 4292 3888 4365 qualiter

2231 4380 2527 4436 Walterus
2549 4396 2648 4434 san
2658 4383 2760 4434 ctze
2781 4379 3132 4436 Veronensis
3155 4379 3421 4436 Ecclesiae
3435 4379 3748 4453 episcopus
3764 4398 3886 4438 una

2230 4486 2366 4526 cum
2399 4467 2687 4536 Alberico,
2734 4467 2944 4524 abbate
2993 4469 3332 4524 monasterii
3389 4468 3584 4524 Sancti
3631 4469 3885 4527 Zenonis

2230 4557 2524 4631 martyris,
2550 4563 2810 4614 nostram
2835 4557 3206 4614 clementiam
3232 4556 3882 4630 suppliciterexorando

475 4653 826 4727 operabatur
845 4649 902 4703 in
923 4663 1120 4720 regno.
1142 4647 1358 4702 Invasit
1380 4647 1572 4719 itaque
1585 4653 1802 4705 cortem
1817 4655 1873 4705 et
1889 4649 2119 4722 plebem
2149 4663 2197 4728 υ
2228 4647 2391 4713 adiit,
2423 4647 2495 4703 ob
2528 4663 2788 4703 amorem
2818 4645 2920 4702 Dei
2941 4646 3379 4719 omnipotentis,
3403 4645 3676 4718 beatique
3697 4646 3882 4703 Zeno-

471 4744 544 4799 de
573 4741 811 4797 Arciaco
843 4741 1046 4792 contra
1072 4733 1428 4792 voluntatem
1451 4742 1508 4792 et
1558 4737 1684 4793 sine
1733 4737 2120 4810 permissione

472 4833 730 4888 multum
746 4827 964 4897 diuque
981 4825 1316 4896 aegrotantis
1337 4825 1612 4899 episcopi.
1637 4826 1894 4890 Quicum
1910 4825 2116 4898 liquis-

417 4921 434 4934 ⁵
477 4925 566 4976 set
593 4917 818 4982 inﬁma,
842 4917 900 4968 et
931 4912 1240 4986 migrasset
1283 4914 1354 4970 ad
1405 4931 1672 4988 superos,
1727 4915 2015 4970 successit
2064 4915 2117 4972 ei

473 5004 779 5063 Hubaldus
795 5002 1122 5076 episcopus,
1137 5007 1335 5059 noster
1347 5003 1360 5058 i
1372 5022 1406 5058 η
1424 5005 1698 5059 omnibus
1711 5002 2110 5061 fidelissimus.

469 5095 573 5152 Cui
607 5111 743 5150 cum
773 5107 1008 5148 necesse
1039 5095 1192 5148 esset
1221 5093 1292 5147 ad
1319 5092 1708 5164 episcopalem
1725 5093 2112 5149 consecratio-

469 5201 604 5241 nem
636 5183 926 5250 accedere,
959 5181 1030 5236 ab
1081 5181 1518 5254 archiepiscopo
1568 5184 1634 5235 ut
1676 5186 2114 5238 consecraretur

472 5277 782 5347 impetrare
795 5287 1163 5344 nequaquam
1179 5270 1380 5340 valuit,
1415 5269 1642 5340 plebem
1669 5271 1725 5322 et
1744 5273 1962 5325 cortem
1997 5271 2111 5327 nisi

469 5381 647 5438 quam
679 5364 896 5434 injuste
925 5364 981 5415 et
1011 5359 1354 5432 potestative
1385 5357 1698 5424 invaserat,
1753 5358 1948 5429 nepoti
2003 5375 2110 5415 suo

467 5453 828 5512 concederet.
860 5455 1120 5522 Cumque
1141 5449 1198 5505 in
1231 5449 1473 5518 longum
1503 5461 1605 5516 pro
1635 5443 1744 5501 hac
1791 5447 2111 5505 intentione

467 5545 517 5616 ej
527 5561 596 5600 us
617 5542 1000 5616 protelaretur
1017 5535 1395 5598 consecratio,
1416 5549 1532 5588 non
1552 5539 1760 5606 sponte
1784 5537 1886 5592 sed
1912 5541 2112 5594 coacte

467 5633 777 5701 concessit,
801 5634 955 5706 quod
980 5629 1246 5704 petierat,
1277 5623 1772 5681 consecrationem
1802 5641 1918 5680 non
1941 5625 2113 5682 aliter

469 5727 840 5786 consecutus.
873 5719 1162 5788 Quiavero
1182 5711 1436 5772 multum
1453 5711 1697 5772 moleste
1717 5713 1938 5774 ferebat
1951 5715 2106 5794 quod

2231 4737 2323 4793 nis
2340 4735 2741 4803 reverentiam,
2766 4738 2874 4790 etc.
2898 4735 3018 4792 Nos
3038 4752 3194 4804 vero,
3211 4734 3394 4805 justis
3415 4749 3619 4790 eorum
3639 4734 3877 4807 petitio-

2228 4823 2403 4881 nibus
2433 4823 2882 4890 consentientes,
2916 4839 3019 4894 pro
3050 4823 3308 4879 remedio
3327 4822 3540 4878 animae
3562 4827 3799 4891 nostra,
3819 4827 3880 4880 et

2225 4913 2297 4970 ob
2311 4913 2701 4969 interventum
2716 4910 3112 4968 dilectissime;
3129 4910 3398 4986 conjugis
3409 4911 3879 4984 nostraeimpera-

2225 5002 2388 5057 tricis
2401 5001 2661 5075 Agnetis,
2680 5000 2953 5073 praedicto
2973 5000 3332 5056 monasterio
3345 5000 3718 5056 concedendo
3732 5017 3881 5056 con-

2223 5093 2552 5155 ﬁrmamus,
2585 5094 2694 5146 etc.
2725 5089 2784 5144 ιιι
2817 5093 2906 5144 est
2927 5089 2986 5144 in
3010 5089 3215 5144 eodem
3237 5089 3527 5144 territorio
3553 5087 3868 5146 Veronensi

2225 5177 2648 5235 monasterium
2679 5180 3084 5233 constructum
3112 5177 3172 5232 in
3203 5177 3426 5234 honore
3455 5177 3644 5234 sancti
3690 5176 3864 5248 Petri,

2221 5268 2378 5341 quod
2409 5266 2623 5323 dicitur
2652 5265 2976 5333 Mauritica,
3010 5280 3145 5321 cum
3195 5265 3438 5322 decimis
3487 5281 3554 5322 ac
3599 5265 3874 5322 terminis

2221 5373 2423 5412 eorum
2436 5355 2812 5412 cernentibus
2834 5371 2868 5408 a
2887 5354 3002 5410 fine
3019 5354 3250 5411 Fissaro
3269 5370 3457 5426 usque
3479 5354 3538 5408 in
3557 5354 3872 5410 Fossatum

2220 5445 2626 5508 Mantuanum,
2658 5458 2728 5498 ex
2758 5459 2874 5498 uno
2904 5441 3083 5498 latere
3125 5443 3200 5498 ab
3245 5442 3478 5516 Agricia
3516 5456 3706 5514 usque
3754 5442 3874 5498 ﬁne

2216 5533 2434 5603 Finale,
2477 5537 2533 5588 et
2561 5530 2900 5604 pertingens
2929 5531 2989 5586 in
3019 5531 3252 5605 Agricia
3280 5548 3472 5604 usque
3513 5529 3870 5600 Trivularia,

2217 5623 2288 5679 de
2320 5638 2436 5678 uno
2466 5621 2654 5692 capite
2713 5617 3139 5688 Castellionem,
3199 5621 3504 5689 Silvatico;
3556 5618 3870 5676 castellum

2216 5713 2392 5772 etiam
2421 5710 2482 5770 in
2493 5706 2818 5788 Vallepicta
2837 5725 2970 5768 cum
2991 5709 3236 5788 decimis
3256 5711 3313 5770 et
3333 5706 3675 5786 appendicis
3699 5708 3833 5773 suis
3851 5728 3868 5788 ς
