3976 6354
76 388 237 470 1101

74 621 430 673 sanctorum
462 617 640 672 Firmi
671 622 728 672 et
756 617 1000 684 Rustici,
1032 634 1165 673 cum
1199 617 1462 686 decimis,
1498 617 1744 690 placitis,

73 706 456 771 districtis,et
475 705 751 761 omnibus
776 706 902 762 suis
927 705 1316 778 pertinentiis,
1332 707 1506 762 sicuti
1530 723 1563 761 a
1584 708 1747 762 bona

74 795 383 850 memoria
405 794 608 850 Karolo
641 794 908 868 piissimo
940 794 1291 867 imperatore
1323 812 1670 852 concessum
1693 799 1750 850 et

73 883 350 940 oblatum
382 888 472 940 est
501 883 856 939 monasterio
889 884 1086 938 Sancti
1120 883 1398 952 Zenonis;
1441 883 1746 940 castellum

73 973 400 1029 Uerbetum
426 989 560 1028 cum
592 972 820 1028 cunctis
847 972 1216 1042 pertinentiis
1239 973 1362 1028 suis
1393 977 1451 1028 et
1479 973 1747 1044 adjacen-

72 1062 206 1130 tiis;
234 1059 547 1116 castellum
567 1061 1055 1129 Trebunciolum;
1080 1067 1138 1116 et
1154 1062 1459 1118 castellum
1475 1061 1748 1132 Vicoade_

69 1150 186 1218 ris;
222 1147 511 1222 capellam
542 1149 741 1206 Sancti
781 1149 1076 1204 Laurentii
1122 1151 1298 1206 sitam
1331 1150 1392 1204 in
1423 1150 1551 1221 ripa
1578 1148 1741 1231 Padi,

70 1256 204 1310 qua
238 1239 460 1294 dicitur
497 1238 723 1306 Ostilia,
747 1255 882 1294 cum
915 1238 1159 1294 decimis
1201 1244 1260 1294 et
1307 1238 1583 1294 omnibus
1613 1254 1740 1309 per-

71 1328 346 1384 tinentiis
376 1328 529 1396 suis;
564 1327 954 1400 Campolana,
981 1343 1255 1400 campum
1288 1326 1649 1392 Palliarium,
1682 1330 1741 1382 et

65 1416 512 1484 Novoletum,et
535 1415 593 1469 in
617 1416 758 1486 Gajo
773 1415 973 1488 jugias
1001 1420 1291 1471 trecentas
1314 1433 1327 1483 ;
1360 1413 1485 1470 loco
1515 1412 1740 1468 Casale-

63 1506 235 1572 Orci;
270 1503 408 1559 villa
439 1520 566 1575 qua
606 1504 821 1558 dicitur
861 1507 1046 1576 Aspo;
1079 1503 1392 1560 Castellum
1427 1503 1736 1559 Romania-

62 1611 238 1662 num,
263 1610 396 1649 cum
430 1593 677 1648 facticiis
709 1593 907 1648 Sancti
944 1593 1216 1660 Zenonis,
1247 1598 1303 1649 et
1345 1597 1605 1648 montem
1637 1599 1738 1662 qui

64 1683 290 1739 dicitur
317 1681 563 1749 Alferia;
604 1682 661 1736 in
699 1682 896 1738 Lisino
929 1683 1027 1737 ubi
1056 1683 1271 1738 dicitur
1301 1681 1560 1749 Melario,
1584 1697 1740 1736 cam-

66 1789 178 1844 pos
228 1773 410 1839 duos;
443 1771 503 1825 in
535 1770 801 1826 Clariano
863 1787 1103 1844 campos
1163 1775 1311 1840 tres;
1363 1771 1422 1825 in
1472 1770 1736 1826 Crodano

1434 387 1830 458 HENRIGUS
1874 377 1956 457 Ili
1999 383 2166 458 1MP.

76 531 134 584 et
173 525 491 584 castellum
541 527 884 584 Mauriatica
934 545 1066 584 cum
1115 527 1358 584 ecclesia
1408 527 1468 584 in
1526 529 1745 586 honore
1773 529 1830 595 Α

3349 365 3528 456 ιιοῑ

2615 521 2756 582 XIII.

1857 646 2144 701 Heinricus
2173 645 2250 699 II!
2274 659 2392 710 rex,
2419 647 2469 697 et
2509 645 2804 714 imperator
2831 642 2882 714 Il
2907 642 3186 714 canonicis
3221 642 3510 698 Patavinis

2095 730 2388 787 eorumque
2417 713 2666 769 Ecclesia:
2698 713 2994 785 privilegia
3022 716 3264 768 renovat.

2479 856 2668 927 (Anno
2701 855 2882 925 1047.)

2187 990 2527 1058 [Mum'roaa
2560 990 2742 1061 A-ntiq.
2776 989 2898 1044 Ital.
2933 988 2974 1059 Ι,
3010 988 3191 1059 1001.]

1924 1153 1983 1207 In
2019 1151 2255 1207 nomine
2284 1155 2495 1207 sancta
2542 1155 2599 1206 et
2640 1150 2952 1205 individua
2981 1149 3303 1207 Trinitatis.
3337 1150 3504 1208 Ham-

1852 1258 2020 1296 mcus
2051 1240 2246 1295 divina
2278 1241 2504 1296 favente
2533 1238 2846 1296 clementia
2888 1239 3286 1296 Romanorum
3317 1239 3504 1314 impe-

1851 1334 2009 1386 rator
2033 1331 2352 1402 Augustus.

1918 1419 1977 1473 Si
2010 1418 2192 1473 sacris
2223 1422 2280 1472 et
2323 1417 2754 1473 venerabilibus
2798 1417 2963 1485 locis,
2997 1422 3106 1473 etc.
3139 1420 3503 1491 Quapropter

1847 1507 2110 1562 omnium
2146 1506 2408 1562 ﬁdelium
2441 1499 2652 1561 sancta
2692 1505 2793 1562 Dei
2823 1505 3111 1575 Ecclesiae,
3135 1511 3500 1563 nostrorum-

1847 1612 1959 1667 que
2000 1595 2375 1668 prasentium
2425 1594 2646 1651 scilicet
2689 1612 2754 1650 ac
2801 1595 3131 1651 futurorum
3181 1594 3500 1668 comperiat

1845 1685 2158 1753 industria,
2190 1683 2511 1739 Arnaldum
2563 1687 2775 1740 sancta
2825 1683 3179 1741 Pataviensis
3226 1685 3495 1741 Ecclesia

1843 1771 2233 1830 venerabilem
2265 1772 2628 1844 episcopum,
2652 1789 2758 1828 nec
2788 1789 2901 1828 non
2924 1776 2980 1829 et
3005 1775 3366 1830 Bernardum
3398 1791 3499 1831 no-

67 1877 318 1933 campos
339 1861 518 1927 duos;
543 1860 602 1914 in
627 1859 868 1930 Laupha
889 1875 1165 1930 campum
1187 1877 1404 1927 unum;
1429 1857 1733 1914 castellum
1763 1891 1810 1956 Β
1845 1867 2033 1918 strum
2065 1861 2456 1934 capellanum,
2492 1862 2876 1933 ejusdemque
2913 1861 3167 1918 ecclesia
3203 1862 3494 1919 archidia-

63 1949 273 2006 Sancti
295 1948 408 2002 Viti
431 1964 564 2002 cum
598 1947 966 2018 pertinentiis
989 1949 1140 2015 suis;
1169 1949 1473 2017 Paronam,
1499 1945 1732 2002 Cassia-

63 2055 236 2105 num,
271 2035 418 2093 cella
473 2037 668 2091 Sancti
703 2037 850 2091 Petri
901 2037 1054 2092 infra
1101 2037 1393 2092 civitatem
1442 2035 1730 2091 Veronam

61 2145 198 2183 cum
232 2125 601 2199 pertinentiis
634 2126 785 2192 suis;
817 2125 874 2179 in
894 2126 1023 2181 Cavi
1047 2125 1254 2181 cellam
1272 2126 1464 2180 Sancti
1489 2126 1728 2180 Andreae

61 2234 198 2272 cum
232 2213 598 2287 pertinentiis
626 2213 777 2280 suis;
811 2215 868 2268 in
892 2214 1060 2269 Venti
1082 2214 1366 2286 capellam
1395 2215 1592 2269 Sancti
1615 2213 1729 2283 Viti

60 2322 199 2362 cum
259 2302 629 2376 pertinentiis
684 2304 847 2371 suis;
899 2303 957 2356 in
1013 2302 1326 2358 Puviniaca
1367 2301 1728 2358 curticellam

63 2397 343 2462 unam,et
368 2396 531 2447 curte
562 2391 622 2445 in
657 2391 946 2447 Rivariola
966 2408 1097 2446 cum
1130 2392 1405 2447 omnibus
1438 2391 1729 2463 pertinen-

63 2483 162 2538 tiis
195 2481 356 2547 suis;
391 2484 447 2536 et
479 2481 537 2534 in
569 2479 746 2535 Pualo
770 2496 1008 2551 campos
1038 2485 1190 2546 tres;
1226 2497 1330 2536 nec
1363 2497 1475 2534 non
1508 2485 1563 2534 et
1591 2496 1725 2534 cum

66 2569 350 2626 omnibus
381 2569 556 2624 rebus
605 2569 677 2624 ad
725 2569 1031 2640 praefatum
1086 2569 1508 2624 monasterium
1547 2569 1726 2639 perti-

66 2659 370 2724 nentibus,
395 2674 528 2713 cum
575 2656 857 2733 ecclesiis,
890 2657 1166 2724 castellis,
1192 2658 1355 2723 vicis,
1397 2657 1722 2724 colonibus,

65 2746 402 2819 mancipiis,
425 2745 886 2812 comendaticiis,
913 2745 1176 2812 facticiis,
1200 2751 1307 2801 etc.
1326 2747 1724 2802 Admonemus

69 2836 250 2892 etiam
285 2835 556 2890 abbatem
600 2833 698 2906 qui
732 2838 960 2906 praeest,
994 2836 1241 2906 ejusque
1286 2835 1724 2890 successoribus

69 2924 502 2990 interdicimus,
526 2939 596 2979 ne
621 2939 710 2978 res
733 2923 1145 2994 stipendiarias
1165 2923 1390 2978 alendis
1423 2923 1724 2979 monachis

66 3015 390 3076 dedicatas,
427 3013 496 3068 de
522 3012 655 3068 sinu
687 3011 1027 3068 monasterii
1065 3012 1311 3084 rapiant,
1347 3016 1402 3066 et
1431 3012 1722 3068 saeculari-

65 3107 182 3160 bus
212 3103 271 3159 in
306 3102 652 3157 beneficium
698 3101 979 3169 tribuant,
1004 3101 1142 3172 quia
1182 3102 1274 3172 pia
1308 3100 1510 3173 religio
1544 3100 1720 3157 recla-

65 3199 210 3257 mat,
243 3191 292 3248 si
324 3191 471 3247 servi
501 3190 603 3245 Dei
636 3191 944 3246 tabescunt
987 3189 1203 3261 inopia,
1234 3195 1290 3245 et
1339 3191 1439 3261 qui
1472 3207 1586 3245 non
1620 3191 1716 3246 de-

65 3284 209 3338 bent
236 3297 436 3337 eorum
469 3279 764 3335 ditescunt
791 3279 976 3350 copia.
1010 3278 1066 3334 Si
1088 3258 1233 3350 quis
1272 3258 1453 3334 abbas
1484 3280 1715 3335 incaute
1747 3258 1790 3326 C

65 3375 172 3427 aut
202 3369 506 3426 temerarie
539 3369 692 3440 quod
725 3367 1023 3424 sancimus
1057 3367 1412 3440 perfregerit,
1445 3369 1598 3440 quod
1633 3369 1716 3424 in-

55 3462 221 3532 juste
251 3457 479 3525 tribuit,
515 3457 674 3528 juste
720 3457 962 3523 auferat,
997 3461 1054 3511 et
1086 3457 1416 3511 membrum
1467 3457 1716 3512 fractum

63 3547 294 3620 corpori
326 3544 628 3602 Dominico
658 3543 1008 3612 consolidet;
1046 3548 1108 3599 ut
1138 3545 1186 3600 si
1218 3545 1367 3601 male
1400 3547 1550 3601 facta
1581 3563 1717 3618 pur-

67 3653 207 3712 gare
237 3634 501 3703 voluerit,
535 3639 592 3690 et
639 3633 980 3707 nequiverit,
1016 3640 1312 3706 superstes
1346 3636 1472 3706 ejus
1521 3640 1720 3691 nostra

68 3733 124 3782 et
182 3729 520 3781 nostrorum
593 3739 998 3779 successorum
1059 3724 1350 3778 sententia
1413 3725 1720 3780 roboratus

70 3814 362 3880 emendet,
406 3812 563 3882 quod
613 3829 760 3868 suus
812 3815 1144 3867 antecessor
1191 3813 1407 3868 amisit.
1460 3813 1723 3885 Denique

73 3900 463 3976 praecipiendo
517 3899 835 3966 sancimus,
888 3903 952 3954 ut
1007 3899 1206 3956 nullus
1261 3902 1395 3970 dux,
1440 3901 1720 3970 marchio,

76 3991 410 4064 cpiscopus,
440 4004 655 4054 comes,
679 3987 1018 4054 vicecomes,
1046 3993 1150 4043 etc.
1179 3989 1238 4042 Si
1272 3990 1403 4060 quis
1432 4007 1565 4044 vero
1597 4007 1727 4045 con-

75 4088 163 4136 tra
192 4080 304 4134 hos
337 4082 569 4133 nostros
595 4077 817 4149 regales
841 4076 1032 4148 apices
1064 4076 1385 4150 insurgere,
1411 4083 1512 4134 aut
1541 4079 1598 4133 in
1631 4078 1731 4134 ali-

79 4187 191 4241 quo
220 4167 438 4223 violare
470 4166 795 4230 tentaverit,
830 4165 980 4220 infra
1011 4166 1325 4221 dictionem
1358 4167 1518 4238 regni
1547 4167 1731 4223 nostri

79 4258 422 4323 consistens,
458 4254 603 4311 sciat
641 4271 703 4311 se
751 4253 932 4309 libras
977 4254 1220 4326 triginta
1267 4255 1393 4310 auri
1443 4257 1730 4328 probatis-

77 4346 209 4400 simi
259 4343 684 4410 exsoluturum,
735 4343 1108 4398 medietatem
1146 4344 1406 4415 pradicti
1445 4351 1737 4405 monaste-

78 4436 168 4502 rii,
201 4439 259 4490 et
285 4432 654 4489 medietatem
699 4431 901 4504 palatii
953 4433 1159 4487 nostri.
1195 4433 1265 4486 Et
1307 4433 1416 4489 hoc
1466 4441 1733 4492 nostrum

77 4526 429 4596 praeceptum
462 4521 520 4576 in
566 4520 666 4576 Dei
699 4521 958 4588 nomine,
991 4525 1056 4576 ut
1106 4520 1428 4592 pleniorem
1479 4524 1738 4596 obtineat

78 4613 440 4677 ﬁrmitatem,
471 4615 581 4666 etc.

147 4703 379 4771 Signum
407 4699 596 4754 damni
626 4700 875 4754 Heinrici
907 4701 1059 4754 tertii
1087 4702 1231 4768 regis
1263 4703 1634 4768 invictissimi,
1662 4720 1741 4760 se-

82 4790 248 4846 eundi
279 4791 648 4844 Romanorum
680 4789 1030 4858 imperatoris
1063 4792 1322 4858 Augusti.

152 4877 459 4934 Heinricus
491 4875 879 4932 cancellarius
910 4877 1032 4932 vice
1071 4877 1408 4932 Herimanni
1440 4879 1739 4934 archican-

86 4966 302 5023 cellarii
342 4965 670 5038 recognovi.

155 5057 303 5111 Data
331 5072 431 5110 vm
461 5055 600 5110 Idus
623 5054 778 5123 Maii,
803 5071 956 5110 anno
980 5054 1293 5109 Dominica
1320 5056 1742 5113 Incarnationis

88 5147 247 5211 1047,
271 5143 586 5200 indictione
612 5161 702 5212 xv,
729 5161 883 5200 anno
915 5149 1113 5200 autem
1136 5145 1338 5199 domni
1366 5145 1610 5200 Heinrici
1637 5150 1744 5206 ter.

88 5235 174 5300 tii,
207 5231 594 5290 ordinationis
641 5234 770 5304 ejus
820 5249 980 5302 xvnl,
1015 5233 1313 5305 regnantis
1345 5251 1468 5300 vm,
1504 5236 1745 5290 secundi

95 5321 441 5394 imperantis
472 5321 681 5394 primo.

158 5416 368 5470 Actum
404 5411 637 5469 Folerni
667 5411 724 5468 in
757 5410 856 5469 Dei
892 5413 1130 5470 nomine
1159 5412 1420 5472 feliciter.
1452 5415 1656 5470 Amen.

1842 1968 2055 2007 conum
2113 1955 2374 2006 nostram
2428 1949 2732 2005 humiliter
2776 1964 3044 2006 exorasse
3098 1949 3492 2019 clementiam,

1840 2045 2132 2112 quatenus
2165 2056 2268 2111 pro
2302 2039 2400 2094 Dei
2435 2039 2856 2110 omnipotentis
2901 2055 3118 2110 amore,
3149 2042 3207 2094 et
3235 2039 3492 2096 remedio

1839 2129 2046 2184 anima
2080 2132 2314 2194 nostra,
2347 2143 2448 2182 nec
2501 2144 2616 2183 non
2660 2133 2717 2182 et
2761 2131 2966 2200 rogatu
3023 2127 3275 2184 Heinrici
3308 2128 3493 2185 nostri

1839 2216 2204 2273 dilectissimi
2265 2215 2596 2271 cancellarii
2642 2215 2843 2271 omnia
2893 2221 3178 2289 praecepta
3235 2233 3362 2289 qua
3421 2217 3493 2272 ab

1837 2305 2306 2362 antecessoribus
2333 2304 2567 2371 nostris,
2589 2321 2691 2358 seu
2721 2305 3110 2360 instrumenta
3131 2305 3488 2374 chartarum,

1837 2414 1963 2468 qua
1998 2413 2031 2448 a
2061 2394 2333 2449 ﬁdelibus
2365 2392 2504 2448 viris
2555 2396 2768 2448 sancta
2819 2393 3174 2449 Pataviensis
3223 2393 3488 2449 Ecclesia

1838 2501 2024 2556 nuper
2052 2482 2263 2538 collata
2307 2487 2464 2548 sunt,
2499 2485 2700 2536 nostra
2741 2480 3083 2536 auctoritate
3112 2481 3489 2538 corroborare

1836 2573 2230 2645 dignaremur.
2265 2570 2523 2632 Quorum
2556 2568 2826 2640 precibus
2869 2573 2988 2624 tam
3023 2586 3127 2641 pro
3155 2569 3257 2626 Dei
3288 2585 3487 2626 amore

1834 2678 2013 2734 quam
2044 2677 2146 2732 pro
2197 2659 2462 2731 ejusdem
2511 2657 2779 2713 Ecclesiae
2823 2657 3192 2714 veneratione
3238 2657 3488 2715 libenter

1834 2767 2142 2806 assensum
2177 2747 2737 2820 prabentes,omnia
2756 2763 2881 2818 qua
2913 2763 3015 2819 per
3043 2751 3330 2820 pracepta
3350 2746 3486 2803 alio-

1834 2857 1962 2895 rum
1991 2855 2194 2912 regum
2209 2836 2296 2893 vel
2321 2837 2764 2908 imperatorum,
2789 2852 2894 2891 nec
2916 2853 3030 2892 non
3055 2853 3182 2908 qua
3203 2852 3305 2909 per
3323 2835 3486 2892 char-

1831 2933 2026 2983 tarum
2059 2929 2451 2982 instrumenta
2483 2924 2668 2980 eidem
2701 2923 2968 2980 Ecclesia
2999 2924 3224 2980 dudum
3247 2923 3484 2980 nfideli-

1833 3018 1943 3072 bus
1960 3016 2100 3070 viris
2117 3015 2311 3071 oblata
2328 3018 2486 3082 sunt,
2504 3031 2608 3086 per
2622 3012 2775 3069 hanc
2796 3017 3060 3070 nostram
3082 3014 3486 3070 auctoritatem

1831 3107 2080 3178 praefata
2100 3103 2454 3159 Pataviensis
2481 3101 2746 3158 Ecclesia
2771 3102 3215 3159 conﬁrmamus.
3230 3103 3345 3158 Nec
3367 3119 3487 3160 non

1831 3193 2148 3250 statuimus
2179 3197 2244 3247 ut
2274 3189 2536 3246 canonici
2568 3190 2832 3261 ejusdem
2871 3190 3136 3246 Ecclesia
3167 3191 3485 3248 servientes

1831 3300 1986 3338 nunc
2013 3286 2068 3337 et
2098 3297 2465 3336 successores
2498 3277 2732 3334 illorum
2772 3277 3018 3334 liberam
3058 3278 3317 3335 habeant
3345 3295 3481 3335 cum

1825 3387 2114 3428 consensu
2145 3367 2537 3441 episcopi,qui
2573 3384 2675 3438 pro
2705 3370 2967 3437 tempore
2998 3365 3192 3435 fuerit,
3229 3371 3480 3439 potesta-

1826 3467 1944 3517 tem
1977 3461 2048 3515 de
2077 3457 2372 3523 omnibus,
2402 3472 2528 3528 qua
2572 3453 2690 3510 illis
2725 3455 2886 3526 juste
2919 3458 2976 3510 et
3004 3453 3270 3527 legaliter
3297 3455 3474 3526 perti-

1828 3565 1964 3606 nere
1993 3549 2119 3604 visa
2150 3551 2308 3615 sunt,
2333 3550 2434 3599 aut
2458 3544 2581 3599 visa
2611 3543 2846 3610 fuerint,
2867 3543 3017 3598 inter
3045 3558 3128 3610 se,
3150 3546 3216 3598 ut
3235 3559 3477 3599 consue-

1828 3639 1968 3694 tudo
1989 3637 2116 3704 fuit,
2135 3634 2448 3702 dividendi,
2465 3631 2626 3688 omni
2648 3635 3003 3704 potestatum
3020 3631 3478 3688 contradictione

1829 3731 2055 3782 remota
2086 3743 2098 3780 :
2131 3722 2398 3779 videlicet
2428 3722 2499 3777 de
2531 3721 2773 3777 decimis
2820 3719 3070 3776 civitatis
3114 3737 3216 3793 per
3257 3720 3478 3787 omnia,

1833 3833 1964 3872 cum
1995 3813 2183 3870 titulis
2214 3816 2389 3884 atque
2432 3827 2566 3866 cum
2596 3809 2751 3866 villis
2781 3809 2908 3865 suis
2939 3810 3010 3865 ad
3043 3810 3305 3866 eamdem
3337 3809 3480 3864 civi-

1832 3909 2012 3962 tatem
2063 3900 2515 3974 pertinentibus.
2550 3899 2612 3954 In
2663 3898 2870 3971 primis
2916 3897 3056 3955 villa
3099 3915 3224 3970 qua
3273 3897 3488 3954 dicitur

1836 3995 2094 4058 Limena,
2124 3996 2180 4046 ct
2221 3989 2356 4044 villa
2403 4006 2529 4060 qua
2579 3987 2791 4043 dicitur
2833 3990 3061 4058 Arzere,
3084 3992 3142 4043 et
3167 3986 3488 4055 Autikeria,

1837 4088 1894 4139 et
1923 4083 2108 4137 Turre
2141 4084 2197 4135 et
2230 4079 2472 4146 Noenta,
2497 4082 2554 4134 et
2576 4076 2713 4133 villa
2734 4093 2859 4149 qua
2881 4076 3094 4132 dicitur
3123 4077 3410 4150 Bergomi,
3435 4080 3494 4132 et

1839 4169 2138 4236 Roncalia,
2163 4173 2218 4223 et
2248 4168 2440 4222 Ronco
2473 4165 2710 4235 Liuteri,
2747 4171 2804 4222 et
2830 4164 2968 4222 villa
2996 4182 3122 4238 qua
3155 4165 3374 4221 dicitur
3391 4165 3494 4220 Ca-

1841 4261 1980 4327 sale,
2015 4262 2072 4314 et
2101 4257 2286 4312 altera
2317 4273 2442 4328 qua
2473 4256 2690 4311 dicitur
2728 4254 3081 4323 Publitiano,
3113 4258 3171 4310 et
3200 4252 3337 4310 villa
3365 4245 3492 4326 qua

1843 4348 2182 4405 nominatur
2208 4344 2594 4416 Albignaseca
2623 4348 2680 4398 et
2710 4344 3051 4411 Masserata,
3079 4346 3190 4400 etc.
3223 4342 3497 4399 Concedi-

1845 4454 1978 4494 mus
2008 4435 2183 4492 etiam
2215 4434 2402 4488 eidem
2426 4431 2689 4487 Ecclesia
2721 4437 2791 4488 ut
2819 4430 3018 4488 nullus
3048 4433 3188 4499 dux,
3211 4431 3494 4498 marchio,

1847 4543 2061 4592 comes,
2093 4524 2434 4588 vicecomes,
2477 4519 2828 4588 sculdassio,
2877 4520 3185 4592 gastaldio,
3239 4521 3498 4577 decanus

1766 4627 1814 4693 D
1843 4617 1931 4672 vel
1964 4612 2238 4687 quislibet
2269 4609 2512 4682 publica
2544 4607 2728 4681 partis
2760 4608 3047 4677 minister,
3079 4612 3192 4664 etc.

1920 4706 2150 4776 Signum
2197 4699 2384 4755 damni
2439 4699 2682 4753 Heinrici
2730 4699 3078 4752 invictissimi
3130 4698 3499 4752 Romanorum

1853 4793 2198 4867 imperatoris
2227 4789 2474 4859 Augusti.

1922 4882 2232 4938 Heinricus
2262 4875 2645 4933 cancellarius
2673 4875 2796 4931 vice
2826 4874 3162 4931 Herimanni
3198 4873 3504 4930 archican-

1853 4971 2073 5028 cellarii
2108 4968 2412 5041 recognovi
2444 4971 2500 5022 et
2529 4965 2874 5037 subscripsi.

1925 5064 2070 5114 Data
2097 5077 2132 5114 v
2159 5059 2296 5114 ldus
2343 5055 2496 5123 Maii,
2530 5071 2683 5110 anno
2717 5053 3026 5110 Dominica
3079 5043 3520 5110 Incarnationis"

1857 5149 2014 5214 1047,
2049 5145 2367 5201 indictione
2416 5163 2508 5214 xv,
2554 5161 2705 5200 anno
2763 5147 2959 5200 autem
3006 5143 3205 5200 domni
3254 5141 3510 5199 Heinrici

1855 5237 2034 5303 tertii,
2069 5234 2456 5290 ordinationis
2485 5235 2613 5305 ejus
2644 5249 2803 5306 xvm,
2831 5232 3133 5305 regnantis
3161 5249 3286 5305 vm,
3319 5233 3419 5289 sed
3453 5234 3512 5286 et

1855 5323 2202 5398 imperantis
2231 5322 2442 5393 primo.

1925 5417 2135 5471 Actum
2165 5408 2504 5467 Tridentino
2535 5409 2594 5467 in
2622 5411 2725 5468 Dei
2750 5411 2985 5469 nomine
3017 5409 3280 5469 feliciter.
3304 5412 3510 5470 Amen.
