3976 6370
417 373 574 441 1103

1173 505 1315 564 XIV.

413 597 671 679 Ileinrz'cz'
697 595 773 651 111
790 597 962 679 ηας]έὲ
989 596 1132 678 inter
1159 598 1512 679 imperatores
1533 594 2062 679 Γςρεσξέηςίἱ,Αάίῃιορηα,

458 675 592 740 'quo
615 667 890 723 canonicis
920 667 1342 722 Taurinensibu—s
1381 667 1567 720 Sancti
1614 667 1910 722 Saluatoris
1928 669 2065 738 jura

482 739 546 793 ac
577 739 716 794 bona
729 741 930 794 omnia
960 741 1264 808 conﬁrmat.

1037 846 1226 914 (Anno
1257 843 1441 913 1047.)

741 933 1087 1002 [MURATORI,
1123 931 1302 1002 Antiq.
1337 931 1458 984 Ital.
1493 929 1561 996 V,
1598 931 1743 1000 195.]

484 1043 548 1094 In
583 1039 818 1094 nomine
849 1039 1060 1092 sancta
1092 1039 1147 1091 et
1187 1035 1500 1090 individua
1533 1035 1856 1091 Trinitatis.
1893 1034 2065 1089 Ham—

413 1143 601 1201 nicus,
627 1125 822 1180 divina
852 1125 1078 1179 favente
1107 1123 1432 1192 clementia,
1461 1124 1855 1179 Romanorum
1886 1123 2066 1194 impe-

416 1219 573 1271 rator
602 1216 925 1285 Augustus.

483 1302 761 1358 Omnium
794 1305 1005 1356 sancta
1023 1300 1121 1356 Dei
1154 1300 1416 1356 Ecclesia
1450 1305 1905 1372 nostrorumque
1926 1299 2066 1354 ﬁde-

414 1392 583 1456 lium,
614 1395 735 1445 tam
783 1390 1113 1445 futurorum
1165 1407 1339 1462 quam
1394 1386 1794 1462 praesentium,
1847 1387 2072 1443 noverit

417 1480 764 1536 universitas
795 1478 1048 1551 qualiter
1078 1496 1184 1534 nos
1215 1496 1318 1551 pro
1365 1496 1561 1534 amore
1606 1479 1800 1533 divino
1833 1477 2068 1532 anima-

417 1587 530 1642 que
552 1573 762 1624 nostra
785 1568 1040 1624 remedio
1071 1567 1368 1624 canonicis
1399 1567 1781 1622 Taurinensis
1804 1565 2070 1621 Ecclesia

416 1675 519 1733 per
557 1659 665 1714 hoc
719 1661 929 1712 nostra
979 1656 1441 1713 confirmationis
1489 1660 1842 1728 praeceptum
1900 1657 2074 1726 prout

407 1749 567 1820 juste
599 1750 655 1802 et
694 1745 959 1818 legaliter
1005 1762 1345 1817 possumus,
1371 1745 1746 1800 concedimus
1777 1748 1834 1798 et
1863 1743 2072 1797 contir-

415 1851 675 1902 mamus,
705 1831 1042 1889 stabilimus
1089 1833 1148 1886 in
1197 1832 1478 1888 canonica
1509 1837 1564 1887 et
1594 1831 1852 1887 claustra
1881 1831 1938 1884 in
1971 1830 2076 1885 Do-
2107 1874 2153 1938 Β

413 1925 559 1980 mini
581 1922 896 1979 Salvatoris
919 1921 1203 1976 honorem
1228 1923 1565 1976 constructo
1594 1921 1744 1975 infra
1762 1919 2080 1974 Taurinen-

414 2017 539 2070 sem
571 2012 883 2075 civitatem,
920 2027 1024 2064 nec
1071 2026 1186 2065 non
1239 2012 1296 2064 et
1345 2008 1644 2064 canonicis
1701 2007 1915 2063 ibidem
1977 2024 2079 2078 pro

414 2105 674 2173 tempore
705 2097 1116 2164 militantibus,
1143 2098 1344 2152 omnia
1374 2115 1408 2152 a
1438 2097 1618 2152 beata
1651 2095 1945 2151 memoria
1979 2095 2081 2149 Re-

425 2189 656 2264 gumiro
680 2183 943 2258 ejusdem
968 2185 1124 2242 sedis
1156 2186 1425 2258 episcopo
1459 2185 1790 2240 institutore
1815 2185 2078 2256 ejusdem

419 2277 708 2334 canonica
767 2274 995 2330 Domini
1047 2273 1360 2330 Salvatoris
1420 2273 1648 2338 collata,
1697 2277 1752 2328 et
1798 2290 1924 2345 qua
1979 2288 2082 2343 per

419 2368 702 2440 pracepta
733 2379 934 2436 regum
966 2366 1024 2418 et
1063 2360 1485 2434 imperatorum
1521 2361 1607 2416 vel
1641 2378 1743 2432 per
1773 2361 2080 2416 ﬁrmitates

419 2451 854 2511 succedentium
891 2451 1327 2522 episcoporum,
1362 2466 1463 2505 seu
1497 2467 1743 2522 quaque
1775 2449 2081 2504 collatione

419 2542 828 2614 religiosorum
851 2538 1159 2594 hominum
1187 2539 1405 2594 ibidem
1429 2537 1641 2594 collata
1667 2543 1803 2594 sunt
1831 2537 1919 2592 vel
1950 2555 2082 2592 con.

417 2631 695 2686 ferenda:
724 2627 998 2683 ecclesias
1033 2628 1256 2681 scilicet
1301 2628 1456 2682 intra
1493 2627 1758 2682 eamdem
1788 2626 2080 2682 civitatem

415 2717 677 2787 Taurini,
703 2733 881 2772 unam
915 2717 973 2771 in
1005 2716 1283 2770 honorem
1312 2719 1648 2770 sanctorum
1675 2715 2081 2787 apostolorum

413 2805 670 2879 Philippi
702 2809 758 2860 et
805 2804 1030 2871 Jacobi,
1067 2803 1244 2874 aliam
1295 2802 1353 2857 in
1401 2803 1681 2859 honorem
1738 2808 2082 2859 sanctorum

415 2894 816 2969 apostolorum
845 2892 1102 2947 Simonis
1136 2896 1191 2946 et
1233 2891 1422 2958 Juda,
1445 2892 1680 2946 tertiam
1711 2891 1767 2945 in
1797 2891 2082 2947 honorem

419 2975 611 3039 sancti
635 2980 920 3052 Stephani
954 2979 1248 3050 martyris,
1267 2982 1535 3049 quartam
1565 2980 1622 3034 in
1646 2979 1923 3035 honorem
1947 2998 2081 3035 san-

429 3070 508 3127 cti
540 3066 903 3133 Martiniani,
924 3067 1189 3138 quintam
1223 3068 1279 3120 in
1308 3066 1586 3122 honorem
1620 3068 1806 3123 sancti
1830 3068 2082 3136 Eusebii,

419 3164 646 3214 sextam
686 3157 745 3211 in
777 3155 1057 3212 honorem
1100 3156 1285 3212 sancti
1329 3156 1583 3211 Martini.
1610 3159 1874 3212 Castrum
1906 3157 2082 3213 etiam

1774 365 2089 439 MONUM.
2133 366 2460 435 DIPLOM.

2087 507 2143 574 Α
2174 505 2230 560 in
2265 505 2402 561 villa
2430 522 2560 578 qua
2589 503 2803 561 dicitur
2829 503 3094 573 Arsitias,
3121 518 3257 560 cum
3288 503 3444 558 corte
3475 501 3616 571 tota,
3641 505 3700 558 et
3731 503 3832 559 de-

3668 365 3833 433 Μοι

2177 594 2346 661 cima,
2373 597 2428 648 et
2461 593 2748 664 portibus,
2792 591 3233 665 piscationibus,
3271 589 3666 664 omnibusque
3717 591 3834 647 sibi

2176 681 2578 753 adjacentibus
2604 699 2615 737 :
2641 682 2945 738 ecclesiam
2969 681 3165 737 Sancti
3188 679 3419 752 Georgii
3443 696 3576 734 cum
3610 683 3831 746 monte,

2178 772 2273 824 ubi
2308 775 2494 827 exstat
2523 771 2581 824 in
2604 770 2954 842 Villaparso,
2979 787 3112 826 cum
3137 770 3296 824 omni
3320 769 3548 824 decima
3562 769 3833 840 ejusdem

2176 859 2343 926 villa,
2380 864 2434 914 et
2479 859 2702 914 mansis
2751 860 2939 914 eidem
2999 859 3290 914 canonica
3349 857 3831 930 pertinentibus:

2177 947 2462 1002 decimam
2496 947 2554 1002 in
2588 948 2900 1003 Malavasio
2931 964 3066 1002 cum
3087 947 3319 1003 duabus
3345 945 3627 1013 ecclesiis,
3652 961 3834 1002 unam

2179 1037 2235 1089 in
2278 1036 2553 1090 honorem
2605 1038 2827 1091 Sancta
2879 1037 3093 1102 Maria,
3131 1035 3375 1091 alteram
3428 1033 3489 1088 in
3549 1034 3833 1089 honorem

2179 1124 2373 1179 Sancti
2408 1125 2660 1191 Martini,
2687 1130 2742 1180 et
2772 1142 3006 1180 omnem
3056 1125 3343 1180 decimam
3376 1123 3435 1178 in
3467 1122 3832 1195 Valleplana,

2179 1217 2235 1268 et
2259 1213 2316 1266 in
2351 1213 2712 1280 Vallesurda,
2746 1218 2802 1268 et
2828 1212 2888 1267 in
2929 1213 3244 1280 Milionico,
3277 1218 3335 1268 et
3366 1211 3500 1266 inde
3529 1211 3835 1284 Ligadino,

2181 1316 2313 1354 cum
2344 1301 2513 1355 terris
2543 1305 2597 1356 et
2627 1300 2811 1354 vineis
2842 1301 2914 1354 ad
2947 1300 3248 1371 prafatam
3281 1299 3622 1354 canonicam
3657 1300 3836 1371 perti-

2182 1389 2452 1444 nentibus
2475 1408 2486 1444 :
2507 1393 2723 1444 cortem
2748 1388 2806 1443 in
2829 1388 3075 1444 Saxinas
3098 1405 3232 1444 cum
3263 1387 3510 1444 ecclesia
3531 1389 3592 1442 in
3614 1388 3838 1444 honore

2182 1478 2376 1531 Sancti
2399 1479 2644 1534 Joannis
2662 1496 2797 1534 cum
2814 1478 2974 1534 omni
2992 1479 3238 1543 decima,
3259 1477 3632 1542 molendinis,
3649 1477 3836 1538 silvis.

2183 1566 2484 1634 buscaliis,
2505 1567 2830 1638 palariis,et
2853 1567 3127 1621 omnibus
3155 1566 3546 1638 appendiciis;
3573 1581 3842 1620 omnem-

2183 1670 2295 1724 que
2319 1654 2603 1708 decimam
2627 1655 2890 1725 ejusdem
2915 1654 3089 1709 cortis
3113 1672 3124 1710 :
3152 1659 3370 1709 cortem
3393 1654 3454 1709 in
3472 1654 3838 1710 Martiriasco

2183 1758 2315 1796 cum
2349 1743 2568 1814 capella
2617 1744 2814 1798 Sancti
2853 1743 3108 1810 Martini,
3141 1760 3274 1798 cum
3306 1742 3487 1809 silvis,
3528 1741 3836 1810 busca-liis,

2185 1837 2240 1886 et
2271 1833 2545 1887 omnibus
2590 1833 2949 1905 appendiciis
2994 1833 3156 1888 suis:
3183 1836 3400 1888 cortem
3436 1833 3493 1885 in
3528 1832 3843 1888 Pavatiano

2187 1937 2319 1976 cum
2343 1922 2618 1976 omnibus
2640 1921 2763 1976 suis
2799 1921 3195 1993 pertinentiis;
3220 1919 3502 1993 capellam
3532 1920 3593 1974 in
3625 1921 3842 1975 Roma-

2187 2009 2360 2063 niano
2393 2009 2451 2063 in
2485 2009 2764 2065 honorem
2789 2010 2974 2065 sancti
3012 2008 3260 2081 Remigii
3288 2027 3300 2064 :
3328 2013 3546 2064 cortem
3571 2009 3632 2062 in
3664 2008 3842 2063 Pava-

2188 2097 2330 2154 riolo
2350 2115 2482 2153 cum
2507 2106 2697 2154 castro
2717 2103 2772 2154 et
2793 2098 3014 2171 capella
3035 2099 3094 2154 in
3113 2099 3313 2154 eodem
3333 2101 3523 2154 castro
3545 2097 3603 2152 in
3621 2097 3847 2152 honore

2189 2188 2370 2242 sancti
2425 2187 2695 2253 Secundi,
2737 2204 2870 2242 cum
2922 2188 3196 2242 omnibus
3246 2187 3372 2242 suis
3421 2184 3841 2258 pertinentiis:

2189 2277 2404 2331 certem
2436 2275 2494 2330 in
2525 2276 2840 2345 Audisello,
2874 2281 2930 2331 et
2977 2276 3281 2348 Mandego,
3314 2291 3449 2330 cum
3501 2274 3624 2330 suis
3656 2277 3842 2345 perti—

2190 2365 2404 2420 nentiis
2440 2381 2452 2418 :
2487 2370 2701 2420 cortem
2743 2366 2799 2418 in
2842 2365 3079 2420 Patiano
3111 2381 3244 2420 cum
3279 2367 3489 2431 castro,
3522 2367 3579 2418 et
3607 2363 3844 2419 duabus

2189 2453 2429 2526 capellis
2464 2470 2476 2508 :
2510 2459 2728 2509 cortem
2776 2454 2833 2508 in
2881 2453 3156 2508 Balbiano
3210 2469 3344 2508 cum
3393 2451 3616 2524 capella
3678 2468 3839 2507 una:

2190 2547 2407 2597 cortem
2432 2542 2488 2596 in
2522 2542 2810 2607 Aliniano,
2836 2559 2969 2597 cum
3002 2547 3216 2612 castro,
3229 2546 3285 2596 et
3305 2540 3528 2612 capella
3557 2542 3615 2595 in
3637 2541 3843 2597 eodem

2188 2635 2380 2686 castro
2412 2631 2467 2684 in
2503 2631 2778 2686 honorem
2809 2631 2993 2686 sancti
3022 2630 3270 2702 Remigii
3296 2646 3309 2684 :
3338 2627 3644 2700 capellam,
3674 2644 3842 2684 man-

2190 2735 2306 2786 sos,
2340 2719 2760 2791 vineas,atque
2809 2737 2975 2775 casas
3022 2720 3080 2774 in
3113 2719 3462 2785 Orsenasco;
3515 2720 3732 2773 cortem
3781 2716 3843 2772 in

2191 2808 2464 2874 Santena,
2488 2826 2620 2863 cum
2671 2814 2861 2864 castro
2894 2812 2950 2864 et
2979 2806 3202 2880 capella
3235 2807 3294 2861 in
3326 2806 3529 2862 eodem
3561 2810 3753 2861 castro
3782 2806 3843 2860 in

2190 2895 2408 2952 honore
2429 2897 2614 2952 sancti
2646 2897 2830 2959 Pauli,
2848 2914 2982 2952 cum
3018 2897 3176 2953 omni
3200 2913 3308 2952 sua
3329 2895 3556 2951 decima
3573 2893 3841 2966 ejusdem

2191 2986 2394 3052 cortis;
2430 2991 2647 3043 cortem
2679 2987 2737 3040 in
2771 2986 3040 3058 Bulgare,
3065 2989 3121 3042 et
3152 2989 3376 3057 partem
3400 2983 3457 3038 in
3486 2989 3674 3039 castro
3707 2999 3844 3038 cum

2191 3073 2475 3144 portibus,
2501 3074 2875 3142 molendinis,
2898 3073 3342 3147 piscationibus,
3365 3072 3548 3138 silvis,
3572 3076 3630 3128 et
3651 3071 3844 3127 omni-

2193 3163 2303 3217 bus
2325 3162 2436 3218 sibi
2467 3163 2890 3234 pertinentibus
2917 3180 2928 3218 :
2955 3163 3325 3218 medietatem
3353 3161 3528 3217 cortis
3551 3159 3843 3228 Buriadis,

419 3265 599 3320 super
626 3250 852 3318 portam
883 3245 1144 3317 ejusdem
1173 3244 1437 3300 civitatis
1461 3263 1587 3317 qua
1615 3246 1830 3300 dicitur
1852 3246 2082 3301 Turria-
2111 3235 2154 3302 C
2193 3267 2327 3305 cum
2362 3251 2668 3306 medietate
2699 3251 2932 3323 capella
2965 3252 3022 3305 in
3057 3251 3273 3306 honore
3297 3251 3480 3306 sancti
3502 3247 3804 3304 Michaelis
3829 3267 3843 3305 :

421 3337 574 3403 nica,
599 3340 657 3391 et
686 3353 918 3390 omnem
945 3334 1232 3389 decimam
1257 3339 1374 3388 tam
1405 3334 1565 3390 intus
1589 3351 1765 3406 quam
1789 3335 1928 3390 foris
1949 3336 2078 3406 ejus

421 3425 696 3496 civitatis,
725 3441 857 3480 cum
908 3422 1260 3478 molendinis
1304 3427 1361 3478 et
1403 3423 1829 3494 piscationibus
1861 3423 1918 3478 in
1953 3424 2078 3496 ipso

418 3514 594 3570 ﬂuvio
613 3514 810 3569 Turia.
837 3514 1082 3584 Insuper
1104 3511 1279 3567 etiam
1298 3527 1501 3566 omnes
1520 3529 1608 3566 res
1627 3512 1886 3580 ejusdem
1912 3528 2078 3566 cano.

414 3603 556 3658 nica
581 3607 699 3658 tam
725 3601 887 3657 intus
912 3617 1085 3672 quam
1115 3599 1278 3666 foris,
1309 3616 1444 3654 cum
1479 3599 1602 3654 suis
1635 3600 1885 3666 solariis,
1906 3599 2078 3668 casis,

416 3691 623 3759 hortis,
656 3690 1012 3758 accessibus,
1048 3689 1244 3755 terris,
1278 3688 1461 3742 servis
1507 3692 1564 3742 et
1603 3688 1850 3758 ancillis,
1884 3688 2076 3744 omni-

413 3781 640 3852 busque
671 3779 919 3852 praelata
951 3777 1248 3833 canonica
1292 3777 1737 3848 pertinentibus.
1773 3779 2080 3850 Largimur

413 3869 594 3924 etiam
625 3884 830 3922 omnes
861 3866 1122 3921 decimas
1155 3865 1356 3919 indom
1372 3864 1595 3921 nicatas
1626 3867 1888 3937 ejusdem
1919 3867 2076 3922 sedis

416 3955 694 4028 episcopi,
716 3959 773 4010 et
798 3955 1056 4009 decimas
1081 3953 1504 4008 Beneficiorum
1531 3955 1791 4010 omnium
1817 3954 2075 4010 fidelium

417 4044 682 4112 ejusdem
738 4041 1020 4114 episcopi.
1075 4039 1391 4096 Ecclesiam
1441 4059 1671 4114 quoque
1720 4042 2076 4098 cardinalem

415 4132 476 4188 in
509 4132 787 4188 honorem
822 4129 1009 4185 sancti
1043 4129 1277 4184 Maximi
1310 4130 1368 4185 in
1393 4131 1659 4198 Quincto,
1680 4136 1739 4186 et
1767 4131 2073 4186 ecclesiam

412 4223 603 4277 Sancti
631 4220 922 4292 Stephani
952 4219 1010 4273 in
1050 4219 1342 4287 Maliasco,
1367 4220 1670 4276 ecclesiam
1702 4221 1923 4275 Sancta
1955 4221 2073 4276 Ma-

409 4311 529 4378 ria,
561 4308 872 4364 ecclesiam
921 4307 1114 4363 Sancti
1163 4307 1333 4374 Petri,
1364 4307 1668 4363 ecclesiam
1701 4309 1894 4363 Sancti
1925 4309 2073 4364 LaU'

411 4399 605 4464 rentii,
635 4413 771 4452 cum
806 4397 965 4452 omni
1001 4396 1227 4452 decima
1259 4397 1542 4469 praedicta
1565 4396 1708 4450 villa
1731 4414 1742 4450 :
1768 4401 1984 4452 cortem
2016 4399 2073 4452 in

409 4485 720 4558 Alpiniano
752 4502 886 4540 cum
935 4492 1122 4540 castro
1156 4490 1213 4540 et
1243 4486 1466 4558 capella
1513 4485 1707 4540 Sancti
1743 4485 1888 4540 Petri
1925 4487 2074 4543 infra

407 4575 609 4648 ipsum
643 4578 901 4629 castrum
937 4575 1050 4630 sita
1078 4592 1090 4629 :
1119 4574 1297 4630 altera
1326 4592 1459 4628 vero
1483 4575 1670 4628 Trans
1701 4573 1938 4630 'l‘uriam
1971 4575 2073 4630 flu-

418 4679 552 4720 men
582 4663 805 4718 Sancta
828 4663 1039 4731 Maria,
1067 4681 1197 4718 cum
1229 4662 1601 4729 molendinis,
1625 4662 2066 4733 piscationibus,

417 4756 472 4807 et
501 4751 778 4807 omnibus
810 4752 1172 4824 appendiciis
1204 4752 1274 4805 ad
1303 4750 1576 4805 eumdem
1606 4750 2066 4821 aspicientibus:

409 4845 626 4896 cortem
662 4841 720 4895 in
756 4841 1084 4907 Liliniasco,
1116 4856 1248 4909 cum
1302 4843 1492 4892 castro
1524 4843 1579 4892 et
1609 4839 1829 4910 capella
1873 4841 2066 4896 Sancti

416 4929 674 4985 Mauritii
709 4930 766 4984 in
803 4930 1006 4985 eodem
1037 4933 1249 4994 castro,
1274 4943 1407 4981 cum
1440 4927 1715 4981 omnibus
1746 4929 1817 4982 ad
1849 4945 1910 4982 se
1939 4946 2065 5000 per-

411 5018 736 5074 tinentibus
772 5035 783 5072 :
819 5017 1124 5073 ecclesiam
1179 5014 1370 5070 Sancti
1404 5013 1657 5069 Victoris
1706 5019 1762 5069 et
1810 5017 2063 5087 Corona,

406 5097 536 5163 cum
571 5107 731 5163 omni
764 5107 999 5162 decima
1035 5105 1092 5158 in
1129 5103 1512 5168 Marcomeda,
1547 5108 1602 5158 et
1632 5121 1763 5158 cum
1799 5106 1967 5162 terris
1999 5125 2063 5163 ac

406 5197 630 5254 mansis
688 5197 758 5250 ad
817 5195 1152 5266 praedictam
1206 5191 1545 5246 canonicam
1606 5191 2059 5269 pertinentibus;

403 5285 710 5342 ecclesiam
747 5284 945 5338 Sancti
977 5281 1249 5335 Macharii
1283 5279 1341 5333 in
1372 5279 1601 5334 Vilasco
1632 5297 1766 5336 cum
1803 5283 1974 5339 terris
2004 5290 2061 5339 et

404 5374 655 5434 decimis
708 5372 974 5442 ejusdem
1023 5367 1189 5422 villa.
1242 5367 1471 5424 Plebem
1523 5386 1654 5425 vero
1708 5370 1765 5425 in
1817 5371 2059 5429 durione

403 5445 626 5519 Sa’ncta
660 5459 871 5515 Maria.
899 5473 1031 5512 cum
1056 5457 1210 5510 omni
1239 5457 1464 5511 decima
1484 5457 1554 5512 ad
1576 5475 1708 5513 eum
1734 5460 2058 5530 pertinente

403 5553 461 5607 in
494 5547 779 5622 planitiis,
813 5547 991 5613 casis,
1030 5545 1218 5612 terris,
1243 5544 1445 5612 vineis,
1467 5551 1522 5601 et
1546 5547 1828 5619 capellam
1859 5551 2055 5604 Sancti

400 5637 682 5704 Solutoris
712 5633 772 5691 in
803 5637 996 5693 monte
1027 5633 1307 5692 Pharrato
1338 5652 1350 5693 :
1380 5634 1684 5694 ecclesiam
1717 5637 1913 5694 Sancti
1936 5638 2055 5699 Viti

2189 3343 2405 3394 cortem
2439 3340 2497 3394 in
2531 3339 2917 3406 Scandaltico,
2939 3357 3073 3394 cum
3119 3339 3286 3411 plebe
3316 3338 3373 3392 in
3406 3338 3624 3393 honore
3653 3337 3846 3392 sancti

2192 3427 2482 3495 Dalmatii,
2504 3433 2561 3482 et
2591 3428 2826 3500 capellis
2857 3433 3112 3498 quatuor
3142 3427 3198 3482 in
3229 3428 3433 3482 eadem
3460 3431 3636 3493 corte,
3662 3441 3852 3481 unam

2188 3515 2246 3569 in
2279 3515 2557 3571 honorem
2591 3517 2773 3570 sancti
2807 3515 3130 3582 Michaelis,
3157 3513 3330 3570 aliam
3363 3513 3549 3569 sancti
3573 3513 3850 3583 Joannis,

2186 3604 2418 3659 tertiam
2442 3604 2627 3660 sancti
2650 3604 2912 3671 Andrea,
2929 3608 3200 3675 quartam
3220 3602 3405 3657 sancti
3430 3601 3685 3668 Martini,
3706 3617 3849 3658 cum

2187 3694 2345 3748 omni
2379 3694 2623 3760 decima,
2649 3699 2704 3748 et
2751 3692 3123 3757 molendinis,
3149 3690 3334 3758 silvis,
3364 3690 3624 3763 pascuis,
3659 3691 3849 3762 pratis

2186 3783 2599 3838 communibus
2620 3788 2676 3836 et
2699 3781 2958 3853 privatis,
2983 3781 3374 3850 omnibusque
3396 3779 3467 3834 ad
3499 3779 3844 3850 pradictam

2185 3872 2523 3927 canonicam
2548 3870 2974 3943 pertinentibus
2997 3889 3008 3924 :
3031 3869 3313 3940 capellam
3337 3868 3395 3923 in
3416 3867 3762 3940 Polengaria
3787 3869 3845 3923 in

2185 3959 2401 4015 honore
2431 3959 2614 4015 sancti
2650 3957 2918 4030 Remigii,
2945 3974 3079 4012 cum
3108 3956 3382 4013 omnibus
3415 3957 3486 4011 ad
3514 3973 3641 4012 eam
3676 3957 3849 4027 perti-

2185 4047 2458 4102 nentibus
2492 4048 2547 4102 in
2593 4046 2859 4113 Sablone,
2888 4063 3021 4100 cum
3055 4045 3282 4100 mansis
3313 4043 3594 4116 quinque,
3619 4049 3678 4099 et
3721 4060 3844 4101 me-

2183 4135 2396 4191 dietate
2423 4136 2650 4191 decima
2691 4135 2952 4206 ejusdem
2983 4133 3153 4200 villa,
3190 4150 3306 4188 una
3338 4150 3474 4187 cum
3521 4132 3714 4197 terris,
3747 4149 3843 4188 ca-

2184 4223 2342 4291 stris,
2368 4223 2627 4295 capellis,
2652 4222 2854 4290 vineis,
2871 4223 3117 4293 campis,
3141 4221 3346 4294 pratis,
3370 4220 3628 4293 pascuis,
3652 4219 3838 4287 silvis,

2183 4311 2553 4379 molendinis,
2601 4310 2890 4383 portibus,
2931 4308 3176 4381 ripatiis,
3211 4309 3400 4380 aquis,
3431 4324 3838 4380 aquarumque

2182 4399 2546 4465 decursibus,
2571 4399 3016 4470 piscationibus,
3041 4398 3223 4453 servis
3254 4401 3309 4452 et
3353 4395 3602 4466 ancillis,
3646 4396 3837 4452 aldio-

2182 4487 2376 4555 nibus,
2403 4489 2667 4554 decimis,
2694 4488 2865 4552 lictis,
2895 4486 3197 4552 reditibus,
3231 4485 3546 4557 paludibus
3577 4501 3838 4540 commu-

2103 4599 2149 4664 D
2181 4576 2355 4632 nibus
2388 4576 2969 4649 et‘incommunibus,
3000 4575 3165 4646 ripis,
3193 4573 3441 4646 rupinis,
3467 4573 3642 4628 cultis
3665 4577 3723 4627 et
3753 4573 3838 4627 in-

2181 4665 2376 4732 cultis,
2410 4665 2726 4720 mobilibus
2754 4669 2810 4719 et
2861 4663 3281 4729 immobilibus,
3317 4663 3387 4718 ad
3432 4662 3535 4733 jus
3583 4661 3833 4733 praefata

2179 4754 2490 4822 canonica,
2523 4754 3054 4823 canonicorumque
3097 4769 3242 4806 usus
3293 4754 3349 4806 et
3397 4754 3696 4821 sumptus,
3726 4749 3832 4820 qui

2178 4858 2281 4914 pro
2307 4846 2567 4915 tempore
2589 4843 2823 4909 fuerint,
2849 4840 3277 4912 pertinentibus
3293 4839 3382 4894 vel
3411 4837 3833 4909 aspicientibus

2175 4930 2232 4986 in
2277 4931 2590 5002 integrum,
2625 4935 2836 4986 nostra
2878 4928 3339 4983 confirmationis
3378 4926 3744 4992 auctoritate,
3775 4929 3832 4982 et

2175 5035 2304 5090 qua
2333 5019 2542 5074 collata
2583 5023 2740 5085 sunt,
2775 5022 2832 5072 et
2874 5016 3243 5079 conferenda,
3279 5015 3679 5083 concedimus,
3713 5015 3825 5070 lar-

2172 5108 2385 5180 gimur,
2413 5126 2476 5162 ac
2499 5106 2853 5174 stabilimus,
2879 5104 3143 5161 omnium
3166 5104 3473 5160 hominum
3496 5108 3824 5160 controver-

2172 5196 2259 5252 sia
2288 5202 2509 5252 remota
2539 5201 2596 5250 et
2627 5193 2826 5266 procul
2859 5193 3143 5249 abdicata.

2242 5287 2488 5356 Insuper
2505 5300 2735 5356 quoque
2757 5299 2859 5355 per
2881 5281 3031 5337 hanc
3052 5281 3235 5336 nostri
3260 5280 3529 5354 pracepti
3549 5279 3824 5353 paginam

2169 5374 2538 5446 pracipimus
2553 5377 2728 5444 atque
2739 5372 3020 5443 jubemus
3039 5373 3103 5425 ut
3124 5387 3294 5426 nemo
3307 5369 3824 5443 episcopus,etiam

2160 5463 2342 5532 judex
2365 5461 2654 5534 publicus,
2671 5465 2773 5516 aut
2789 5460 3009 5514 missus
3035 5459 3389 5525 discurrens,
3412 5461 3514 5512 aut
3537 5455 3823 5524 marchio,

2167 5567 2380 5618 comes,
2403 5549 2752 5613 sculderius,
2776 5546 3102 5620 gastaldus,
3122 5547 3210 5603 vel
3237 5545 3553 5620 cujuslibet
3574 5549 3829 5616 potesta-

2165 5639 2242 5699 tis
2273 5655 2507 5716 magna,
2539 5651 2862 5714 parvarque
2895 5651 3145 5712 persona
3172 5635 3280 5693 has
3303 5633 3616 5710 pralibata
3644 5649 3824 5693 cano-
