3976 6362
148 396 322 503 itas
1514 437 1913 506 sanemus
1954 438 2038 504 III
2078 437 2243 507 IMP.
2472 518 2478 524 ν
3403 398 3579 501 noe-

332 536 429 637 ros
458 570 673 637 audeat
700 568 992 645 invadere,
1028 538 1298 650 diripere,
1320 574 1409 634 vel
1458 591 1807 648 quocunque
1834 584 1889 653 Α
1916 573 2087 630 Serra
2114 575 2186 631 de
2215 572 2566 645 Barbarano,
2601 572 2746 648 pede
2783 572 2899 632 {ine
2945 568 3074 648 ipso
3123 572 3267 649 Rigo
3314 573 3386 631 de
3429 571 3562 631 Pla-

155 662 552 731 moliminede
571 667 856 737 potestate
875 665 1547 734 canonicorum,ibidem
1564 664 1809 720 Domino
1918 663 2121 731 centri,
2171 664 2243 721 de
2290 681 2409 720 uno
2456 663 2572 721 lato
2622 666 2736 721 fine
2785 665 2912 737 ipso
2957 664 3224 721 valte‘de
3271 664 3447 737 Fuge,
3494 676 3566 719 ex

155 752 562 824 militantium,
575 769 727 810 ausu
744 753 966 810 nefario
993 755 1360 823 auferre,nec
1380 753 1441 809 in
1464 752 1809 809 beneﬁcium
1917 749 2031 807 alio
2062 751 2240 808 latere
2279 769 2440 809 serra
2470 754 2541 808 de
2569 755 2867 823 Corviano,
2899 770 3035 809 cum
3077 753 3207 826 ipsa
3235 753 3400 808 furca
3428 768 3564 808 cum
3656 780 3661 783 <

153 842 441 914 cuiquam
471 842 612 899 dare
642 846 850 914 prater
887 842 1245 899 voluntatem
1278 842 1687 915 praedictorum
1715 857 1808 896 ca-
1918 840 2079 895 omni
2110 841 2458 912 pertinentia
2498 859 2607 898 sua
2639 860 2652 898 :
2686 847 2743 898 et
2772 849 2911 898 sunt
2936 842 2997 898 in
3028 841 3385 915 supradictis
3432 839 3564 897 istis

155 929 526 998 nonicorum,
567 946 756 1003 neque
799 931 871 986 ad
919 947 1126 987 causas
1168 930 1482 1002 judiciario
1531 945 1711 996 more,
1744 930 1812 984 ut
1918 929 2248 985 modiorum
2298 931 2369 985 de
2416 933 2572 986 terra
2625 931 3052 1004 quatuorcenti,
3085 935 3143 987 et
3197 930 3249 988 si
3307 928 3563 1002 amplius

153 1018 359 1092 aliqua
404 1018 799 1092 supraposita,
833 1023 936 1075 aut
980 1018 1259 1077 violentia
1301 1019 1638 1076 faciendum
1689 1016 1808 1073 ullo
1916 1017 2219 1074 inventum
2253 1018 2446 1091 fuerit,
2480 1020 2553 1074 ad
2583 1020 2775 1092 ipsam
2815 1021 2943 1091 jam
2987 1020 3207 1075 dictam
3254 1016 3563 1075 ecclesiam

153 1122 437 1181 unquam.
478 1112 741 1179 tempore
797 1108 1025 1181 ingredi
1082 1110 1310 1166 audeat.
1342 1108 1453 1164 Sed
1510 1107 1682 1163 liceat
1709 1122 1808 1162 eos
1915 1105 2223 1177 pertineat,
2271 1123 2405 1162 cum
2455 1108 2646 1177 terris,
2679 1109 2885 1177 vineis,
2919 1108 3109 1180 aquis,
3159 1122 3564 1180 aquarumque

154 1213 293 1255 cum
321 1196 823 1257 omnibusrebus
855 1214 921 1253 ac
963 1196 1205 1254 familiis
1263 1199 1387 1254 suis
1444 1197 1554 1252 sub
1608 1198 1810 1251 nostra
1916 1193 2282 1262 decursibus,
2342 1195 2799 1268 piscationibus,
2853 1195 3228 1264 molendinis,
3279 1193 3455 1252 cultis
3508 1196 3566 1254 et

153 1284 476 1344 consistere
503 1283 772 1353 tuitione,
804 1289 978 1357 atque
1021 1285 1418 1342 immunitatis
1447 1284 1803 1341 defensione.
1915 1281 2173 1351 incultis,
2226 1284 2425 1340 omnia
2479 1291 2537 1340 et
2583 1286 2643 1341 in
2692 1286 2989 1353 omnibus,
3040 1290 3097 1342 et
3151 1283 3438 1358 quidquid
3491 1283 3563 1339 de

152 1374 217 1431 Si
245 1389 381 1435 vero
405 1360 785 1446 querimoniae
814 1375 1094 1432 adversus
1123 1376 1250 1447 jam
1281 1374 1468 1431 dictos
1497 1372 1806 1429 canonicos
1914 1370 2171 1441 praedicti
2224 1374 2564 1430 monasterii
2614 1375 3087 1446 possessionibus
3135 1375 3315 1431 fiscus
3367 1374 3566 1428 noster

150 1468 278 1521 tam
300 1463 379 1525 de
407 1461 608 1518 liberis
636 1461 998 1532 hominibus,
1029 1481 1208 1535 quam
1257 1464 1327 1520 de
1375 1463 1577 1530 servis,
1601 1477 1704 1517 seu
1734 1460 1806 1515 de
1914 1475 2147 1532 sperare
2186 1462 2440 1534 potuerit
2485 1463 2598 1535 ipsi
2645 1481 2749 1536 pro
2798 1468 3024 1521 aeternae
3073 1460 3562 1533 remunerationis

151 1552 331 1609 rebu
362 1556 500 1607 orta:
531 1550 768 1619 iuerint,
806 1537 1089 1622 jubemus
1132 1556 1199 1608 ut
1246 1556 1382 1608 ante
1428 1550 1803 1624 praepositum
1912 1550 2152 1621 praemio
2181 1553 2577 1608 concedimus.
2611 1554 2680 1612 Et
2708 1559 2773 1610 ut
2800 1553 3000 1611 nullus
3034 1553 3407 1610 mallaturam
3428 1568 3562 1625 per-

147 1645 212 1697 et
238 1639 554 1697 canonicos
597 1640 865 1710 ejusdem
914 1639 1168 1697 ecclesiae
1216 1640 1516 1707 ﬁniantur,
1549 1642 1605 1694 et
1634 1637 1705 1692 ad
1737 1637 1802 1691 ﬁ-
1914 1637 2099 1695 solvat
2130 1640 2405 1697 advocato
2436 1642 2584 1713 ejus,
2616 1645 2751 1710 etc.,
2782 1647 2841 1698 ut
2882 1645 2943 1698 in
2971 1645 3346 1716 superioribus
3384 1643 3560 1715 privi-

151 1745 289 1786 nem
321 1743 509 1799 usque
538 1728 921 1784 deducantur.
954 1729 1012 1784 Si
1055 1730 1188 1802 quis
1216 1730 1397 1802 igitur
1424 1732 1625 1785 contra
1654 1726 1805 1781 hanc
1913 1727 2090 1797 tegiis.

148 1816 335 1874 nostri
366 1815 634 1888 praecepti
678 1817 976 1889 paginam,
1010 1822 1339 1890 nostraeque
1360 1816 1652 1889 jussionis
1695 1830 1802 1869 au-
1986 1814 2220 1884 Signum
2247 1817 2434 1874 damni
2462 1821 2707 1876 Heinrici
2748 1821 2974 1877 secundi
3021 1822 3387 1878 Romanorum
3417 1820 3560 1875 invi-

148 1904 479 1967 ctorilatem
511 1903 732 1976 aliquid
764 1922 934 1979 agere
982 1906 1297 1979 aliquando
1340 1905 1670 1974 tentaverit,
1703 1908 1807 1959 aut
1839 1954 1883 1979 η
1913 1903 2146 1960 ctissimi
2174 1907 2523 1978 imperatoris
2556 1908 2801 1979 Augusti.

152 1954 479 1967 'VV""'"—
512 1954 732 1976 “"‘l—“
765 1954 932 1979 "O"'
982 1954 1295 1979 ν’·--ι-ννκνον
1345 1954 1670 1974 ”⁹“⁶’“’“⁷“”“1
1707 1954 1803 1959 ””“⁷
1916 1954 2140 1960 ”“⁷⁷’““““
2175 1954 2454 1978 ”“Ἷ”“’””’ν¹
2478 1954 2521 1963 ’ν
2556 1954 2801 1979 ““”ἱ1ν*ν⁷”

148 2010 223 2052 ex
249 1993 344 2055 his
372 2009 499 2066 quae
549 2010 732 2065 supra
779 1994 997 2067 scripta
1055 1996 1536 2069 sunt,quidpiam
1591 1954 1885 2049 violareB
1988 1992 2296 2051 Heinricus
2326 1996 2709 2054 cancellarius
2745 1997 2869 2055 vice
2897 1997 3237 2055 Herimanni
3267 1995 3566 2054 archican-

150 2081 612 2157 priesumpserit,
636 2082 786 2143 sciat
814 2099 876 2139 se
906 2084 1034 2140 auri
1066 2083 1273 2157 optimi
1312 2083 1494 2140 libras
1525 2084 1809 2140 ducentas
1918 2078 2134 2137 cellarii
2164 2085 2487 2157 recognovi.

148 2169 636 2243 compositurum,
670 2171 1043 2229 medietatem
1086 2190 1327 2229 camerae
1360 2178 1593 2241 nostris,
1611 2175 1669 2228 et
1693 2184 1812 2253 me-
1989 2171 2134 2226 Data
2162 2172 2453 2231 Kalendas
2490 2174 2777 2247 Januarii,
2809 2194 2962 2232 anno
3004 2174 3318 2233 Dominicis
3368 2173 3566 2231 Incer-

149 2260 428 2317 dietatem
462 2260 612 2332 parti
654 2260 1064 2332 praedictorum
1091 2263 1526 2331 canonicorum,
1568 2254 1807 2317 nostrae-
1917 2259 2173 2316 nationis
2232 2262 2546 2320 millesimo
2604 2265 3056 2339 quadragesimo
3103 2265 3375 2338 septimo,
3414 2262 3566 2318 indi-

148 2363 266 2421 que
292 2347 538 2420 insuper
582 2348 853 2405 incidisse
907 2351 1236 2423 majestatis
1284 2354 1591 2408 offensam.
1624 2351 1694 2407 Et
1746 2340 1811 2403 ιλῖ
1918 2351 2106 2408 ctione
2153 2353 2379 2409 decima
2409 2354 2641 2426 quinta;
2675 2371 2829 2411 anno
2871 2358 3067 2411 autem
3116 2354 3340 2410 domini
3386 2342 3563 2410 Hein-

140 2437 258 2495 hoc
284 2441 496 2494 nostris
520 2437 915 2496 immunitatis
938 2444 1292 2513 praeceptum
1326 2439 1725 2497 inviolabilem
1750 2454 1812 2508 et
1918 2440 2023 2496 rici
2053 2442 2208 2498 tertii
2237 2442 2621 2500 ordinationis
2651 2445 2779 2515 ejus
2808 2444 3034 2500 decimo
3065 2449 3285 2511 octavo,
3319 2459 3566 2516 regnan-

140 2524 552 2585 inconvulsam
611 2526 870 2583 obtineat
927 2528 1292 2598 ﬁrmitatem,
1335 2548 1515 2587 manu
1572 2530 1808 2604 propria
1915 2529 1992 2586 tis
2021 2531 2257 2603 quidem
2289 2537 2487 2589 octavo
2518 2534 2779 2604 secundi,
2813 2534 3157 2606 imperantis
3183 2536 3394 2608 primo.

140 2614 357 2672 subtus
385 2613 532 2670 illud
575 2614 961 2685 firmavimus,
993 2622 1054 2673 et
1081 2618 1288 2674 annuli
1336 2620 1521 2676 nostri
1565 2620 1810 2692 impres-
1990 2624 2196 2676 Actum
2231 2622 2302 2676 ad
2332 2621 2613 2678 Columna
2650 2622 2944 2681 civitatem
2975 2624 3033 2680 in
3064 2624 3167 2682 Dei
3212 2626 3451 2683 nomine
3480 2626 3563 2701 fee,

140 2703 316 2762 sione
342 2702 633 2775 assignari
656 2705 973 2775 jussimus.
1916 2707 2122 2765 liciter.
2153 2712 2354 2767 Amen.

495 2792 685 2890 damni
736 2795 982 2851 Ποίηνὶσὶ
1035 2797 1403 2853 Romanorum
1458 2799 1807 2871 imperatoris
2670 2832 2813 2890 xv},

146 2881 529 2938 invictissimi.

2670 2881 2716 2887 ——
2739 2881 2747 2885 ν
2771 2881 2813 2890 -ν

1926 2947 2250 2964 nn-“‘-_.‘-i.-_
2303 2947 2395 2964 ff,,’
2479 2948 2540 2964 ','
2582 2950 2592 2959 ⁸
2791 2953 2802 2964 ι
2883 2951 2893 2961 ο
2966 2950 2979 2964 I
3055 2953 3093 2964 Ia

221 2967 531 3026 Heinricus
561 2971 943 3028 cancellarius
973 2973 1094 3030 vice
1132 2973 1470 3030 Hermianni
1501 2976 1803 3035 archican-
1912 2947 2257 3016 Praeceptum
2294 2947 2540 3036 "amid
2570 2950 2917 3036 ῗ⁷ηηβζαί⁰νί⁸
2942 2950 3010 3035 .de
3048 2952 3298 3036 warm“
3325 2962 3376 3012 ⁸⁸
3402 2956 3565 3013 rebus

151 3021 942 3132 ceﬁgﬁ’i“;_é;g'l;gij"“""
985 3021 1093 3030 ""
1132 3021 1470 3030 ’""'”'"""
1501 3021 1774 3035 ""“'“““
2371 3022 2695 3076 monasterii
2721 3021 3112 3081 Casauriensis.

219 3149 369 3239 Acta
391 3146 668 3205 Kalendis
707 3149 864 3219 Maii,
898 3168 1052 3208 anno
1083 3154 1399 3213 Dominicze
1443 3158 1803 3215 Incarnatio-
1985 3162 2047 3214 ln
2079 3159 2315 3216 nomine
2345 3166 2559 3218 sanctae
2602 3169 2659 3218 et
2703 3164 3014 3223 individua
3044 3168 3366 3239 Trinitatis,
3389 3170 3565 3229 Hem-

142 3234 245 3298 ‘nis
272 3234 587 3292 millesimo
607 3239 1057 3312 quadragesimo
1083 3244 1687 3315 septimo,indictione
1707 3266 1799 3312 xv,
1834 3320 1869 3334 Α
1914 3262 2085 3303 arcus
2117 3248 2312 3305 divina
2343 3251 2570 3312 favente
2596 3252 2906 3310 clementia
2936 3234 3564 3334 Romanorum-impe-

136 3340 305 3397 ranno
332 3329 530 3382 autem
558 3326 762 3383 domui
804 3328 1056 3386 Heinrici
1089 3348 1190 3387 seu
1239 3335 1623 3393 ordinationis
1671 3338 1799 3408 ejus
1828 3320 1870 3388 C
1913 3340 2069 3391 rator
2096 3339 2416 3410 Augustus.

144 3412 375 3470 decimo
406 3416 626 3478 octavo.
660 3415 1005 3489 imperantis
1039 3436 1170 3478 vero
1202 3422 1408 3493 primo.
1973 3425 2032 3479 Si
2066 3442 2364 3500 servorum
2403 3429 2497 3484 Dei
2538 3431 2922 3501 petitionibus
2953 3451 3263 3493 assensum
3294 3438 3559 3511 praebue-

140 3552 147 3555 .
216 3503 734 3573 Actum-Mantua,
768 3506 827 3562 in
857 3507 959 3564 Dei
990 3510 1225 3566 nomine
1255 3511 1517 3569 feliciter.
1903 3511 2091 3570 rimus
2126 3516 2196 3571 ad
2224 3533 2388 3589 spem
2410 3518 2619 3573 divinae
2652 3524 3136 3582 remunerationis
3164 3503 3334 3585 nobis
3363 3529 3569 3611 profu‘

914 3613 1029 3670 xv,
1905 3610 2107 3662 turum
2156 3623 2283 3662 esse
2338 3625 2452 3663 non
2503 3608 2849 3667 diffidimus.
2882 3613 3244 3689 Quapropter
3290 3608 3560 3682 omnium

148 3698 491 3770 Praeceptum
514 3699 764 3755 Heinriei
790 3703 1134 3784 imperatoris
1282 3708 1533 3784 libertate
1561 3718 1611 3765 et
1640 3712 1718 3767 rel

1994 3696 2121 3750 risti
2174 3695 2477 3768 nostrique
2523 3698 2804 3769 fidelium,
2837 3704 2960 3758 tam
3014 3704 3348 3766 futurorum
3379 3714 3558 3784 quam

604 3776 928 3874 monasterii
957 3776 1354 3834 Casauriensis.
1911 3784 2307 3857 praesentium,
2356 3786 2579 3842 noverit
2636 3787 2929 3846 industria
2985 3793 3238 3866 qualiter
3266 3776 3415 3857 nos.
3456 3819 3561 3874 pro

781 3861 970 3933 (Anno
1000 3865 1181 3937 1047.)
1912 3889 2109 3929 amore
2138 3874 2333 3930 divino
2388 3874 2713 3949 animaeque
2760 3883 2971 3935 nostris
3003 3861 3300 3954 remedio,
3329 3861 3561 3948 tum.ob

347 3947 696 4019 [Mummny
728 3951 849 4007 Rer.
878 3954 1003 4008 Ital.
1036 3955 1236 4027 Script.
1269 3956 1339 4024 11,
1374 3960 1617 4031 11,357.]
1823 3971 1833 3979 -
1914 3962 2252 4035 petitionem
2285 3947 2633 4020 venerabilis
2673 3967 2900 4024 abbatis
2939 3969 3227 4029 Dominici
3270 3947 3409 4034 dicti
3440 3947 3565 4036 ms;

222 4037 286 4091 In
319 4036 556 4141 nomine
584 4041 803 4141 sanctae
831 4044 889 4096 et
919 4041 1597 4141 individuie’Trinitatis.
1630 4050 1803 4106 Hem-
1915 4050 2154 4141 nastﬁerii
2184 4056 2406 4108 Sanctae
2437 4054 2760 4124 Trinitatis,
2788 4062 2845 4113 et
2869 4058 2927 4114 Β.
2947 4058 3260 4120 Clementis
3290 4069 3567 4141 martyris

150 4141 345 4194 arcus,
377 4125 575 4182 divina
612 4126 844 4185 favente
883 4129 1214 4201 clementia,
1249 4135 1645 4194 Romanorum
1695 4140 1805 4196 im-
1914 4140 2059 4196 inibi
2090 4142 2445 4213 quiescentis
2488 4143 2548 4198 in
2590 4146 2873 4203 comitatu
2905 4148 3141 4221 quidem
3172 4125 3472 4227 Pinnensi:
3505 4125 3568 4215 in

146 4217 386 4321 per-ator
414 4216 745 4321 Augustas.
1041 4307 1073 4321 η
1916 4229 2132 4295 insula,
2164 4247 2291 4302 quae
2342 4230 2708 4288 Casa-Aurea
2749 4216 3008 4307 vocatur,
3056 4240 3226 4311 juxta
3281 4216 3571 4321 praecepta

223 4301 285 4358 Si
316 4318 618 4404 servorum
648 4304 755 4404 Dei
790 4306 1171 4377 petitionibus
1207 4327 1517 4369 assensum
1549 4318 1806 4387 praebue-
1916 4301 2410 4391 praedecessorum
2444 4326 2776 4378 nostrorum
2808 4341 3012 4398 regum
3045 4301 3110 4385 ac
3149 4301 3568 4404 imperatorum

154 4391 364 4492 rimus,
391 4391 464 4447 ad
496 4408 663 4465 spem
700 4393 1441 4492 divinip_remunerationis
1469 4405 1639 4461 nobis
1672 4423 1809 4478 pro-
1920 4406 2207 4478 quidquid
2245 4408 2406 4478 juste
2436 4414 2493 4464 et
2519 4409 2788 4481 legaliter
2816 4391 3006 4470 visum
3056 4422 3145 4473 est
3189 4391 3424 4492 habere,

153 4481 422 4582 futurum
451 4496 598 4580 esse.
623 4498 738 4538 non
777 4483 1124 4542 difﬁdimus.
1158 4489 1522 4563 Quapropter
1544 4495 1809 4551 omnium
1921 4494 2122 4568 periali
2156 4502 2355 4551 nostra
2400 4499 2739 4555 auctoritate
2782 4501 3145 4561 decrevimus
3174 4481 3567 4582 corrobo'rare,

156 4565 373 4624 Christi
416 4569 720 4660 nostrique
768 4571 1033 4660 fidelium
1080 4580 1203 4632 tam
1251 4579 1583 4636 futurorum
1632 4600 1808 4655 quam
1921 4565 1978 4640 et
2008 4584 2352 4640 conﬁrmare
2382 4587 2773 4660 quodcunque
2795 4590 3065 4648 videlicet
3089 4594 3246 4651 idem

155 4656 558 4762 praesentium,
606 4651 843 4757 nov-erit.
889 4662 1183 4721 industria
1238 4666 1490 4737 qualiter
1543 4687 1651 4726 nos
1708 4690 1811 4745 pro
1841 4693 1887 4756 Β
1921 4672 2072 4728 rium
2101 4672 2328 4727 videtur
2353 4673 2611 4731 obtinere
2640 4651 2791 4733 infra
2816 4680 3021 4736 urbem
3052 4682 3396 4755 Romanam,
3430 4693 3566 4762 etc.,

153 4760 358 4834 amore
397 4744 591 4802 divino
637 4747 964 4821 animisque
1007 4757 1218 4808 nostrae
1258 4758 1534 4825 remedio,
1567 4763 1688 4814 tam
1735 4763 1808 4816 ob
1841 4744 1883 4756 u
1919 4770 1978 4817 ut
2002 4778 2168 4833 supra
2197 4764 2256 4817 in
2283 4764 2415 4818 aliis
2441 4765 2773 4834 privilegiis.

152 4831 499 4928 petitionem
524 4835 873 4928 venerabilis
910 4839 1204 4928 Adelberti
1236 4845 1527 4912 monachi,
1546 4864 1722 4918 quam
1755 4854 1810 4905 et
1986 4831 2226 4924 Signum
2256 4831 2454 4907 damni
2474 4831 2719 4910 Heinrici
2748 4856 3097 4928 imperatoris
3125 4850 3351 4918 secundi
3380 4867 3572 4925 Roma-

153 4922 420 5019 germani
451 4922 551 5019 sui.
580 4924 973 5019 (fuimariiﬁe
1006 4928 1258 4986 Ecclesia
1302 4932 1527 4989 Sanctae
1558 4935 1808 4992 Trinita-
1918 4922 2124 4996 norum
2150 4942 2498 4997 invictissimi
2527 4922 2871 5015 imperatoris
2899 4950 3145 5019 Augusti.

153 5010 251 5104 tis,
283 5014 343 5104 et
367 5011 554 5104 sancti
586 5013 804 5104 Quirici
845 5018 1141 5090 martyris,
1172 5020 1233 5075 in
1264 5022 1544 5079 vocabulo
1575 5024 1809 5082 Placen-
1990 5029 2295 5087 Heinricus
2325 5010 2707 5089 cancellarius
2738 5033 2859 5090 vice
2884 5010 3231 5096 'Herimanni
3265 5042 3571 5104 archican-

155 5103 268 5166 tro,
300 5099 371 5193 in_
402 5100 679 5158 comitatu
728 5103 1035 5174 Balbense,
1067 5107 1169 5163 ubi
1213 5108 1494 5167 Finianus
1545 5113 1761 5170 dicitur
1795 5133 1807 5170 :
1922 5116 2141 5173 cellarii
2174 5121 2501 5193 recognovi.

158 5187 538 5281 concedimus
569 5190 655 5246 eis
703 5192 775 5281 ad
820 5192 1153 5250 habendum
1188 5199 1245 5259 et
1275 5199 1692 5268 possidendum
1724 5202 1810 5275 ip-
1994 5206 2139 5261 Data
2168 5187 2338 5265 tertio
2379 5211 2515 5266 Idus
2565 5212 2778 5279 Martii,
2812 5231 2963 5271 anno
3011 5217 3325 5277 Dominicae
3380 5223 3573 5281 lncar-

160 5292 293 5374 sum
326 5276 916 5381 prmdi'ctum‘locum,
942 5287 1062 5338 tam
1096 5284 1261 5357 ipsis,
1287 5303 1463 5359 quam
1513 5294 1569 5345 et
1615 5292 1812 5348 abbati
1923 5294 2179 5350 nationis
2227 5296 2543 5356 millesimo
2594 5276 3039 5381 quadragesimo
3097 5276 3573 5381 septimm—indi-

159 5363 450 5467 ipsorum.
472 5364 544 5421 Ut
568 5366 768 5423 nullus
792 5369 932 5438 dux,
959 5372 1240 5441 marchio,
1268 5375 1596 5448 episcopus,
1620 5396 1814 5437 comes
1924 5383 2111 5439 ctione
2142 5384 2371 5441 decima
2406 5363 2630 5459 quinta,
2666 5363 3058 5467 annoZautem
3089 5363 3291 5455 doinni
3320 5363 3574 5458 Iieinrici

162 5455 267 5510 aut
296 5452 645 5560 vicecomes,
670 5459 772 5513 aut
816 5474 1045 5560 magna.
1082 5478 1372 5536 parvaque
1419 5482 1668 5537 persona
1708 5469 1812 5524 ali-
1923 5472 2079 5527 tertii
2118 5452 2501 5531 ordinationis
2550 5452 2679 5550 ejus
2728 5452 2955 5560 decimo
3003 5491 3222 5556 octavo,
3276 5490 3575 5560 regnantis

161 5557 343 5646 quam
374 5542 709 5646 molestiam
731 5562 834 5602 seu
861 5547 1225 5646 i-nvasionem
1255 5552 1445 5610 facere
1475 5561 1811 5627 praesumat.
1926 5561 2167 5633 quidem
2196 5567 2394 5619 octavo
2427 5542 2690 5636 secundi,
2712 5550 3058 5644 impei'antis
3090 5542 3299 5646 primo.

2851 5642 2866 5662 ιι

161 5630 412 5724 Insuper
439 5634 817 5724 concedimus
839 5637 924 5694 eis
945 5638 1286 5710 praedictum
1318 5643 1510 5699 locum
1535 5643 1814 5704 Finianus
1946 5630 1961 5633 ⁷
1995 5651 2204 5707 Actum
2236 5652 2306 5707 ad
2340 5654 2619 5712 Sanctum
2640 5630 2980 5721 Flaviad'uin
3007 5664 3067 5720 in
3091 5630 3462 5724 hcine—mine
3493 5667 3576 5724 fe-

160 5737 298 5780 eum
328 5721 575 5780 introitu
618 5728 675 5781 et
722 5724 878 5783 exitu
908 5738 1037 5798 suo,
1063 5731 1219 5799 quod
1268 5736 1357 5789 est
1387 5748 1421 5791 a
1449 5733 1667 5807 capite;
1699 5736 1816 5794 ﬁne
1925 5738 2135 5797 liciter.
2167 5745 2373 5799 Amen.
2892 5750 2908 5784 ε
