3976 6430
1805 474 2092 545 MONUM

2242 468 2477 536 PLOM.
3674 462 3889 531 ’1108

2116 607 2175 674 Α
2200 604 2317 661 lius
2347 608 2700 677 promovere.
2721 604 2887 662 Unde
2912 602 3149 678 quidem
3170 602 3374 664 omnes
3392 600 3611 663 Christi
3643 605 3888 661 nostri-

2202 710 2315 766 que
2343 697 2464 749 tam
2495 694 2678 751 futuri
2722 712 2900 768 quam
2948 698 3265 768 praesentes
3311 695 3579 751 noverint
3623 693 3881 761 ﬁdeles,

2202 781 2453 855 qualiter
2506 800 2612 839 nos
2642 785 2714 839 ob
2755 784 3096 856 petitionem
3153 784 3340 840 nostri
3395 783 3508 840 tori
3564 800 3633 840 ac
3690 784 3886 858 regni

2202 871 2511 940 consortis,
2555 872 2774 928 scilicet
2819 871 3081 946 Agnetis,
3112 872 3501 946 imperatricis
3548 866 3883 946 Augustae,

2203 962 2260 1015 et
2288 960 2361 1016 ob
2391 960 2664 1017 devotum
2706 960 3057 1017 famulatum
3101 961 3286 1017 nostri
3336 960 3524 1017 ﬁdelis
3553 965 3612 1017 et
3659 960 3885 1017 dilecti

2200 1047 2516 1118 Adelberti,
2549 1050 2879 1106 Bremensis
2926 1049 3195 1106 Ecclesia:
3242 1049 3687 1124 archiepiscOpi,
3724 1067 3884 1106 cum

2203 1154 2494 1194 consensu
2514 1138 2869 1195 Berenhardi
2892 1139 3059 1196 ducis
3079 1143 3135 1195 et
3150 1138 3369 1195 Udonis
3391 1138 3621 1195 comitis
3643 1142 3704 1196 et
3728 1137 3886 1196 alio-

452 485 613 557 um

1186 616 1351 677 XVII.

441 711 745 790 Heinrici»,
778 708 929 791 inter
970 710 1321 793 imperatores
1337 703 1632 793 fecundus,
1678 699 1958 793 Bernardo
1983 699 2089 752 Pa—

545 780 729 836 tavina
757 780 1006 852 episcopo
1038 775 1126 850 ius
1148 776 1398 838 addenda!
1423 776 1667 847 pecuniae
1695 775 1981 842 elargitur.

1059 872 1245 942 (Anno
1275 864 1460 935 1049.)

757 957 1115 1029 [Mummm,
1146 956 1328 1024 Antiq.
1360 952 1485 1008 Ital.
1520 950 1589 1016 II,
1618 950 1770 1019 711.]

516 1047 580 1104 In
611 1045 847 1103 nomine
878 1049 1096 1101 sanctae
1125 1047 1183 1100 et
1219 1040 1529 1098 individuis
1560 1034 1886 1094 Trinitatis.
1919 1032 2092 1088 Hem-

446 1150 637 1202 mcus,
666 1132 863 1187 divina
904 1132 1135 1187 favente
1164 1129 1492 1195 clementia,
1537 1127 1933 1182 Romanorum
1983 1121 2093 1176 im-

445 1223 679 1293 perator
703 1219 1027 1290 Augustus.

517 1306 577 1362 Si
609 1304 793 1363 sacris
840 1310 900 1363 et
941 1307 1376 1364 venerabilibus
1429 1303 1571 1360 locis
1629 1300 1889 1374 proﬁcua
1943 1299 2098 1353 dona

446 1393 844 1463 concedimus,
869 1394 1079 1451 animos
1112 1399 1322 1452 nostris
1346 1393 1718 1465 profuturum
1740 1387 1901 1444 nullo
1924 1386 2096 1442 modo

450 1483 830 1559 ambigimus.
853 1485 1214 1557 Quapropter
1242 1481 1516 1538 omnibus
1545 1478 1758 1534 Christi
1798 1475 2098 1547 nostrique

451 1574 725 1633 ﬁdelibus
753 1578 873 1631 tam
914 1572 1128 1629 futuris
1158 1586 1334 1645 quam
1365 1573 1423 1625 et
1459 1567 1868 1642 praesentibus,
1891 1567 2097 1620 notum

452 1663 576 1721 fieri
618 1662 889 1720 volumus
920 1661 1170 1733 qualiter
1215 1675 1321 1715 nos
1371 1658 1444 1713 ob
1490 1657 1879 1712 interventum
1913 1650 2098 1708 nostri

446 1753 561 1811 tori
584 1752 861 1825 regnique
880 1747 1187 1818 consortis,
1213 1746 1433 1804 scilicet
1450 1745 1690 1819 Agnetis
1711 1739 2098 1816 imperatricis

446 1843 746 1915 Augustis,
779 1855 883 1895 nec
935 1854 1044 1894 nos
1090 1837 1164 1893 ob
1214 1837 1485 1892 devotum
1535 1833 1837 1891 servitium
1886 1830 2008 1897 Dei,
2042 1833 2101 1885 et

447 1928 791 2001 petitionem
844 1925 1163 1982 Bernhardi
1214 1923 1575 1981 Pataviensis
1620 1920 1876 1996 episc0pi
1928 1918 2100 1974 licen-

436 2016 593 2075 tiam
622 2019 679 2070 et
726 2018 1076 2087 potestatem
1125 2017 1422 2070 monetam
1470 2011 1824 2068 faciendiin
1873 2007 2102 2064 civitate

450 2102 801 2172 Pataviensi,
833 2103 1161 2160 secundum
1199 2103 1432 2176 pondus
1454 2098 1802 2156 Veronensis
1832 2099 2108 2170 monetae,

450 2190 566 2249 sibi
622 2207 860 2265 suisque
924 2191 1191 2247 Ecclesia:
1250 2189 1664 2263 perpetualiter
1729 2184 2106 2243 concedimus

449 2285 623 2354 atque
652 2280 1070 2353 permittimus.
1092 2281 1165 2336 Et
1210 2283 1277 2335 ut
1318 2279 1533 2335 certior
1563 2276 1879 2334 auctoritas
1927 2273 2107 2344 hujus

449 2373 664 2428 nostra
690 2369 1089 2426 concessionis
1117 2368 1403 2436 videatur,
1436 2369 1496 2423 in
1529 2383 1649 2422 una
1677 2363 1984 2438 superﬁcie
2013 2361 2108 2416 de-

447 2458 748 2518 nariorum
766 2458 951 2515 nostri
971 2457 1228 2514 nominis
1245 2461 1304 2514 et
1322 2455 1597 2530 imaginis
1621 2452 2069 2527 impressionem
2091 2483 2105 2533 ;

447 2548 511 2606 in
541 2548 722 2606 altera
748 2564 882 2605 vero
924 2548 1191 2620 ejusdem
1239 2545 1505 2603 civitatis
1541 2546 1794 2618 ﬁguram
1846 2540 2107 2625 imprimi

436 2637 754 2712 jussimus.
778 2638 849 2694 Et
869 2636 1149 2710 quoniam
1178 2636 1502 2693 secundum
1526 2631 1893 2705 imperialem
1916 2633 2110 2686 aucto-

446 2730 683 2788 ritatem
715 2730 1050 2784 nostrorum
1094 2728 1532 2780 antecessorum
1563 2738 1767 2794 regum
1798 2719 1887 2776 vel
1921 2719 2105 2790 impe-

451 2824 715 2878 ratorum
762 2832 866 2890 pro
926 2814 1136 2871 anima:
1167 2817 1380 2868 nostris
1421 2810 1679 2867 remedio
1738 2811 1952 2864 sanctae
2007 2809 2107 2863 Dei

454 2905 722 2967 Ecclesiae
749 2902 1118 2978 prmlibatum
1148 2902 1370 2958 donum
1401 2899 1731 2955 conditione
1760 2896 1954 2954 stabili
1984 2900 2107 2953 tra-

455 2999 675 3065 dimus,
706 2992 981 3051 volumus
1022 2990 1385 3061 ﬁrmiterque
1413 2986 1786 3059 praecipimus
1834 2989 1901 3040 ut
1947 2985 2109 3042 nulla

458 3086 650 3159 major
705 3082 968 3140 minorve
1012 3096 1265 3153 persona
1318 3075 1636 3134 Ecclesiam
1666 3074 1767 3132 Dei
1816 3092 2109 3148 suumque

457 3174 839 3251 provisorem,
859 3169 1264 3227 Bernhardum
1281 3165 1552 3222 videlicet
1572 3163 1935 3237 episcopum,
1958 3166 2111 3236 ejus-

460 3280 575 3339 que
604 3275 973 3319 successores
1008 3258 1120 3314 hoc
1150 3261 1360 3313 nostrae
1403 3253 1780 3327 benignitatis
1824 3254 1975 3310 dono
2006 3255 2106 3310 de-

2204 1243 2335 1282 rum
2383 1226 2772 1295 cohaeredum,
2799 1228 2870 1283 ad
2929 1229 3193 1299 ejusdem
3244 1227 3498 1284 ecclesias
3555 1227 3775 1296 altare,
3811 1227 3877 1282 in

2203 1314 2429 1371 honore
2453 1318 2665 1371 sanctae
2715 1316 2930 1385 Mariae,
2962 1317 3271 1374 Genitricis
3302 1317 3400 1373 Dei
3445 1321 3878 1390 perpetuaeque

2204 1402 2468 1476 virginis,
2517 1420 2583 1459 ac
2631 1405 2817 1460 sancti
2865 1405 3041 1471 Petri,
3090 1404 3491 1478 apostolorum
3545 1407 3874 1479 principis,

2207 1509 2393 1548 unum
2426 1493 2707 1550 forestum
2739 1511 2873 1550 cum
2916 1494 3176 1568 legitimo
3205 1495 3385 1552 banni
3407 1497 3544 1568 jure
3571 1497 3877 1553 traddidi-

2208 1598 2340 1636 mus
2374 1582 2432 1637 in
2466 1598 2614 1655 pago
2660 1583 2808 1640 Lara
2834 1583 2923 1639 vel
2953 1583 3263 1659 Steiringa,
3284 1585 3506 1642 scilicet
3546 1586 3605 1641 in
3637 1587 3879 1642 ducatu

2207 1669 2561 1725 Berenhardi
2592 1670 2779 1739 ducis,
2814 1674 2871 1726 et
2916 1671 3069 1727 infra
3118 1671 3403 1728 terminos
3444 1689 3590 1745 quos
3644 1674 3879 1729 subtus

2208 1756 2556 1813 nominatim
2589 1759 2861 1827 diciums,
2883 1759 3085 1828 situm,
3110 1760 3396 1833 incipiens
3425 1761 3581 1818 enim
3604 1779 3639 1818 a
3658 1766 3875 1835 ponte,

2208 1845 2307 1917 qui
2336 1845 2563 1918 vulgari
2603 1847 2806 1921 lingua
2840 1848 3126 1905 Buribruc
3156 1849 3391 1916 dicitur,
3420 1855 3476 1907 et
3506 1851 3591 1907 sic
3615 1840 3878 1908 descen-

2208 1935 2352 1990 dens
2374 1935 2544 2006 juxta
2569 1939 2826 1992 Huntam
2859 1936 3101 1993 ﬂuvium
3127 1955 3316 2010 usque
3343 1938 3402 1995 in
3435 1940 3666 1997 alveum
3698 1939 3881 1995 ﬂuvii

2211 2022 2434 2079 Aldena
2463 2023 2601 2079 dicti
2632 2027 2689 2079 et
2716 2025 2852 2081 inde
2880 2042 2985 2098 per
3011 2027 3350 2095 decursum,
3374 2027 3474 2084 ubi
3493 2028 3719 2085 Aldena
3745 2029 3881 2083 Wi-

2215 2128 2404 2168 seram
2434 2111 2647 2181 inﬂuit,
2681 2118 2739 2169 et
2784 2113 2920 2170 inde
2960 2114 2994 2171 a
3036 2131 3323 2173 concursu
3360 2116 3608 2174 istorum
3657 2116 3878 2174 ﬂuvio-

2217 2218 2349 2257 rum
2370 2218 2608 2258 sursum
2630 2218 2732 2275 per
2752 2203 3107 2275 crepidinem
3129 2204 3355 2260 Wisere
3375 2222 3563 2277 usque
3588 2207 3659 2262 ad
3692 2205 3877 2262 illum

2213 2290 2409 2346 locum
2452 2290 2553 2346 ubi
2601 2292 2932 2349 Bremensis
2978 2292 3512 2367 archiepiscopatus
3540 2299 3598 2352 et
3628 2294 3875 2351 Mindu-

2216 2380 2413 2436 nensis
2444 2379 2723 2453 episcopii
2753 2385 3109 2436 concurrunt
3149 2382 3406 2451 termini,
3439 2388 3496 2439 et
3522 2401 3732 2441 rursus
3764 2400 3879 2456 per

2215 2469 2535 2526 terminum
2596 2470 2936 2525 eorumdem
2987 2470 3414 2544 episcopiorum
3460 2491 3664 2531 versus
3712 2475 3875 2531 occi-

2216 2559 2450 2615 dentem
2481 2575 2669 2632 usque
2699 2561 2771 2615 ad
2801 2559 3289 2632 prwnominatum
3319 2566 3576 2634 pontem.
3602 2565 3684 2621 Ea
3712 2565 3873 2621 vide-

2215 2647 2351 2704 licet
2379 2648 2712 2705 conditione
2739 2654 2796 2705 et
2823 2648 3046 2706 ratione
3068 2654 3134 2704 ut
3152 2649 3352 2708 nullus
3377 2652 3601 2725 absque
3626 2652 3876 2712 licentia

2216 2738 2438 2810 praefati
2469 2737 2891 2811 archiepiscopi
2930 2755 3454 2812 successorumque
3484 2759 3748 2810 suorum,
3784 2743 3875 2799 ul-

2214 2827 2339 2884 lum
2369 2845 2556 2901 genus
2602 2828 3049 2900 ferarum,quod
3089 2830 3223 2900 jure
3270 2831 3448 2886 banni
3496 2831 3874 2889 interdicitur

2216 2916 2340 2989 lege
2384 2917 2661 2989 qualibet,
2686 2916 2995 2974 venatoria:
3050 2918 3194 2975 artis
3249 2919 3541 2976 industria
3568 2921 3628 2976 in
3658 2923 3870 2979 eodem

2216 3006 2432 3063 foresto
2465 3011 2779 3079 praesumat
2805 3022 3008 3079 capere
3036 3006 3127 3063 vel
3154 3008 3437 3082 decipere.
3460 3010 3737 3083 Quisquis
3769 3029 3875 3068 au-

2215 3100 2334 3150 tem
2365 3100 2568 3152 contra
2596 3096 2770 3152 istam
2797 3097 2981 3151 nostri
3009 3095 3332 3169 imperialis
3362 3099 3630 3171 praecepti
3662 3101 3871 3157 condi-

2216 3182 2436 3240 tionem
2458 3184 2610 3240 infra
2629 3185 2981 3257 praeﬁnitum
3003 3186 3267 3256 ejusdem
3288 3186 3487 3243 foresti
3503 3193 3742 3245 venetur
3762 3176 3874 3246 ter-

2216 3273 2465 3342 minum,
2494 3275 2761 3330 eamdem
2793 3290 2931 3348 erga
2968 3274 3472 3348 archiepiscopum
3505 3279 3872 3335 emendatio-

458 3353 701 3411 stituere
729 3354 904 3423 atque
933 3345 1242 3438 mQIeSta-l‘e
1270 3342 1792 3438 PP339umEt-_Qu_°_d
1826 3346 1891 3438 Ψ
1910 3343 2105 3438 veri“?
2134 3338 2178 3406 (ἶ
2218 3363 2309 3419 nis
2334 3338 2548 3421 habeat
2574 3363 2783 3437 legem,
2810 3338 2937 3436 quae
2963 3338 3237 3420 omnibus
3266 3338 3528 3438 legaliter
3552 3367 3875 3424 constituta

456 3441 733 3499 credatur
762 3439 834 3496 ab
863 3436 1159 3503 omnibus,
1191 3438 1250 3491 et
1286 3450 1391 3507 per
1428 3431 1794 3488 succedentis
1824 3432 2105 3504 temporis

454 3546 646 3587 avum
676 3528 747 3586 ab
779 3526 1054 3586 omnibus
1093 3523 1435 3598 diligentius
1474 3521 1831 3587 observetur,
1863 3519 1971 3577 hoc
2002 3539 2104 3577 no-

442 3614 590 3677 'stra
621 3617 949 3676 donationis
979 3618 1331 3690 praeceptum
1365 3627 1544 3667 manu
1576 3609 1811 3682 propria
1843 3610 2107 3667 corrobo-

453 3712 670 3777 rantes,
704 3707 885 3783 sigilli
913 3704 1099 3763 nostri
1129 3701 1515 3775 impressione
1546 3699 1790 3755 inferius
1812 3699 2105 3771 jussimus

454 3796 747 3873 insigniri.

524 3890 758 3958 Signum
784 3887 971 3944 domui
999 3883 1244 3941 Heinrici
1271 3880 1420 3937 tertii
1450 3879 1591 3949 regis
1622 3879 1987 3946 invictissimi,
2020 3893 2102 3933 se-

454 3976 622 4034 cundi
649 3978 1017 4033 Romanorum
1045 3970 1393 4043 imperatoris
1416 3968 1667 4036 Augusti.

527 4065 920 4123 Herimannus
976 4059 1337 4117 Coloniensis
1403 4055 1876 4129 archiepiscopus
1932 4060 2105 4127 atque

456 4150 1010 4215 archicancellarius
1041 4147 1369 4221 recognovi.

527 4246 673 4303 Data
698 4260 795 4301 xvr
815 4239 1104 4299 Kalendas
1128 4236 1286 4308 Maii,
1321 4252 1474 4292 anno
1502 4235 1812 4291 Dominicae
1834 4234 2103 4291 Incarna-

454 4333 634 4391 tionis
662 4330 972 4390 millesimo
1003 4325 1449 4401 quadragesimo
1478 4340 1649 4393 nono,
1673 4322 1990 4380 indictione
2021 4340 2106 4378 se-

457 4424 670 4491 cunda,
710 4437 863 4479 anno
912 4416 1114 4475 domni
1142 4413 1375 4472 Henrici
1421 4431 1484 4470 111
1534 4413 1708 4487 regis,
1736 4411 2106 4484 imperatoris

456 4512 719 4582 secundi,
752 4506 1139 4568 ordinationis
1171 4505 1302 4577 ejus
1326 4520 1418 4572 xx,
1450 4500 1614 4575 regni
1644 4496 1882 4573 quidem
1913 4518 1970 4566 x,
1993 4504 2105 4556 rm-

453 4602 600 4677 perii
631 4605 829 4659 autem
861 4616 943 4671 In,
975 4598 1037 4653 in
1069 4594 1305 4651 nomine
1338 4592 1590 4649 Domini.

524 4695 735 4750 Actum
766 4687 1044 4747 Goslariae
1075 4683 1339 4742 feliciter.
1372 4689 1575 4740 Amen.

733 4886 1100 4958 Privilegium
1122 4792 1490 4956 ρνῖἒῗέίεδὶα
1514 4877 1814 4933 Bremensi.

871 4987 901 5006 ι
1074 4976 1261 5048 (Anno
1293 4971 1476 5042 1049.)

667 5068 1086 5142 [LAPPENBERG,
1121 5063 1400 5130 Hamburg
1429 5055 1674 5122 Urkund,
1708 5054 1858 5124 874.]

523 5161 590 5217 In
620 5141 857 5217 nomine
886 5160 1097 5214 sanctae
1136 5157 1194 5211 et
1231 5148 1541 5207 individuis
1570 5141 1891 5199 Trinitatis.
1926 5143 2098 5200 Hem-

452 5267 644 5319 mcus,
678 5247 877 5304 divina
918 5247 1141 5302 favente
1180 5236 1511 5303 clementia,
1553 5232 1950 5288 Romanorum
1992 5232 2099 5288 im-

373 5370 381 5374 »
450 5342 684 5414 perator
712 5339 1030 5411 Augustus.

522 5428 807 5497 Quoniam
857 5443 925 5482 ex
971 5426 1167 5483 debito
1216 5413 1567 5491 procurandi
1597 5411 1758 5486 regni
1809 5411 2097 5467 universis

450 5517 725 5576 Ecclesiis
757 5515 1002 5574 Romani
1034 5507 1265 5583 imperii
1306 5509 1609 5578 paternam
1640 5499 2095 5558 sollicitudinem

447 5610 733 5671 debemus
752 5597 1392 5679 impenderegolumus
1410 5605 2097 5665 unamquamque,quan-

444 5703 573 5757 tum
603 5714 672 5754 ex
700 5696 907 5752 divinae
957 5689 1157 5764 gratiae
1210 5684 1379 5741 nobis
1435 5681 1770 5739 conceditur
1828 5693 2091 5744 munere,

447 5787 766 5844 sublimare
787 5790 842 5841 et
873 5785 1205 5838 nostrorum
1231 5774 1647 5832 beneficiorum
1679 5769 1851 5826 donis
1877 5768 1935 5825 in
1966 5783 2091 5824 me-

2215 3457 2322 3520 est,
2357 3454 2457 3526 qui
2487 3453 2547 3508 in
2578 3456 2779 3509 nostro
2810 3457 3014 3508 contra
3039 3452 3282 3508 vetitum
3311 3458 3601 3510 venantur
3628 3455 3865 3514 foresto.

2286 3543 2353 3597 Et
2383 3549 2448 3598 ut
2476 3541 2634 3598 istud
2659 3546 2871 3598 nostra:
2893 3541 3257 3598 auctoritatis
3277 3543 3498 3598 donum
3527 3543 3733 3602 stabile
3762 3562 3871 3619 per

2213 3649 2385 3690 omne
2416 3636 2649 3688 maneat
2692 3647 2899 3697 aevum,
2930 3630 3040 3697 hoc
3091 3631 3517 3704 cyrographum
3560 3632 3692 3690 inde
3722 3650 3861 3691 con-

2213 3722 2499 3796 scriptum
2525 3738 2703 3776 manu
2736 3720 2971 3793 propria
2991 3720 3452 3789 corroborantes,
3480 3721 3657 3795 sigilli
3679 3726 3859 3780 nostri

2214 3812 2602 3885 impressione
2619 3808 2913 3882 jussimus
2945 3808 3235 3882 insigniri.

2286 3903 2516 3973 Signum
2554 3901 2745 3956 domui
2788 3899 3034 3953 Heinrici
3089 3900 3242 3954 tertii
3293 3901 3437 3969 regis
3492 3901 3858 3972 invictissimi,

2211 3991 2435 4047 secundi
2466 3994 2837 4046 Romanorum
2868 3989 3216 4059 imperatoris
3242 3990 3491 4060 Augusti.

2285 4078 2682 4136 Uvinitherius
2731 4075 3135 4144 cancellaruis,
3177 4076 3301 4133 vice
3345 4078 3625 4133 Pardonis
3672 4079 3863 4136 archi-

2214 4166 2569 4234 cancellarii,
2602 4165 2929 4238 recognovi.

2285 4259 2497 4314 Data...
2531 4254 2657 4310 Kal.
2690 4252 2870 4322 Junii,
2906 4271 3059 4309 anno
3100 4254 3413 4310 Dominicze
3443 4256 3863 4315 Incarnationis

2216 4348 2374 4415 1049,
2416 4343 2734 4400 indictione
2782 4361 2847 4413 ιι,
2893 4360 3047 4399 anno
3102 4347 3302 4399 autem
3356 4344 3557 4399 domui
3611 4345 3858 4403 Heinrici

2212 4435 2367 4493 tertii
2399 4433 2597 4506 regiis,
2625 4431 2994 4505 imperatoris
3021 4432 3285 4499 secundi,
3319 4433 3704 4489 ordinationis
3731 4435 3855 4505 ejus

2212 4541 2329 4593 xxi,
2363 4521 2525 4595 regni
2555 4521 2795 4594 quidem
2827 4537 2881 4589 κ,
2914 4519 3145 4592 imperii
3187 4524 3380 4576 autem
3412 4538 3493 4577 In.
3528 4514 3594 4576 ln
3625 4522 3854 4579 nomine

2215 4611 2465 4668 Domini.

2133 4710 2181 4774 1)
2230 4748 2235 4751 .
2282 4706 2493 4756 Actum
2528 4698 2725 4755 Mindo
2756 4696 3017 4754 feliciter.
3049 4700 3254 4754 Amen.

2210 4864 2459 4918 Heinrici
2481 4864 2626 4915 inter
2654 4862 3004 4932 imperatores
3042 4859 3265 4932 secundi
3292 4858 3534 4931 diploma
3580 4876 3682 4932 quo
3725 4859 3850 4932 ducs

2280 4933 2564 4989 advocatos
2591 4948 2713 4986 cum
2731 4931 2915 4987 ’variis
2942 4931 3163 5002 juribus
3192 4947 3257 4986 ac
3288 4931 3598 5002 privilegiis
3622 4931 3848 4987 concedit

2281 5006 2608 5061 monasterio
2640 5003 2928 5059 Veronensi
2949 5001 3139 5057 Sancti
3165 5002 3418 5058 Zenonis.

2836 5073 3237 5199 (Anno_1050.2

2839 5161 2877 5199 ι.
2907 5145 3092 5199 Antia.
3123 5146 3208 5199 Ita

2526 5143 2877 5217 [MURATORl,
2907 5145 3092 5216 Antiq.
3123 5143 3251 5200 Ital.
3285 5144 3353 5211 V,
3385 5143 3537 5215 291.]

2281 5237 2343 5291 1n
2375 5235 2612 5291 nomine
2642 5238 2855 5289 sanctae
2897 5236 2952 5288 et
2992 5232 3304 5288 individua:
3335 5232 3662 5289 Trinitatis.
3683 5233 3841 5289 Ham-

2209 5342 2395 5391 mcus,
2431 5323 2627 5378 divina
2673 5324 2895 5377 favente
2933 5321 3265 5389 clementia,
3299 5321 3696 5378 Romanorum
3740 5323 3839 5377 im-

2208 5419 2438 5486 perator
2467 5416 2788 5484 Augustus.

2281 5502 2642 5575 Imperialem
2702 5499 3124 5556 sublimitatem
3185 5501 3461 5556 condecet
3515 5504 3582 5554 ut
3636 5504 3837 5571 quanto

2207 5592 2430 5647 caeteris
2461 5590 2847 5664 dignitatibus
2894 5589 3175 5645 excelsior
3205 5588 3437 5657 colitur,
3469 5592 3635 5645 tanto
3672 5587 3838 5659 justis

2205 5679 2589 5752 petitionibus
2634 5683 2749 5733 Deo
2804 5677 3186 5735 servientium
3245 5676 3550 5751 benignior
3579 5693 3683 5733 nec
3735 5692 3839 5733 non

2205 5767 2546 5825 clementior
2575 5766 2921 5822 inveniatur.
2943 5769 3301 5840 Quapropter
3344 5772 3550 5824 notum
3594 5781 3717 5824 esse
3743 5782 3838 5823 vo-
