3976 6432
355 404 526 481 ΠΗ

1730 415 2048 488 MONUM.

2073 409 2416 488 "DIPLOM.
3591 463 3596 466 -
3617 418 3806 492 illi

371 549 676 608 Steinsicla
703 554 762 608 et
790 547 1242 608 Diedenhulum.
1279 553 1406 609 Haec
1433 553 1612 626 igitur
1639 555 1768 611 loca
1796 561 1854 612 et
1885 573 2018 613 om-
2045 559 2100 625 Α
2131 558 2367 624 areis,in
2399 555 2892 625 mansionibus,in
2921 555 3126 623 vineis,
3160 555 3220 614 in
3252 554 3549 630 arpennis,
3581 554 3643 613 in
3674 555 3803 624 sil-

372 656 478 696 nes
495 639 682 696 sancti
704 639 1007 695 Maximini
1030 638 1307 695 ecclesias
1339 657 1472 696 cum
1503 642 1768 708 decimis,
1801 644 1936 698 dote
1963 648 2020 699 et

373 728 690 797 dotalibus,
711 743 845 784 cum
867 728 1095 784 cunctis
1119 728 1316 784 salicis
1337 730 1847 803 decimationibus,
1873 749 2021 803 quas

374 818 436 874 in
468 834 614 874 usus
648 815 1114 889 peregrinorum,
1147 834 1212 873 ac
1253 833 1600 890 pauperum,
1634 824 1690 874 et
1719 820 2020 891 hospitum

375 905 893 972 constituimus,ad
927 905 1387 976 peculiaritatem
1412 906 1658 963 fratrum
1692 913 1806 964 Deo
1825 908 1902 964 ibi
1935 910 2018 964 fa-

376 993 736 1050 mulantium
750 1009 912 1049 more
944 995 1439 1065 praedecessorum
1458 1001 1796 1052 nostrorum
1818 1013 2023 1070 regum

374 1087 435 1139 et
454 1083 878 1155 imperatorum
899 1081 1004 1137 tali
1059 1083 1232 1139 modo
1255 1087 1308 1138 et
1329 1100 1397 1139 ea
1427 1084 1653 1141 ratione
1682 1086 2024 1160 delegamus

377 1176 438 1227 et
467 1173 936 1241 corroboramus,
967 1173 1033 1226 ut
1090 1171 1243 1226 sicut
1290 1172 1598 1228 Heinricus
1626 1175 1897 1230 decessor
1924 1191 2024 1230 no—

377 1265 498 1318 ster
509 1260 712 1317 divinas
725 1262 1017 1317 memoriae
1031 1261 1328 1334 Augustus
1344 1262 1936 1336 instituit,postquam
1955 1265 2026 1320 de

379 1353 584 1407 eadem
615 1351 852 1406 abbatia
881 1367 950 1405 ea
1005 1367 1132 1422 qua:
1191 1351 1263 1406 ad
1323 1351 1769 1423 expeditionem,
1801 1353 1920 1409 sive
1951 1353 2022 1408 ad

381 1439 574 1513 regale
595 1438 895 1495 servitium
919 1438 1306 1510 pertinebant,
1341 1428 1815 1508 abst.ulit,nullus
1849 1441 2026 1512 impe-

378 1534 556 1596 rator,
588 1527 788 1584 nullus
823 1543 942 1592 rex,
997 1526 1197 1582 nullus
1236 1527 1418 1582 abbas
1449 1529 1519 1583 de
1550 1529 1770 1584 eisdem
1797 1528 1938 1584 locis
1969 1534 2027 1584 et

376 1616 640 1674 ecclesiis
661 1616 836 1672 alicui
858 1617 928 1672 de
951 1616 1044 1671 his
1077 1614 1176 1687 qui
1207 1614 1376 1671 liberi
1417 1616 1692 1671 dicuntur
1730 1617 2022 1685 homines,

379 1707 499 1762 sive
524 1706 767 1762 alterius
787 1704 1043 1761 ecclesia
1085 1704 1175 1760 vel
1206 1704 1427 1759 domini
1479 1705 1698 1760 famulo
1730 1705 1817 1759 vel
1850 1705 2023 1760 mini-

379 1800 501 1853 stro
532 1794 855 1867 quidquam
889 1791 1234 1848 beneﬁciare
1264 1792 1352 1847 vel
1383 1794 1456 1848 ab
1486 1809 1687 1848 eorum
1713 1795 1849 1862 jure
1905 1794 2024 1848 dis-

379 1885 610 1942 trahere
639 1887 978 1956 praesumat,
1006 1883 1108 1937 sed
1142 1881 1316 1937 liceat
1343 1881 1480 1981 inde
1508 1882 1822 1937 abbatibus
1853 1882 2025 1937 lumi-
2054 1915 2106 1981 Β

381 1974 551 2029 naria
577 1971 830 2030 ecclesiae
862 1975 1209 2037 restaurare,
1250 1970 1491 2025 aedificia
1547 1987 1908 2043 recuperare,
1969 1977 2026 2028 et

385 2052 716 2118 necessaria
754 2059 1032 2116 fratribus
1059 2059 1307 2116 ﬁdeliter
1337 2057 1691 2114 ministrare.
1725 2059 1795 2114 Et
1826 2063 1891 2114 ut
1919 2060 2026 2116 hoc

384 2149 883 2225 praeceptuminde
907 2147 1303 2221 conscriptum
1326 2148 1563 2203 ﬁrmum
1578 2163 1809 2219 semper
1829 2154 1886 2203 et
1915 2152 2028 2204 sta-

383 2241 500 2298 bile
518 2243 874 2314 permaneat,
906 2255 1022 2294 non
1045 2238 1235 2294 solum
1267 2236 1378 2292 hoc
1397 2252 1575 2290 manu
1599 2239 1800 2292 nostra
1831 2237 2026 2294 ﬁrma-

381 2337 508 2388 tum
539 2329 714 2403 sigilli
742 2327 926 2384 nostri
969 2326 1356 2399 impressione
1394 2324 1665 2395 insigniri
1709 2325 2024 2396 jussimus,

380 2435 582 2478 verum
611 2419 788 2476 etiam
819 2421 886 2472 ut
906 2413 1238 2487 apostolica:
1260 2412 1618 2468 defensionis
1646 2413 1948 2481 auxilium,
1977 2417 2027 2470 si

381 2509 516 2583 quis
536 2509 622 2566 eis
642 2507 762 2563 haec
785 2505 1103 2575 infringere
1123 2501 1610 2567 voluerit,habere
1631 2501 1860 2558 valeant
1893 2521 2030 2576 pra:-

377 2599 518 2655 dicti
548 2595 734 2670 patris
753 2593 962 2659 nostri,
995 2591 1196 2646 domni
1222 2589 1492 2645 videlicet
1524 2590 1730 2647 Leonis
1780 2593 2027 2664 sanctis-

383 2687 516 2744 simi
545 2701 707 2760 papze
728 2680 1099 2756 privilegium
1121 2679 1256 2734 inde
1283 2679 1680 2750 conscriptum
1712 2681 1900 2737 eidem
1931 2697 2027 2738 ve-

384 2774 629 2833 nerabili
661 2773 788 2829 loco
816 2770 1077 2827 obtinere
1105 2768 1449 2823 meruimus.

459 2867 694 2934 Signum
723 2861 920 2917 damni
974 2859 1217 2913 Heinrici
1271 2855 1366 2923 III,
1398 2859 1544 2925 regis
1585 2858 2034 2939 invictissimi,”

389 2955 758 3010 Romanorum
787 2946 1137 3018 imperatoris
1165 2945 1414 3013 Augusti.

460 3035 893 3095 Winnitherius
923 3031 1306 3088 cancellarius
1346 3033 1464 3088 vice
1514 3033 1794 3090 Bardonis
1844 3037 2031 3093 archi-

387 3129 608 3188 cellarii
637 3130 695 3182 et
723 3121 1143 3194 archiepiscopi
1172 3121 1496 3193 recognovi.

457 3222 601 3276 Data
623 3233 705 3273 xu
735 3213 858 3270 Kal.
894 3211 1208 3278 Februarii,
1251 3225 1402 3265 anno
1459 3211 1770 3266 Dominicaa
1826 3213 2025 3270 Incer-

2127 647 2218 701 vis
2247 650 2303 700 et
2331 647 2595 718 inagris,
2618 647 2677 700 in
2710 646 2915 718 pratis,
2948 646 3008 717 in
3041 646 3211 718 aquis
3244 662 3650 718 aquarumque
3673 647 3800 701 de—

2130 734 2422 800 cursibus,
2454 741 2510 790 et
2540 736 2597 790 in
2646 733 2898 806 pascuis,
2931 734 3042 791 viis
3073 739 3128 790 et
3158 734 3363 803 inviis,
3393 734 3571 790 terris
3603 734 3804 796 cultis

2127 827 2184 878 et
2211 823 2467 890 incultis,
2501 823 2751 879 exitibus
2774 828 2831 878 et
2849 824 3158 891 reditibus,
3190 823 3454 895 quaasitis
3484 828 3544 880 et
3572 823 3792 895 inqui-

2131 911 2346 977 rendis,
2381 916 2438 965 et
2466 927 2600 966 cum
2657 912 2934 968 omnibus
2963 911 3326 983 appendiciis
3373 912 3520 981 suis,
3555 911 3803 990 absque

2130 999 2251 1055 ulla
2270 999 2361 1054 sui
2383 999 2792 1066 diminutione,
2826 1017 2929 1072 pro
2975 1000 3232 1072 remedio
3263 1000 3472 1056 animis
3504 1017 3625 1057 suae
3658 1001 3794 1056 fra-

2128 1088 2352 1160 trisque
2384 1088 2474 1144 sui
2492 1089 2670 1144 beatae
2702 1088 2995 1145 memoriae
3023 1088 3248 1144 Ottonis
3275 1088 3790 1159 ducis,laliorum-

2131 1194 2244 1248 que
2275 1180 2583 1248 parentum
2615 1193 2854 1232 suorum
2877 1177 2939 1231 in
2966 1175 3319 1233 monasterio
3351 1177 3798 1234 Brunwilrensi

2133 1265 2498 1338 sepultorum
2521 1264 2699 1321 libere
2720 1269 2776 1321 et
2797 1266 3022 1339 integre
3044 1269 3159 1321 Deo
3183 1270 3502 1338 sanctoque
3545 1266 3798 1322 Nicolao

2133 1355 2204 1410 ad
2229 1354 2572 1427 praedictum
2592 1355 3010 1410 monasterium
3030 1371 3132 1426 per
3156 1371 3397 1424 manum
3412 1354 3665 1410 Heinrici
3679 1359 3797 1411 Pa-

2131 1441 2297 1497 latini
2319 1441 2550 1497 comitis
2574 1442 2677 1497 filii
2703 1442 2894 1514 patrui
2927 1443 3038 1514 sui,
3071 1443 3182 1499 sub
3222 1444 3392 1515 cujus
3419 1447 3561 1499 tunc
3603 1460 3785 1499 mun-

2133 1531 2405 1586 diburdio
2428 1532 2719 1598 manebat,
2754 1530 3126 1602 contradidit,
3160 1532 3480 1586 terminum
3515 1532 3695 1588 etiam
3727 1538 3801 1587 et

2133 1619 2394 1674 bannum
2416 1619 2679 1690 ejusdem
2704 1619 2924 1692 praedii,
2958 1619 3109 1674 sicut
3131 1620 3259 1692 ipsa
3305 1619 3468 1691 prius
3511 1619 3721 1676 habuit
3752 1637 3796 1677 δ.

2136 1707 2307 1761 fluvio
2327 1707 2583 1761 Andrida
2601 1724 2785 1779 usque
2808 1708 2880 1764 ad
2903 1707 3144 1762 fluvium
3169 1707 3303 1763 Elza
3323 1708 3404 1764 ita
3444 1709 3784 1777 constituit,

2135 1799 2199 1849 ut
2229 1794 2428 1849 nullus
2449 1794 2800 1867 ibialiquam
2824 1798 3170 1868 potestatem
3203 1795 3564 1864 habeat,nisi
3598 1797 3797 1852 abbas

2134 1884 2395 1954 ejusdem
2419 1882 2529 1938 loci
2551 1886 2607 1938 et
2624 1882 2855 1940 villicus
2872 1885 2999 1955 ejus
3018 1901 3191 1956 quem
3225 1884 3560 1940 constituat.
3595 1886 3794 1949 Quas-

2137 1973 2271 2028 dam
2303 1970 2478 2026 etiam
2513 1971 2890 2043 arpennas,id
2920 1977 3011 2028 est
3038 1973 3238 2029 vineas
3271 1972 3628 2045 quibusdam
3661 1987 3795 2030 ser-

2135 2059 2424 2115 vientibus
2456 2059 2580 2114 suis
2620 2060 3071 2131 beneﬁciaverit,
3133 2059 3188 2115 id
3222 2065 3310 2116 est
3349 2061 3604 2133 Ruperto
3635 2077 3795 2134 prae-

2137 2149 2328 2220 posito
2358 2149 2526 2218 duas,
2560 2150 2900 2221 Weringero
2951 2150 3020 2204 de
3059 2148 3308 2205 Salevelt
3351 2151 3519 2219 duas,
3551 2151 3796 2222 Sigebo-

2137 2237 2273 2292 doni
2304 2237 2374 2291 de
2401 2235 2718 2292 Odendorﬂ'
2743 2237 2911 2305 duas,
2968 2237 3244 2310 Sigifrido
3299 2238 3587 2309 pincernaa
3637 2244 3787 2305 tres,

2136 2325 2358 2397 Epponi
2390 2325 2460 2379 de
2490 2324 2828 2381 Aldendorﬂ'
2851 2325 3083 2391 duas,et
3111 2342 3374 2382 cameras
3398 2328 3566 2398 juxta
3595 2327 3789 2383 domi-

2139 2414 2329 2470 nicam
2353 2417 2597 2480 curtem,
2631 2411 2863 2469 Alherto
2912 2413 3075 2468 fratri
3115 2413 3414 2470 Winboldi
3446 2415 3617 2484 duas,
3649 2417 3789 2471 Em-

2138 2502 2360 2558 briconi
2392 2501 2462 2556 de
2493 2500 2830 2572 Geldestorp
2862 2501 3030 2569 duas,
3088 2501 3364 2558 Ansfrido
3421 2501 3630 2558 clerico
3671 2521 3783 2560 suo

2138 2608 2229 2646 xm
2263 2606 2499 2645 mansos
2530 2605 2663 2644 cum
2697 2589 3005 2662 mancipiis
3050 2589 3175 2645 suis
3207 2591 3280 2646 ad
3305 2592 3692 2659 Lutzenrode,
3727 2597 3790 2648 et

2139 2679 2338 2734 vinum
2367 2679 2520 2749 quod
2545 2678 2758 2733 dicitur
2777 2677 3062 2744 Srozwin,
3097 2678 3154 2733 in
3185 2678 3448 2734 Clotteno
3477 2679 3789 2738 Ernestoni

2141 2767 2302 2823 fratri
2334 2783 2439 2822 suo
2469 2767 2618 2822 duos
2657 2783 2894 2822 mansos
2945 2783 3078 2822 cum
3130 2767 3459 2840 mancipiis,
3495 2768 3554 2824 in
3584 2768 3789 2825 Dreize

2139 2857 2462 2912 Wolferum
2478 2855 2653 2912 etiam
2683 2856 2922 2911 tradidit
2943 2854 3082 2911 illuc
3105 2873 3238 2912 cum
3259 2873 3366 2912 sua
3385 2858 3787 2929 possessione,

2142 2963 2209 3001 ea
2239 2944 2504 3000 videlicet
2533 2945 2957 3014 conditione,ut
2987 2945 3247 3016 quandiu
3279 2945 3493 3016 viVant,
3524 2945 3788 3002 ecclesiae

2142 3034 2296 3089 bona
2317 3032 2434 3087 sive
2455 3033 2738 3088 beneﬁcia
2761 3032 3014 3088 habeant
3039 3051 3052 3101 ;
3071 3037 3204 3105 post
3235 3038 3483 3090 mortem
3505 3051 3638 3091 vero
3659 3035 3789 3091 illo-

2141 3138 2272 3177 rum
2303 3121 2501 3176 nullus
2517 3121 2813 3177 haeredum
2836 3139 3078 3178 suorum
3108 3122 3430 3194 quidquam
3461 3123 3533 3179 de
3556 3123 3649 3179 his
3671 3124 3792 3180 sibi

2141 3211 2309 3283 quasi
2333 3211 2465 3281 jure
2485 3209 2850 3265 haereditario
2870 3210 3123 3266 vindicet
3139 3215 3241 3266 aut
3260 3212 3684 3283 possideat,sed
3700 3213 3790 3268 in-

379 3275 636 3367 nation‘is
660 3305 825 3370 -1051,
860 3318 1012 3358 anno
1041 3275 1236 3356 autem
1294 3300 1492 3354 domni
1549 3299 1801 3356 Heinrici
1861 3303 2016 3359 tertii
2051 3275 2095 3343 Ο
2124 3275 2228 3371 jus
2249 3304 2306 3355 et
2334 3275 2664 3356 dominium
2693 3299 2752 3354 S.
2777 3298 2996 3355 Nicolai
3025 3303 3083 3355 et
3104 3275 3637 3378 abbatisipsius,yac
3667 3303 3783 3358 fra-

369 3398 546 3472 regis,
578 3393 820 3454 secundi
868 3391 1257 3463 imperatoris,
1294 3389 1458 3461 regni
1507 3407 1623 3456 xux,
1655 3390 1886 3462 imperii
1916 3409 2014 3449 ve-

365 3505 431 3545 ΓΟ
458 3505 515 3543 ν.

429 3579 637 3634 Actum
658 3571 914 3632 Treviris
940 3569 999 3625 in
1024 3569 1126 3625 Dei
1145 3566 1382 3624 nomine
1409 3565 1672 3622 feliciter.
1697 3569 1900 3624 Amen.

1114 3683 1251 3738 XXI.

354 3763 719 3850 Privilegi’um
748 3778 937 3850 damni
966 3774 1213 3850 Heinrici
1242 3772 1390 3850 tertii
1419 3772 1561 3850 regis
1617 3787 1714 3825 seu
1766 3773 2006 3850 impera-

429 3842 757 3923 toris'supegr
786 3849 1046 3923 Clotteno.
1066 3875 1134 3884 ——-
1158 3842 1463 3923 Conﬁrmat
1476 3843 1804 3923 monasterio
1825 3842 2004 3923 Brun-

428 3911 731 3979 ωἰιιανειήεἰ
767 3919 1118 3975 donationem
1143 3918 1350 3983 tactam
1366 3930 1400 3967 a
1424 3911 1657 3968 Richeza
1682 3916 1876 3982 regina
1901 3920 2007 3972 Pa.

432 3995 616 4050 lonia.

985 4076 1172 4146 (Anno
1204 4073 1386 4143 1051.)

356 4188 672 4261 [ΜΑιιηκε,
704 4184 957 4256 Ampliss.
992 4181 1210 4308 Callia?
1231 4181 1287 4323 ]l,
1317 4181 1438 4246 427,
1463 4196 1531 4235 ex
1566 4197 1676 4238 ms.
1709 4179 2001 4237 Brunwil-

1141 4269 1222 4308 δι’.

427 4374 490 4429 In
521 4372 759 4429 nomine
780 4372 990 4425 sancta:
1012 4372 1067 4423 et
1084 4366 1394 4423 individua;
1427 4365 1941 4422 TrinitatisHsmn
1966 4397 1989 4407 -

348 4479 477 4530 cus,
509 4461 706 4516 divina
752 4460 976 4514 favente
1021 4456 1347 4523 clementia,
1383 4457 1781 4512 Romanorum
1808 4454 1994 4526 impe-

347 4555 503 4608 rator
532 4552 854 4622 Augustus.

2123 3393 2284 3444 trum
2309 3387 2419 3443 sibi
2444 3387 2821 3443 servientium
2873 3389 3131 3456 redeant,
3165 3392 3229 3443 ut
3268 3389 3422 3460 quod
3455 3389 3636 3445 abbas
3657 3391 3771 3446 uti-

2124 3477 2240 3533 lius
2263 3476 2372 3533 sibi
2398 3493 2463 3531 ac
2481 3476 2760 3531 fratribus
2813 3477 2946 3532 inde
2986 3475 3359 3548 judicaverit,
3393 3477 3568 3534 faciat
3595 3483 3775 3552 atque

2122 3566 2413 3637 disponat.
2445 3565 2722 3619 Homines
2753 3565 2929 3620 etiam
2961 3582 3108 3637 quos
3138 3566 3299 3621 dedit
3328 3566 3384 3622 S.
3418 3566 3655 3623 Nicolao
3686 3568 3774 3624 ita

2119 3653 2382 3723 tradidit,
2415 3656 2480 3708 ut
2511 3652 2708 3708 nullus
2735 3658 3058 3722 extraneas,
3094 3653 3210 3710 nisi
3240 3655 3387 3710 forte
3434 3653 3649 3713 liberas
3678 3657 3773 3715 vel

2117 3759 2187 3798 ex
2208 3746 2494 3814 potestate
2527 3742 2586 3797 S.
2621 3743 2772 3797 Petri
2807 3743 3052 3799 Coloniae
3084 3743 3260 3800 ducat
3309 3760 3536 3801 uxores.
3570 3745 3628 3800 Si
3663 3762 3771 3801 au-

2118 3835 2238 3886 tem
2323 3831 2542 3886 alienas
2620 3831 2950 3903 acceperint
3026 3849 3254 3900 uxores,
3327 3833 3520 3890 omnis
3576 3833 3771 3891 haere-

2118 3919 2271 3974 ditas
2327 3936 2528 3974 eorum
2588 3924 2646 3974 et
2679 3920 2976 3975 universa
3035 3938 3162 3992 que
3221 3921 3541 3992 possident,
3596 3924 3669 3978 ad
3705 3925 3769 3980 S.

2113 4008 2333 4066 Nicolai
2386 4009 2597 4064 cedant
2649 4009 3092 4077 monasterium,
3125 4015 3182 4065 et
3233 4009 3430 4065 nullus
3464 4010 3766 4067 haaredum

2111 4112 2354 4155 suorum
2387 4097 2446 4151 in
2477 4096 2571 4151 his
2603 4097 2929 4168 quidquam
2962 4097 3193 4154 habeat.
3227 4099 3286 4154 Si
3316 4115 3449 4154 vero
3499 4116 3568 4155 ex
3598 4105 3762 4171 pote-

2111 4190 2260 4241 state
2282 4186 2341 4240 S.
2369 4185 2523 4239 Petri
2545 4184 2797 4240 Coloniae
2830 4203 3038 4242 uxores
3092 4187 3384 4252 duxerint,
3419 4187 3523 4242 filii
3557 4203 3763 4248 eorum

2110 4274 2325 4329 iterum
2360 4273 2648 4344 accipiant
2678 4290 2885 4329 uxores
2941 4291 3008 4331 ex
3039 4279 3325 4347 potestate
3374 4277 3431 4331 S.
3487 4276 3704 4332 Nicolai
3743 4296 3755 4345 ;

2110 4363 2264 4433 quod
2298 4361 2348 4416 si
2380 4378 2494 4416 non
2514 4363 2975 4429 fecerint,omnis
2997 4364 3304 4420 heareditas
3325 4381 3526 4420 eorum
3550 4369 3606 4421 et
3625 4381 3755 4421 om-

2108 4450 2205 4505 nia
2235 4466 2362 4521 quae
2394 4450 2714 4520 possident,
2750 4451 2820 4505 ad
2855 4452 2911 4507 S.
2937 4451 3156 4507 Nicolai
3183 4457 3239 4507 et
3260 4452 3490 4508 abbatis
3513 4453 3759 4508 redeant

2106 4537 2323 4594 domini
2334 4538 2672 4594 um.Eadem
2696 4555 2828 4594 vero
2849 4544 3110 4611 rogante,
3139 4540 3319 4596 abbas
3352 4542 3582 4612 Tegeno
3608 4557 3752 4612 prae-

413 4640 470 4696 Si
494 4639 639 4695 locis
659 4639 776 4695 Deo
813 4635 1043 4703 dicatis,
1075 4634 1292 4707 quibus
1341 4633 1624 4689 beneficia
1656 4649 1770 4686 non
1803 4632 1990 4688 confe-
2017 4641 2066 4706 D
2103 4627 2243 4682 dicti
2263 4627 2598 4682 monasterii
2630 4627 2782 4682 idem
2825 4631 2880 4682 et
2911 4629 3194 4700 przedium
3222 4628 3620 4700 permisit,cui
3647 4629 3752 4683 be-

343 4728 768 4798 rimus,saltem
801 4727 873 4782 ab
905 4725 1033 4782 aliis
1065 4724 1336 4780 fidelibus
1362 4721 1577 4776 Christi
1611 4720 1826 4776 tradita
1847 4737 1990 4775 con-

339 4817 788 4884 ﬂrmaverimus,
811 4815 1091 4870 divinitus
1122 4831 1229 4869 nos
1268 4809 1471 4883 procul
1503 4807 1682 4863 dubio
1717 4825 1986 4863 remune-

339 4908 457 4963 rari
487 4907 861 4963 oonﬁdimus.
916 4905 1278 4975 Quapropter
1333 4897 1593 4952 fidelium
1625 4899 1982 4964 nostrorum,

338 4999 460 5052 tam
491 4994 866 5067 praesentium
894 4993 1118 5048 scilicet
1149 5004 1326 5061 quam
1359 4987 1714 5050 futurorum,
1761 4985 1986 5056 magni-

338 5085 482 5140 tudo
514 5069 1112 5155 comperiat,qualiter
1139 5076 1407 5148 quaedam
1440 5072 1679 5127 domina
1693 5073 1987 5128 venerabi-

339 5172 416 5230 lis
437 5170 685 5229 Richeza
699 5173 956 5236 nomine,
977 5169 1179 5241 regina
1207 5162 1504 5235 quondam
1536 5160 1804 5226 Poloniae,
1839 5179 1980 5233 pra:-

337 5261 503 5318 dium
535 5276 710 5316 suum
742 5260 1008 5316 Clotteno
1037 5251 1421 5330 dictum,aliis
1442 5250 1585 5305 locis
1619 5251 1982 5305 subternota-

333 5350 434 5422 tis,
465 5349 524 5405 id
556 5353 644 5404 est
674 5347 1069 5406 Comenheim,
1106 5341 1251 5406 Elre,
1284 5332 1548 5406 B'r'embe,
1583 5339 1790 5409 Asche,
1832 5339 1978 5394 Mas-

330 5438 530 5506 brech,
564 5438 833 5502 Wernus,
867 5429 1179 5494 Tanelach,
1216 5427 1414 5505 Wil-re,
1466 5431 1524 5481 et
1553 5425 1786 5500 Pulego,
1821 5425 1971 5480 Chu-

328 5544 514 5595 como,
549 5526 885 5589 Chundedo,
920 5516 1116 5584 Merle,
1150 5522 1207 5572 et
1236 5516 1394 5595 Ryle,
1452 5516 1785 5572 Erichriche
1836 5515 1970 5570 Lut-

326 5615 596 5680 zenrodo,
635 5613 848 5675 Dreise,
879 5613 935 5664 et
965 5606 1246 5679 Ottingin,
1279 5595 1410 5693 cum
1447 5606 1669 5662 mausis
1715 5609 1771 5659 et
1803 5620 1966 5658 man-

323 5702 515 5775 cipiis,
550 5706 606 5758 et
635 5717 767 5757 cum
801 5696 958 5754 omni
994 5691 1562 5769 integritate'ipsius,
1604 5694 1663 5748 in
1695 5691 1871 5758 villis,
1906 5692 1962 5747 in

2101 4716 2375 4770 neﬁcium
2407 4719 2718 4786 postquam
2751 4717 2875 4787 ipse
2904 4715 3048 4772 illud
3110 4717 3169 4772 in
3221 4734 3393 4772 suum
3449 4718 3750 4789 redegerat

2099 4804 2447 4872 dominium,
2483 4805 2575 4859 cui
2610 4806 2808 4860 statim
2841 4809 3065 4861 curtem
3092 4807 3323 4862 Caneda
3354 4811 3412 4862 et
3463 4804 3750 4862 familiam

2103 4894 2362 4967 quinque
2394 4891 2572 4948 libras
2596 4893 2674 4948 ibi
2700 4893 3039 4960 solventem,
3069 4895 3222 4964 quod
3257 4894 3367 4949 fuit
3398 4893 3617 4950 Ellonis
3647 4895 3747 4950 be-

2100 4979 2372 5036 neficium
2405 4981 2477 5035 ad
2504 4981 2744 5036 Gewere
2773 4982 3014 5038 tradidit
3044 4999 3095 5038 vr
3125 5000 3414 5055 arpennas
3461 4983 3745 5054 Clotteno,

2097 5086 2222 5140 quae
2255 5070 2490 5124 fuerunt
2519 5070 2745 5125 Siconis
2805 5073 3036 5126 comitis
3095 5073 3466 5140 beneficium,
3509 5077 3568 5128 et
3597 5074 3746 5130 duas

2095 5157 2534 5212 mansiunculas
2565 5175 2712 5228 quas
2736 5158 3066 5214 Wecelmus
3093 5159 3317 5226 habuit,
3351 5165 3408 5216 et
3437 5161 3495 5215 in
3524 5162 3740 5233 quibus

2091 5246 2392 5302 habitavit.
2427 5247 2691 5301 Tradidit
2721 5247 2898 5302 etiam
2941 5251 3200 5304 castrum
3235 5266 3414 5305 suum
3445 5249 3740 5306 Chucomo

2088 5335 2354 5390 Heinrico
2374 5333 2631 5406 palatino
2653 5335 2855 5391 comiti
2902 5335 3021 5391 filio
3053 5341 3184 5409 patr
3201 5339 3261 5392 ui
3309 5339 3498 5407 sui,ea
3523 5337 3745 5395 scilicet

2085 5422 2431 5491 conditione,
2466 5427 2530 5476 ut
2561 5424 2823 5494 quandiu
2854 5423 3094 5492 viveret,
3139 5441 3319 5497 super
3364 5426 3562 5498 ipsum
3594 5425 3742 5482 Clot-

2081 5516 2214 5566 teno
2246 5512 2516 5567 defensor
2553 5515 2610 5566 et
2641 5511 2958 5568 advocatus
2989 5512 3304 5582 existeret;
3338 5518 3473 5586 post
3500 5513 3732 5571 obitum

2077 5617 2211 5655 vero
2246 5617 2448 5670 suum,
2473 5600 2521 5654 si
2543 5600 2668 5671 ipse
2691 5599 3020 5657 haeredibus
3053 5603 3603 5674 careret,proximus
3631 5604 3741 5660 has-

2077 5706 2168 5746 res
2198 5688 2446 5744 dominae
2480 5687 2735 5744 Richezae
2768 5689 2978 5761 reginae
3010 5692 3373 5748 advocatiam
3430 5709 3612 5766 super
3641 5709 3734 5749 ea-
