3976 6356
176 390 377 502 “ίιὶτ

1558 428 1953 512 HENRIGUS
1992 447 2076 512 1n
2116 446 2290 523 1ij

3465 452 3623 518 “18

215 589 479 650 gravare,
509 571 567 630 et
594 589 806 648 pecora
833 591 1036 633 eorum
1079 570 1181 633 aut
1225 568 1539 650 palefridos
1572 580 1773 636 tollere
1811 585 1869 637 et
1899 583 1954 649 Α
1982 581 2202 638 tionem
2231 582 2304 639 de
2333 581 2522 639 Rocca
2550 582 2620 639 de
2649 582 2800 654 Cori,
2833 600 2968 640 eum
3000 581 3124 642 suis
3154 584 3542 658 pertinentiis,
3566 592 3626 645 et

217 663 486 722 redditus
515 664 588 721 ab
620 662 766 736 ipsis
797 669 1159 738 extorquere,
1193 670 1314 723 tam
1345 669 1658 724 comitibus
1688 687 1865 741 quam

218 752 517 810 advocatis
548 753 906 810 omnimodis
936 754 1226 827 imperiali
1248 756 1591 813 auctoritate
1621 757 1865 814 interdi-

219 842 431 901 cimus.
464 841 533 897 Et
561 845 628 898 ut
656 847 867 899 nostra
896 843 1301 916 praceptionis
1331 846 1402 901 de
1454 845 1547 901 his
1592 846 1866 902 omnibus

218 932 393 988 ﬁrma
421 934 684 988 servetur
711 931 1047 1002 auctoritas,
1090 949 1268 988 manu
1300 935 1535 1007 propria
1565 936 1866 992 subterlir-

217 1020 514 1077 mavimus
544 1024 603 1075 et
633 1018 808 1093 sigilli
837 1021 1021 1075 nostri
1047 1020 1431 1093 impressione
1452 1023 1723 1095 insigniri
1737 1024 1864 1095 jus-

218 1109 433 1167 simus.

290 1198 524 1270 Signum
551 1197 740 1253 domni
765 1199 1034 1265 Heinrici,
1067 1201 1219 1254 tertii
1232 1202 1600 1256 Romanorum
1631 1202 1866 1271 impera-

218 1289 355 1344 toris
384 1286 639 1359 Augusti.

293 1375 673 1432 Gebehardus
703 1376 814 1446 (17)
863 1375 1173 1449 episcopus
1222 1382 1278 1433 et
1322 1377 1701 1433 cancellarius
1749 1379 1869 1433 vice

216 1461 547 1522 Wezelonis
595 1464 1016 1537 archiepiscopi
1065 1469 1120 1520 et
1164 1464 1658 1521 archicancellarii
1719 1483 1867 1522 reco-

218 1551 416 1627 gnovi.

955 1650 1143 1706 XXIV.

218 1750 469 1807 Heinrici
516 1749 598 1804 III
625 1748 796 1821 regis,
848 1750 899 1801 et
944 1749 996 1803 11
1043 1748 1407 1821 imperatoris,
1448 1749 1708 1821 diploma,
1767 1767 1868 1821 quo

294 1822 502 1877 clerum
547 1819 958 1875 Volaterranum
1003 1836 1037 1873 α
1074 1820 1205 1890 jure
1249 1819 1517 1874 comitum
1560 1819 1790 1888 eximit;
1819 1825 1869 1876 et

291 1891 552 1947 Ecclesiae
586 1891 956 1946 Volaterrana
983 1892 1172 1945 omnia
1201 1891 1356 1945 illius
1376 1892 1512 1962 jura
1541 1908 1604 1946 ac
1642 1894 1867 1962 privile-

290 1964 389 2036 gia
419 1962 729 2033 conﬁrmat.

846 2060 1032 2130 (Anno
1067 2060 1250 2128 1052.)

526 2149 862 2217 [Memnona
892 2149 1075 2220 Antiq.
1109 2149 1257 2217 Ital.,
1295 2148 1389 2214 III,
1420 2149 1569 2220 6/11.]

294 2270 363 2320 In
394 2264 631 2320 nomine
654 2265 865 2319 sancta
896 2265 953 2317 et
981 2261 1293 2316 individua
1317 2262 1872 2319 Trinitatis.Hsl.\'m-

219 2372 343 2423 cus,
366 2353 574 2409 divina
604 2351 837 2424 pietatis
868 2349 1231 2406 ordinatione
1262 2352 1557 2407 secundus
1583 2353 1870 2408 Romano-

221 2459 359 2499 rum
386 2443 708 2514 Augustus.

297 2532 382 2587 Ea
410 2528 741 2587 conditione
771 2545 973 2585 curam
1006 2529 1186 2586 nostri
1207 2530 1379 2585 ofﬁcii
1405 2531 1573 2586 nobis
1594 2531 1874 2587 divinitus

225 2618 607 2676 commissam
639 2617 1255 2689 credimus,quatenus
1287 2617 1345 2673 in
1369 2619 1596 2674 cunctis
1628 2620 1872 2692 negotiis

225 2708 406 2765 divini
438 2707 667 2763 timoris
693 2706 883 2762 zelum
916 2724 1148 2779 semper
1195 2725 1308 2780 pra
1363 2708 1543 2765 oculis
1592 2708 1873 2766 habentes

226 2797 315 2854 sic
344 2794 729 2853 sollicitemur
759 2796 829 2851 de
860 2796 1145 2851 mundani
1177 2795 1339 2869 regni
1371 2796 1775 2870 dispositione,
1807 2805 1873 2854 ut

225 2889 362 2943 ante
376 2885 597 2958 Regem
615 2900 861 2957 regnum
880 2884 1067 2940 securi
1082 2884 1389 2940 veniamus
1410 2885 1468 2940 in
1484 2887 1779 2943 reddenda
1791 2905 1876 2942 ra-

223 2975 403 3032 tione.
426 2975 789 3047 Quapropter
835 2989 967 3028 cum
1016 2973 1279 3029 omnium
1327 2974 1725 3045 subjeCtorum
1766 2993 1872 3032 nos

224 3068 452 3138 oportet
479 3079 680 3119 curam
711 3078 900 3136 agere,
935 3062 1315 3118 ecclesiarum
1362 3066 1559 3119 tamen
1587 3065 1872 3137 pracipue

223 3170 480 3229 quarum
510 3152 670 3210 salva
696 3151 1097 3209 incolumitate
1127 3153 1268 3208 dum
1290 3152 1485 3208 divino
1506 3154 1686 3209 cultui
1711 3154 1869 3210 debi-

225 3249 355 3302 tum
387 3242 652 3311 solvitur,
681 3240 1024 3298 Christiana
1057 3240 1353 3313 religionis
1400 3241 1703 3315 integritas
1735 3260 1870 3298 con-

226 3335 512 3389 servatur.
543 3330 822 3394 Quocirca
852 3328 1127 3384 omnibus
1175 3333 1388 3384 sancta
1437 3313 1548 3385 Dei
1584 3331 1872 3402 Ecclesia,
1903 3313 1946 3380 C

224 3421 562 3492 nostrisque
593 3419 882 3483 ﬁdelibus,
918 3421 1121 3474 notum
1155 3434 1281 3474 esse
1302 3417 1574 3474 volumus
1596 3424 1716 3475 tam
1740 3438 1876 3492 pra-

224 3509 494 3567 sentibus
522 3524 702 3580 quam
734 3507 969 3574 futuris,
1003 3504 1255 3577 qualiter
1285 3506 1477 3575 Wido,
1513 3511 1722 3563 sancta
1746 3509 1872 3565 Vol-

223 3597 504 3656 terrensis
531 3594 800 3652 Ecclesia
830 3595 1161 3667 episcopus,
1194 3599 1456 3650 nostram
1501 3595 1873 3653 clementiam

217 3686 384 3754 adiit,
417 3700 597 3758 super
626 3684 899 3739 comitem
932 3682 1307 3755 reliquosque
1337 3683 1554 3755 publici
1580 3685 1735 3756 juris
1758 3687 1872 3741 mi-

216 3776 436 3831 nistros
466 3772 861 3830 miserabilem
894 3772 1324 3844 querimoniam
1357 3789 1557 3844 agens,
1582 3775 1736 3846 quod
1761 3776 1870 3831 sub

215 3862 521 3923 occasione
550 3861 816 3935 exigendi
840 3860 1266 3932 juris,clericos
1296 3865 1352 3916 et
1382 3861 1633 3917 famulos
1678 3864 1869 3919 Eccle-

214 3953 337 4021 sia,
361 3951 626 4024 aliosque
648 3966 823 4022 super
842 3954 1059 4005 terram
1081 3949 1351 4005 Ecclesia
1375 3953 1600 4006 stantes
1622 3952 1873 4023 graviter

215 4042 529 4116 affligendo
561 4039 913 4112 inquietant,
937 4043 995 4093 et
1024 4037 1307 4110 dignitate
1357 4043 1574 4095 sancta
1603 4040 1868 4097 Ecclesia

212 4128 689 4188 indecentissime
718 4127 1112 4183 inhonestant.
1148 4128 1289 4199 Ejus
1321 4127 1516 4200 itaque
1547 4128 1867 4185 miserabili

212 4218 596 4293 querimonia
628 4233 830 4273 aurem
863 4219 1073 4272 nostra
1115 4216 1348 4288 pietatis
1399 4216 1762 4285 adhibentes,
1796 4219 1867 4275 de

212 4306 485 4364 Ecclesia
516 4305 862 4362 liberatione
893 4305 1233 4372 statuimus,
1266 4323 1337 4361 ne
1370 4306 1611 4377 perfidia
1636 4307 1867 4379 iniquo-

215 4413 348 4452 rum
380 4395 689 4452 hominum
722 4393 969 4450 ulterius
990 4412 1118 4450 eam
1143 4394 1251 4450 sub
1275 4394 1537 4465 qualibet
1565 4396 1865 4452 occasione

216 4485 560 4543 lacerandos
591 4483 1422 4556 permitteremuanterventu
1457 4484 1654 4555 itaque
1683 4488 1866 4556 Agne-

214 4573 292 4630 tis
319 4577 532 4629 nostra
564 4570 787 4629 dilecta
842 4571 1201 4639 contectalis,
1254 4577 1309 4628 et
1366 4572 1638 4645 Opizonis
1679 4575 1864 4630 nostri

1973 687 2102 727 eam
2134 672 2461 742 portionem
2494 690 2672 745 quam
2722 673 3035 746 pradictus
3079 675 3389 747 episcopus
3429 676 3500 732 de
3529 694 3623 732 ca-

1974 759 2139 815 stello
2170 760 2241 815 de
2273 762 2649 834 Montegabro
2670 762 2999 834 acquisivit,
3027 779 3131 819 seu
3162 764 3450 836 quidquid
3477 782 3621 837 pra-

1972 847 2131 903 dicta
2160 849 2405 904 ecclesia
2436 850 2492 904 in
2526 850 2761 907 castello
2793 852 2863 907 de
2892 851 3140 907 Casallia
3158 853 3415 921 tenebat,
3446 858 3504 909 et
3524 855 3622 925 ju-

1974 936 2232 992 dicatum
2266 940 2421 1010 quod
2455 939 2573 1012 Ugo
2604 940 2916 996 Cunizonis
2946 939 3104 996 filius
3129 942 3413 1013 pradicta
3436 942 3621 998 eccle-

1976 1025 2076 1081 sia
2108 1026 2260 1091 fecit,
2291 1031 2347 1082 et
2376 1028 2573 1082 omnia
2603 1044 2729 1099 qua
2766 1030 2877 1083 Deo
2908 1034 3201 1084 annuente
3223 1031 3426 1085 eadem
3447 1029 3625 1087 eccle-

1976 1114 2064 1170 sia
2084 1114 2247 1185 juste
2278 1120 2335 1170 et
2363 1113 2626 1189 legaliter
2672 1116 2988 1172 admodum
3037 1117 3380 1189 acquireret,
3425 1122 3626 1174 nostra

1976 1203 2305 1275 praceptali
2333 1205 2679 1261 auctoritate
2720 1204 2885 1260 dicta
2935 1205 3193 1261 ecclesia
3225 1207 3625 1262 conﬁrmando

1977 1292 2334 1361 stabilimus,
2362 1309 2427 1347 eo
2455 1293 2723 1349 videlicet
2753 1294 2952 1349 ordine
2984 1299 3047 1350 ut
3077 1294 3275 1350 nullus
3301 1296 3439 1361 dux,
3470 1313 3623 1351 mar-

1977 1380 2130 1450 chio,
2164 1398 2358 1437 comes
2390 1398 2492 1436 seu
2522 1382 2795 1454 qualibet
2825 1399 3038 1455 magna
3060 1400 3351 1455 parvaque
3377 1400 3627 1455 persona

1976 1469 2310 1540 praedictam
2341 1470 2643 1526 ecclesiam
2676 1470 2763 1526 vel
2794 1472 3096 1544 episcopos
3112 1488 3211 1544 per
3225 1476 3488 1544 tempora
3510 1474 3624 1528 Deo

1978 1558 2151 1613 dante
2182 1558 2397 1613 ibidem
2430 1559 2729 1615 ordinatos
2760 1560 2829 1615 de
2862 1560 3140 1615 omnibus
3170 1577 3295 1631 qua
3327 1578 3507 1633 supra
3538 1561 3626 1615 le«

1977 1650 2214 1716 guntur,
2249 1646 2553 1702 disvestire
2585 1664 2686 1703 seu
2721 1646 3031 1703 molestare
3061 1650 3461 1720 prasumat.Si
3492 1649 3625 1721 quis

1978 1733 2159 1805 igitur
2205 1734 2383 1805 hujus
2430 1740 2641 1790 nostra
2690 1735 3020 1791 donationis
3066 1740 3123 1791 et
3168 1738 3626 1793 conﬁrmationis

1979 1827 2333 1895 praceptum
2380 1823 2599 1878 violare
2647 1824 3105 1895 praesumpserit,
3158 1830 3471 1896 componat
3499 1825 3627 1881 auri

1978 1910 2183 1982 optimi
2210 1910 2389 1966 libras
2420 1916 2676 1978 centum,
2713 1911 3079 1967 medietatem
3113 1929 3353 1967 camera
3392 1917 3626 1980 nostra,

1980 2003 2037 2052 et
2066 1999 2435 2055 medietatem
2475 2001 2602 2071 jam
2653 2001 2818 2055 dicta
2868 2000 3140 2069 ecclesia,
3176 2001 3415 2072 suisque
3446 2005 3627 2056 recto-

1981 2086 2163 2143 ribus.
2193 2088 2352 2151 Quod
2392 2093 2453 2143 ut
2482 2088 2674 2144 verius
2722 2090 3015 2154 credatur,
3051 2089 3509 2162 diligentiusque
3556 2091 3628 2146 ab

1980 2177 2258 2233 omnibus
2285 2178 2642 2242 observetur,
2679 2195 2854 2233 manu
2888 2177 3124 2250 propria
3162 2178 3521 2247 roborantes,
3551 2179 3627 2234 si-

1980 2265 2118 2337 gillo
2149 2270 2347 2321 nostro
2378 2266 2485 2321 hoc
2516 2271 2867 2338 praceptum
2900 2265 3170 2338 insigniri
3193 2266 3506 2337 jussimus.

2053 2354 2282 2424 Signum
2306 2354 2494 2408 domui
2524 2355 2767 2409 Heinrici
2794 2355 3020 2408 semmdi
3049 2359 3419 2410 Romanorum
3466 2358 3632 2428 impe-

1980 2445 2182 2498 ratoris
2212 2444 2457 2513 Augusti.

2053 2531 2225 2603 Opizo
2259 2530 2642 2587 cancellarius
2669 2530 2789 2585 vice
2814 2530 3154 2586 Herimanni
3204 2530 3625 2605 archiepiscopi

1981 2624 2038 2676 et
2068 2619 2585 2676 archicancellarii.

2051 2711 2257 2764 Actum
2289 2726 2362 2763 xv
2393 2708 2679 2763 Kalendas
2707 2707 2867 2773 Julii,
2901 2724 3053 2763 anno
3085 2708 3397 2764 Dominica
3430 2709 3623 2765 Incar-

1983 2797 2236 2853 nationis
2278 2798 2435 2865 1052,
2482 2814 2633 2852 anno
2683 2801 2877 2851 autem
2926 2796 3126 2851 domni
3170 2797 3420 2853 Heinrici
3470 2799 3623 2853 tertii

1982 2886 2136 2958 regis
2169 2885 2409 2941 secundi
2441 2885 2830 2957 imperatoris,
2880 2885 3265 2941 ordinationis
3314 2887 3441 2958 ejus
3470 2904 3624 2956 xxtv,

1982 2975 2211 3047 imperii
2243 2992 2318 3031 vr.

2051 3065 2261 3118 Actum
2294 3064 2581 3134 Turengo,
2611 3063 2872 3119 feliciter.
2905 3063 3108 3118 Amen.

2124 3153 2437 3223 Sequuntur
2463 3154 2622 3221 signa
2654 3153 2995 3208 notariorum
3020 3154 3116 3223 qui
3142 3153 3537 3224 descripserunt
3560 3171 3630 3212 ex

2228 3242 2559 3295 authentico.

2723 3337 2888 3392 XXV.

1984 3438 2268 3492 Ileinricus
2299 3439 2442 3491 inter
2462 3451 2620 3508 rcges
2648 3437 3017 3503 tertius,inter
3042 3436 3307 3506 Augustos
3337 3438 3624 3507 secundus,

2056 3510 2192 3563 bona
2238 3525 2303 3562 ac
2340 3508 2473 3579 jura
2502 3509 2693 3561 cuncta
2744 3522 2841 3561 suo
2887 3512 3157 3578 praecepto
3187 3509 3474 3576 conﬁrmat
3520 3511 3625 3565 Ec-

2052 3580 2236 3635 clesia}
2268 3578 2609 3645 Vercellensi,
2640 3579 2863 3649 ejusque
2893 3579 3136 3648 episcopo
3167 3578 3436 3648 Gregorio.

2601 3676 2786 3747 (Anno
2819 3676 3000 3745 1054.)

2292 3776 2640 3846 [MURATORI,
2670 3776 2849 3844 Antiq.
2882 3774 3003 3829 Ital.
3034 3778 3128 3836 VI.
3163 3775 3267 3829 319
3296 3777 3310 3846 ]

2052 3864 2114 3919 In
2147 3864 2385 3919 nomine
2412 3867 2621 3919 sancta
2653 3867 2708 3917 et
2738 3861 3049 3917 individua
3091 3863 3416 3919 Trinitatis.
3450 3863 3622 3920 Hem-

1980 3970 2169 4022 mcus,
2203 3953 2401 4007 divina
2431 3952 2658 4007 favente
2703 3951 3033 4017 clementia,
3067 3953 3465 4007 Romanorum
3515 3953 3623 4008 im-

1977 4047 2210 4115 perator
2237 4044 2556 4115 Augustus.

2049 4132 2195 4197 Quia
2224 4130 2423 4186 nullus
2452 4133 2614 4185 extra
2643 4129 2959 4185 Ecclesium
3009 4129 3205 4185 salvus
3256 4135 3444 4202 potest
3476 4131 3621 4198 fieri,

1979 4236 2345 4292 consequens
2367 4222 2455 4274 est
2477 4224 2538 4273 ut
2561 4219 2969 4291 unusquisque
2996 4218 3243 4273 ﬁdeliter
3271 4218 3544 4275 laborans
3566 4220 3626 4274 in

1977 4325 2115 4381 agro
2152 4309 2242 4363 Dei
2277 4308 2402 4362 sine
2442 4306 2876 4363 intermissione
2926 4308 3229 4363 incumbat
3269 4306 3627 4364 incremento

1975 4396 2378 4453 ecclesiastica
2412 4395 2511 4450 rei.
2547 4398 2782 4451 Certum
2818 4403 2905 4451 est
2935 4397 3091 4452 enim
3124 4396 3264 4468 quia
3293 4396 3447 4452 sicut
3474 4388 3626 4452 exal-

1973 4490 2135 4542 tatur
2163 4490 2349 4540 mater
2377 4485 2643 4539 omnium
2665 4484 3092 4552 viventium,ita
3112 4491 3382 4541 crescunt
3404 4502 3629 4541 merces

1975 4575 2238 4645 omnium
2271 4572 2382 4628 sibi
2414 4573 2812 4628 servientium.
2834 4573 3195 4645 Quopropter
3222 4574 3628 4629 universorum

213 4660 950 4730 cancellarii,concedimus
982 4662 1258 4733 praedicto
1298 4661 1588 4740 episcopo,
1625 4664 1865 4735 suisque
1895 4680 1943 4744 Ι)
1974 4664 2239 4734 ejusdem
2268 4661 2675 4728 ﬁdelium,tam
2699 4660 3071 4732 praesentium
3096 4678 3271 4731 quam
3297 4663 3629 4717 tuturorum

211 4750 656 4810 successoribus
685 4749 929 4806 clericos
972 4754 1028 4805 et
1068 4750 1340 4816 famulos,
1377 4750 1639 4823 aliosque
1691 4769 1867 4824 super

209 4845 429 4898 terram
460 4856 580 4896 sua
608 4838 877 4895 Ecclesia
904 4838 1297 4894 inhabitantes
1331 4840 1387 4893 in
1422 4856 1530 4895 sua
1561 4845 1863 4912 potestate,

210 4934 277 4986 ut
305 4918 482 4986 liceat
509 4944 644 4985 eum
667 4932 801 4985 ante
830 4944 893 4984 se
924 4944 1163 4984 causam
1186 4932 1437 5000 agere,et
1458 4929 1860 4999 perduellium

211 5016 474 5092 qualibet
503 5015 675 5090 legali
706 5016 997 5072 sententia
1026 5015 1185 5070 litem
1205 5015 1735 5083 dellnire,omnium
1757 5018 1860 5073 ho-

211 5108 444 5164 minum
475 5109 699 5163 remota
728 5103 1489 5163 contradictione.Praterea
1516 5106 1713 5162 omnia
1735 5124 1861 5178 qua

209 5195 496 5254 Adelmus
525 5195 690 5251 bona
721 5194 1016 5251 memoria
1049 5210 1183 5249 cum
1215 5210 1391 5249 uxore
1422 5210 1529 5249 sua
1571 5211 1675 5266 per
1697 5194 1864 5250 char-

211 5284 401 5341 tulam
430 5282 742 5340 oblationis
776 5282 1133 5339 Volterrensi
1165 5281 1430 5337 Ecclesia
1462 5282 1728 5351 contulit,
1753 5282 1865 5338 sci-

128 5412 142 5420 .
210 5372 348 5429 licet
377 5370 687 5427 castellum
712 5372 783 5428 de
811 5370 1154 5437 Pulliciano,
1187 5387 1318 5425 cum
1354 5370 1704 5425 monasterio
1725 5376 1864 5426 San-

212 5462 290 5518 cti
316 5459 604 5533 Sepulcri,
634 5459 884 5533 aliisque
911 5458 1299 5531 pertinentiis,
1354 5464 1410 5513 et
1456 5457 1765 5514 castellum
1798 5460 1867 5515 de

216 5547 676 5617 Monteacutulo,
709 5565 844 5605 cum
877 5548 1002 5605 suis
1035 5546 1422 5621 pertinentiis,
1459 5552 1516 5603 et
1545 5564 1716 5604 suam
1744 5565 1871 5621 por-

285 5655 665 5729 (l7)__$cilicet
695 5655 1172 5729 Eichstadiensis,
1207 5655 1306 5729 qui
1338 5661 1463 5712 tum
1511 5660 1637 5729 erat
1678 5656 1871 5729 regia

214 5725 490 5786 cancellis
519 5731 577 5784 et
606 5725 1394 5800 consiliis,quiquedefuncto
1420 5727 1595 5786 Leoni
1611 5725 1775 5802 papa
1798 5728 1869 5786 IX

1978 4753 2201 4808 noverit
2230 4749 2671 4822 charitas,quod
2704 4766 2810 4804 nos
2841 4748 3249 4804 ecclesiasticis
3272 4749 3630 4821 profectibus

1979 4841 2477 4906 incumbentes,ac
2510 4837 2905 4894 dilectissima
2928 4842 3138 4892 nostra
3162 4838 3431 4911 conjugis
3452 4838 3630 4911 impe-

1977 4930 2229 4996 ratricis,
2270 4946 2371 4985 seu
2405 4925 2740 4983 charissimi
2772 4924 2954 4981 nostri
2988 4925 3094 4980 lilii
3155 4926 3310 4999 regis
3376 4925 3632 4983 Heinrici

1970 5020 2241 5092 precibus
2255 5018 2485 5092 pietatis
2496 5033 2666 5074 aures
2679 5014 3203 5080 accommodantes,
3215 5033 3316 5089 per
3329 5018 3631 5089 praesentis

1973 5108 2241 5179 pracepti
2273 5107 2486 5163 stabile
2528 5107 2966 5161 firmamentum
3018 5109 3231 5159 sancta
3279 5104 3633 5161 Vercellensi

1971 5195 2238 5251 Ecclesia
2270 5198 2697 5252 confirmamus
2729 5191 2929 5250 omnia
2957 5192 3107 5248 bona
3141 5194 3334 5265 quiete
3380 5195 3634 5250 tenenda

1978 5302 2044 5339 ac
2075 5285 2315 5356 paciﬁca
2337 5286 2394 5340 in
2419 5290 2699 5340 aeternum
2733 5282 3133 5353 fruenda,qua
3156 5288 3357 5338 sancto
3380 5282 3629 5338 Eusebio

1980 5372 2118 5427 olim
2153 5372 2363 5427 collata
2396 5370 2814 5427 suntanostris
2847 5370 3373 5441 pradeccssoribus
3395 5370 3630 5441 regibus

1976 5460 2067 5516 vel
2102 5461 2574 5532 imperatoribus,
2602 5477 2705 5516 seu
2738 5459 3186 5533 quibuscunque
3218 5457 3629 5513 fidelibus.Sed

1978 5554 2043 5605 ut
2075 5553 2299 5605 mentes
2332 5548 2593 5604 fidelium
2627 5548 2857 5620 plenius
2887 5550 3198 5621 gaudeant,
3233 5552 3287 5602 et
3326 5546 3628 5619 pradones

1981 5656 2335 5784 Ξιέξὲοῗὲἑὲε
2365 5659 2455 5712 est
2484 5671 2755 5711 summus
2787 5655 3063 5725 pontifex,
3106 5654 3300 5711 Victor
3330 5653 3402 5720 Il,
3434 5652 3627 5710 dictus

1982 5746 2134 5786 anno
2167 5746 2325 5785 ιυῡο.
