3976 6356
175 349 331 416 ΗΜ

175 573 440 631 Heinrici-
464 573 622 630 tertii
663 574 840 646 regis,
887 572 1256 645 imperatoris
1315 576 1511 629 autem
1565 574 1826 639 secundi,

177 662 569 720 ordinationis
615 663 743 733 ejus
762 679 930 726 xxvn,
963 661 1127 734 regni
1169 661 1406 734 quidem
1436 676 1569 730 xvn,
1600 661 1830 734 imperii

177 768 310 808 VBPO
342 767 418 806 IX.

246 843 459 896 Actum
477 838 956 911 Guaresallze[leg.
982 837 1349 908 Guarstallaa]
1381 838 1440 894 in
1462 838 1563 895 Dei
1594 839 1831 896 nomine

177 928 444 985 feliciter.
477 931 689 984 Amen.

898 1043 1118 1098 XXVII.

179 1135 472 1190 Heinrieus
504 1146 604 1188 rex
650 1134 751 1199 III,
802 1133 1103 1204 imperator
1150 1132 1520 1204 II,_canonici.§
1567 1130 1832 1186 Ecclesiw

323 1204 705 1260 Cremonensis
735 1200 922 1258 omnia
953 1203 1181 1258 illorum
1212 1202 1351 1257 bona
1377 1200 1685 1271 conﬁrmat.

805 1293 990 1362 (Anno
1024 1291 1207 1360 1055.)

505 1373 860 1444 [Μυιυιτοηῃ
891 1373 1078 1443 Antiq.
1129 1371 1249 1426 Ital.
1280 1371 1350 1440 II,
1395 1371 1511 1440 75.]

249 1463 315 1518 In
346 1462 584 1518 nomine
605 1464 818 1517 sancta:
851 1465 909 1517 et
938 1459 1248 1515 individua:
1290 1459 1615 1514 Trinitatis.
1669 1457 1834 1513 Ham-

181 1549 581 1617 mcus,divina
608 1549 834 1604 favente
852 1548 1180 1616 clementia,
1215 1549 1618 1603 Romanorum
1651 1546 1832 1617 impe-

182 1642 343 1694 rator
372 1640 692 1710 Augustus.
771 1639 774 1642 ’

264 1728 321 1782 Si
351 1727 469 1783 illis
495 1727 594 1798 qui
629 1727 699 1782 ad
728 1725 856 1780 loca
887 1741 1051 1780 sacra
1082 1724 1353 1779 destinati
1387 1723 1601 1778 divinis
1627 1722 1837 1778 ofﬁciis

1520 343 1916 415 HENRICUS
1960 344 2042 412 Ill
2085 336 2249 413 1MP.

176 485 436 542 nationis
464 485 622 555 1055,
653 483 976 543 indictione
1032 490 1151 554 Vni,
1211 501 1365 542 anno
1399 489 1594 542 autem
1626 485 1826 542 domni
1857 489 1911 556 Α

3431 355 3586 422 1112

2634 481 2888 543 XXVIII.

1939 575 2160 650 Ilenrici
2184 575 2276 650 Ill,
2313 574 2615 650 Germaniae
2641 590 2702 632 ac
2741 578 2920 632 Italiae
2957 580 3120 648 regis,
3154 584 3204 633 et
3241 581 3587 650 imperatoris

2009 646 2075 710 II,
2107 646 2465 717 privilegium
2492 663 2799 703 concessum
2825 646 3169 704 Ferrafieiwi
3199 646 3401 721 populo
3428 670 3440 706 :

2560 745 2747 815 (Anno
2778 745 2964 815 4055.)

2244 829 2598 902 [ΜυειΑτοιυιῃ
2641 832 2822 902 Antig.
2852 833 2980 888 Ital.
3025 834 3092 900 V,
3132 837 3284 906 753.]

2012 925 2072 980 In
2098 927 2334 982 nomine
2358 933 2572 983 sanctae
2595 931 2654 984 et
2675 928 2984 984 individuze
3010 932 3339 988 Trinitatis.
3361 934 3590 989 Hamm-

1940 1015 2282 1081 cus,divina
2304 1016 2528 1072 favente
2551 1017 2877 1083 clementia,
2912 1019 3304 1075 Romanorum
3339 1023 3587 1094 impera-

1945 1108 2037 1158 tor
2055 1107 2378 1176 Augustus.

2017 1191 2291 1247 Noverint
2323 1209 2527 1248 omnes
2559 1200 2772 1250 sancta:
2819 1197 2916 1250 Dei
2951 1196 3238 1262 Ecclesiae,
3292 1199 3593 1270 nostrique

1943 1278 2165 1346 ﬁdeles,
2201 1285 2322 1335 tam
2357 1281 2537 1336 futuri
2573 1299 2752 1353 quam
2814 1291 3151 1355 praesentes,
3205 1285 3459 1356 qualiter
3489 1305 3591 1359 pro

1942 1367 2196 1423 remedio
2220 1368 2428 1424 animae
2452 1374 2684 1438 nostrae,
2713 1375 2767 1426 et
2790 1373 2861 1425 ob
2901 1372 3290 1428 interventum
3315 1375 3588 1447 conjugis

1945 1455 2561 1529 nostrzeimperatricis
2578 1459 2840 1530 Agnetis,
2872 1464 2927 1513 ct
2949 1466 3181 1530 propter
3202 1461 3590 1517 interventum

1945 1543 2310 1600 dilectissimi
2341 1545 2442 1599 ﬁlii
2469 1547 2648 1600 nostri
2675 1546 2898 1601 Ilenrici
2924 1549 3113 1618 quarti
3134 1549 3589 1620 regis,universo

1947 1631 2160 1703 populo
2192 1632 2546 1688 Ferrariensi
2585 1633 2751 1687 nobis
2782 1633 3131 1705 supplicanti
3195 1653 3298 1706 pro
3339 1638 3491 1692 ﬁdeli
3524 1655 3590 1693 ac

1949 1720 2150 1774 devoto
2173 1736 2372 1775 eorum
2408 1721 2638 1776 servitio
2673 1739 2875 1777 omnes
2907 1726 3510 1782 curtensesadatione
3532 1727 3590 1780 in

178 1814 530 1885 inserviunt,
561 1817 773 1869 nostris
804 1812 1128 1884 imperialis
1160 1809 1574 1867 muniﬁcentiae
1603 1810 1833 1865 benivo-
1866 1856 1912 1920 B
1952 1808 2186 1880 placito,
2220 1826 2346 1880 quae
2379 1810 2585 1864 Tertia:
2617 1811 2913 1874 dicuntur.
2947 1817 3103 1867 tutos
3145 1830 3272 1868 esse
3303 1815 3593 1885 permitti-

178 1903 223 1920 I-
281 1902 343 1920 1°,
377 1918 410 1920 __
454 1902 481 1920 ἓν
547 1902 655 1920 7,,9,
702 1900 1076 1920 ,,_1!A:--__'L,_-
1118 1899 1422 1920 _l__--_L-_
1484 1915 1544 1920 --
1580 1897 1828 1920 ι.--2....-
1948 1914 2078 1920 μ---
2117 1897 2376 1920 ῘΤΞΙΙ-..--
2410 1899 2572 1920 ,ιέημ
2605 1898 2746 1920 Ξ-Ιὶν-
2779 1906 2949 1920 ι-ι-.μ-
2988 1900 3257 1920 -!,,SL,1,,,
3297 1903 3362 1920 Π,
3507 1903 3516 1914 ⁸

176 1902 422 1960 lentiam
451 1902 510 1956 in
540 1902 666 1958 suis
697 1900 1078 1974 petitionibus
1111 1899 1424 1956 clementer
1480 1915 1545 1954 ac
1580 1897 1832 1969 benigne

181 1992 719 2055 demonstremus-,a
733 1994 843 2044 Deo
863 1989 1130 2044 omnium
1148 2004 1340 2044 rerum
1367 1987 1694 2058 inspectore
1719 2002 1834 2041 me-

181 2078 356 2136 ritam
389 2081 445 2133 et
462 2077 812 2150 condignam
839 2077 1282 2133 retributionem
1305 2093 1415 2131 nos
1435 2075 1691 2146 recipere
1713 2091 1836 2145 spe-

184 2183 406 2223 ramus.
435 2166 598 2222 Unde
621 2167 886 2222 omnium
929 2171 1143 2221 sanctae
1177 2165 1277 2220 Dei
1309 2165 1575 2220 Ecclesia:
1609 2168 1834 2218 nostro-

185 2273 434 2328 rumque
456 2254 866 2323 ﬁdelium,tam
880 2255 1212 2310 futurorum
1239 2270 1414 2317 quam
1438 2253 1834 2324 praesentium,

187 2344 439 2418 diligens
483 2343 772 2399 industria
800 2343 1025 2399 noverit
1054 2341 1304 2415 qualiter
1318 2359 1419 2415 pro
1436 2341 1694 2396 remedio
1709 2342 1838 2394 ani-

189 2449 298 2510 mis
313 2436 541 2501 nostrae,
570 2435 627 2488 et
651 2432 723 2488 ob
738 2431 1128 2488 interventum
1145 2430 1416 2504 conjugis
1437 2435 1645 2486 nostra:
1659 2429 1836 2484 dilec-

189 2521 430 2578 tissime
446 2521 834 2593 imperatricis
845 2521 1104 2593 Agnetis,
1139 2537 1242 2576 nec
1264 2536 1380 2574 non
1398 2525 1635 2590 propter
1653 2517 1840 2572 incre-

190 2613 459 2667 mentum
478 2609 583 2664 ﬁlii
606 2609 790 2664 nostri
816 2609 1148 2665 charissimi
1195 2607 1447 2664 Heinrici
1470 2607 1660 2679 quarti
1692 2605 1843 2660 vide-

190 2698 330 2754 licet
348 2697 944 2771 regis,canonicorum
978 2702 1190 2753 sanctae
1221 2695 1630 2753 Cremonensis
1661 2695 1840 2750 eccle-

196 2788 294 2844 siaa
319 2787 382 2844 in
413 2787 694 2843 honorem
736 2786 1089 2842 beatissima:
1136 2787 1231 2842 Dei
1281 2785 1595 2842 Genitricis
1647 2783 1841 2838 Maria:

194 2879 544 2934 constructa:
560 2875 1009 2932 necessitatibus
1025 2875 1391 2947 providentes
1407 2873 1522 2929 illis
1541 2873 1780 2928 conﬁrm
1791 2889 1844 2927 a-

201 2981 358 3034 mus,
390 2981 457 3021 ac
477 2969 681 3022 nostra
707 2963 996 3036 imperiali
1022 2965 1366 3019 auctoritate
1399 2963 1845 3017 corroboramus

199 3058 389 3111 terras
418 3070 740 3126 suas,quas
763 3054 1009 3125 praefatae
1032 3052 1322 3109 canonica:
1351 3051 1629 3125 prmsules
1658 3049 1845 3105 eidem

197 3141 458 3200 ecclesias
486 3142 540 3198 vi
571 3142 874 3212 etinjuste
904 3141 1177 3206 tulerant,
1239 3139 1505 3196 videlicet
1562 3136 1844 3194 Butanin-

1948 1897 2379 1966 mus,Villanos
2405 1899 2580 1953 etiam
2605 1898 2757 1953 infra
2779 1906 2955 1954 totam
2981 1900 3270 1956 civitatem
3297 1903 3592 1971 Ferrarize,

1947 1985 2032 2041 vel
2066 1987 2402 2056 ubicunque
2458 1988 2516 2042 in
2549 2004 2748 2042 eorum
2781 1992 2938 2042 terra
2980 1989 3266 2056 habitant,
3300 1992 3372 2045 ad
3405 1991 3594 2063 publi-

1947 2091 2080 2128 cum
2109 2074 2386 2146 placitum
2421 2092 2534 2130 non
2565 2077 2781 2141 venire,
2806 2078 2906 2131 sed
2945 2078 3199 2133 dominis
3231 2079 3314 2133 eis
3346 2097 3446 2151 pro
3480 2079 3597 2135 illis

1949 2164 2301 2233 respondere
2347 2164 2740 2219 concedimus.
2778 2165 2959 2220 Naves
2992 2183 3130 2221 suas
3155 2171 3213 2221 et
3242 2167 3499 2223 caballos
3525 2169 3596 2222 ad

1950 2256 2012 2306 P.
2041 2252 2300 2306 ofﬁcium
2332 2251 2657 2322 persolvere
2691 2271 2801 2307 non
2837 2262 3137 2325 cogantur,
3172 2255 3285 2310 nisi
3328 2273 3462 2311 cum
3491 2273 3596 2313 nos

1951 2342 2010 2396 in
2051 2356 2297 2411 regnum
2333 2339 2596 2394 Italicum
2631 2342 2984 2407 veniremus,
3009 2342 3096 2396 vel
3130 2348 3326 2399 noster
3355 2346 3592 2400 missus.

1953 2430 2233 2483 Praeterea
2265 2428 2314 2482 si
2349 2428 2483 2500 quis
2515 2429 2587 2484 ad
2622 2429 2901 2500 placitum
2934 2436 3188 2498 vocatur,
3224 2437 3280 2486 et
3331 2433 3596 2487 debitum

1953 2535 2128 2572 suum
2163 2521 2370 2587 sponte
2402 2518 2732 2583 conﬁtetur,
2768 2535 2801 2572 a
2833 2535 3004 2589 pcena
3021 2519 3347 2575 Tertiarum
3366 2520 3596 2576 solutus

1954 2607 2047 2662 sit.
2080 2604 2362 2660 Similiter
2391 2604 2565 2660 etiam
2597 2611 2652 2660 et
2710 2607 2913 2662 viduas
2967 2624 3000 2661 a
3031 2608 3242 2664 Tertiis
3285 2608 3342 2663 in
3383 2609 3596 2681 placito

1954 2695 2256 2751 solvimus.
2291 2694 2526 2749 Bannus
2559 2699 2755 2749 autem
2786 2694 3020 2750 illorum
3079 2697 3400 2752 secundum
3447 2697 3596 2752 anti—

1955 2800 2138 2855 quum
2164 2783 2407 2838 modum
2433 2787 2664 2838 centum
2689 2787 2744 2838 et
2765 2789 2890 2838 octo
2911 2784 3132 2839 denarii
3163 2785 3595 2856 sit.Ripaticum

1955 2889 2071 2927 non
2103 2873 2260 2937 dent,
2295 2870 2408 2925 nisi
2441 2871 2651 2942 Papiae,
2683 2871 2991 2926 duodecim
3032 2873 3300 2930 denarios
3331 2874 3595 2944 ejusdem

1955 2961 2507 3016 monetaeﬂremone
2526 2963 2719 3015 autem
2747 2961 2795 3015 si
2828 2962 2972 3016 forte
2999 2962 3311 3033 quisquam
3347 2964 3599 3035 negotia-

1955 3055 2147 3104 torum
2181 3053 2445 3103 moratus
2470 3048 2662 3114 fuerit,
2694 3052 2750 3104 et
2772 3048 3166 3122 alibialiquod
3197 3051 3493 3123 negotium
3528 3051 3598 3107 de

1958 3137 2079 3192 sale
2111 3137 2328 3204 fecerit,
2362 3137 2478 3191 duo
2509 3135 2686 3192 oralia
2719 3137 3027 3208 persolvat.
3069 3139 3148 3193 Dc
3184 3139 3444 3209 piscibus
3493 3156 3596 3211 pro

195 3247 359 3303 gum,
395 3210 850 3298 Castrumvetus,
879 3230 1158 3294 Insulam,
1195 3228 1635 3293 Raduldiscum,
1665 3227 1840 3282 Casa-
1875 3210 1916 3276 C
1957 3241 2310 3297 unaquaque
2327 3229 2523 3297 vegete
2548 3225 2696 3279 duos
2719 3226 2987 3280 denarios
3004 3226 3466 3283 Modiolanenses
3497 3210 3600 3282 tri-

197 3318 832 3386 novam,Butalianum,
864 3315 1612 3388 Fontanellam,cappellam
1645 3312 1841 3369 Sancti

195 3407 515 3464 Salvatoris
539 3424 671 3464 cum
694 3407 817 3464 suis
838 3406 1224 3478 pertinentiis,
1249 3421 1355 3460 nec
1380 3421 1498 3460 non
1523 3409 1579 3460 et
1608 3407 1844 3457 caeteras

195 3500 383 3552 terras
414 3511 564 3568 quas
596 3495 859 3551 canonici
893 3495 1150 3567 przedicti
1211 3511 1364 3549 nunc
1420 3492 1508 3548 vel
1557 3493 1617 3546 in
1648 3492 1843 3545 futuro

189 3586 350 3658 juste
383 3600 450 3640 ac
472 3583 734 3657 legaliter
765 3585 1022 3638 detinere
1051 3583 1340 3649 videntur,
1381 3599 1514 3636 cum
1551 3580 1841 3646 districtu,

195 3689 333 3730 cum
364 3673 639 3746 porcis-et
658 3673 1156 3739 vervecibus,cum
1185 3668 1844 3743 operibus,etomnibus

196 3763 421 3819 scuﬁis.
453 3761 734 3818 Praeterea
765 3762 1067 3817 sancimus
1125 3765 1301 3833 atque
1356 3758 1726 3832 praecipimus
1783 3762 1846 3811 ut

199 3850 400 3907 nullus
423 3850 1331 3923 episcopus,comes,procurator
1361 3852 1466 3902 aut
1493 3847 1747 3902 decanus
1774 3845 1846 3899 de

193 3939 322 4010 ipsa
351 3938 632 3994 canonica
689 3939 920 3993 fodrum
967 3944 1069 3994 aut
1099 3938 1355 4009 aliquam
1399 3935 1692 3991 dationem
1727 3933 1845 3988 illis

191 4027 418 4097 tollere,
450 4030 551 4081 aut
580 4026 953 4098 aliquomodo
985 4027 1110 4082 sine
1169 4025 1337 4098 legali
1388 4023 1612 4095 judicio
1670 4020 1844 4077 mole-

186 4118 344 4171 stare
373 4115 460 4171 vel
489 4113 794 4172 disvestire
823 4119 1161 4187 praesumat.
1197 4115 1255 4170 Si
1315 4113 1448 4184 quis
1477 4128 1612 4168 vero
1643 4114 1846 4166 contra

185 4201 372 4273 hujus
394 4205 605 4257 nostrae
638 4203 1102 4258 conﬁrmationis
1161 4202 1564 4257 auctoritatem
1597 4204 1841 4254 temera-

192 4291 316 4347 rius
339 4289 586 4346 violator
613 4291 918 4357 exstiterit,
951 4296 1183 4346 centum
1246 4290 1426 4346 libras
1459 4289 1585 4344 auri
1637 4287 1842 4360 optimi

193 4381 529 4450 componat,
555 4377 924 4434 medietatem
965 4396 1206 4435 camerae
1259 4383 1468 4433 nostrae
1530 4376 1843 4449 imperiali,

193 4471 254 4522 et
282 4465 656 4522 medietatem
689 4467 980 4538 praedictis
1013 4467 1329 4523 canonicis.
1365 4467 1523 4532 Quod
1558 4469 1623 4520 ut
1651 4465 1842 4520 verius

1955 3315 2117 3369 buat.
2167 3314 2448 3367 Ravenna:
2505 3313 2654 3367 duos
2713 3319 2957 3368 moneta:
3015 3313 3287 3368 Venetiae.
3347 3316 3600 3370 Venetia:

1952 3419 2086 3458 vero
2118 3401 2426 3456 duodecim
2461 3402 2725 3471 ejusdem
2779 3406 3040 3456 monetae.
3098 3404 3165 3456 Et
3221 3408 3427 3474 praeter
3479 3404 3598 3459 hzec

1957 3491 2376 3564 prmnominata
2407 3489 2532 3544 loca
2552 3505 2785 3544 omnem
2811 3495 3133 3546 mercatum
3161 3490 3430 3546 Italicum
3461 3493 3600 3547 abs-

1956 3597 2067 3651 que
2101 3579 2359 3650 qualibet
2389 3578 2686 3634 exactione
2717 3595 2918 3634 secure
2945 3579 3330 3650 frequentent.
3381 3584 3600 3635 Secun-

1955 3669 2096 3722 dum
2127 3667 2302 3722 etiam
2337 3667 2494 3737 quod
2518 3665 2608 3722 lex
2649 3667 2836 3736 jubet,
2872 3668 2931 3721 in
2965 3666 3174 3738 placito
3206 3667 3452 3722 induciae
3481 3667 3599 3724 illis

1955 3756 2366 3821 concedantur,
2431 3754 2543 3810 nisi
2601 3771 2735 3810 cum
2771 3772 2874 3810 nos
2933 3760 3033 3810 aut
3066 3761 3261 3811 noster
3289 3757 3508 3812 missus
3539 3758 3599 3812 in

1956 3861 2200 3917 regnum
2233 3843 2498 3898 Italicum
2529 3843 2882 3899 venerimus.
2919 3845 3197 3900 Generale
3227 3845 3505 3917 placitum
3538 3847 3598 3901 in

1955 3951 2107 3989 anno
2135 3933 2226 3988 bis
2258 3933 2610 3998 custodiant,
2671 3939 2728 3988 et
2758 3933 2864 3988 hoc
2897 3933 3169 3989 solvendo
3209 3935 3380 3990 modo
3412 3935 3599 3992 tribus

1955 4023 2162 4079 diebus
2193 4027 2248 4077 et
2280 4038 2632 4092 unaquaque
2691 4021 2784 4076 die
2817 4027 2935 4077 tres
2993 4040 3198 4094 porcos
3245 4028 3600 4095 centumque

1955 4128 2156 4183 panes,
2189 4128 2366 4166 unam
2391 4110 2601 4165 libram
2623 4110 2860 4182 piperis,
2885 4116 2940 4166 et
2969 4111 3211 4166 alteram
3258 4111 3596 4180 zinamomi,

1953 4206 2189 4271 tresque
2213 4200 2492 4255 sextarios
2520 4199 2710 4254 mellis
2737 4218 2749 4267 ;
2776 4199 2982 4270 hisque
3005 4200 3192 4254 tribus
3223 4201 3430 4255 diebus
3461 4205 3595 4255 tan-

1955 4288 2258 4342 tummodo
2318 4303 2496 4341 unam
2556 4291 2812 4359 vegetem
2871 4288 3032 4342 vini:
3094 4292 3302 4359 quarta
3337 4305 3470 4343 vero
3505 4288 3596 4344 die

1955 4393 2136 4431 unum
2161 4392 2381 4431 verrem
2406 4392 2471 4430 ac
2503 4376 2934 4448 quinquaginta
2965 4395 3143 4448 panes
3171 4377 3470 4449 placitanti
3501 4378 3598 4432 tri-

1952 4464 2156 4518 buant.
2193 4465 2428 4519 Fotrum
2483 4470 2678 4520 autem
2738 4465 2906 4519 nobis
2938 4472 3038 4520 aut
3071 4472 3267 4521 nostro
3311 4465 3492 4522 misso
3524 4468 3593 4522 ad

193 4555 486 4621 credatur,
519 4553 976 4627 diligentiusque
1030 4557 1102 4611 ab
1146 4557 1424 4612 omnibus
1482 4555 1919 4637 observetur,D
1952 4551 2177 4608 Italiam
2212 4553 2459 4606 venienti
2494 4551 2831 4620 plenissime
2882 4554 3249 4624 persolvant;
3285 4555 3405 4609 haec
3437 4555 3594 4609 enim

193 4641 346 4698 hanc
367 4641 630 4698 chartam
658 4643 788 4699 inde
819 4644 1207 4716 conscriptam
1240 4661 1417 4700 manu
1449 4644 1683 4716 propria
1713 4643 1844 4697 sub-

186 4736 277 4786 ter
307 4730 772 4796 corroborantes,
807 4731 983 4805 sigilli
1026 4733 1207 4788 nostri
1245 4732 1631 4804 impressione
1655 4729 1838 4801 jussi-

188 4833 325 4874 mus
353 4818 644 4890 insigniri.

258 4906 492 4975 Signum
512 4906 701 4962 domni
720 4908 967 4964 Heinrici
989 4910 1145 4964 tertii
1189 4911 1332 4980 regis
1359 4909 1726 4974 invictissimi,
1755 4923 1834 4962 se-

185 4992 353 5050 eundi
378 4995 747 5052 Romanorum
776 4997 1122 5068 imperatoris
1150 4998 1398 5068 Augusti.

260 5083 624 5140 Guntherius
655 5084 1036 5142 cancellarius
1089 5086 1210 5140 vice
1270 5083 1605 5141 Ilerimanni
1653 5083 1837 5138 archi-

193 5170 527 5226 cancellarii
559 5174 906 5243 recognovit.

261 5256 408 5313 Data
440 5258 577 5314 ldus
599 5259 884 5329 Octobris,
906 5277 1058 5317 anno
1077 5260 1385 5317 Dominicaa
1412 5259 1836 5316 Incarnationis

192 5345 350 5415 1055,
377 5346 697 5405 indictione
743 5363 855 5414 vm,
919 5366 1072 5406 anno
1121 5353 1316 5406 autem
1347 5349 1548 5406 domni
1582 5349 1835 5405 Heinrici

193 5434 344 5490 tertii
360 5435 536 5508 regis,
552 5434 924 5509 imperatoris
942 5444 1137 5495 autem
1155 5438 1418 5505 secundi,
1451 5438 1835 5494 ordinationis

192 5522 315 5593 ejus
345 5537 513 5592 xxv",
548 5525 712 5596 regni
743 5526 980 5597 quidem
1027 5541 1158 5594 xvn,
1193 5525 1422 5600 imperii
1451 5542 1584 5583 vero
1615 5541 1690 5581 ιχ.

258 5613 473 5674 Actum
504 5611 756 5674 Mantuae
788 5614 849 5673 in
897 5617 996 5676 Dei
1048 5616 1282 5677 nomine
1329 5615 1592 5676 feiiciter.
1625 5616 1832 5680 Amen.

1954 4641 2302 4711 omnia,qua)
2331 4640 2688 4710 praescripta,
2720 4657 2823 4694 nec
2856 4658 2968 4695 non
3001 4658 3279 4697 concessa
3305 4646 3462 4708 sunt,
3495 4643 3595 4697 illa

1950 4730 2281 4801 exceptione
2314 4727 2647 4783 stabilimus
2694 4733 2750 4782 et
2780 4731 3198 4785 conﬁrmamus
3258 4731 3329 4785 ad
3385 4734 3593 4787 caetera

1948 4818 2384 4890 tempora;nisi
2416 4833 2550 4871 cum
2575 4834 2679 4872 nos
2703 4823 2804 4872 aut
2826 4823 3022 4874 noster
3054 4818 3271 4874 missus
3321 4820 3378 4873 in
3412 4835 3590 4892 regno

1948 4907 2149 4963 Italico
2169 4906 2521 4962 steterimus.
2548 4905 2605 4960 Si
2639 4905 2770 4977 quis
2789 4911 2982 4961 autem
3011 4907 3188 4976 hujus
3219 4913 3428 4964 nostra;
3460 4924 3591 4964 con-

1945 4996 2229 5052 cessionis
2252 5001 2307 5050 et
2339 4996 2808 5050 conﬁrmationis
2837 4995 3080 5051 violator
3118 4997 3422 5063 exstiterit,
3457 5015 3592 5054 cen-

1944 5091 2070 5140 tum
2101 5085 2283 5140 libras
2314 5083 2442 5140 auri
2475 5084 2681 5156 optimi
2715 5091 3046 5156 componat,
3082 5087 3450 5143 medietatem
3501 5105 3592 5143 ca-

1946 5191 2118 5229 mera:
2149 5178 2385 5242 nostrae,
2407 5177 2464 5228 et
2505 5173 2876 5231 medietatem
2911 5176 3186 5247 praedicto
3237 5176 3589 5232 Ferrariensi

1943 5262 2180 5334 populo.
2209 5263 2278 5317 Et
2309 5267 2371 5316 ut
2389 5261 2509 5318 haec
2533 5267 2740 5318 nostra:
2765 5265 3227 5322 conﬁrmationis
3274 5266 3587 5322 auctoritas

1944 5350 2175 5407 stabilis
2209 5367 2275 5404 ac
2306 5351 2478 5405 ﬁrma
2507 5358 2866 5422 permaneat,
2923 5353 3073 5410 hanc
3132 5355 3394 5410 chartam
3455 5354 3588 5408 inde

1944 5438 2333 5509 conscriptam
2353 5455 2531 5494 manu
2561 5443 2818 5513 propria,
2844 5448 2907 5498 ut
2937 5442 3089 5498 infra
3114 5445 3360 5510 videtur,
3393 5459 3584 5499 corro-

1943 5528 2236 5597 borantes,
2271 5525 2446 5602 sigilli
2483 5531 2666 5587 nostri
2698 5531 3082 5606 impressione
3118 5531 3409 5604 jussimus
3441 5532 3582 5590 insi~

1940 5634 2114 5696 gum.
