  <div class='ocr_page' id='page_1' title='image "/cluster/home/n/w/nwhite01/storage/ocr_20150623/151/umn.31951002477444s/671.png"; bbox 0 0 3976 6382; ppageno 0'>
   <div class='ocr_carea' id='block_1_1' title="bbox 388 16 1251 41">
    <p class='ocr_par' dir='ltr' id='par_1_1' title="bbox 388 16 1251 41">
     <span class='ocr_line' id='line_1_1' title="bbox 388 16 1251 41; baseline -0.013 -1"><span class='ocrx_word' id='word_1_1' title='bbox 388 16 417 35; x_wconf 49' lang='grc' dir='ltr'><strong>ὺ·</strong></span> <span class='ocrx_word' id='word_1_2' title='bbox 432 16 453 37; x_wconf 55' lang='grc' dir='ltr'>ἶ</span> <span class='ocrx_word' id='word_1_3' title='bbox 494 24 513 41; x_wconf 71' lang='grc'><em>1</em></span> <span class='ocrx_word' id='word_1_4' title='bbox 536 16 1251 39; x_wconf 23' lang='grc' dir='ltr'><strong>νέω-τπ--πηιη-νΓἸ--κ-</strong></span> 
     </span>
    </p>
   </div>
   <div class='ocr_carea' id='block_1_2' title="bbox 395 441 557 513">
    <p class='ocr_par' dir='ltr' id='par_1_2' title="bbox 395 441 557 513">
     <span class='ocr_line' id='line_1_2' title="bbox 395 441 557 513; baseline 0.006 -1"><span class='ocrx_word' id='word_1_5' title='bbox 395 441 557 513; x_wconf 66' lang='grc' dir='ltr'><strong><em>ιιοτ</em></strong></span> 
     </span>
    </p>
   </div>
   <div class='ocr_carea' id='block_1_3' title="bbox 1134 579 1304 638">
    <p class='ocr_par' dir='ltr' id='par_1_3' title="bbox 1134 579 1304 638">
     <span class='ocr_line' id='line_1_3' title="bbox 1134 579 1304 638; baseline -0.018 0"><span class='ocrx_word' id='word_1_6' title='bbox 1134 579 1304 638; x_wconf 85' lang='lat' dir='ltr'><strong>XVII.</strong></span> 
     </span>
    </p>
   </div>
   <div class='ocr_carea' id='block_1_4' title="bbox 392 661 2046 754">
    <p class='ocr_par' dir='ltr' id='par_1_4' title="bbox 392 661 2046 754">
     <span class='ocr_line' id='line_1_4' title="bbox 392 661 2046 754; baseline -0.009 -25"><span class='ocrx_word' id='word_1_7' title='bbox 392 673 702 754; x_wconf 73' lang='lat' dir='ltr'><strong>Heinricus,</strong></span> <span class='ocrx_word' id='word_1_8' title='bbox 734 672 883 754; x_wconf 70' lang='lat' dir='ltr'><strong>inter</strong></span> <span class='ocrx_word' id='word_1_9' title='bbox 922 673 1274 754; x_wconf 62' lang='lat' dir='ltr'><strong>imperatores</strong></span> <span class='ocrx_word' id='word_1_10' title='bbox 1290 666 1586 754; x_wconf 55' lang='lat' dir='ltr'><strong>secundus,</strong></span> <span class='ocrx_word' id='word_1_11' title='bbox 1631 661 1912 754; x_wconf 47' lang='lat' dir='ltr'><strong>Bernar‘do</strong></span> <span class='ocrx_word' id='word_1_12' title='bbox 1939 661 2046 715; x_wconf 89' lang='lat' dir='ltr'><strong>Pa-</strong></span> 
     </span>
    </p>
   </div>
   <div class='ocr_carea' id='block_1_5' title="bbox 500 737 1939 816">
    <p class='ocr_par' dir='ltr' id='par_1_5' title="bbox 500 737 1939 816">
     <span class='ocr_line' id='line_1_5' title="bbox 500 737 1939 816; baseline -0.011 -15"><span class='ocrx_word' id='word_1_13' title='bbox 500 737 695 801; x_wconf 44' lang='lat' dir='ltr'><strong>tavino&#39;</strong></span> <span class='ocrx_word' id='word_1_14' title='bbox 713 744 958 816; x_wconf 78' lang='lat' dir='ltr'><strong>episcopo</strong></span> <span class='ocrx_word' id='word_1_15' title='bbox 988 737 1074 812; x_wconf 73' lang='lat' dir='ltr'><strong>ius</strong></span> <span class='ocrx_word' id='word_1_16' title='bbox 1097 741 1352 798; x_wconf 72' lang='lat' dir='ltr'><strong>mittendae</strong></span> <span class='ocrx_word' id='word_1_17' title='bbox 1378 739 1622 811; x_wconf 67' lang='lat' dir='ltr'><strong>pecuniae</strong></span> <span class='ocrx_word' id='word_1_18' title='bbox 1651 737 1939 804; x_wconf 85' lang='lat' dir='ltr'><strong>elargitur.</strong></span> 
     </span>
    </p>
   </div>
   <div class='ocr_carea' id='block_1_6' title="bbox 1010 829 1415 904">
    <p class='ocr_par' dir='ltr' id='par_1_6' title="bbox 1010 829 1415 904">
     <span class='ocr_line' id='line_1_6' title="bbox 1010 829 1415 904; baseline -0.015 -16"><span class='ocrx_word' id='word_1_19' title='bbox 1010 832 1198 904; x_wconf 89' lang='lat' dir='ltr'><strong>(Anno</strong></span> <span class='ocrx_word' id='word_1_20' title='bbox 1229 829 1415 900; x_wconf 71' lang='grc'>1049.)</span> 
     </span>
    </p>
   </div>
   <div class='ocr_carea' id='block_1_7' title="bbox 712 914 1729 993">
    <p class='ocr_par' dir='ltr' id='par_1_7' title="bbox 712 914 1729 993">
     <span class='ocr_line' id='line_1_7' title="bbox 712 914 1729 993; baseline -0.011 -15"><span class='ocrx_word' id='word_1_21' title='bbox 712 921 1067 993; x_wconf 58' lang='grc' dir='ltr'><strong>[Μυιυλτοιιῃ</strong></span> <span class='ocrx_word' id='word_1_22' title='bbox 1099 919 1285 989; x_wconf 80' lang='lat' dir='ltr'><strong>Antig.</strong></span> <span class='ocrx_word' id='word_1_23' title='bbox 1317 917 1443 973; x_wconf 84' lang='lat' dir='ltr'><strong><em>Ital.</em></strong></span> <span class='ocrx_word' id='word_1_24' title='bbox 1477 915 1547 981; x_wconf 89' lang='lat' dir='ltr'><strong>II,</strong></span> <span class='ocrx_word' id='word_1_25' title='bbox 1577 914 1729 984; x_wconf 76' lang='lat'><strong>711.]</strong></span> 
     </span>
    </p>
   </div>
   <div class='ocr_carea' id='block_1_8' title="bbox 469 998 2053 1068">
    <p class='ocr_par' dir='ltr' id='par_1_8' title="bbox 469 998 2053 1068">
     <span class='ocr_line' id='line_1_8' title="bbox 469 998 2053 1068; baseline -0.011 0"><span class='ocrx_word' id='word_1_26' title='bbox 469 1011 534 1067; x_wconf 89' lang='lat' dir='ltr'>In</span> <span class='ocrx_word' id='word_1_27' title='bbox 564 1009 803 1068; x_wconf 86' lang='lat' dir='ltr'><strong>nomine</strong></span> <span class='ocrx_word' id='word_1_28' title='bbox 833 1013 1052 1065; x_wconf 70' lang='lat' dir='ltr'><strong>sanctae</strong></span> <span class='ocrx_word' id='word_1_29' title='bbox 1081 1011 1139 1064; x_wconf 88' lang='lat' dir='ltr'><strong>et</strong></span> <span class='ocrx_word' id='word_1_30' title='bbox 1174 1005 1488 1063; x_wconf 67' lang='lat' dir='ltr'><strong>individuis</strong></span> <span class='ocrx_word' id='word_1_31' title='bbox 1519 1000 1847 1059; x_wconf 76' lang='lat' dir='ltr'><strong>Trinitatis.</strong></span> <span class='ocrx_word' id='word_1_32' title='bbox 1880 998 2053 1053; x_wconf 71' lang='lat' dir='ltr'><strong>Ham-</strong></span> 
     </span>
    </p>
   </div>
   <div class='ocr_carea' id='block_1_9' title="bbox 401 1085 2053 1169">
    <p class='ocr_par' dir='ltr' id='par_1_9' title="bbox 401 1085 2053 1169">
     <span class='ocr_line' id='line_1_9' title="bbox 401 1085 2053 1169; baseline -0.01 -13"><span class='ocrx_word' id='word_1_33' title='bbox 401 1114 594 1169; x_wconf 78' lang='lat' dir='ltr'><strong>mcus,</strong></span> <span class='ocrx_word' id='word_1_34' title='bbox 625 1098 823 1155; x_wconf 90' lang='lat' dir='ltr'><strong>divina</strong></span> <span class='ocrx_word' id='word_1_35' title='bbox 863 1098 1093 1154; x_wconf 81' lang='lat' dir='ltr'><strong>favente</strong></span> <span class='ocrx_word' id='word_1_36' title='bbox 1123 1095 1452 1162; x_wconf 88' lang='lat' dir='ltr'><strong>clementia,</strong></span> <span class='ocrx_word' id='word_1_37' title='bbox 1496 1093 1894 1148; x_wconf 86' lang='lat' dir='ltr'><strong>Romanorum</strong></span> <span class='ocrx_word' id='word_1_38' title='bbox 1943 1085 2053 1140; x_wconf 92' lang='lat' dir='ltr'><strong>im-</strong></span> 
     </span>
    </p>
   </div>
   <div class='ocr_carea' id='block_1_10' title="bbox 406 1188 988 1261">
    <p class='ocr_par' dir='ltr' id='par_1_10' title="bbox 406 1188 988 1261">
     <span class='ocr_line' id='line_1_10' title="bbox 406 1188 988 1261; baseline -0.003 -17"><span class='ocrx_word' id='word_1_39' title='bbox 406 1191 642 1261; x_wconf 90' lang='lat' dir='ltr'><strong>perator</strong></span> <span class='ocrx_word' id='word_1_40' title='bbox 667 1188 988 1260; x_wconf 87' lang='lat' dir='ltr'><strong>Augustus.</strong></span> 
     </span>
    </p>
   </div>
   <div class='ocr_carea' id='block_1_11' title="bbox 480 1264 2059 1341">
    <p class='ocr_par' dir='ltr' id='par_1_11' title="bbox 480 1264 2059 1341">
     <span class='ocr_line' id='line_1_11' title="bbox 480 1264 2059 1341; baseline -0.011 -8"><span class='ocrx_word' id='word_1_41' title='bbox 480 1276 542 1333; x_wconf 89' lang='lat' dir='ltr'><strong>Si</strong></span> <span class='ocrx_word' id='word_1_42' title='bbox 574 1276 758 1333; x_wconf 90' lang='lat' dir='ltr'><strong>sacris</strong></span> <span class='ocrx_word' id='word_1_43' title='bbox 803 1281 862 1332; x_wconf 92' lang='lat' dir='ltr'><strong>et</strong></span> <span class='ocrx_word' id='word_1_44' title='bbox 904 1272 1335 1331; x_wconf 89' lang='lat' dir='ltr'><strong>venerabilibus</strong></span> <span class='ocrx_word' id='word_1_45' title='bbox 1390 1269 1532 1327; x_wconf 90' lang='lat' dir='ltr'><strong>locis</strong></span> <span class='ocrx_word' id='word_1_46' title='bbox 1590 1267 1850 1341; x_wconf 85' lang='lat' dir='ltr'><strong>proﬁcua</strong></span> <span class='ocrx_word' id='word_1_47' title='bbox 1904 1264 2059 1317; x_wconf 90' lang='lat' dir='ltr'><strong>dona</strong></span> 
     </span>
    </p>
   </div>
   <div class='ocr_carea' id='block_1_12' title="bbox 408 1350 2057 1432">
    <p class='ocr_par' dir='ltr' id='par_1_12' title="bbox 408 1350 2057 1432">
     <span class='ocr_line' id='line_1_12' title="bbox 408 1350 2057 1432; baseline -0.01 -11"><span class='ocrx_word' id='word_1_48' title='bbox 408 1365 806 1432; x_wconf 79' lang='lat' dir='ltr'><strong>concedimus,</strong></span> <span class='ocrx_word' id='word_1_49' title='bbox 831 1364 1037 1419; x_wconf 76' lang='lat' dir='ltr'><strong>animus</strong></span> <span class='ocrx_word' id='word_1_50' title='bbox 1071 1365 1282 1418; x_wconf 82' lang='lat' dir='ltr'><strong>nostrae</strong></span> <span class='ocrx_word' id='word_1_51' title='bbox 1307 1359 1678 1432; x_wconf 80' lang='lat' dir='ltr'><strong>profuturum</strong></span> <span class='ocrx_word' id='word_1_52' title='bbox 1701 1352 1861 1410; x_wconf 92' lang='lat' dir='ltr'><strong>nullo</strong></span> <span class='ocrx_word' id='word_1_53' title='bbox 1885 1350 2057 1406; x_wconf 93' lang='lat' dir='ltr'><strong>modo</strong></span> 
     </span>
    </p>
   </div>
   <div class='ocr_carea' id='block_1_13' title="bbox 410 1438 2059 1526">
    <p class='ocr_par' dir='ltr' id='par_1_13' title="bbox 410 1438 2059 1526">
     <span class='ocr_line' id='line_1_13' title="bbox 410 1438 2059 1526; baseline -0.011 -17"><span class='ocrx_word' id='word_1_54' title='bbox 410 1452 789 1526; x_wconf 85' lang='lat' dir='ltr'><strong>ambigimus.</strong></span> <span class='ocrx_word' id='word_1_55' title='bbox 812 1453 1174 1524; x_wconf 80' lang='lat' dir='ltr'><strong>Quapropter</strong></span> <span class='ocrx_word' id='word_1_56' title='bbox 1202 1448 1476 1505; x_wconf 91' lang='lat' dir='ltr'><strong>omnibus</strong></span> <span class='ocrx_word' id='word_1_57' title='bbox 1505 1443 1717 1501; x_wconf 86' lang='lat' dir='ltr'><strong>Christi</strong></span> <span class='ocrx_word' id='word_1_58' title='bbox 1758 1438 2059 1510; x_wconf 84' lang='lat' dir='ltr'><strong>nostrique</strong></span> 
     </span>
    </p>
   </div>
   <div class='ocr_carea' id='block_1_14' title="bbox 408 1531 2059 1612">
    <p class='ocr_par' dir='ltr' id='par_1_14' title="bbox 408 1531 2059 1612">
     <span class='ocr_line' id='line_1_14' title="bbox 408 1531 2059 1612; baseline -0.012 -12"><span class='ocrx_word' id='word_1_59' title='bbox 408 1541 683 1599; x_wconf 80' lang='lat' dir='ltr'><strong>ﬁdelibus</strong></span> <span class='ocrx_word' id='word_1_60' title='bbox 711 1545 830 1598; x_wconf 91' lang='lat' dir='ltr'><strong>tam</strong></span> <span class='ocrx_word' id='word_1_61' title='bbox 872 1540 1087 1597; x_wconf 82' lang='lat' dir='ltr'><strong>futuris</strong></span> <span class='ocrx_word' id='word_1_62' title='bbox 1118 1555 1294 1612; x_wconf 90' lang='lat' dir='ltr'><strong>quam</strong></span> <span class='ocrx_word' id='word_1_63' title='bbox 1326 1541 1384 1593; x_wconf 93' lang='lat' dir='ltr'><strong>et</strong></span> <span class='ocrx_word' id='word_1_64' title='bbox 1420 1532 1829 1609; x_wconf 69' lang='lat' dir='ltr'><strong>praesentibus,</strong></span> <span class='ocrx_word' id='word_1_65' title='bbox 1853 1531 2059 1584; x_wconf 90' lang='lat' dir='ltr'><strong>notum</strong></span> 
     </span>
    </p>
   </div>
   <div class='ocr_carea' id='block_1_15' title="bbox 409 1613 2060 1701">
    <p class='ocr_par' dir='ltr' id='par_1_15' title="bbox 409 1613 2060 1701">
     <span class='ocr_line' id='line_1_15' title="bbox 409 1613 2060 1701; baseline -0.012 -14"><span class='ocrx_word' id='word_1_66' title='bbox 409 1630 533 1687; x_wconf 87' lang='lat' dir='ltr'><strong>ﬁeri</strong></span> <span class='ocrx_word' id='word_1_67' title='bbox 574 1629 848 1687; x_wconf 90' lang='lat' dir='ltr'><strong>volumus</strong></span> <span class='ocrx_word' id='word_1_68' title='bbox 879 1629 1129 1701; x_wconf 79' lang='lat' dir='ltr'><strong>qualiter</strong></span> <span class='ocrx_word' id='word_1_69' title='bbox 1176 1644 1283 1683; x_wconf 90' lang='lat' dir='ltr'><strong>nos</strong></span> <span class='ocrx_word' id='word_1_70' title='bbox 1332 1626 1405 1681; x_wconf 93' lang='lat' dir='ltr'><strong>ob</strong></span> <span class='ocrx_word' id='word_1_71' title='bbox 1452 1624 1842 1679; x_wconf 83' lang='lat' dir='ltr'><strong>interventum</strong></span> <span class='ocrx_word' id='word_1_72' title='bbox 1875 1613 2060 1672; x_wconf 84' lang='lat' dir='ltr'><strong>nostri</strong></span> 
     </span>
    </p>
   </div>
   <div class='ocr_carea' id='block_1_16' title="bbox 404 1702 2062 1793">
    <p class='ocr_par' dir='ltr' id='par_1_16' title="bbox 404 1702 2062 1793">
     <span class='ocr_line' id='line_1_16' title="bbox 404 1702 2062 1793; baseline -0.011 -17"><span class='ocrx_word' id='word_1_73' title='bbox 404 1719 518 1776; x_wconf 88' lang='lat' dir='ltr'><strong>tori</strong></span> <span class='ocrx_word' id='word_1_74' title='bbox 541 1719 820 1793; x_wconf 80' lang='lat' dir='ltr'><strong>regnique</strong></span> <span class='ocrx_word' id='word_1_75' title='bbox 840 1716 1149 1787; x_wconf 89' lang='lat' dir='ltr'><strong>consortis,</strong></span> <span class='ocrx_word' id='word_1_76' title='bbox 1174 1714 1395 1773; x_wconf 85' lang='lat' dir='ltr'><strong>scilicet</strong></span> <span class='ocrx_word' id='word_1_77' title='bbox 1413 1711 1652 1786; x_wconf 83' lang='lat' dir='ltr'><strong>Agnetis</strong></span> <span class='ocrx_word' id='word_1_78' title='bbox 1673 1702 2062 1780; x_wconf 87' lang='lat' dir='ltr'><strong>imperatricis</strong></span> 
     </span>
    </p>
   </div>
   <div class='ocr_carea' id='block_1_17' title="bbox 406 1794 2065 1882">
    <p class='ocr_par' dir='ltr' id='par_1_17' title="bbox 406 1794 2065 1882">
     <span class='ocr_line' id='line_1_17' title="bbox 406 1794 2065 1882; baseline -0.011 -16"><span class='ocrx_word' id='word_1_79' title='bbox 406 1810 706 1882; x_wconf 64' lang='lat' dir='ltr'><strong>Augusta,</strong></span> <span class='ocrx_word' id='word_1_80' title='bbox 740 1824 846 1864; x_wconf 92' lang='lat' dir='ltr'><strong>nec</strong></span> <span class='ocrx_word' id='word_1_81' title='bbox 898 1824 1007 1863; x_wconf 89' lang='lat' dir='ltr'><strong>nos</strong></span> <span class='ocrx_word' id='word_1_82' title='bbox 1053 1806 1127 1862; x_wconf 93' lang='lat' dir='ltr'><strong>ob</strong></span> <span class='ocrx_word' id='word_1_83' title='bbox 1177 1805 1449 1861; x_wconf 84' lang='lat' dir='ltr'><strong>devotum</strong></span> <span class='ocrx_word' id='word_1_84' title='bbox 1498 1799 1801 1857; x_wconf 88' lang='lat' dir='ltr'><strong>servitium</strong></span> <span class='ocrx_word' id='word_1_85' title='bbox 1850 1794 1972 1882; x_wconf 87' lang='lat' dir='ltr'>Dei,</span> <span class='ocrx_word' id='word_1_86' title='bbox 2006 1796 2065 1847; x_wconf 91' lang='lat' dir='ltr'><strong>et</strong></span> 
     </span>
    </p>
   </div>
   <div class='ocr_carea' id='block_1_18' title="bbox 410 1881 2065 1969">
    <p class='ocr_par' dir='ltr' id='par_1_18' title="bbox 410 1881 2065 1969">
     <span class='ocr_line' id='line_1_18' title="bbox 410 1881 2065 1969; baseline -0.011 -15"><span class='ocrx_word' id='word_1_87' title='bbox 410 1881 755 1969; x_wconf 76' lang='lat' dir='ltr'><strong>petitionem</strong></span> <span class='ocrx_word' id='word_1_88' title='bbox 808 1894 1128 1952; x_wconf 87' lang='lat' dir='ltr'><strong>Bernbardi</strong></span> <span class='ocrx_word' id='word_1_89' title='bbox 1180 1889 1539 1948; x_wconf 88' lang='lat' dir='ltr'><strong>Pataviensis</strong></span> <span class='ocrx_word' id='word_1_90' title='bbox 1584 1884 1840 1961; x_wconf 84' lang='lat' dir='ltr'><strong>episcOpi</strong></span> <span class='ocrx_word' id='word_1_91' title='bbox 1892 1881 2065 1937; x_wconf 88' lang='lat' dir='ltr'><strong>licen-</strong></span> 
     </span>
    </p>
   </div>
   <div class='ocr_carea' id='block_1_19' title="bbox 400 1970 2067 2058">
    <p class='ocr_par' dir='ltr' id='par_1_19' title="bbox 400 1970 2067 2058">
     <span class='ocr_line' id='line_1_19' title="bbox 400 1970 2067 2058; baseline -0.013 -13"><span class='ocrx_word' id='word_1_92' title='bbox 400 1985 559 2045; x_wconf 78' lang='lat' dir='ltr'><strong>tiam</strong></span> <span class='ocrx_word' id='word_1_93' title='bbox 588 1989 645 2041; x_wconf 90' lang='lat' dir='ltr'><strong>et</strong></span> <span class='ocrx_word' id='word_1_94' title='bbox 692 1988 1042 2058; x_wconf 89' lang='lat' dir='ltr'><strong>potestatem</strong></span> <span class='ocrx_word' id='word_1_95' title='bbox 1091 1985 1388 2037; x_wconf 78' lang='lat' dir='ltr'><strong>monetam</strong></span> <span class='ocrx_word' id='word_1_96' title='bbox 1435 1975 1789 2033; x_wconf 80' lang='lat' dir='ltr'><strong>faciendiin</strong></span> <span class='ocrx_word' id='word_1_97' title='bbox 1838 1970 2067 2028; x_wconf 82' lang='lat' dir='ltr'><strong>civitate</strong></span> 
     </span>
    </p>
   </div>
   <div class='ocr_carea' id='block_1_20' title="bbox 416 2062 2074 2143">
    <p class='ocr_par' dir='ltr' id='par_1_20' title="bbox 416 2062 2074 2143">
     <span class='ocr_line' id='line_1_20' title="bbox 416 2062 2074 2143; baseline -0.01 -14"><span class='ocrx_word' id='word_1_98' title='bbox 416 2072 769 2141; x_wconf 88' lang='lat' dir='ltr'><strong>Pataviensi,</strong></span> <span class='ocrx_word' id='word_1_99' title='bbox 800 2072 1128 2129; x_wconf 91' lang='lat' dir='ltr'><strong>secundum</strong></span> <span class='ocrx_word' id='word_1_100' title='bbox 1166 2070 1399 2143; x_wconf 91' lang='lat' dir='ltr'><strong>pondus</strong></span> <span class='ocrx_word' id='word_1_101' title='bbox 1421 2062 1768 2121; x_wconf 87' lang='lat' dir='ltr'><strong>Veronensis</strong></span> <span class='ocrx_word' id='word_1_102' title='bbox 1798 2062 2074 2132; x_wconf 71' lang='lat' dir='ltr'><strong>monetae,</strong></span> 
     </span>
    </p>
   </div>
   <div class='ocr_carea' id='block_1_21' title="bbox 417 2148 2071 2234">
    <p class='ocr_par' dir='ltr' id='par_1_21' title="bbox 417 2148 2071 2234">
     <span class='ocr_line' id='line_1_21' title="bbox 417 2148 2071 2234; baseline -0.011 -16"><span class='ocrx_word' id='word_1_103' title='bbox 417 2160 533 2218; x_wconf 91' lang='lat' dir='ltr'><strong>sibi</strong></span> <span class='ocrx_word' id='word_1_104' title='bbox 590 2177 829 2234; x_wconf 65' lang='lat' dir='ltr'><strong>sumque</strong></span> <span class='ocrx_word' id='word_1_105' title='bbox 892 2159 1159 2217; x_wconf 69' lang='lat' dir='ltr'><strong>Ecclesia:</strong></span> <span class='ocrx_word' id='word_1_106' title='bbox 1217 2154 1630 2230; x_wconf 89' lang='lat' dir='ltr'><strong>perpetualiter</strong></span> <span class='ocrx_word' id='word_1_107' title='bbox 1696 2148 2071 2207; x_wconf 88' lang='lat' dir='ltr'>concedimus</span> 
     </span>
    </p>
   </div>
   <div class='ocr_carea' id='block_1_22' title="bbox 416 2236 2073 2324">
    <p class='ocr_par' dir='ltr' id='par_1_22' title="bbox 416 2236 2073 2324">
     <span class='ocr_line' id='line_1_22' title="bbox 416 2236 2073 2324; baseline -0.011 -16"><span class='ocrx_word' id='word_1_108' title='bbox 416 2253 590 2323; x_wconf 87' lang='lat' dir='ltr'><strong>atque</strong></span> <span class='ocrx_word' id='word_1_109' title='bbox 619 2248 1037 2324; x_wconf 89' lang='lat' dir='ltr'><strong>permittimus.</strong></span> <span class='ocrx_word' id='word_1_110' title='bbox 1059 2249 1131 2304; x_wconf 90' lang='lat' dir='ltr'><strong>Et</strong></span> <span class='ocrx_word' id='word_1_111' title='bbox 1177 2250 1244 2303; x_wconf 92' lang='lat' dir='ltr'><strong>ut</strong></span> <span class='ocrx_word' id='word_1_112' title='bbox 1284 2245 1499 2302; x_wconf 74' lang='lat' dir='ltr'><strong>certior</strong></span> <span class='ocrx_word' id='word_1_113' title='bbox 1529 2241 1845 2299; x_wconf 84' lang='lat' dir='ltr'><strong>auctoritas</strong></span> <span class='ocrx_word' id='word_1_114' title='bbox 1893 2236 2073 2307; x_wconf 88' lang='lat' dir='ltr'>hujus</span> 
     </span>
    </p>
   </div>
   <div class='ocr_carea' id='block_1_23' title="bbox 416 2324 2074 2402">
    <p class='ocr_par' dir='ltr' id='par_1_23' title="bbox 416 2324 2074 2402">
     <span class='ocr_line' id='line_1_23' title="bbox 416 2324 2074 2402; baseline -0.011 -6"><span class='ocrx_word' id='word_1_115' title='bbox 416 2343 632 2396; x_wconf 68' lang='lat' dir='ltr'><strong>nostris</strong></span> <span class='ocrx_word' id='word_1_116' title='bbox 658 2337 1055 2395; x_wconf 85' lang='lat' dir='ltr'><strong>concessionis</strong></span> <span class='ocrx_word' id='word_1_117' title='bbox 1083 2336 1368 2402; x_wconf 90' lang='lat' dir='ltr'><strong>videatur,</strong></span> <span class='ocrx_word' id='word_1_118' title='bbox 1402 2334 1462 2388; x_wconf 91' lang='lat' dir='ltr'><strong>in</strong></span> <span class='ocrx_word' id='word_1_119' title='bbox 1495 2348 1615 2388; x_wconf 89' lang='lat' dir='ltr'><strong>una</strong></span> <span class='ocrx_word' id='word_1_120' title='bbox 1643 2326 1949 2402; x_wconf 81' lang='lat' dir='ltr'><strong>superﬁcie</strong></span> <span class='ocrx_word' id='word_1_121' title='bbox 1979 2324 2074 2378; x_wconf 88' lang='lat' dir='ltr'><strong>de-</strong></span> 
     </span>
    </p>
   </div>
   <div class='ocr_carea' id='block_1_24' title="bbox 412 2415 2072 2496">
    <p class='ocr_par' dir='ltr' id='par_1_24' title="bbox 412 2415 2072 2496">
     <span class='ocr_line' id='line_1_24' title="bbox 412 2415 2072 2496; baseline -0.01 -12"><span class='ocrx_word' id='word_1_122' title='bbox 412 2428 715 2485; x_wconf 89' lang='lat' dir='ltr'><strong>nariorum</strong></span> <span class='ocrx_word' id='word_1_123' title='bbox 732 2426 917 2484; x_wconf 91' lang='lat' dir='ltr'><strong>nostri</strong></span> <span class='ocrx_word' id='word_1_124' title='bbox 938 2425 1194 2483; x_wconf 87' lang='lat' dir='ltr'><strong>nominis</strong></span> <span class='ocrx_word' id='word_1_125' title='bbox 1211 2428 1270 2480; x_wconf 90' lang='lat' dir='ltr'><strong>et</strong></span> <span class='ocrx_word' id='word_1_126' title='bbox 1288 2420 1563 2495; x_wconf 82' lang='lat' dir='ltr'><strong>imaginis</strong></span> <span class='ocrx_word' id='word_1_127' title='bbox 1587 2415 2036 2491; x_wconf 89' lang='lat' dir='ltr'><strong>impressionem</strong></span> <span class='ocrx_word' id='word_1_128' title='bbox 2057 2445 2072 2496; x_wconf 57' lang='grc' dir='ltr'>ς</span> 
     </span>
    </p>
   </div>
   <div class='ocr_carea' id='block_1_25' title="bbox 411 2503 2073 2589">
    <p class='ocr_par' dir='ltr' id='par_1_25' title="bbox 411 2503 2073 2589">
     <span class='ocr_line' id='line_1_25' title="bbox 411 2503 2073 2589; baseline -0.01 -16"><span class='ocrx_word' id='word_1_129' title='bbox 411 2515 475 2573; x_wconf 90' lang='lat' dir='ltr'><strong>in</strong></span> <span class='ocrx_word' id='word_1_130' title='bbox 505 2516 687 2575; x_wconf 89' lang='lat' dir='ltr'><strong>altera</strong></span> <span class='ocrx_word' id='word_1_131' title='bbox 714 2534 847 2574; x_wconf 91' lang='lat' dir='ltr'><strong>vero</strong></span> <span class='ocrx_word' id='word_1_132' title='bbox 890 2516 1157 2589; x_wconf 75' lang='lat' dir='ltr'><strong>ejusdem</strong></span> <span class='ocrx_word' id='word_1_133' title='bbox 1205 2511 1471 2569; x_wconf 80' lang='lat' dir='ltr'><strong>civitatis</strong></span> <span class='ocrx_word' id='word_1_134' title='bbox 1508 2510 1760 2583; x_wconf 85' lang='lat' dir='ltr'><strong>ﬁguram</strong></span> <span class='ocrx_word' id='word_1_135' title='bbox 1811 2503 2073 2588; x_wconf 65' lang='lat' dir='ltr'><strong>imprimi</strong></span> 
     </span>
    </p>
   </div>
   <div class='ocr_carea' id='block_1_26' title="bbox 404 2595 2077 2680">
    <p class='ocr_par' dir='ltr' id='par_1_26' title="bbox 404 2595 2077 2680">
     <span class='ocr_line' id='line_1_26' title="bbox 404 2595 2077 2680; baseline -0.011 -16"><span class='ocrx_word' id='word_1_136' title='bbox 404 2605 720 2680; x_wconf 83' lang='lat' dir='ltr'><strong>jussimus.</strong></span> <span class='ocrx_word' id='word_1_137' title='bbox 744 2607 815 2663; x_wconf 90' lang='lat' dir='ltr'><strong>Et</strong></span> <span class='ocrx_word' id='word_1_138' title='bbox 835 2604 1115 2679; x_wconf 84' lang='lat' dir='ltr'><strong>quoniam</strong></span> <span class='ocrx_word' id='word_1_139' title='bbox 1144 2601 1468 2660; x_wconf 90' lang='lat' dir='ltr'><strong>secundum</strong></span> <span class='ocrx_word' id='word_1_140' title='bbox 1493 2595 1860 2670; x_wconf 89' lang='lat' dir='ltr'><strong>imperialem</strong></span> <span class='ocrx_word' id='word_1_141' title='bbox 1882 2596 2077 2649; x_wconf 90' lang='lat' dir='ltr'><strong>aucto-</strong></span> 
     </span>
    </p>
   </div>
   <div class='ocr_carea' id='block_1_27' title="bbox 413 2683 2072 2759">
    <p class='ocr_par' dir='ltr' id='par_1_27' title="bbox 413 2683 2072 2759">
     <span class='ocr_line' id='line_1_27' title="bbox 413 2683 2072 2759; baseline -0.013 -3"><span class='ocrx_word' id='word_1_142' title='bbox 413 2697 649 2756; x_wconf 90' lang='lat' dir='ltr'><strong>ritatem</strong></span> <span class='ocrx_word' id='word_1_143' title='bbox 680 2700 1017 2753; x_wconf 88' lang='lat' dir='ltr'><strong>nostrorum</strong></span> <span class='ocrx_word' id='word_1_144' title='bbox 1060 2697 1499 2748; x_wconf 89' lang='lat' dir='ltr'><strong>antecessorum</strong></span> <span class='ocrx_word' id='word_1_145' title='bbox 1530 2702 1735 2759; x_wconf 90' lang='lat' dir='ltr'><strong>regum</strong></span> <span class='ocrx_word' id='word_1_146' title='bbox 1765 2683 1854 2739; x_wconf 87' lang='lat' dir='ltr'>vel</span> <span class='ocrx_word' id='word_1_147' title='bbox 1888 2683 2072 2754; x_wconf 89' lang='lat' dir='ltr'><strong>impe-</strong></span> 
     </span>
    </p>
   </div>
   <div class='ocr_carea' id='block_1_28' title="bbox 418 2771 2074 2859">
    <p class='ocr_par' dir='ltr' id='par_1_28' title="bbox 418 2771 2074 2859">
     <span class='ocr_line' id='line_1_28' title="bbox 418 2771 2074 2859; baseline -0.012 -14"><span class='ocrx_word' id='word_1_148' title='bbox 418 2792 682 2845; x_wconf 83' lang='lat' dir='ltr'><strong>ratorum</strong></span> <span class='ocrx_word' id='word_1_149' title='bbox 730 2801 834 2859; x_wconf 90' lang='lat' dir='ltr'><strong>pro</strong></span> <span class='ocrx_word' id='word_1_150' title='bbox 894 2783 1104 2839; x_wconf 72' lang='lat' dir='ltr'><strong>anima:</strong></span> <span class='ocrx_word' id='word_1_151' title='bbox 1136 2784 1348 2835; x_wconf 62' lang='lat' dir='ltr'><strong>nostra;</strong></span> <span class='ocrx_word' id='word_1_152' title='bbox 1389 2775 1646 2832; x_wconf 90' lang='lat' dir='ltr'><strong>remedio</strong></span> <span class='ocrx_word' id='word_1_153' title='bbox 1706 2776 1919 2828; x_wconf 87' lang='lat' dir='ltr'><strong>sanctae</strong></span> <span class='ocrx_word' id='word_1_154' title='bbox 1974 2771 2074 2825; x_wconf 90' lang='lat' dir='ltr'><strong>Dei</strong></span> 
     </span>
    </p>
   </div>
   <div class='ocr_carea' id='block_1_29' title="bbox 421 2860 2075 2946">
    <p class='ocr_par' dir='ltr' id='par_1_29' title="bbox 421 2860 2075 2946">
     <span class='ocr_line' id='line_1_29' title="bbox 421 2860 2075 2946; baseline -0.011 -11"><span class='ocrx_word' id='word_1_155' title='bbox 421 2874 690 2935; x_wconf 61' lang='lat' dir='ltr'><strong>Ecclesia</strong></span> <span class='ocrx_word' id='word_1_156' title='bbox 719 2871 1087 2946; x_wconf 64' lang='lat' dir='ltr'><strong>praelibatum</strong></span> <span class='ocrx_word' id='word_1_157' title='bbox 1117 2869 1339 2924; x_wconf 92' lang='lat' dir='ltr'><strong>donum</strong></span> <span class='ocrx_word' id='word_1_158' title='bbox 1369 2864 1700 2920; x_wconf 89' lang='lat' dir='ltr'><strong>conditione</strong></span> <span class='ocrx_word' id='word_1_159' title='bbox 1729 2860 1922 2918; x_wconf 86' lang='lat' dir='ltr'><strong>stabili</strong></span> <span class='ocrx_word' id='word_1_160' title='bbox 1952 2863 2075 2917; x_wconf 90' lang='lat' dir='ltr'><strong>tra-</strong></span> 
     </span>
    </p>
   </div>
   <div class='ocr_carea' id='block_1_30' title="bbox 425 2948 2078 3032">
    <p class='ocr_par' dir='ltr' id='par_1_30' title="bbox 425 2948 2078 3032">
     <span class='ocr_line' id='line_1_30' title="bbox 425 2948 2078 3032; baseline -0.011 -10"><span class='ocrx_word' id='word_1_161' title='bbox 425 2965 645 3032; x_wconf 88' lang='lat' dir='ltr'><strong>dimus,</strong></span> <span class='ocrx_word' id='word_1_162' title='bbox 675 2960 951 3018; x_wconf 90' lang='lat' dir='ltr'><strong>volumus</strong></span> <span class='ocrx_word' id='word_1_163' title='bbox 992 2956 1355 3026; x_wconf 85' lang='lat' dir='ltr'><strong>ﬁrmiterque</strong></span> <span class='ocrx_word' id='word_1_164' title='bbox 1382 2950 1755 3024; x_wconf 65' lang='lat' dir='ltr'><strong>praecipimus</strong></span> <span class='ocrx_word' id='word_1_165' title='bbox 1802 2953 1869 3003; x_wconf 92' lang='lat' dir='ltr'><strong>ut</strong></span> <span class='ocrx_word' id='word_1_166' title='bbox 1915 2948 2078 3004; x_wconf 92' lang='lat' dir='ltr'><strong>nulla</strong></span> 
     </span>
    </p>
   </div>
   <div class='ocr_carea' id='block_1_31' title="bbox 428 3038 2079 3125">
    <p class='ocr_par' dir='ltr' id='par_1_31' title="bbox 428 3038 2079 3125">
     <span class='ocr_line' id='line_1_31' title="bbox 428 3038 2079 3125; baseline -0.011 -14"><span class='ocrx_word' id='word_1_167' title='bbox 428 3053 621 3125; x_wconf 83' lang='lat' dir='ltr'><strong>major</strong></span> <span class='ocrx_word' id='word_1_168' title='bbox 676 3049 938 3107; x_wconf 85' lang='lat' dir='ltr'><strong>minorve</strong></span> <span class='ocrx_word' id='word_1_169' title='bbox 983 3061 1236 3119; x_wconf 89' lang='lat' dir='ltr'><strong>persona</strong></span> <span class='ocrx_word' id='word_1_170' title='bbox 1287 3040 1606 3099; x_wconf 89' lang='lat' dir='ltr'><strong>Ecclesiam</strong></span> <span class='ocrx_word' id='word_1_171' title='bbox 1637 3038 1736 3095; x_wconf 92' lang='lat' dir='ltr'><strong>Dei</strong></span> <span class='ocrx_word' id='word_1_172' title='bbox 1786 3054 2079 3110; x_wconf 90' lang='lat' dir='ltr'><strong>suumque</strong></span> 
     </span>
    </p>
   </div>
   <div class='ocr_carea' id='block_1_32' title="bbox 427 3127 2081 3218">
    <p class='ocr_par' dir='ltr' id='par_1_32' title="bbox 427 3127 2081 3218">
     <span class='ocr_line' id='line_1_32' title="bbox 427 3127 2081 3218; baseline -0.01 -19"><span class='ocrx_word' id='word_1_173' title='bbox 427 3141 810 3218; x_wconf 89' lang='lat' dir='ltr'><strong>provisorem,</strong></span> <span class='ocrx_word' id='word_1_174' title='bbox 831 3134 1235 3193; x_wconf 89' lang='lat' dir='ltr'><strong>Bernhardum</strong></span> <span class='ocrx_word' id='word_1_175' title='bbox 1253 3130 1522 3187; x_wconf 92' lang='lat' dir='ltr'><strong>videlicet</strong></span> <span class='ocrx_word' id='word_1_176' title='bbox 1542 3127 1905 3201; x_wconf 86' lang='lat' dir='ltr'><strong>episcopum,</strong></span> <span class='ocrx_word' id='word_1_177' title='bbox 1928 3128 2081 3199; x_wconf 86' lang='lat' dir='ltr'><strong>ejus-</strong></span> 
     </span>
    </p>
   </div>
   <div class='ocr_carea' id='block_1_33' title="bbox 431 3217 2076 3305">
    <p class='ocr_par' dir='ltr' id='par_1_33' title="bbox 431 3217 2076 3305">
     <span class='ocr_line' id='line_1_33' title="bbox 431 3217 2076 3305; baseline -0.01 -17"><span class='ocrx_word' id='word_1_178' title='bbox 431 3217 546 3305; x_wconf 83' lang='lat' dir='ltr'><strong>que</strong></span> <span class='ocrx_word' id='word_1_179' title='bbox 576 3242 943 3286; x_wconf 89' lang='lat' dir='ltr'><strong>successores</strong></span> <span class='ocrx_word' id='word_1_180' title='bbox 980 3224 1090 3281; x_wconf 90' lang='lat' dir='ltr'><strong>hoc</strong></span> <span class='ocrx_word' id='word_1_181' title='bbox 1121 3226 1331 3279; x_wconf 73' lang='lat' dir='ltr'><strong>[108th</strong></span> <span class='ocrx_word' id='word_1_182' title='bbox 1374 3217 1750 3291; x_wconf 88' lang='lat' dir='ltr'><strong>benignitatis</strong></span> <span class='ocrx_word' id='word_1_183' title='bbox 1794 3217 1945 3273; x_wconf 92' lang='lat' dir='ltr'><strong>dono</strong></span> <span class='ocrx_word' id='word_1_184' title='bbox 1976 3217 2076 3272; x_wconf 91' lang='lat' dir='ltr'><strong>de-</strong></span> 
     </span>
    </p>
   </div>
   <div class='ocr_carea' id='block_1_34' title="bbox 1754 429 2434 505">
    <p class='ocr_par' dir='ltr' id='par_1_34' title="bbox 1754 429 2434 505">
     <span class='ocr_line' id='line_1_34' title="bbox 1754 429 2434 505; baseline -0.015 1"><span class='ocrx_word' id='word_1_185' title='bbox 1754 433 2070 505; x_wconf 78' lang='lat' dir='ltr'><strong>MONUM.</strong></span> <span class='ocrx_word' id='word_1_186' title='bbox 2111 429 2434 498; x_wconf 89' lang='lat' dir='ltr'><strong>DIPLOM.</strong></span> 
     </span>
    </p>
   </div>
   <div class='ocr_carea' id='block_1_35' title="bbox 3632 419 3822 488">
    <p class='ocr_par' dir='ltr' id='par_1_35' title="bbox 3632 419 3822 488">
     <span class='ocr_line' id='line_1_35' title="bbox 3632 419 3822 488; baseline 0.005 -2"><span class='ocrx_word' id='word_1_187' title='bbox 3632 419 3822 488; x_wconf 76' lang='grc'><strong>’1108</strong></span> 
     </span>
    </p>
   </div>
   <div class='ocr_carea' id='block_1_36' title="bbox 2072 558 3823 639">
    <p class='ocr_par' dir='ltr' id='par_1_36' title="bbox 2072 558 3823 639">
     <span class='ocr_line' id='line_1_36' title="bbox 2072 558 3823 639; baseline -0.003 -16"><span class='ocrx_word' id='word_1_188' title='bbox 2072 569 2132 637; x_wconf 73' lang='grc' dir='ltr'><strong>Α</strong></span> <span class='ocrx_word' id='word_1_189' title='bbox 2156 567 2275 623; x_wconf 91' lang='lat' dir='ltr'><strong>lius</strong></span> <span class='ocrx_word' id='word_1_190' title='bbox 2305 568 2659 639; x_wconf 84' lang='lat' dir='ltr'><strong>promovere.</strong></span> <span class='ocrx_word' id='word_1_191' title='bbox 2679 564 2845 622; x_wconf 88' lang='lat' dir='ltr'><strong>Unde</strong></span> <span class='ocrx_word' id='word_1_192' title='bbox 2870 562 3107 638; x_wconf 88' lang='lat' dir='ltr'><strong>quidem</strong></span> <span class='ocrx_word' id='word_1_193' title='bbox 3128 560 3333 621; x_wconf 86' lang='lat' dir='ltr'><strong>omnes</strong></span> <span class='ocrx_word' id='word_1_194' title='bbox 3351 558 3570 621; x_wconf 87' lang='lat' dir='ltr'><strong>Christi</strong></span> <span class='ocrx_word' id='word_1_195' title='bbox 3600 562 3823 619; x_wconf 88' lang='lat' dir='ltr'><strong>nostri-</strong></span> 
     </span>
    </p>
   </div>
   <div class='ocr_carea' id='block_1_37' title="bbox 2160 650 3818 729">
    <p class='ocr_par' dir='ltr' id='par_1_37' title="bbox 2160 650 3818 729">
     <span class='ocr_line' id='line_1_37' title="bbox 2160 650 3818 729; baseline -0.004 -16"><span class='ocrx_word' id='word_1_196' title='bbox 2160 673 2274 729; x_wconf 90' lang='lat' dir='ltr'><strong>que</strong></span> <span class='ocrx_word' id='word_1_197' title='bbox 2300 660 2423 712; x_wconf 91' lang='lat' dir='ltr'><strong>tam</strong></span> <span class='ocrx_word' id='word_1_198' title='bbox 2454 655 2637 712; x_wconf 81' lang='lat' dir='ltr'><strong>futuri</strong></span> <span class='ocrx_word' id='word_1_199' title='bbox 2681 672 2859 728; x_wconf 89' lang='lat' dir='ltr'><strong>quam</strong></span> <span class='ocrx_word' id='word_1_200' title='bbox 2906 657 3224 728; x_wconf 66' lang='lat' dir='ltr'><strong>prasentes</strong></span> <span class='ocrx_word' id='word_1_201' title='bbox 3270 652 3539 709; x_wconf 88' lang='lat' dir='ltr'><strong>noverint</strong></span> <span class='ocrx_word' id='word_1_202' title='bbox 3582 650 3818 717; x_wconf 85' lang='lat' dir='ltr'><strong>ﬁdeles,</strong></span> 
     </span>
    </p>
   </div>
   <div class='ocr_carea' id='block_1_38' title="bbox 2161 741 3823 818">
    <p class='ocr_par' dir='ltr' id='par_1_38' title="bbox 2161 741 3823 818">
     <span class='ocr_line' id='line_1_38' title="bbox 2161 741 3823 818; baseline -0.004 -16"><span class='ocrx_word' id='word_1_203' title='bbox 2161 744 2412 818; x_wconf 87' lang='lat' dir='ltr'><strong>qualiter</strong></span> <span class='ocrx_word' id='word_1_204' title='bbox 2465 762 2571 801; x_wconf 89' lang='lat' dir='ltr'><strong>nos</strong></span> <span class='ocrx_word' id='word_1_205' title='bbox 2601 745 2673 801; x_wconf 92' lang='lat' dir='ltr'><strong>ob</strong></span> <span class='ocrx_word' id='word_1_206' title='bbox 2715 744 3054 816; x_wconf 88' lang='lat' dir='ltr'><strong>petitionem</strong></span> <span class='ocrx_word' id='word_1_207' title='bbox 3112 742 3299 798; x_wconf 86' lang='lat' dir='ltr'><strong>nostri</strong></span> <span class='ocrx_word' id='word_1_208' title='bbox 3355 741 3469 798; x_wconf 90' lang='lat' dir='ltr'><strong>tori</strong></span> <span class='ocrx_word' id='word_1_209' title='bbox 3524 757 3591 798; x_wconf 89' lang='lat' dir='ltr'><strong>ac</strong></span> <span class='ocrx_word' id='word_1_210' title='bbox 3648 741 3823 816; x_wconf 88' lang='lat' dir='ltr'><strong>regni</strong></span> 
     </span>
    </p>
   </div>
   <div class='ocr_carea' id='block_1_39' title="bbox 2162 824 3821 905">
    <p class='ocr_par' dir='ltr' id='par_1_39' title="bbox 2162 824 3821 905">
     <span class='ocr_line' id='line_1_39' title="bbox 2162 824 3821 905; baseline -0.003 -15"><span class='ocrx_word' id='word_1_211' title='bbox 2162 833 2471 901; x_wconf 88' lang='lat' dir='ltr'><strong>consortis,</strong></span> <span class='ocrx_word' id='word_1_212' title='bbox 2514 833 2734 889; x_wconf 88' lang='lat' dir='ltr'><strong>scilicet</strong></span> <span class='ocrx_word' id='word_1_213' title='bbox 2779 831 3040 905; x_wconf 87' lang='lat' dir='ltr'><strong>Agnetis,</strong></span> <span class='ocrx_word' id='word_1_214' title='bbox 3071 831 3462 904; x_wconf 88' lang='lat' dir='ltr'><strong>imperatricis</strong></span> <span class='ocrx_word' id='word_1_215' title='bbox 3508 824 3821 904; x_wconf 66' lang='lat' dir='ltr'><strong>Augustae,</strong></span> 
     </span>
    </p>
   </div>
   <div class='ocr_carea' id='block_1_40' title="bbox 2162 917 3825 978">
    <p class='ocr_par' dir='ltr' id='par_1_40' title="bbox 2162 917 3825 978">
     <span class='ocr_line' id='line_1_40' title="bbox 2162 917 3825 978; baseline -0.003 0"><span class='ocrx_word' id='word_1_216' title='bbox 2162 926 2220 977; x_wconf 90' lang='lat' dir='ltr'><strong>et</strong></span> <span class='ocrx_word' id='word_1_217' title='bbox 2248 923 2321 978; x_wconf 92' lang='lat' dir='ltr'><strong>ob</strong></span> <span class='ocrx_word' id='word_1_218' title='bbox 2351 923 2625 978; x_wconf 89' lang='lat' dir='ltr'><strong>devotum</strong></span> <span class='ocrx_word' id='word_1_219' title='bbox 2666 920 3017 977; x_wconf 84' lang='lat' dir='ltr'><strong>famulatum</strong></span> <span class='ocrx_word' id='word_1_220' title='bbox 3062 919 3246 976; x_wconf 90' lang='lat' dir='ltr'><strong>nostri</strong></span> <span class='ocrx_word' id='word_1_221' title='bbox 3297 918 3483 975; x_wconf 78' lang='lat' dir='ltr'><strong>fidelis</strong></span> <span class='ocrx_word' id='word_1_222' title='bbox 3513 922 3571 975; x_wconf 93' lang='lat' dir='ltr'><strong>et</strong></span> <span class='ocrx_word' id='word_1_223' title='bbox 3615 917 3825 974; x_wconf 87' lang='lat' dir='ltr'><strong>dilecti</strong></span> 
     </span>
    </p>
   </div>
   <div class='ocr_carea' id='block_1_41' title="bbox 2160 1007 3825 1081">
    <p class='ocr_par' dir='ltr' id='par_1_41' title="bbox 2160 1007 3825 1081">
     <span class='ocr_line' id='line_1_41' title="bbox 2160 1007 3825 1081; baseline -0.002 -15"><span class='ocrx_word' id='word_1_224' title='bbox 2160 1009 2476 1080; x_wconf 85' lang='lat' dir='ltr'><strong>Adelberti,</strong></span> <span class='ocrx_word' id='word_1_225' title='bbox 2510 1010 2840 1066; x_wconf 87' lang='lat' dir='ltr'><strong>Bremensis</strong></span> <span class='ocrx_word' id='word_1_226' title='bbox 2887 1008 3156 1066; x_wconf 61' lang='lat' dir='ltr'><strong>Ecclesiae</strong></span> <span class='ocrx_word' id='word_1_227' title='bbox 3203 1007 3642 1081; x_wconf 86' lang='lat' dir='ltr'><strong>archiepiscOpi,</strong></span> <span class='ocrx_word' id='word_1_228' title='bbox 3676 1023 3825 1063; x_wconf 89' lang='lat' dir='ltr'><strong>cum</strong></span> 
     </span>
    </p>
   </div>
   <div class='ocr_carea' id='block_1_42' title="bbox 2163 1094 3829 1156">
    <p class='ocr_par' dir='ltr' id='par_1_42' title="bbox 2163 1094 3829 1156">
     <span class='ocr_line' id='line_1_42' title="bbox 2163 1094 3829 1156; baseline -0.004 0"><span class='ocrx_word' id='word_1_229' title='bbox 2163 1116 2454 1156; x_wconf 87' lang='lat' dir='ltr'><strong>consensu</strong></span> <span class='ocrx_word' id='word_1_230' title='bbox 2474 1098 2829 1155; x_wconf 89' lang='lat' dir='ltr'><strong>Berenhardi</strong></span> <span class='ocrx_word' id='word_1_231' title='bbox 2853 1098 3020 1155; x_wconf 92' lang='lat' dir='ltr'><strong>ducis</strong></span> <span class='ocrx_word' id='word_1_232' title='bbox 3040 1102 3097 1154; x_wconf 92' lang='lat' dir='ltr'><strong>et</strong></span> <span class='ocrx_word' id='word_1_233' title='bbox 3111 1097 3330 1154; x_wconf 90' lang='lat' dir='ltr'><strong>Udonis</strong></span> <span class='ocrx_word' id='word_1_234' title='bbox 3353 1095 3582 1152; x_wconf 89' lang='lat' dir='ltr'><strong>comitis</strong></span> <span class='ocrx_word' id='word_1_235' title='bbox 3601 1100 3661 1153; x_wconf 90' lang='lat' dir='ltr'><strong>et</strong></span> <span class='ocrx_word' id='word_1_236' title='bbox 3682 1094 3829 1152; x_wconf 86' lang='lat' dir='ltr'><strong>alio-</strong></span> 
     </span>
    </p>
   </div>
   <div class='ocr_carea' id='block_1_43' title="bbox 2164 1184 3819 1259">
    <p class='ocr_par' dir='ltr' id='par_1_43' title="bbox 2164 1184 3819 1259">
     <span class='ocr_line' id='line_1_43' title="bbox 2164 1184 3819 1259; baseline -0.002 -16"><span class='ocrx_word' id='word_1_237' title='bbox 2164 1206 2296 1244; x_wconf 87' lang='lat' dir='ltr'><strong>rum</strong></span> <span class='ocrx_word' id='word_1_238' title='bbox 2344 1187 2733 1255; x_wconf 63' lang='lat' dir='ltr'><strong>coheredum,</strong></span> <span class='ocrx_word' id='word_1_239' title='bbox 2760 1188 2833 1243; x_wconf 91' lang='lat' dir='ltr'><strong>ad</strong></span> <span class='ocrx_word' id='word_1_240' title='bbox 2891 1188 3155 1259; x_wconf 90' lang='lat' dir='ltr'><strong>ejusdem</strong></span> <span class='ocrx_word' id='word_1_241' title='bbox 3205 1185 3459 1242; x_wconf 67' lang='lat' dir='ltr'><strong>ecclesiae</strong></span> <span class='ocrx_word' id='word_1_242' title='bbox 3517 1184 3724 1253; x_wconf 87' lang='lat' dir='ltr'><strong>altare,</strong></span> <span class='ocrx_word' id='word_1_243' title='bbox 3758 1184 3819 1238; x_wconf 90' lang='lat' dir='ltr'><strong>in</strong></span> 
     </span>
    </p>
   </div>
   <div class='ocr_carea' id='block_1_44' title="bbox 2164 1275 3821 1348">
    <p class='ocr_par' dir='ltr' id='par_1_44' title="bbox 2164 1275 3821 1348">
     <span class='ocr_line' id='line_1_44' title="bbox 2164 1275 3821 1348; baseline -0.002 -16"><span class='ocrx_word' id='word_1_244' title='bbox 2164 1276 2389 1333; x_wconf 85' lang='lat' dir='ltr'><strong>honore</strong></span> <span class='ocrx_word' id='word_1_245' title='bbox 2415 1280 2627 1332; x_wconf 82' lang='lat' dir='ltr'><strong>sanctae</strong></span> <span class='ocrx_word' id='word_1_246' title='bbox 2676 1276 2891 1344; x_wconf 67' lang='lat' dir='ltr'><strong>Mariae,</strong></span> <span class='ocrx_word' id='word_1_247' title='bbox 2923 1276 3233 1333; x_wconf 90' lang='lat' dir='ltr'><strong>Genitricis</strong></span> <span class='ocrx_word' id='word_1_248' title='bbox 3263 1275 3362 1331; x_wconf 90' lang='lat' dir='ltr'><strong>Dei</strong></span> <span class='ocrx_word' id='word_1_249' title='bbox 3407 1278 3821 1348; x_wconf 66' lang='lat' dir='ltr'><strong>perpetuaeque</strong></span> 
     </span>
    </p>
   </div>
   <div class='ocr_carea' id='block_1_45' title="bbox 2165 1362 3820 1438">
    <p class='ocr_par' dir='ltr' id='par_1_45' title="bbox 2165 1362 3820 1438">
     <span class='ocr_line' id='line_1_45' title="bbox 2165 1362 3820 1438; baseline 0 -19"><span class='ocrx_word' id='word_1_250' title='bbox 2165 1364 2430 1438; x_wconf 87' lang='lat' dir='ltr'><strong>virginis,</strong></span> <span class='ocrx_word' id='word_1_251' title='bbox 2479 1381 2545 1420; x_wconf 88' lang='lat' dir='ltr'><strong>ac</strong></span> <span class='ocrx_word' id='word_1_252' title='bbox 2593 1365 2779 1421; x_wconf 89' lang='lat' dir='ltr'><strong>sancti</strong></span> <span class='ocrx_word' id='word_1_253' title='bbox 2827 1365 3002 1430; x_wconf 90' lang='lat' dir='ltr'><strong>Petri,</strong></span> <span class='ocrx_word' id='word_1_254' title='bbox 3052 1362 3453 1437; x_wconf 90' lang='lat' dir='ltr'><strong>apostolorum</strong></span> <span class='ocrx_word' id='word_1_255' title='bbox 3508 1364 3820 1437; x_wconf 89' lang='lat' dir='ltr'><strong>principis,</strong></span> 
     </span>
    </p>
   </div>
   <div class='ocr_carea' id='block_1_46' title="bbox 2170 1453 3823 1527">
    <p class='ocr_par' dir='ltr' id='par_1_46' title="bbox 2170 1453 3823 1527">
     <span class='ocr_line' id='line_1_46' title="bbox 2170 1453 3823 1527; baseline -0.002 -17"><span class='ocrx_word' id='word_1_256' title='bbox 2170 1471 2355 1510; x_wconf 91' lang='lat' dir='ltr'><strong>unum</strong></span> <span class='ocrx_word' id='word_1_257' title='bbox 2387 1455 2670 1511; x_wconf 88' lang='lat' dir='ltr'><strong>forestum</strong></span> <span class='ocrx_word' id='word_1_258' title='bbox 2701 1472 2835 1509; x_wconf 91' lang='lat' dir='ltr'><strong>cum</strong></span> <span class='ocrx_word' id='word_1_259' title='bbox 2878 1453 3138 1527; x_wconf 90' lang='lat' dir='ltr'><strong>legitimo</strong></span> <span class='ocrx_word' id='word_1_260' title='bbox 3168 1454 3347 1510; x_wconf 91' lang='lat' dir='ltr'><strong>banni</strong></span> <span class='ocrx_word' id='word_1_261' title='bbox 3370 1455 3507 1525; x_wconf 85' lang='lat' dir='ltr'><strong>jure</strong></span> <span class='ocrx_word' id='word_1_262' title='bbox 3533 1453 3823 1509; x_wconf 91' lang='lat' dir='ltr'><strong>traddidi-</strong></span> 
     </span>
    </p>
   </div>
   <div class='ocr_carea' id='block_1_47' title="bbox 2170 1542 3827 1617">
    <p class='ocr_par' dir='ltr' id='par_1_47' title="bbox 2170 1542 3827 1617">
     <span class='ocr_line' id='line_1_47' title="bbox 2170 1542 3827 1617; baseline -0.002 -18"><span class='ocrx_word' id='word_1_263' title='bbox 2170 1560 2304 1599; x_wconf 91' lang='lat' dir='ltr'><strong>mus</strong></span> <span class='ocrx_word' id='word_1_264' title='bbox 2336 1544 2395 1599; x_wconf 91' lang='lat' dir='ltr'><strong>in</strong></span> <span class='ocrx_word' id='word_1_265' title='bbox 2429 1560 2577 1616; x_wconf 85' lang='lat' dir='ltr'><strong>pago</strong></span> <span class='ocrx_word' id='word_1_266' title='bbox 2624 1544 2770 1600; x_wconf 88' lang='lat' dir='ltr'><strong>Lara</strong></span> <span class='ocrx_word' id='word_1_267' title='bbox 2796 1543 2884 1599; x_wconf 89' lang='lat' dir='ltr'><strong>vel</strong></span> <span class='ocrx_word' id='word_1_268' title='bbox 2916 1542 3226 1617; x_wconf 88' lang='lat' dir='ltr'><strong>Steiringa,</strong></span> <span class='ocrx_word' id='word_1_269' title='bbox 3247 1543 3469 1600; x_wconf 90' lang='lat' dir='ltr'><strong>scilicet</strong></span> <span class='ocrx_word' id='word_1_270' title='bbox 3509 1544 3568 1598; x_wconf 92' lang='lat' dir='ltr'><strong>in</strong></span> <span class='ocrx_word' id='word_1_271' title='bbox 3600 1544 3827 1599; x_wconf 86' lang='lat' dir='ltr'><strong>ducatu</strong></span> 
     </span>
    </p>
   </div>
   <div class='ocr_carea' id='block_1_48' title="bbox 2170 1630 3828 1702">
    <p class='ocr_par' dir='ltr' id='par_1_48' title="bbox 2170 1630 3828 1702">
     <span class='ocr_line' id='line_1_48' title="bbox 2170 1630 3828 1702; baseline -0.001 -16"><span class='ocrx_word' id='word_1_272' title='bbox 2170 1631 2524 1687; x_wconf 88' lang='lat' dir='ltr'><strong>Berenhardi</strong></span> <span class='ocrx_word' id='word_1_273' title='bbox 2555 1630 2742 1699; x_wconf 90' lang='lat' dir='ltr'><strong>ducis,</strong></span> <span class='ocrx_word' id='word_1_274' title='bbox 2777 1634 2834 1686; x_wconf 91' lang='lat' dir='ltr'><strong>et</strong></span> <span class='ocrx_word' id='word_1_275' title='bbox 2879 1631 3032 1686; x_wconf 89' lang='lat' dir='ltr'><strong>infra</strong></span> <span class='ocrx_word' id='word_1_276' title='bbox 3081 1630 3366 1687; x_wconf 87' lang='lat' dir='ltr'><strong>terminos</strong></span> <span class='ocrx_word' id='word_1_277' title='bbox 3408 1647 3554 1702; x_wconf 89' lang='lat' dir='ltr'><strong>quos</strong></span> <span class='ocrx_word' id='word_1_278' title='bbox 3608 1630 3828 1686; x_wconf 86' lang='lat' dir='ltr'><strong>subtus</strong></span> 
     </span>
    </p>
   </div>
   <div class='ocr_carea' id='block_1_49' title="bbox 2173 1718 3826 1792">
    <p class='ocr_par' dir='ltr' id='par_1_49' title="bbox 2173 1718 3826 1792">
     <span class='ocr_line' id='line_1_49' title="bbox 2173 1718 3826 1792; baseline -0.001 -17"><span class='ocrx_word' id='word_1_279' title='bbox 2173 1718 2520 1775; x_wconf 86' lang='lat' dir='ltr'><strong>nominatim</strong></span> <span class='ocrx_word' id='word_1_280' title='bbox 2551 1719 2824 1787; x_wconf 88' lang='lat' dir='ltr'><strong>dicimus,</strong></span> <span class='ocrx_word' id='word_1_281' title='bbox 2847 1719 3048 1786; x_wconf 90' lang='lat' dir='ltr'><strong>situm,</strong></span> <span class='ocrx_word' id='word_1_282' title='bbox 3074 1719 3360 1791; x_wconf 90' lang='lat' dir='ltr'><strong>incipiens</strong></span> <span class='ocrx_word' id='word_1_283' title='bbox 3388 1718 3545 1775; x_wconf 90' lang='lat' dir='ltr'><strong>enim</strong></span> <span class='ocrx_word' id='word_1_284' title='bbox 3567 1736 3602 1775; x_wconf 87' lang='lat' dir='ltr'><strong>a</strong></span> <span class='ocrx_word' id='word_1_285' title='bbox 3622 1723 3826 1792; x_wconf 89' lang='lat' dir='ltr'><strong>ponte,</strong></span> 
     </span>
    </p>
   </div>
   <div class='ocr_carea' id='block_1_50' title="bbox 2172 1807 3830 1881">
    <p class='ocr_par' dir='ltr' id='par_1_50' title="bbox 2172 1807 3830 1881">
     <span class='ocr_line' id='line_1_50' title="bbox 2172 1807 3830 1881; baseline -0.001 -18"><span class='ocrx_word' id='word_1_286' title='bbox 2172 1808 2273 1879; x_wconf 89' lang='lat' dir='ltr'><strong>qui</strong></span> <span class='ocrx_word' id='word_1_287' title='bbox 2300 1807 2527 1879; x_wconf 90' lang='lat' dir='ltr'><strong>vulgari</strong></span> <span class='ocrx_word' id='word_1_288' title='bbox 2567 1808 2770 1881; x_wconf 88' lang='lat' dir='ltr'><strong>lingua</strong></span> <span class='ocrx_word' id='word_1_289' title='bbox 2804 1807 3090 1864; x_wconf 90' lang='lat' dir='ltr'><strong>Buribruc</strong></span> <span class='ocrx_word' id='word_1_290' title='bbox 3120 1808 3355 1874; x_wconf 89' lang='lat' dir='ltr'><strong>dicitur,</strong></span> <span class='ocrx_word' id='word_1_291' title='bbox 3384 1813 3440 1864; x_wconf 93' lang='lat' dir='ltr'><strong>et</strong></span> <span class='ocrx_word' id='word_1_292' title='bbox 3470 1808 3554 1864; x_wconf 91' lang='lat' dir='ltr'><strong>sic</strong></span> <span class='ocrx_word' id='word_1_293' title='bbox 3579 1808 3830 1865; x_wconf 86' lang='lat' dir='ltr'><strong>descen-</strong></span> 
     </span>
    </p>
   </div>
   <div class='ocr_carea' id='block_1_51' title="bbox 2173 1895 3835 1969">
    <p class='ocr_par' dir='ltr' id='par_1_51' title="bbox 2173 1895 3835 1969">
     <span class='ocr_line' id='line_1_51' title="bbox 2173 1895 3835 1969; baseline -0.002 -17"><span class='ocrx_word' id='word_1_294' title='bbox 2173 1897 2316 1952; x_wconf 89' lang='lat' dir='ltr'><strong>dens</strong></span> <span class='ocrx_word' id='word_1_295' title='bbox 2339 1897 2509 1968; x_wconf 87' lang='lat' dir='ltr'><strong>juxta</strong></span> <span class='ocrx_word' id='word_1_296' title='bbox 2533 1901 2790 1952; x_wconf 83' lang='lat' dir='ltr'><strong>Huntam</strong></span> <span class='ocrx_word' id='word_1_297' title='bbox 2823 1895 3065 1952; x_wconf 87' lang='lat' dir='ltr'><strong>ﬂuvium</strong></span> <span class='ocrx_word' id='word_1_298' title='bbox 3091 1913 3280 1969; x_wconf 90' lang='lat' dir='ltr'><strong>usque</strong></span> <span class='ocrx_word' id='word_1_299' title='bbox 3307 1896 3366 1953; x_wconf 93' lang='lat' dir='ltr'><strong>in</strong></span> <span class='ocrx_word' id='word_1_300' title='bbox 3400 1897 3629 1955; x_wconf 86' lang='lat' dir='ltr'><strong>alveum</strong></span> <span class='ocrx_word' id='word_1_301' title='bbox 3661 1895 3835 1952; x_wconf 84' lang='lat' dir='ltr'><strong>ﬂuvii</strong></span> 
     </span>
    </p>
   </div>
   <div class='ocr_carea' id='block_1_52' title="bbox 2177 1984 3837 2057">
    <p class='ocr_par' dir='ltr' id='par_1_52' title="bbox 2177 1984 3837 2057">
     <span class='ocr_line' id='line_1_52' title="bbox 2177 1984 3837 2057; baseline -0.001 -17"><span class='ocrx_word' id='word_1_302' title='bbox 2177 1984 2399 2041; x_wconf 78' lang='lat' dir='ltr'><strong>Aldena</strong></span> <span class='ocrx_word' id='word_1_303' title='bbox 2427 1985 2566 2040; x_wconf 92' lang='lat' dir='ltr'><strong>dicti</strong></span> <span class='ocrx_word' id='word_1_304' title='bbox 2596 1988 2654 2040; x_wconf 90' lang='lat' dir='ltr'><strong>et</strong></span> <span class='ocrx_word' id='word_1_305' title='bbox 2681 1985 2817 2041; x_wconf 92' lang='lat' dir='ltr'><strong>inde</strong></span> <span class='ocrx_word' id='word_1_306' title='bbox 2845 2002 2950 2057; x_wconf 91' lang='lat' dir='ltr'><strong>per</strong></span> <span class='ocrx_word' id='word_1_307' title='bbox 2977 1986 3315 2053; x_wconf 89' lang='lat' dir='ltr'><strong>decursum,</strong></span> <span class='ocrx_word' id='word_1_308' title='bbox 3338 1984 3438 2041; x_wconf 93' lang='lat' dir='ltr'><strong>ubi</strong></span> <span class='ocrx_word' id='word_1_309' title='bbox 3457 1985 3684 2042; x_wconf 90' lang='lat' dir='ltr'><strong>Aldena</strong></span> <span class='ocrx_word' id='word_1_310' title='bbox 3707 1984 3837 2041; x_wconf 87' lang='lat' dir='ltr'><strong>Wi-</strong></span> 
     </span>
    </p>
   </div>
   <div class='ocr_carea' id='block_1_53' title="bbox 2180 2073 3835 2141">
    <p class='ocr_par' dir='ltr' id='par_1_53' title="bbox 2180 2073 3835 2141">
     <span class='ocr_line' id='line_1_53' title="bbox 2180 2073 3835 2141; baseline 0 -11"><span class='ocrx_word' id='word_1_311' title='bbox 2180 2089 2369 2130; x_wconf 87' lang='lat' dir='ltr'><strong>seram</strong></span> <span class='ocrx_word' id='word_1_312' title='bbox 2399 2073 2612 2141; x_wconf 82' lang='lat' dir='ltr'><strong>influit,</strong></span> <span class='ocrx_word' id='word_1_313' title='bbox 2646 2079 2704 2129; x_wconf 91' lang='lat' dir='ltr'><strong>et</strong></span> <span class='ocrx_word' id='word_1_314' title='bbox 2749 2073 2885 2129; x_wconf 91' lang='lat' dir='ltr'><strong>inde</strong></span> <span class='ocrx_word' id='word_1_315' title='bbox 2925 2091 2959 2129; x_wconf 91' lang='lat' dir='ltr'><strong>a</strong></span> <span class='ocrx_word' id='word_1_316' title='bbox 3002 2090 3288 2131; x_wconf 88' lang='lat' dir='ltr'><strong>concursu</strong></span> <span class='ocrx_word' id='word_1_317' title='bbox 3326 2074 3573 2131; x_wconf 90' lang='lat' dir='ltr'><strong>istorum</strong></span> <span class='ocrx_word' id='word_1_318' title='bbox 3622 2073 3835 2130; x_wconf 87' lang='lat' dir='ltr'><strong>ﬂuvio-</strong></span> 
     </span>
    </p>
   </div>
   <div class='ocr_carea' id='block_1_54' title="bbox 2183 2161 3837 2235">
    <p class='ocr_par' dir='ltr' id='par_1_54' title="bbox 2183 2161 3837 2235">
     <span class='ocr_line' id='line_1_54' title="bbox 2183 2161 3837 2235; baseline 0.001 -17"><span class='ocrx_word' id='word_1_319' title='bbox 2183 2180 2315 2219; x_wconf 92' lang='lat' dir='ltr'><strong>rum</strong></span> <span class='ocrx_word' id='word_1_320' title='bbox 2336 2180 2574 2220; x_wconf 89' lang='lat' dir='ltr'><strong>sursum</strong></span> <span class='ocrx_word' id='word_1_321' title='bbox 2596 2179 2698 2235; x_wconf 90' lang='lat' dir='ltr'><strong>per</strong></span> <span class='ocrx_word' id='word_1_322' title='bbox 2718 2162 3073 2234; x_wconf 90' lang='lat' dir='ltr'><strong>crepidinem</strong></span> <span class='ocrx_word' id='word_1_323' title='bbox 3093 2161 3321 2218; x_wconf 91' lang='lat' dir='ltr'><strong>Wisere</strong></span> <span class='ocrx_word' id='word_1_324' title='bbox 3341 2179 3529 2234; x_wconf 91' lang='lat' dir='ltr'><strong>usque</strong></span> <span class='ocrx_word' id='word_1_325' title='bbox 3554 2163 3624 2218; x_wconf 89' lang='lat' dir='ltr'><strong>ad</strong></span> <span class='ocrx_word' id='word_1_326' title='bbox 3657 2161 3837 2219; x_wconf 93' lang='lat' dir='ltr'><strong>illum</strong></span> 
     </span>
    </p>
   </div>
   <div class='ocr_carea' id='block_1_55' title="bbox 2180 2250 3837 2325">
    <p class='ocr_par' dir='ltr' id='par_1_55' title="bbox 2180 2250 3837 2325">
     <span class='ocr_line' id='line_1_55' title="bbox 2180 2250 3837 2325; baseline -0.001 -17"><span class='ocrx_word' id='word_1_327' title='bbox 2180 2252 2374 2308; x_wconf 93' lang='lat' dir='ltr'><strong>locum</strong></span> <span class='ocrx_word' id='word_1_328' title='bbox 2418 2252 2519 2307; x_wconf 92' lang='lat' dir='ltr'><strong>ubi</strong></span> <span class='ocrx_word' id='word_1_329' title='bbox 2566 2252 2898 2308; x_wconf 91' lang='lat' dir='ltr'><strong>Bremensis</strong></span> <span class='ocrx_word' id='word_1_330' title='bbox 2944 2250 3478 2325; x_wconf 90' lang='lat' dir='ltr'><strong>archiepiscopatus</strong></span> <span class='ocrx_word' id='word_1_331' title='bbox 3506 2256 3565 2308; x_wconf 91' lang='lat' dir='ltr'><strong>et</strong></span> <span class='ocrx_word' id='word_1_332' title='bbox 3594 2250 3837 2308; x_wconf 88' lang='lat' dir='ltr'><strong>Mindu-</strong></span> 
     </span>
    </p>
   </div>
   <div class='ocr_carea' id='block_1_56' title="bbox 2182 2339 3841 2414">
    <p class='ocr_par' dir='ltr' id='par_1_56' title="bbox 2182 2339 3841 2414">
     <span class='ocr_line' id='line_1_56' title="bbox 2182 2339 3841 2414; baseline -0.001 -17"><span class='ocrx_word' id='word_1_333' title='bbox 2182 2342 2380 2399; x_wconf 89' lang='lat' dir='ltr'><strong>nensis</strong></span> <span class='ocrx_word' id='word_1_334' title='bbox 2410 2339 2689 2414; x_wconf 90' lang='lat' dir='ltr'><strong>episcopii</strong></span> <span class='ocrx_word' id='word_1_335' title='bbox 2719 2344 3075 2396; x_wconf 91' lang='lat' dir='ltr'><strong>concurrunt</strong></span> <span class='ocrx_word' id='word_1_336' title='bbox 3115 2340 3372 2409; x_wconf 90' lang='lat' dir='ltr'><strong>termini,</strong></span> <span class='ocrx_word' id='word_1_337' title='bbox 3405 2345 3463 2397; x_wconf 92' lang='lat' dir='ltr'><strong>et</strong></span> <span class='ocrx_word' id='word_1_338' title='bbox 3488 2357 3698 2398; x_wconf 91' lang='lat' dir='ltr'><strong>rursus</strong></span> <span class='ocrx_word' id='word_1_339' title='bbox 3730 2356 3841 2413; x_wconf 91' lang='lat' dir='ltr'><strong>per</strong></span> 
     </span>
    </p>
   </div>
   <div class='ocr_carea' id='block_1_57' title="bbox 2182 2429 3838 2502">
    <p class='ocr_par' dir='ltr' id='par_1_57' title="bbox 2182 2429 3838 2502">
     <span class='ocr_line' id='line_1_57' title="bbox 2182 2429 3838 2502; baseline -0.001 -15"><span class='ocrx_word' id='word_1_340' title='bbox 2182 2430 2502 2488; x_wconf 88' lang='lat' dir='ltr'><strong>terminum</strong></span> <span class='ocrx_word' id='word_1_341' title='bbox 2563 2430 2902 2486; x_wconf 90' lang='lat' dir='ltr'><strong>eorumdem</strong></span> <span class='ocrx_word' id='word_1_342' title='bbox 2954 2429 3381 2502; x_wconf 90' lang='lat' dir='ltr'><strong>episcopiorum</strong></span> <span class='ocrx_word' id='word_1_343' title='bbox 3426 2447 3631 2487; x_wconf 91' lang='lat' dir='ltr'><strong>versus</strong></span> <span class='ocrx_word' id='word_1_344' title='bbox 3678 2431 3838 2487; x_wconf 90' lang='lat' dir='ltr'><strong>occi-</strong></span> 
     </span>
    </p>
   </div>
   <div class='ocr_carea' id='block_1_58' title="bbox 2183 2518 3838 2593">
    <p class='ocr_par' dir='ltr' id='par_1_58' title="bbox 2183 2518 3838 2593">
     <span class='ocr_line' id='line_1_58' title="bbox 2183 2518 3838 2593; baseline 0 -16"><span class='ocrx_word' id='word_1_345' title='bbox 2183 2521 2416 2578; x_wconf 90' lang='lat' dir='ltr'><strong>dentem</strong></span> <span class='ocrx_word' id='word_1_346' title='bbox 2448 2536 2635 2593; x_wconf 90' lang='lat' dir='ltr'><strong>usque</strong></span> <span class='ocrx_word' id='word_1_347' title='bbox 2667 2521 2738 2576; x_wconf 90' lang='lat' dir='ltr'><strong>ad</strong></span> <span class='ocrx_word' id='word_1_348' title='bbox 2768 2518 3255 2592; x_wconf 66' lang='lat' dir='ltr'><strong>prmnominatum</strong></span> <span class='ocrx_word' id='word_1_349' title='bbox 3287 2524 3543 2592; x_wconf 90' lang='lat' dir='ltr'><strong>pontem.</strong></span> <span class='ocrx_word' id='word_1_350' title='bbox 3569 2522 3652 2577; x_wconf 90' lang='lat' dir='ltr'><strong>Ea</strong></span> <span class='ocrx_word' id='word_1_351' title='bbox 3678 2521 3838 2577; x_wconf 84' lang='lat' dir='ltr'><strong>vide-</strong></span> 
     </span>
    </p>
   </div>
   <div class='ocr_carea' id='block_1_59' title="bbox 2182 2608 3841 2682">
    <p class='ocr_par' dir='ltr' id='par_1_59' title="bbox 2182 2608 3841 2682">
     <span class='ocr_line' id='line_1_59' title="bbox 2182 2608 3841 2682; baseline 0.001 -17"><span class='ocrx_word' id='word_1_352' title='bbox 2182 2609 2319 2666; x_wconf 90' lang='lat' dir='ltr'><strong>licet</strong></span> <span class='ocrx_word' id='word_1_353' title='bbox 2346 2609 2678 2667; x_wconf 91' lang='lat' dir='ltr'><strong>conditione</strong></span> <span class='ocrx_word' id='word_1_354' title='bbox 2706 2613 2763 2665; x_wconf 89' lang='lat' dir='ltr'><strong>et</strong></span> <span class='ocrx_word' id='word_1_355' title='bbox 2790 2608 3013 2665; x_wconf 88' lang='lat' dir='ltr'><strong>ratione</strong></span> <span class='ocrx_word' id='word_1_356' title='bbox 3036 2612 3101 2663; x_wconf 89' lang='lat' dir='ltr'><strong>ut</strong></span> <span class='ocrx_word' id='word_1_357' title='bbox 3119 2608 3319 2665; x_wconf 90' lang='lat' dir='ltr'><strong>nullus</strong></span> <span class='ocrx_word' id='word_1_358' title='bbox 3344 2609 3569 2682; x_wconf 90' lang='lat' dir='ltr'><strong>absque</strong></span> <span class='ocrx_word' id='word_1_359' title='bbox 3595 2609 3841 2667; x_wconf 86' lang='lat' dir='ltr'><strong>licentia</strong></span> 
     </span>
    </p>
   </div>
   <div class='ocr_carea' id='block_1_60' title="bbox 2184 2697 3842 2772">
    <p class='ocr_par' dir='ltr' id='par_1_60' title="bbox 2184 2697 3842 2772">
     <span class='ocr_line' id='line_1_60' title="bbox 2184 2697 3842 2772; baseline 0.001 -18"><span class='ocrx_word' id='word_1_360' title='bbox 2184 2700 2407 2772; x_wconf 66' lang='lat' dir='ltr'><strong>prestati</strong></span> <span class='ocrx_word' id='word_1_361' title='bbox 2436 2697 2858 2771; x_wconf 88' lang='lat' dir='ltr'><strong>archiepiscopi</strong></span> <span class='ocrx_word' id='word_1_362' title='bbox 2898 2714 3421 2770; x_wconf 90' lang='lat' dir='ltr'><strong>successorumque</strong></span> <span class='ocrx_word' id='word_1_363' title='bbox 3451 2716 3717 2766; x_wconf 92' lang='lat' dir='ltr'><strong>suorum,</strong></span> <span class='ocrx_word' id='word_1_364' title='bbox 3753 2699 3842 2755; x_wconf 88' lang='lat' dir='ltr'><strong>ul-</strong></span> 
     </span>
    </p>
   </div>
   <div class='ocr_carea' id='block_1_61' title="bbox 2183 2787 3842 2862">
    <p class='ocr_par' dir='ltr' id='par_1_61' title="bbox 2183 2787 3842 2862">
     <span class='ocr_line' id='line_1_61' title="bbox 2183 2787 3842 2862; baseline -0.001 -16"><span class='ocrx_word' id='word_1_365' title='bbox 2183 2789 2307 2845; x_wconf 90' lang='lat' dir='ltr'><strong>lum</strong></span> <span class='ocrx_word' id='word_1_366' title='bbox 2337 2806 2524 2862; x_wconf 90' lang='lat' dir='ltr'><strong>genus</strong></span> <span class='ocrx_word' id='word_1_367' title='bbox 2569 2788 3018 2860; x_wconf 82' lang='lat' dir='ltr'><strong>ferarum,quod</strong></span> <span class='ocrx_word' id='word_1_368' title='bbox 3057 2789 3190 2858; x_wconf 88' lang='lat' dir='ltr'><strong>jure</strong></span> <span class='ocrx_word' id='word_1_369' title='bbox 3238 2788 3418 2844; x_wconf 90' lang='lat' dir='ltr'><strong>banni</strong></span> <span class='ocrx_word' id='word_1_370' title='bbox 3463 2787 3842 2845; x_wconf 86' lang='lat' dir='ltr'><strong>interdicitur</strong></span> 
     </span>
    </p>
   </div>
   <div class='ocr_carea' id='block_1_62' title="bbox 2184 2876 3840 2951">
    <p class='ocr_par' dir='ltr' id='par_1_62' title="bbox 2184 2876 3840 2951">
     <span class='ocr_line' id='line_1_62' title="bbox 2184 2876 3840 2951; baseline 0.001 -17"><span class='ocrx_word' id='word_1_371' title='bbox 2184 2878 2309 2951; x_wconf 90' lang='lat' dir='ltr'><strong>lege</strong></span> <span class='ocrx_word' id='word_1_372' title='bbox 2353 2877 2630 2950; x_wconf 90' lang='lat' dir='ltr'><strong>qualibet,</strong></span> <span class='ocrx_word' id='word_1_373' title='bbox 2655 2876 2963 2933; x_wconf 64' lang='lat' dir='ltr'><strong>venatoriis</strong></span> <span class='ocrx_word' id='word_1_374' title='bbox 3019 2876 3162 2932; x_wconf 89' lang='lat' dir='ltr'><strong>artis</strong></span> <span class='ocrx_word' id='word_1_375' title='bbox 3217 2877 3509 2934; x_wconf 88' lang='lat' dir='ltr'><strong>industria</strong></span> <span class='ocrx_word' id='word_1_376' title='bbox 3536 2877 3596 2933; x_wconf 91' lang='lat' dir='ltr'><strong>in</strong></span> <span class='ocrx_word' id='word_1_377' title='bbox 3627 2879 3840 2935; x_wconf 89' lang='lat' dir='ltr'><strong>eodem</strong></span> 
     </span>
    </p>
   </div>
   <div class='ocr_carea' id='block_1_63' title="bbox 2185 2965 3845 3041">
    <p class='ocr_par' dir='ltr' id='par_1_63' title="bbox 2185 2965 3845 3041">
     <span class='ocr_line' id='line_1_63' title="bbox 2185 2965 3845 3041; baseline 0.001 -19"><span class='ocrx_word' id='word_1_378' title='bbox 2185 2968 2401 3024; x_wconf 83' lang='lat' dir='ltr'><strong>foresto</strong></span> <span class='ocrx_word' id='word_1_379' title='bbox 2433 2971 2747 3041; x_wconf 81' lang='lat' dir='ltr'><strong>praesumat</strong></span> <span class='ocrx_word' id='word_1_380' title='bbox 2773 2981 2977 3038; x_wconf 91' lang='lat' dir='ltr'><strong>capere</strong></span> <span class='ocrx_word' id='word_1_381' title='bbox 3005 2965 3096 3021; x_wconf 87' lang='lat' dir='ltr'><strong>vel</strong></span> <span class='ocrx_word' id='word_1_382' title='bbox 3122 2966 3406 3039; x_wconf 87' lang='lat' dir='ltr'><strong>decipere.</strong></span> <span class='ocrx_word' id='word_1_383' title='bbox 3428 2966 3707 3040; x_wconf 88' lang='lat' dir='ltr'><strong>Quisquis</strong></span> <span class='ocrx_word' id='word_1_384' title='bbox 3739 2986 3845 3024; x_wconf 83' lang='lat' dir='ltr'><strong>au-</strong></span> 
     </span>
    </p>
   </div>
   <div class='ocr_carea' id='block_1_64' title="bbox 2184 3054 3843 3128">
    <p class='ocr_par' dir='ltr' id='par_1_64' title="bbox 2184 3054 3843 3128">
     <span class='ocr_line' id='line_1_64' title="bbox 2184 3054 3843 3128; baseline -0.001 -15"><span class='ocrx_word' id='word_1_385' title='bbox 2184 3062 2304 3113; x_wconf 88' lang='lat' dir='ltr'><strong>tem</strong></span> <span class='ocrx_word' id='word_1_386' title='bbox 2334 3061 2538 3113; x_wconf 90' lang='lat' dir='ltr'><strong>contra</strong></span> <span class='ocrx_word' id='word_1_387' title='bbox 2565 3057 2739 3112; x_wconf 89' lang='lat' dir='ltr'><strong>istam</strong></span> <span class='ocrx_word' id='word_1_388' title='bbox 2767 3056 2950 3110; x_wconf 90' lang='lat' dir='ltr'><strong>nostri</strong></span> <span class='ocrx_word' id='word_1_389' title='bbox 2979 3054 3302 3128; x_wconf 87' lang='lat' dir='ltr'><strong>imperialis</strong></span> <span class='ocrx_word' id='word_1_390' title='bbox 3331 3055 3600 3128; x_wconf 65' lang='lat' dir='ltr'><strong>praecepti</strong></span> <span class='ocrx_word' id='word_1_391' title='bbox 3632 3057 3843 3112; x_wconf 87' lang='lat' dir='ltr'><strong>condi-</strong></span> 
     </span>
    </p>
   </div>
   <div class='ocr_carea' id='block_1_65' title="bbox 2186 3143 3846 3218">
    <p class='ocr_par' dir='ltr' id='par_1_65' title="bbox 2186 3143 3846 3218">
     <span class='ocr_line' id='line_1_65' title="bbox 2186 3143 3846 3218; baseline 0 -17"><span class='ocrx_word' id='word_1_392' title='bbox 2186 3145 2405 3202; x_wconf 89' lang='lat' dir='ltr'><strong>tionem</strong></span> <span class='ocrx_word' id='word_1_393' title='bbox 2429 3145 2580 3200; x_wconf 84' lang='lat' dir='ltr'><strong>infra</strong></span> <span class='ocrx_word' id='word_1_394' title='bbox 2599 3144 2950 3218; x_wconf 58' lang='lat' dir='ltr'><strong>praefinitum</strong></span> <span class='ocrx_word' id='word_1_395' title='bbox 2973 3144 3236 3215; x_wconf 87' lang='lat' dir='ltr'><strong>ejusdem</strong></span> <span class='ocrx_word' id='word_1_396' title='bbox 3257 3143 3457 3200; x_wconf 88' lang='lat' dir='ltr'><strong>foresti</strong></span> <span class='ocrx_word' id='word_1_397' title='bbox 3472 3149 3714 3201; x_wconf 88' lang='lat' dir='ltr'><strong>venotur</strong></span> <span class='ocrx_word' id='word_1_398' title='bbox 3732 3150 3846 3201; x_wconf 71' lang='lat' dir='ltr'><strong>ten-</strong></span> 
     </span>
    </p>
   </div>
   <div class='ocr_carea' id='block_1_66' title="bbox 2187 3233 3844 3307">
    <p class='ocr_par' dir='ltr' id='par_1_66' title="bbox 2187 3233 3844 3307">
     <span class='ocr_line' id='line_1_66' title="bbox 2187 3233 3844 3307; baseline 0 -17"><span class='ocrx_word' id='word_1_399' title='bbox 2187 3234 2435 3303; x_wconf 90' lang='lat' dir='ltr'><strong>minum,</strong></span> <span class='ocrx_word' id='word_1_400' title='bbox 2464 3236 2731 3290; x_wconf 89' lang='lat' dir='ltr'><strong>eamdem</strong></span> <span class='ocrx_word' id='word_1_401' title='bbox 2763 3250 2901 3307; x_wconf 92' lang='lat' dir='ltr'><strong>erga</strong></span> <span class='ocrx_word' id='word_1_402' title='bbox 2939 3233 3442 3305; x_wconf 87' lang='lat' dir='ltr'><strong>archiepiscopum</strong></span> <span class='ocrx_word' id='word_1_403' title='bbox 3475 3235 3844 3291; x_wconf 88' lang='lat' dir='ltr'><strong>emendatio-</strong></span> 
     </span>
    </p>
   </div>
   <div class='ocr_carea' id='block_1_67' title="bbox 428 3300 2070 3396">
    <p class='ocr_par' dir='ltr' id='par_1_67' title="bbox 428 3300 2070 3396">
     <span class='ocr_line' id='line_1_67' title="bbox 428 3300 2070 3396; baseline -0.01 -18"><span class='ocrx_word' id='word_1_404' title='bbox 428 3300 671 3378; x_wconf 71' lang='lat' dir='ltr'><strong>stituere</strong></span> <span class='ocrx_word' id='word_1_405' title='bbox 699 3321 874 3391; x_wconf 89' lang='lat' dir='ltr'><strong>atque</strong></span> <span class='ocrx_word' id='word_1_406' title='bbox 902 3312 1212 3371; x_wconf 90' lang='lat' dir='ltr'><strong>molestare</strong></span> <span class='ocrx_word' id='word_1_407' title='bbox 1240 3312 1577 3383; x_wconf 82' lang='lat' dir='ltr'><strong>praesumat.</strong></span> <span class='ocrx_word' id='word_1_408' title='bbox 1600 3306 1762 3370; x_wconf 91' lang='lat' dir='ltr'><strong>Quod</strong></span> <span class='ocrx_word' id='word_1_409' title='bbox 1797 3310 1861 3361; x_wconf 91' lang='lat' dir='ltr'><strong>ut</strong></span> <span class='ocrx_word' id='word_1_410' title='bbox 1882 3306 2070 3396; x_wconf 90' lang='lat' dir='ltr'><strong>verius</strong></span> 
     </span>
    </p>
   </div>
   <div class='ocr_carea' id='block_1_68' title="bbox 2249 3300 3849 3396">
    <p class='ocr_par' dir='ltr' id='par_1_68' title="bbox 2253 3300 3849 3396">
     <span class='ocr_line' id='line_1_68' title="bbox 2253 3300 3849 3396; baseline 0 -16"><span class='ocrx_word' id='word_1_411' title='bbox 2253 3343 2280 3380; x_wconf 91' lang='lat' dir='ltr'><strong>s</strong></span> <span class='ocrx_word' id='word_1_412' title='bbox 2305 3300 2519 3381; x_wconf 85' lang='lat' dir='ltr'><strong>habeat</strong></span> <span class='ocrx_word' id='word_1_413' title='bbox 2545 3323 2754 3396; x_wconf 88' lang='lat' dir='ltr'><strong>legem,</strong></span> <span class='ocrx_word' id='word_1_414' title='bbox 2780 3300 2907 3395; x_wconf 72' lang='lat' dir='ltr'><strong>quae</strong></span> <span class='ocrx_word' id='word_1_415' title='bbox 2934 3300 3207 3379; x_wconf 76' lang='lat' dir='ltr'><strong>omnibus</strong></span> <span class='ocrx_word' id='word_1_416' title='bbox 3236 3300 3498 3395; x_wconf 78' lang='lat' dir='ltr'><strong>legaliter</strong></span> <span class='ocrx_word' id='word_1_417' title='bbox 3522 3323 3849 3380; x_wconf 87' lang='lat' dir='ltr'><strong>constituta</strong></span> 
     </span>
    </p>
   </div>
   <div class='ocr_carea' id='block_1_69' title="bbox 426 3395 2075 3471">
    <p class='ocr_par' dir='ltr' id='par_1_69' title="bbox 426 3395 2075 3471">
     <span class='ocr_line' id='line_1_69' title="bbox 426 3395 2075 3471; baseline -0.01 -5"><span class='ocrx_word' id='word_1_418' title='bbox 426 3409 702 3466; x_wconf 89' lang='lat' dir='ltr'><strong>credatur</strong></span> <span class='ocrx_word' id='word_1_419' title='bbox 732 3406 804 3463; x_wconf 91' lang='lat' dir='ltr'><strong>ab</strong></span> <span class='ocrx_word' id='word_1_420' title='bbox 833 3402 1129 3470; x_wconf 90' lang='lat' dir='ltr'><strong>omnibus,</strong></span> <span class='ocrx_word' id='word_1_421' title='bbox 1162 3404 1220 3457; x_wconf 89' lang='lat' dir='ltr'><strong>et</strong></span> <span class='ocrx_word' id='word_1_422' title='bbox 1257 3415 1361 3471; x_wconf 92' lang='lat' dir='ltr'><strong>per</strong></span> <span class='ocrx_word' id='word_1_423' title='bbox 1397 3396 1764 3453; x_wconf 89' lang='lat' dir='ltr'><strong>succedentis</strong></span> <span class='ocrx_word' id='word_1_424' title='bbox 1794 3395 2075 3467; x_wconf 89' lang='lat' dir='ltr'><strong>temporis</strong></span> 
     </span>
    </p>
   </div>
   <div class='ocr_carea' id='block_1_70' title="bbox 424 3483 2076 3563">
    <p class='ocr_par' dir='ltr' id='par_1_70' title="bbox 424 3483 2076 3563">
     <span class='ocr_line' id='line_1_70' title="bbox 424 3483 2076 3563; baseline -0.01 -7"><span class='ocrx_word' id='word_1_425' title='bbox 424 3515 615 3555; x_wconf 67' lang='lat' dir='ltr'><strong>avum</strong></span> <span class='ocrx_word' id='word_1_426' title='bbox 645 3497 717 3554; x_wconf 90' lang='lat' dir='ltr'><strong>ab</strong></span> <span class='ocrx_word' id='word_1_427' title='bbox 749 3494 1025 3552; x_wconf 91' lang='lat' dir='ltr'><strong>omnibus</strong></span> <span class='ocrx_word' id='word_1_428' title='bbox 1064 3488 1405 3563; x_wconf 89' lang='lat' dir='ltr'><strong>diligentius</strong></span> <span class='ocrx_word' id='word_1_429' title='bbox 1444 3486 1801 3551; x_wconf 90' lang='lat' dir='ltr'><strong>observetur,</strong></span> <span class='ocrx_word' id='word_1_430' title='bbox 1833 3483 1942 3540; x_wconf 91' lang='lat' dir='ltr'><strong>hoc</strong></span> <span class='ocrx_word' id='word_1_431' title='bbox 1974 3501 2076 3539; x_wconf 88' lang='lat' dir='ltr'><strong>no-</strong></span> 
     </span>
    </p>
   </div>
   <div class='ocr_carea' id='block_1_71' title="bbox 412 3573 2079 3656">
    <p class='ocr_par' dir='ltr' id='par_1_71' title="bbox 412 3573 2079 3656">
     <span class='ocr_line' id='line_1_71' title="bbox 412 3573 2079 3656; baseline -0.01 -10"><span class='ocrx_word' id='word_1_432' title='bbox 412 3582 559 3646; x_wconf 50' lang='lat' dir='ltr'><strong>‘straa</strong></span> <span class='ocrx_word' id='word_1_433' title='bbox 590 3583 920 3644; x_wconf 91' lang='lat' dir='ltr'><strong>donationis</strong></span> <span class='ocrx_word' id='word_1_434' title='bbox 950 3582 1302 3656; x_wconf 68' lang='lat' dir='ltr'><strong>praeceptum</strong></span> <span class='ocrx_word' id='word_1_435' title='bbox 1336 3593 1514 3632; x_wconf 90' lang='lat' dir='ltr'><strong>manu</strong></span> <span class='ocrx_word' id='word_1_436' title='bbox 1546 3573 1782 3647; x_wconf 88' lang='lat' dir='ltr'><strong>propria</strong></span> <span class='ocrx_word' id='word_1_437' title='bbox 1814 3573 2079 3629; x_wconf 90' lang='lat' dir='ltr'><strong>corrobo-</strong></span> 
     </span>
    </p>
   </div>
   <div class='ocr_carea' id='block_1_72' title="bbox 423 3662 2077 3749">
    <p class='ocr_par' dir='ltr' id='par_1_72' title="bbox 423 3662 2077 3749">
     <span class='ocr_line' id='line_1_72' title="bbox 423 3662 2077 3749; baseline -0.011 -14"><span class='ocrx_word' id='word_1_438' title='bbox 423 3682 641 3745; x_wconf 87' lang='lat' dir='ltr'><strong>rantes,</strong></span> <span class='ocrx_word' id='word_1_439' title='bbox 675 3674 856 3749; x_wconf 81' lang='lat' dir='ltr'><strong>sigilli</strong></span> <span class='ocrx_word' id='word_1_440' title='bbox 885 3671 1070 3729; x_wconf 89' lang='lat' dir='ltr'><strong>nostri</strong></span> <span class='ocrx_word' id='word_1_441' title='bbox 1101 3667 1487 3741; x_wconf 89' lang='lat' dir='ltr'><strong>impressione</strong></span> <span class='ocrx_word' id='word_1_442' title='bbox 1517 3663 1760 3720; x_wconf 82' lang='lat' dir='ltr'><strong>inferius</strong></span> <span class='ocrx_word' id='word_1_443' title='bbox 1783 3662 2077 3735; x_wconf 89' lang='lat' dir='ltr'><strong>jussimus</strong></span> 
     </span>
    </p>
   </div>
   <div class='ocr_carea' id='block_1_73' title="bbox 424 3764 719 3841">
    <p class='ocr_par' dir='ltr' id='par_1_73' title="bbox 424 3764 719 3841">
     <span class='ocr_line' id='line_1_73' title="bbox 424 3764 719 3841; baseline -0.007 -18"><span class='ocrx_word' id='word_1_444' title='bbox 424 3764 719 3841; x_wconf 85' lang='lat' dir='ltr'><strong>insigniri.</strong></span> 
     </span>
    </p>
   </div>
   <div class='ocr_carea' id='block_1_74' title="bbox 496 3842 2075 3926">
    <p class='ocr_par' dir='ltr' id='par_1_74' title="bbox 496 3842 2075 3926">
     <span class='ocr_line' id='line_1_74' title="bbox 496 3842 2075 3926; baseline -0.011 -14"><span class='ocrx_word' id='word_1_445' title='bbox 496 3858 730 3926; x_wconf 82' lang='lat' dir='ltr'><strong>Signum</strong></span> <span class='ocrx_word' id='word_1_446' title='bbox 756 3853 943 3910; x_wconf 79' lang='lat' dir='ltr'><strong>domui</strong></span> <span class='ocrx_word' id='word_1_447' title='bbox 971 3848 1216 3906; x_wconf 88' lang='lat' dir='ltr'><strong>Heinrici</strong></span> <span class='ocrx_word' id='word_1_448' title='bbox 1242 3845 1392 3903; x_wconf 88' lang='lat' dir='ltr'><strong>tertii</strong></span> <span class='ocrx_word' id='word_1_449' title='bbox 1420 3845 1562 3914; x_wconf 89' lang='lat' dir='ltr'><strong>regis</strong></span> <span class='ocrx_word' id='word_1_450' title='bbox 1592 3842 1960 3908; x_wconf 79' lang='lat' dir='ltr'><strong>invictissimi,</strong></span> <span class='ocrx_word' id='word_1_451' title='bbox 1992 3856 2075 3895; x_wconf 84' lang='lat' dir='ltr'><strong>se-</strong></span> 
     </span>
    </p>
   </div>
   <div class='ocr_carea' id='block_1_75' title="bbox 425 3934 1639 4009">
    <p class='ocr_par' dir='ltr' id='par_1_75' title="bbox 425 3934 1639 4009">
     <span class='ocr_line' id='line_1_75' title="bbox 425 3934 1639 4009; baseline -0.012 -8"><span class='ocrx_word' id='word_1_452' title='bbox 425 3944 594 4002; x_wconf 81' lang='lat' dir='ltr'><strong>cundi</strong></span> <span class='ocrx_word' id='word_1_453' title='bbox 622 3945 989 3999; x_wconf 82' lang='lat' dir='ltr'><strong>Romanorum</strong></span> <span class='ocrx_word' id='word_1_454' title='bbox 1018 3935 1364 4009; x_wconf 78' lang='lat' dir='ltr'><strong>imperatoris</strong></span> <span class='ocrx_word' id='word_1_455' title='bbox 1387 3934 1639 4001; x_wconf 80' lang='lat' dir='ltr'><strong>Augusti.</strong></span> 
     </span>
    </p>
   </div>
   <div class='ocr_carea' id='block_1_76' title="bbox 500 4020 2078 4092">
    <p class='ocr_par' dir='ltr' id='par_1_76' title="bbox 500 4020 2078 4092">
     <span class='ocr_line' id='line_1_76' title="bbox 500 4020 2078 4092; baseline -0.011 -2"><span class='ocrx_word' id='word_1_456' title='bbox 500 4032 893 4090; x_wconf 86' lang='lat' dir='ltr'><strong>Herimannus</strong></span> <span class='ocrx_word' id='word_1_457' title='bbox 949 4024 1308 4082; x_wconf 86' lang='lat' dir='ltr'><strong>Coloniensis</strong></span> <span class='ocrx_word' id='word_1_458' title='bbox 1374 4020 1850 4092; x_wconf 85' lang='lat' dir='ltr'><strong>archiepiscopus</strong></span> <span class='ocrx_word' id='word_1_459' title='bbox 1906 4022 2078 4089; x_wconf 90' lang='lat' dir='ltr'><strong>atque</strong></span> 
     </span>
    </p>
   </div>
   <div class='ocr_carea' id='block_1_77' title="bbox 429 4111 1341 4186">
    <p class='ocr_par' dir='ltr' id='par_1_77' title="bbox 429 4111 1341 4186">
     <span class='ocr_line' id='line_1_77' title="bbox 429 4111 1341 4186; baseline -0.019 -4"><span class='ocrx_word' id='word_1_460' title='bbox 429 4116 983 4183; x_wconf 87' lang='lat' dir='ltr'><strong>archicancellarius</strong></span> <span class='ocrx_word' id='word_1_461' title='bbox 1014 4111 1341 4186; x_wconf 88' lang='lat' dir='ltr'><strong>recognovi.</strong></span> 
     </span>
    </p>
   </div>
   <div class='ocr_carea' id='block_1_78' title="bbox 500 4196 2078 4272">
    <p class='ocr_par' dir='ltr' id='par_1_78' title="bbox 500 4196 2078 4272">
     <span class='ocr_line' id='line_1_78' title="bbox 500 4196 2078 4272; baseline -0.013 0"><span class='ocrx_word' id='word_1_462' title='bbox 500 4214 647 4271; x_wconf 90' lang='lat' dir='ltr'><strong>Data</strong></span> <span class='ocrx_word' id='word_1_463' title='bbox 672 4227 767 4268; x_wconf 68' lang='lat' dir='ltr'><strong>xv:</strong></span> <span class='ocrx_word' id='word_1_464' title='bbox 788 4205 1078 4266; x_wconf 87' lang='lat' dir='ltr'><strong>Kalendas</strong></span> <span class='ocrx_word' id='word_1_465' title='bbox 1101 4201 1259 4272; x_wconf 90' lang='lat' dir='ltr'><strong>Maii,</strong></span> <span class='ocrx_word' id='word_1_466' title='bbox 1294 4217 1447 4255; x_wconf 89' lang='lat' dir='ltr'><strong>anno</strong></span> <span class='ocrx_word' id='word_1_467' title='bbox 1476 4198 1786 4253; x_wconf 74' lang='lat' dir='ltr'><strong>Dominicae</strong></span> <span class='ocrx_word' id='word_1_468' title='bbox 1809 4196 2078 4252; x_wconf 90' lang='lat' dir='ltr'><strong>Incarna-</strong></span> 
     </span>
    </p>
   </div>
   <div class='ocr_carea' id='block_1_79' title="bbox 428 4284 2080 4366">
    <p class='ocr_par' dir='ltr' id='par_1_79' title="bbox 428 4284 2080 4366">
     <span class='ocr_line' id='line_1_79' title="bbox 428 4284 2080 4366; baseline -0.01 -8"><span class='ocrx_word' id='word_1_469' title='bbox 428 4301 608 4358; x_wconf 88' lang='lat' dir='ltr'><strong>tionis</strong></span> <span class='ocrx_word' id='word_1_470' title='bbox 637 4296 946 4356; x_wconf 91' lang='lat' dir='ltr'><strong>millesimo</strong></span> <span class='ocrx_word' id='word_1_471' title='bbox 977 4288 1423 4366; x_wconf 88' lang='lat' dir='ltr'><strong>quadragesimo</strong></span> <span class='ocrx_word' id='word_1_472' title='bbox 1452 4302 1625 4353; x_wconf 89' lang='lat' dir='ltr'><strong>nono,</strong></span> <span class='ocrx_word' id='word_1_473' title='bbox 1649 4284 1965 4341; x_wconf 89' lang='lat' dir='ltr'><strong>indictione</strong></span> <span class='ocrx_word' id='word_1_474' title='bbox 1996 4302 2080 4341; x_wconf 90' lang='lat' dir='ltr'><strong>se-</strong></span> 
     </span>
    </p>
   </div>
   <div class='ocr_carea' id='block_1_80' title="bbox 431 4373 2081 4458">
    <p class='ocr_par' dir='ltr' id='par_1_80' title="bbox 431 4373 2081 4458">
     <span class='ocr_line' id='line_1_80' title="bbox 431 4373 2081 4458; baseline -0.012 -9"><span class='ocrx_word' id='word_1_475' title='bbox 431 4391 644 4458; x_wconf 89' lang='lat' dir='ltr'><strong>cunda,</strong></span> <span class='ocrx_word' id='word_1_476' title='bbox 685 4403 837 4445; x_wconf 91' lang='lat' dir='ltr'><strong>anno</strong></span> <span class='ocrx_word' id='word_1_477' title='bbox 886 4380 1087 4440; x_wconf 91' lang='lat' dir='ltr'><strong>domni</strong></span> <span class='ocrx_word' id='word_1_478' title='bbox 1117 4377 1350 4436; x_wconf 90' lang='lat' dir='ltr'><strong>Henrici</strong></span> <span class='ocrx_word' id='word_1_479' title='bbox 1396 4393 1459 4432; x_wconf 80' lang='grc' dir='ltr'>ιιι</span> <span class='ocrx_word' id='word_1_480' title='bbox 1510 4375 1684 4449; x_wconf 90' lang='lat' dir='ltr'><strong>regis,</strong></span> <span class='ocrx_word' id='word_1_481' title='bbox 1711 4373 2081 4447; x_wconf 84' lang='lat' dir='ltr'><strong>imperatoris</strong></span> 
     </span>
    </p>
   </div>
   <div class='ocr_carea' id='block_1_81' title="bbox 430 4456 2080 4547">
    <p class='ocr_par' dir='ltr' id='par_1_81' title="bbox 430 4456 2080 4547">
     <span class='ocr_line' id='line_1_81' title="bbox 430 4456 2080 4547; baseline -0.013 -10"><span class='ocrx_word' id='word_1_482' title='bbox 430 4456 694 4547; x_wconf 86' lang='lat' dir='ltr'><strong>secundi,</strong></span> <span class='ocrx_word' id='word_1_483' title='bbox 726 4470 1113 4533; x_wconf 90' lang='lat' dir='ltr'><strong>ordinationis</strong></span> <span class='ocrx_word' id='word_1_484' title='bbox 1145 4470 1276 4542; x_wconf 89' lang='lat' dir='ltr'><strong>ejus</strong></span> <span class='ocrx_word' id='word_1_485' title='bbox 1301 4484 1393 4536; x_wconf 82' lang='lat' dir='ltr'><strong>xx,</strong></span> <span class='ocrx_word' id='word_1_486' title='bbox 1426 4463 1589 4537; x_wconf 87' lang='lat' dir='ltr'><strong>regni</strong></span> <span class='ocrx_word' id='word_1_487' title='bbox 1619 4456 1857 4535; x_wconf 87' lang='lat' dir='ltr'><strong>quidem</strong></span> <span class='ocrx_word' id='word_1_488' title='bbox 1888 4481 1945 4529; x_wconf 84' lang='lat' dir='ltr'><strong>x,</strong></span> <span class='ocrx_word' id='word_1_489' title='bbox 1968 4466 2080 4518; x_wconf 78' lang='lat' dir='ltr'><strong>rm-</strong></span> 
     </span>
    </p>
   </div>
   <div class='ocr_carea' id='block_1_82' title="bbox 427 4554 1566 4645">
    <p class='ocr_par' dir='ltr' id='par_1_82' title="bbox 427 4554 1566 4645">
     <span class='ocr_line' id='line_1_82' title="bbox 427 4554 1566 4645; baseline -0.017 -17"><span class='ocrx_word' id='word_1_490' title='bbox 427 4568 574 4645; x_wconf 88' lang='lat' dir='ltr'><strong>perii</strong></span> <span class='ocrx_word' id='word_1_491' title='bbox 605 4571 804 4626; x_wconf 91' lang='lat' dir='ltr'><strong>autem</strong></span> <span class='ocrx_word' id='word_1_492' title='bbox 835 4581 918 4637; x_wconf 83' lang='lat' dir='ltr'><strong>In,</strong></span> <span class='ocrx_word' id='word_1_493' title='bbox 950 4562 1012 4618; x_wconf 92' lang='lat' dir='ltr'><strong>in</strong></span> <span class='ocrx_word' id='word_1_494' title='bbox 1044 4559 1280 4617; x_wconf 90' lang='lat' dir='ltr'><strong>nomine</strong></span> <span class='ocrx_word' id='word_1_495' title='bbox 1313 4554 1566 4613; x_wconf 89' lang='lat' dir='ltr'><strong>Domini.</strong></span> 
     </span>
    </p>
   </div>
   <div class='ocr_carea' id='block_1_83' title="bbox 498 4649 1550 4717">
    <p class='ocr_par' dir='ltr' id='par_1_83' title="bbox 498 4649 1550 4717">
     <span class='ocr_line' id='line_1_83' title="bbox 498 4649 1550 4717; baseline -0.018 1"><span class='ocrx_word' id='word_1_496' title='bbox 498 4661 708 4717; x_wconf 86' lang='lat' dir='ltr'><strong>Actum</strong></span> <span class='ocrx_word' id='word_1_497' title='bbox 740 4653 1018 4713; x_wconf 71' lang='lat' dir='ltr'><strong>Goslariae</strong></span> <span class='ocrx_word' id='word_1_498' title='bbox 1049 4649 1314 4707; x_wconf 82' lang='lat' dir='ltr'><strong>feliciter.</strong></span> <span class='ocrx_word' id='word_1_499' title='bbox 1347 4653 1550 4704; x_wconf 84' lang='lat' dir='ltr'><strong>Amen.</strong></span> 
     </span>
    </p>
   </div>
   <div class='ocr_carea' id='block_1_84' title="bbox 708 4756 1790 4925">
    <p class='ocr_par' dir='ltr' id='par_1_84' title="bbox 708 4756 1790 4925">
     <span class='ocr_line' id='line_1_84' title="bbox 708 4756 1790 4925; baseline -0.018 -13"><span class='ocrx_word' id='word_1_500' title='bbox 708 4853 1075 4925; x_wconf 85' lang='lat' dir='ltr'><strong>Privitegium</strong></span> <span class='ocrx_word' id='word_1_501' title='bbox 1096 4756 1465 4923; x_wconf 41' lang='lat' dir='ltr'><strong>prﬁ‘lilcldtesia</strong></span> <span class='ocrx_word' id='word_1_502' title='bbox 1489 4841 1790 4898; x_wconf 81' lang='lat' dir='ltr'><strong>Bremensi.</strong></span> 
     </span>
    </p>
   </div>
   <div class='ocr_carea' id='block_1_85' title="bbox 846 4935 1453 5012">
    <p class='ocr_par' dir='ltr' id='par_1_85' title="bbox 846 4935 1453 5012">
     <span class='ocr_line' id='line_1_85' title="bbox 846 4935 1453 5012; baseline -0.013 -15"><span class='ocrx_word' id='word_1_503' title='bbox 846 4954 873 4973; x_wconf 68' lang='grc' dir='ltr'><strong><em>ι</em></strong></span> <span class='ocrx_word' id='word_1_504' title='bbox 1050 4941 1238 5012; x_wconf 90' lang='lat' dir='ltr'><strong>(Anno</strong></span> <span class='ocrx_word' id='word_1_505' title='bbox 1269 4935 1453 5004; x_wconf 80' lang='grc'>1040.)</span> 
     </span>
    </p>
   </div>
   <div class='ocr_carea' id='block_1_86' title="bbox 643 5016 1835 5108">
    <p class='ocr_par' dir='ltr' id='par_1_86' title="bbox 643 5016 1835 5108">
     <span class='ocr_line' id='line_1_86' title="bbox 643 5016 1835 5108; baseline -0.019 -16"><span class='ocrx_word' id='word_1_506' title='bbox 643 5034 1064 5108; x_wconf 74' lang='lat' dir='ltr'><strong>[LAPPENBERG,</strong></span> <span class='ocrx_word' id='word_1_507' title='bbox 1096 5026 1377 5092; x_wconf 82' lang='lat' dir='ltr'><strong>Hamburg</strong></span> <span class='ocrx_word' id='word_1_508' title='bbox 1406 5018 1651 5108; x_wconf 76' lang='lat' dir='ltr'><strong>Urkund,</strong></span> <span class='ocrx_word' id='word_1_509' title='bbox 1684 5016 1835 5108; x_wconf 58' lang='lat'><strong>$74.]</strong></span> 
     </span>
    </p>
   </div>
   <div class='ocr_carea' id='block_1_87' title="bbox 500 5104 2075 5183">
    <p class='ocr_par' dir='ltr' id='par_1_87' title="bbox 500 5104 2075 5183">
     <span class='ocr_line' id='line_1_87' title="bbox 500 5104 2075 5183; baseline -0.015 0"><span class='ocrx_word' id='word_1_510' title='bbox 500 5127 567 5183; x_wconf 92' lang='lat' dir='ltr'>In</span> <span class='ocrx_word' id='word_1_511' title='bbox 596 5104 833 5181; x_wconf 82' lang='lat' dir='ltr'><strong>nomine</strong></span> <span class='ocrx_word' id='word_1_512' title='bbox 863 5122 1076 5177; x_wconf 84' lang='lat' dir='ltr'><strong>sanctae</strong></span> <span class='ocrx_word' id='word_1_513' title='bbox 1114 5119 1173 5171; x_wconf 89' lang='lat' dir='ltr'><strong>et</strong></span> <span class='ocrx_word' id='word_1_514' title='bbox 1209 5111 1519 5167; x_wconf 67' lang='lat' dir='ltr'><strong>individuis</strong></span> <span class='ocrx_word' id='word_1_515' title='bbox 1547 5104 1869 5161; x_wconf 88' lang='lat' dir='ltr'><strong>Trinitatis.</strong></span> <span class='ocrx_word' id='word_1_516' title='bbox 1904 5104 2075 5161; x_wconf 76' lang='lat' dir='ltr'><strong>Ham-</strong></span> 
     </span>
    </p>
   </div>
   <div class='ocr_carea' id='block_1_88' title="bbox 428 5192 2076 5283">
    <p class='ocr_par' dir='ltr' id='par_1_88' title="bbox 428 5192 2076 5283">
     <span class='ocr_line' id='line_1_88' title="bbox 428 5192 2076 5283; baseline -0.017 -8"><span class='ocrx_word' id='word_1_517' title='bbox 428 5231 621 5283; x_wconf 77' lang='lat' dir='ltr'><strong>nlcus,</strong></span> <span class='ocrx_word' id='word_1_518' title='bbox 655 5211 854 5268; x_wconf 89' lang='lat' dir='ltr'><strong>divina</strong></span> <span class='ocrx_word' id='word_1_519' title='bbox 897 5210 1121 5265; x_wconf 82' lang='lat' dir='ltr'><strong>favente</strong></span> <span class='ocrx_word' id='word_1_520' title='bbox 1159 5199 1489 5266; x_wconf 88' lang='lat' dir='ltr'><strong>clementia,</strong></span> <span class='ocrx_word' id='word_1_521' title='bbox 1532 5196 1928 5251; x_wconf 82' lang='lat' dir='ltr'><strong>Romanorum</strong></span> <span class='ocrx_word' id='word_1_522' title='bbox 1970 5192 2076 5249; x_wconf 89' lang='lat' dir='ltr'><strong>im-</strong></span> 
     </span>
    </p>
   </div>
   <div class='ocr_carea' id='block_1_89' title="bbox 428 5302 1009 5380">
    <p class='ocr_par' dir='ltr' id='par_1_89' title="bbox 428 5302 1009 5380">
     <span class='ocr_line' id='line_1_89' title="bbox 428 5302 1009 5380; baseline -0.021 -16"><span class='ocrx_word' id='word_1_523' title='bbox 428 5308 662 5380; x_wconf 89' lang='lat' dir='ltr'><strong>perator</strong></span> <span class='ocrx_word' id='word_1_524' title='bbox 690 5302 1009 5374; x_wconf 88' lang='lat' dir='ltr'><strong>Augustus.</strong></span> 
     </span>
    </p>
   </div>
   <div class='ocr_carea' id='block_1_90' title="bbox 499 5373 2075 5463">
    <p class='ocr_par' dir='ltr' id='par_1_90' title="bbox 499 5373 2075 5463">
     <span class='ocr_line' id='line_1_90' title="bbox 499 5373 2075 5463; baseline -0.015 -11"><span class='ocrx_word' id='word_1_525' title='bbox 499 5373 804 5463; x_wconf 79' lang='lat' dir='ltr'><strong>Quoniam</strong></span> <span class='ocrx_word' id='word_1_526' title='bbox 836 5407 903 5445; x_wconf 81' lang='lat' dir='ltr'><strong>ex</strong></span> <span class='ocrx_word' id='word_1_527' title='bbox 950 5387 1145 5445; x_wconf 91' lang='lat' dir='ltr'><strong>debito</strong></span> <span class='ocrx_word' id='word_1_528' title='bbox 1194 5376 1543 5456; x_wconf 89' lang='lat' dir='ltr'><strong>procurandi</strong></span> <span class='ocrx_word' id='word_1_529' title='bbox 1575 5373 1737 5448; x_wconf 79' lang='lat' dir='ltr'><strong>regni</strong></span> <span class='ocrx_word' id='word_1_530' title='bbox 1786 5373 2075 5429; x_wconf 81' lang='lat' dir='ltr'><strong>universis</strong></span> 
     </span>
    </p>
   </div>
   <div class='ocr_carea' id='block_1_91' title="bbox 428 5461 2073 5547">
    <p class='ocr_par' dir='ltr' id='par_1_91' title="bbox 428 5461 2073 5547">
     <span class='ocr_line' id='line_1_91' title="bbox 428 5461 2073 5547; baseline -0.017 -5"><span class='ocrx_word' id='word_1_531' title='bbox 428 5461 702 5542; x_wconf 82' lang='lat' dir='ltr'><strong>Ecclesiis</strong></span> <span class='ocrx_word' id='word_1_532' title='bbox 734 5477 981 5538; x_wconf 80' lang='lat' dir='ltr'><strong>Romani</strong></span> <span class='ocrx_word' id='word_1_533' title='bbox 1012 5472 1243 5547; x_wconf 89' lang='lat' dir='ltr'><strong>imperii</strong></span> <span class='ocrx_word' id='word_1_534' title='bbox 1286 5474 1587 5543; x_wconf 88' lang='lat' dir='ltr'><strong>paternam</strong></span> <span class='ocrx_word' id='word_1_535' title='bbox 1618 5461 2073 5521; x_wconf 88' lang='lat' dir='ltr'><strong>sollicitudinem</strong></span> 
     </span>
    </p>
   </div>
   <div class='ocr_carea' id='block_1_92' title="bbox 425 5562 2076 5643">
    <p class='ocr_par' dir='ltr' id='par_1_92' title="bbox 425 5562 2076 5643">
     <span class='ocr_line' id='line_1_92' title="bbox 425 5562 2076 5643; baseline -0.017 -11"><span class='ocrx_word' id='word_1_536' title='bbox 425 5576 708 5631; x_wconf 89' lang='lat' dir='ltr'><strong>debemus</strong></span> <span class='ocrx_word' id='word_1_537' title='bbox 729 5562 1370 5643; x_wconf 35' lang='lat' dir='ltr'><strong>impendereavolumus</strong></span> <span class='ocrx_word' id='word_1_538' title='bbox 1387 5567 2076 5628; x_wconf 88' lang='lat' dir='ltr'><strong>unamquamque,quan-</strong></span> 
     </span>
    </p>
   </div>
   <div class='ocr_carea' id='block_1_93' title="bbox 423 5645 2070 5729">
    <p class='ocr_par' dir='ltr' id='par_1_93' title="bbox 423 5645 2070 5729">
     <span class='ocr_line' id='line_1_93' title="bbox 423 5645 2070 5729; baseline -0.017 -7"><span class='ocrx_word' id='word_1_539' title='bbox 423 5669 551 5723; x_wconf 88' lang='lat' dir='ltr'><strong>tum</strong></span> <span class='ocrx_word' id='word_1_540' title='bbox 581 5680 650 5719; x_wconf 82' lang='lat' dir='ltr'><strong>ex</strong></span> <span class='ocrx_word' id='word_1_541' title='bbox 678 5660 885 5717; x_wconf 67' lang='lat' dir='ltr'><strong>divinae</strong></span> <span class='ocrx_word' id='word_1_542' title='bbox 935 5654 1135 5729; x_wconf 58' lang='lat' dir='ltr'><strong>gratiae</strong></span> <span class='ocrx_word' id='word_1_543' title='bbox 1190 5649 1357 5706; x_wconf 89' lang='lat' dir='ltr'><strong>nobis</strong></span> <span class='ocrx_word' id='word_1_544' title='bbox 1413 5645 1748 5702; x_wconf 88' lang='lat' dir='ltr'><strong>conceditur</strong></span> <span class='ocrx_word' id='word_1_545' title='bbox 1806 5656 2070 5706; x_wconf 88' lang='lat' dir='ltr'><strong>munere,</strong></span> 
     </span>
    </p>
   </div>
   <div class='ocr_carea' id='block_1_94' title="bbox 426 5732 2071 5811">
    <p class='ocr_par' dir='ltr' id='par_1_94' title="bbox 426 5732 2071 5811">
     <span class='ocr_line' id='line_1_94' title="bbox 426 5732 2071 5811; baseline -0.016 0"><span class='ocrx_word' id='word_1_546' title='bbox 426 5752 745 5811; x_wconf 87' lang='lat' dir='ltr'><strong>sublimare</strong></span> <span class='ocrx_word' id='word_1_547' title='bbox 765 5754 821 5806; x_wconf 91' lang='lat' dir='ltr'><strong>et</strong></span> <span class='ocrx_word' id='word_1_548' title='bbox 852 5750 1183 5803; x_wconf 87' lang='lat' dir='ltr'><strong>nostrorum</strong></span> <span class='ocrx_word' id='word_1_549' title='bbox 1210 5737 1626 5797; x_wconf 82' lang='lat' dir='ltr'><strong>beneﬁciorum</strong></span> <span class='ocrx_word' id='word_1_550' title='bbox 1658 5733 1829 5790; x_wconf 92' lang='lat' dir='ltr'><strong>donis</strong></span> <span class='ocrx_word' id='word_1_551' title='bbox 1855 5732 1914 5789; x_wconf 90' lang='lat' dir='ltr'><strong>in</strong></span> <span class='ocrx_word' id='word_1_552' title='bbox 1945 5746 2071 5786; x_wconf 90' lang='lat' dir='ltr'><strong>me-</strong></span> 
     </span>
    </p>
   </div>
   <div class='ocr_carea' id='block_1_95' title="bbox 2186 3410 3841 3487">
    <p class='ocr_par' dir='ltr' id='par_1_95' title="bbox 2186 3410 3841 3487">
     <span class='ocr_line' id='line_1_95' title="bbox 2186 3410 3841 3487; baseline -0.001 -17"><span class='ocrx_word' id='word_1_553' title='bbox 2186 3418 2293 3482; x_wconf 90' lang='lat' dir='ltr'><strong>est,</strong></span> <span class='ocrx_word' id='word_1_554' title='bbox 2329 3415 2427 3487; x_wconf 88' lang='lat' dir='ltr'><strong>qui</strong></span> <span class='ocrx_word' id='word_1_555' title='bbox 2459 3414 2517 3468; x_wconf 92' lang='lat' dir='ltr'><strong>in</strong></span> <span class='ocrx_word' id='word_1_556' title='bbox 2549 3417 2750 3469; x_wconf 91' lang='lat' dir='ltr'><strong>nostro</strong></span> <span class='ocrx_word' id='word_1_557' title='bbox 2782 3417 2984 3468; x_wconf 89' lang='lat' dir='ltr'><strong>contra</strong></span> <span class='ocrx_word' id='word_1_558' title='bbox 3010 3410 3252 3467; x_wconf 91' lang='lat' dir='ltr'><strong>vetitum</strong></span> <span class='ocrx_word' id='word_1_559' title='bbox 3281 3416 3571 3467; x_wconf 87' lang='lat' dir='ltr'><strong>venantur</strong></span> <span class='ocrx_word' id='word_1_560' title='bbox 3599 3412 3841 3469; x_wconf 82' lang='lat' dir='ltr'><strong>foresto.</strong></span> 
     </span>
    </p>
   </div>
   <div class='ocr_carea' id='block_1_96' title="bbox 2258 3500 3848 3574">
    <p class='ocr_par' dir='ltr' id='par_1_96' title="bbox 2258 3500 3848 3574">
     <span class='ocr_line' id='line_1_96' title="bbox 2258 3500 3848 3574; baseline -0.001 -15"><span class='ocrx_word' id='word_1_561' title='bbox 2258 3504 2325 3559; x_wconf 90' lang='lat' dir='ltr'><strong>Et</strong></span> <span class='ocrx_word' id='word_1_562' title='bbox 2355 3510 2419 3559; x_wconf 91' lang='lat' dir='ltr'><strong>ut</strong></span> <span class='ocrx_word' id='word_1_563' title='bbox 2446 3502 2605 3559; x_wconf 89' lang='lat' dir='ltr'><strong>istud</strong></span> <span class='ocrx_word' id='word_1_564' title='bbox 2631 3505 2842 3557; x_wconf 83' lang='lat' dir='ltr'><strong>nostrae</strong></span> <span class='ocrx_word' id='word_1_565' title='bbox 2865 3500 3228 3557; x_wconf 85' lang='lat' dir='ltr'><strong>auctoritatis</strong></span> <span class='ocrx_word' id='word_1_566' title='bbox 3248 3501 3469 3556; x_wconf 90' lang='lat' dir='ltr'><strong>donum</strong></span> <span class='ocrx_word' id='word_1_567' title='bbox 3498 3500 3707 3558; x_wconf 88' lang='lat' dir='ltr'><strong>stabile</strong></span> <span class='ocrx_word' id='word_1_568' title='bbox 3738 3518 3848 3574; x_wconf 91' lang='lat' dir='ltr'><strong>per</strong></span> 
     </span>
    </p>
   </div>
   <div class='ocr_carea' id='block_1_97' title="bbox 2184 3588 3839 3662">
    <p class='ocr_par' dir='ltr' id='par_1_97' title="bbox 2184 3588 3839 3662">
     <span class='ocr_line' id='line_1_97' title="bbox 2184 3588 3839 3662; baseline -0.004 -11"><span class='ocrx_word' id='word_1_569' title='bbox 2184 3610 2357 3652; x_wconf 90' lang='lat' dir='ltr'><strong>omne</strong></span> <span class='ocrx_word' id='word_1_570' title='bbox 2388 3596 2621 3649; x_wconf 89' lang='lat' dir='ltr'><strong>maneat</strong></span> <span class='ocrx_word' id='word_1_571' title='bbox 2663 3607 2872 3655; x_wconf 59' lang='lat' dir='ltr'><strong>aevum,</strong></span> <span class='ocrx_word' id='word_1_572' title='bbox 2901 3589 3011 3655; x_wconf 87' lang='lat' dir='ltr'><strong>hoc</strong></span> <span class='ocrx_word' id='word_1_573' title='bbox 3063 3588 3488 3662; x_wconf 84' lang='lat' dir='ltr'><strong>cyrographum</strong></span> <span class='ocrx_word' id='word_1_574' title='bbox 3530 3589 3665 3647; x_wconf 90' lang='lat' dir='ltr'><strong>inde</strong></span> <span class='ocrx_word' id='word_1_575' title='bbox 3696 3606 3839 3647; x_wconf 89' lang='lat' dir='ltr'><strong>con-</strong></span> 
     </span>
    </p>
   </div>
   <div class='ocr_carea' id='block_1_98' title="bbox 2186 3678 3837 3756">
    <p class='ocr_par' dir='ltr' id='par_1_98' title="bbox 2186 3678 3837 3756">
     <span class='ocr_line' id='line_1_98' title="bbox 2186 3678 3837 3756; baseline -0.004 -16"><span class='ocrx_word' id='word_1_576' title='bbox 2186 3683 2471 3756; x_wconf 89' lang='lat' dir='ltr'><strong>scriptum</strong></span> <span class='ocrx_word' id='word_1_577' title='bbox 2497 3698 2676 3736; x_wconf 88' lang='lat' dir='ltr'><strong>manu</strong></span> <span class='ocrx_word' id='word_1_578' title='bbox 2708 3679 2943 3752; x_wconf 89' lang='lat' dir='ltr'><strong>propria</strong></span> <span class='ocrx_word' id='word_1_579' title='bbox 2962 3679 3424 3746; x_wconf 88' lang='lat' dir='ltr'><strong>corroborantes,</strong></span> <span class='ocrx_word' id='word_1_580' title='bbox 3452 3678 3628 3752; x_wconf 90' lang='lat' dir='ltr'><strong>sigilli</strong></span> <span class='ocrx_word' id='word_1_581' title='bbox 3652 3681 3837 3737; x_wconf 89' lang='lat' dir='ltr'><strong>nostri</strong></span> 
     </span>
    </p>
   </div>
   <div class='ocr_carea' id='block_1_99' title="bbox 2186 3766 3207 3846">
    <p class='ocr_par' dir='ltr' id='par_1_99' title="bbox 2186 3766 3207 3846">
     <span class='ocr_line' id='line_1_99' title="bbox 2186 3766 3207 3846; baseline -0.008 -17"><span class='ocrx_word' id='word_1_582' title='bbox 2186 3772 2574 3846; x_wconf 90' lang='lat' dir='ltr'><strong>impressione</strong></span> <span class='ocrx_word' id='word_1_583' title='bbox 2591 3768 2885 3841; x_wconf 88' lang='lat' dir='ltr'><strong>jussimus</strong></span> <span class='ocrx_word' id='word_1_584' title='bbox 2917 3766 3207 3840; x_wconf 88' lang='lat' dir='ltr'><strong>insigniri.</strong></span> 
     </span>
    </p>
   </div>
   <div class='ocr_carea' id='block_1_100' title="bbox 2259 3857 3839 3934">
    <p class='ocr_par' dir='ltr' id='par_1_100' title="bbox 2259 3857 3839 3934">
     <span class='ocr_line' id='line_1_100' title="bbox 2259 3857 3839 3934; baseline -0.002 -16"><span class='ocrx_word' id='word_1_585' title='bbox 2259 3864 2489 3934; x_wconf 88' lang='lat' dir='ltr'><strong>Signum</strong></span> <span class='ocrx_word' id='word_1_586' title='bbox 2527 3860 2717 3915; x_wconf 83' lang='lat' dir='ltr'><strong>domui</strong></span> <span class='ocrx_word' id='word_1_587' title='bbox 2761 3858 3007 3913; x_wconf 84' lang='lat' dir='ltr'><strong>Heinrici</strong></span> <span class='ocrx_word' id='word_1_588' title='bbox 3062 3858 3215 3911; x_wconf 85' lang='lat' dir='ltr'><strong>tertii</strong></span> <span class='ocrx_word' id='word_1_589' title='bbox 3266 3859 3410 3926; x_wconf 85' lang='lat' dir='ltr'><strong>regis</strong></span> <span class='ocrx_word' id='word_1_590' title='bbox 3465 3857 3839 3927; x_wconf 76' lang='lat' dir='ltr'><strong>invictissimi,</strong></span> 
     </span>
    </p>
   </div>
   <div class='ocr_carea' id='block_1_101' title="bbox 2184 3948 3464 4018">
    <p class='ocr_par' dir='ltr' id='par_1_101' title="bbox 2184 3948 3464 4018">
     <span class='ocr_line' id='line_1_101' title="bbox 2184 3948 3464 4018; baseline -0.005 -10"><span class='ocrx_word' id='word_1_591' title='bbox 2184 3952 2408 4008; x_wconf 84' lang='lat' dir='ltr'><strong>secundi</strong></span> <span class='ocrx_word' id='word_1_592' title='bbox 2440 3954 2810 4006; x_wconf 86' lang='lat' dir='ltr'><strong>Romanorum</strong></span> <span class='ocrx_word' id='word_1_593' title='bbox 2840 3948 3189 4018; x_wconf 82' lang='lat' dir='ltr'><strong>imperatoris</strong></span> <span class='ocrx_word' id='word_1_594' title='bbox 3214 3948 3464 4017; x_wconf 85' lang='lat' dir='ltr'><strong>Augusti.</strong></span> 
     </span>
    </p>
   </div>
   <div class='ocr_carea' id='block_1_102' title="bbox 2259 4033 3846 4102">
    <p class='ocr_par' dir='ltr' id='par_1_102' title="bbox 2259 4033 3846 4102">
     <span class='ocr_line' id='line_1_102' title="bbox 2259 4033 3846 4102; baseline -0.004 -6"><span class='ocrx_word' id='word_1_595' title='bbox 2259 4038 2655 4097; x_wconf 89' lang='lat' dir='ltr'><strong>Uvinitherius</strong></span> <span class='ocrx_word' id='word_1_596' title='bbox 2705 4033 3108 4102; x_wconf 90' lang='lat' dir='ltr'><strong>cancellaruis,</strong></span> <span class='ocrx_word' id='word_1_597' title='bbox 3151 4034 3274 4090; x_wconf 88' lang='lat' dir='ltr'><strong>vice</strong></span> <span class='ocrx_word' id='word_1_598' title='bbox 3318 4034 3599 4090; x_wconf 90' lang='lat' dir='ltr'><strong>Pardonis</strong></span> <span class='ocrx_word' id='word_1_599' title='bbox 3646 4035 3846 4092; x_wconf 90' lang='lat' dir='ltr'><strong>archi-</strong></span> 
     </span>
    </p>
   </div>
   <div class='ocr_carea' id='block_1_103' title="bbox 2187 4123 2903 4197">
    <p class='ocr_par' dir='ltr' id='par_1_103' title="bbox 2187 4123 2903 4197">
     <span class='ocr_line' id='line_1_103' title="bbox 2187 4123 2903 4197; baseline -0.011 -11"><span class='ocrx_word' id='word_1_600' title='bbox 2187 4127 2542 4194; x_wconf 89' lang='lat' dir='ltr'><strong>cancellarii,</strong></span> <span class='ocrx_word' id='word_1_601' title='bbox 2576 4123 2903 4197; x_wconf 86' lang='lat' dir='ltr'><strong>recognovi.</strong></span> 
     </span>
    </p>
   </div>
   <div class='ocr_carea' id='block_1_104' title="bbox 2259 4211 3847 4280">
    <p class='ocr_par' dir='ltr' id='par_1_104' title="bbox 2259 4211 3847 4280">
     <span class='ocr_line' id='line_1_104' title="bbox 2259 4211 3847 4280; baseline -0.002 -6"><span class='ocrx_word' id='word_1_602' title='bbox 2259 4220 2471 4275; x_wconf 84' lang='lat' dir='ltr'><strong>Data...</strong></span> <span class='ocrx_word' id='word_1_603' title='bbox 2506 4214 2632 4270; x_wconf 80' lang='lat' dir='ltr'><strong>Kal.</strong></span> <span class='ocrx_word' id='word_1_604' title='bbox 2664 4211 2845 4280; x_wconf 89' lang='lat' dir='ltr'><strong>Junii,</strong></span> <span class='ocrx_word' id='word_1_605' title='bbox 2880 4229 3033 4268; x_wconf 88' lang='lat' dir='ltr'><strong>anno</strong></span> <span class='ocrx_word' id='word_1_606' title='bbox 3074 4212 3387 4268; x_wconf 77' lang='lat' dir='ltr'><strong>Dominicas</strong></span> <span class='ocrx_word' id='word_1_607' title='bbox 3418 4213 3847 4271; x_wconf 88' lang='lat' dir='ltr'><strong>Incaruationis</strong></span> 
     </span>
    </p>
   </div>
   <div class='ocr_carea' id='block_1_105' title="bbox 2191 4300 3844 4377">
    <p class='ocr_par' dir='ltr' id='par_1_105' title="bbox 2191 4300 3844 4377">
     <span class='ocr_line' id='line_1_105' title="bbox 2191 4300 3844 4377; baseline -0.005 -11"><span class='ocrx_word' id='word_1_608' title='bbox 2191 4309 2348 4377; x_wconf 82' lang='grc'>1049,</span> <span class='ocrx_word' id='word_1_609' title='bbox 2390 4304 2708 4361; x_wconf 88' lang='lat' dir='ltr'><strong>indictione</strong></span> <span class='ocrx_word' id='word_1_610' title='bbox 2757 4320 2821 4372; x_wconf 77' lang='grc' dir='ltr'><strong>ιι,</strong></span> <span class='ocrx_word' id='word_1_611' title='bbox 2868 4319 3021 4357; x_wconf 89' lang='lat' dir='ltr'><strong>anno</strong></span> <span class='ocrx_word' id='word_1_612' title='bbox 3077 4306 3276 4357; x_wconf 89' lang='lat' dir='ltr'><strong>autem</strong></span> <span class='ocrx_word' id='word_1_613' title='bbox 3331 4300 3531 4356; x_wconf 90' lang='lat' dir='ltr'><strong>domni</strong></span> <span class='ocrx_word' id='word_1_614' title='bbox 3586 4301 3844 4359; x_wconf 90' lang='lat' dir='ltr'><strong>Heinrici</strong></span> 
     </span>
    </p>
   </div>
   <div class='ocr_carea' id='block_1_106' title="bbox 2187 4389 3841 4467">
    <p class='ocr_par' dir='ltr' id='par_1_106' title="bbox 2187 4389 3841 4467">
     <span class='ocr_line' id='line_1_106' title="bbox 2187 4389 3841 4467; baseline -0.005 -13"><span class='ocrx_word' id='word_1_615' title='bbox 2187 4396 2342 4454; x_wconf 89' lang='lat' dir='ltr'><strong>tertii</strong></span> <span class='ocrx_word' id='word_1_616' title='bbox 2375 4393 2571 4467; x_wconf 90' lang='lat' dir='ltr'><strong>regiis,</strong></span> <span class='ocrx_word' id='word_1_617' title='bbox 2601 4389 2968 4464; x_wconf 86' lang='lat' dir='ltr'><strong>imperatoris</strong></span> <span class='ocrx_word' id='word_1_618' title='bbox 2996 4390 3259 4457; x_wconf 89' lang='lat' dir='ltr'><strong>secundi,</strong></span> <span class='ocrx_word' id='word_1_619' title='bbox 3293 4389 3681 4446; x_wconf 88' lang='lat' dir='ltr'><strong>ordinationis</strong></span> <span class='ocrx_word' id='word_1_620' title='bbox 3711 4391 3841 4461; x_wconf 89' lang='lat' dir='ltr'><strong>ejus</strong></span> 
     </span>
    </p>
   </div>
   <div class='ocr_carea' id='block_1_107' title="bbox 2188 4472 3841 4555">
    <p class='ocr_par' dir='ltr' id='par_1_107' title="bbox 2188 4472 3841 4555">
     <span class='ocr_line' id='line_1_107' title="bbox 2188 4472 3841 4555; baseline -0.004 -14"><span class='ocrx_word' id='word_1_621' title='bbox 2188 4503 2303 4553; x_wconf 76' lang='lat' dir='ltr'><strong>xxx,</strong></span> <span class='ocrx_word' id='word_1_622' title='bbox 2338 4481 2501 4555; x_wconf 88' lang='lat' dir='ltr'><strong>regni</strong></span> <span class='ocrx_word' id='word_1_623' title='bbox 2530 4481 2770 4553; x_wconf 89' lang='lat' dir='ltr'><strong>quidem</strong></span> <span class='ocrx_word' id='word_1_624' title='bbox 2802 4496 2856 4548; x_wconf 85' lang='lat' dir='ltr'><strong>x,</strong></span> <span class='ocrx_word' id='word_1_625' title='bbox 2890 4477 3120 4550; x_wconf 89' lang='lat' dir='ltr'><strong>imperii</strong></span> <span class='ocrx_word' id='word_1_626' title='bbox 3162 4482 3355 4533; x_wconf 89' lang='lat' dir='ltr'><strong>autem</strong></span> <span class='ocrx_word' id='word_1_627' title='bbox 3388 4494 3468 4533; x_wconf 85' lang='lat' dir='ltr'><strong>III.</strong></span> <span class='ocrx_word' id='word_1_628' title='bbox 3504 4472 3570 4533; x_wconf 89' lang='lat' dir='ltr'><strong>ln</strong></span> <span class='ocrx_word' id='word_1_629' title='bbox 3601 4478 3841 4534; x_wconf 89' lang='lat' dir='ltr'><strong>nomine</strong></span> 
     </span>
    </p>
   </div>
   <div class='ocr_carea' id='block_1_108' title="bbox 2190 4572 2441 4629">
    <p class='ocr_par' dir='ltr' id='par_1_108' title="bbox 2190 4572 2441 4629">
     <span class='ocr_line' id='line_1_108' title="bbox 2190 4572 2441 4629; baseline -0.016 0"><span class='ocrx_word' id='word_1_630' title='bbox 2190 4572 2441 4629; x_wconf 90' lang='lat' dir='ltr'><strong>Domini.</strong></span> 
     </span>
    </p>
   </div>
   <div class='ocr_carea' id='block_1_109' title="bbox 2108 4655 3231 4737">
    <p class='ocr_par' dir='ltr' id='par_1_109' title="bbox 2108 4655 3231 4737">
     <span class='ocr_line' id='line_1_109' title="bbox 2108 4655 3231 4737; baseline -0.008 -18"><span class='ocrx_word' id='word_1_631' title='bbox 2108 4672 2156 4737; x_wconf 84' lang='lat' dir='ltr'><strong>D</strong></span> <span class='ocrx_word' id='word_1_632' title='bbox 2258 4667 2470 4717; x_wconf 81' lang='lat' dir='ltr'><strong>Actum</strong></span> <span class='ocrx_word' id='word_1_633' title='bbox 2503 4658 2701 4714; x_wconf 91' lang='lat' dir='ltr'><strong>Mindo</strong></span> <span class='ocrx_word' id='word_1_634' title='bbox 2733 4655 2992 4713; x_wconf 88' lang='lat' dir='ltr'><strong>feliciter.</strong></span> <span class='ocrx_word' id='word_1_635' title='bbox 3025 4657 3231 4712; x_wconf 83' lang='lat' dir='ltr'><strong>Amen.</strong></span> 
     </span>
    </p>
   </div>
   <div class='ocr_carea' id='block_1_110' title="bbox 2940 4744 3078 4800">
    <p class='ocr_par' dir='ltr' id='par_1_110' title="bbox 2940 4744 3078 4800">
     <span class='ocr_line' id='line_1_110' title="bbox 2940 4744 3078 4800; baseline 0 0"><span class='ocrx_word' id='word_1_636' title='bbox 2940 4744 3078 4800; x_wconf 81' lang='lat' dir='ltr'><strong>XIX.</strong></span> 
     </span>
    </p>
   </div>
   <div class='ocr_carea' id='block_1_111' title="bbox 2186 4815 3841 4892">
    <p class='ocr_par' dir='ltr' id='par_1_111' title="bbox 2186 4815 3841 4892">
     <span class='ocr_line' id='line_1_111' title="bbox 2186 4815 3841 4892; baseline -0.007 -12"><span class='ocrx_word' id='word_1_637' title='bbox 2186 4825 2435 4880; x_wconf 82' lang='lat' dir='ltr'><strong>Heinrici</strong></span> <span class='ocrx_word' id='word_1_638' title='bbox 2458 4824 2602 4875; x_wconf 86' lang='lat' dir='ltr'><strong>inter</strong></span> <span class='ocrx_word' id='word_1_639' title='bbox 2631 4821 2981 4892; x_wconf 78' lang='lat' dir='ltr'><strong>imperatores</strong></span> <span class='ocrx_word' id='word_1_640' title='bbox 3018 4816 3241 4892; x_wconf 76' lang='lat' dir='ltr'><strong>secundi</strong></span> <span class='ocrx_word' id='word_1_641' title='bbox 3268 4816 3661 4892; x_wconf 76' lang='lat' dir='ltr'><strong>diploma__quo</strong></span> <span class='ocrx_word' id='word_1_642' title='bbox 3707 4815 3841 4892; x_wconf 71' lang='lat' dir='ltr'><strong>ducs</strong></span> 
     </span>
    </p>
   </div>
   <div class='ocr_carea' id='block_1_112' title="bbox 2257 4887 3840 4960">
    <p class='ocr_par' dir='ltr' id='par_1_112' title="bbox 2257 4887 3840 4960">
     <span class='ocr_line' id='line_1_112' title="bbox 2257 4887 3840 4960; baseline -0.005 -10"><span class='ocrx_word' id='word_1_643' title='bbox 2257 4894 2540 4950; x_wconf 85' lang='lat' dir='ltr'><strong>advocatos</strong></span> <span class='ocrx_word' id='word_1_644' title='bbox 2568 4887 2892 4947; x_wconf 43' lang='lat' dir='ltr'><strong>cum—variis</strong></span> <span class='ocrx_word' id='word_1_645' title='bbox 2919 4889 3139 4960; x_wconf 85' lang='lat' dir='ltr'><strong>juribus</strong></span> <span class='ocrx_word' id='word_1_646' title='bbox 3168 4904 3234 4943; x_wconf 88' lang='lat' dir='ltr'><strong>ac</strong></span> <span class='ocrx_word' id='word_1_647' title='bbox 3264 4887 3577 4959; x_wconf 70' lang='lat' dir='ltr'><strong>privilegiis</strong></span> <span class='ocrx_word' id='word_1_648' title='bbox 3599 4887 3840 4943; x_wconf 79' lang='lat' dir='ltr'><strong>concedit</strong></span> 
     </span>
    </p>
   </div>
   <div class='ocr_carea' id='block_1_113' title="bbox 2257 4960 3395 5021">
    <p class='ocr_par' dir='ltr' id='par_1_113' title="bbox 2257 4960 3395 5021">
     <span class='ocr_line' id='line_1_113' title="bbox 2257 4960 3395 5021; baseline -0.006 -1"><span class='ocrx_word' id='word_1_649' title='bbox 2257 4966 2584 5021; x_wconf 80' lang='lat' dir='ltr'><strong>monasterio</strong></span> <span class='ocrx_word' id='word_1_650' title='bbox 2617 4962 2906 5018; x_wconf 80' lang='lat' dir='ltr'><strong>Veronensi</strong></span> <span class='ocrx_word' id='word_1_651' title='bbox 2927 4960 3116 5015; x_wconf 67' lang='lat' dir='ltr'><strong>Sancti</strong></span> <span class='ocrx_word' id='word_1_652' title='bbox 3142 4960 3395 5015; x_wconf 86' lang='lat' dir='ltr'><strong>Zenonis.</strong></span> 
     </span>
    </p>
   </div>
   <div class='ocr_carea' id='block_1_114' title="bbox 2813 5030 3214 5103">
    <p class='ocr_par' dir='ltr' id='par_1_114' title="bbox 2813 5030 3214 5103">
     <span class='ocr_line' id='line_1_114' title="bbox 2813 5030 3214 5103; baseline -0.005 -17"><span class='ocrx_word' id='word_1_653' title='bbox 2813 5035 3000 5103; x_wconf 88' lang='lat' dir='ltr'><strong>(Anno</strong></span> <span class='ocrx_word' id='word_1_654' title='bbox 3032 5030 3214 5101; x_wconf 77' lang='lat'><strong>1050.)</strong></span> 
     </span>
    </p>
   </div>
   <div class='ocr_carea' id='block_1_115' title="bbox 2503 5100 3514 5178">
    <p class='ocr_par' dir='ltr' id='par_1_115' title="bbox 2503 5100 3514 5178">
     <span class='ocr_line' id='line_1_115' title="bbox 2503 5100 3514 5178; baseline -0.007 -17"><span class='ocrx_word' id='word_1_655' title='bbox 2503 5100 2854 5178; x_wconf 70' lang='lat' dir='ltr'><strong>[Mumroni,</strong></span> <span class='ocrx_word' id='word_1_656' title='bbox 2886 5104 3069 5175; x_wconf 75' lang='lat' dir='ltr'><strong>Antig.</strong></span> <span class='ocrx_word' id='word_1_657' title='bbox 3102 5100 3229 5158; x_wconf 83' lang='lat' dir='ltr'><strong>Ital.</strong></span> <span class='ocrx_word' id='word_1_658' title='bbox 3263 5101 3331 5168; x_wconf 75' lang='grc' dir='ltr'><strong>ν,</strong></span> <span class='ocrx_word' id='word_1_659' title='bbox 3362 5100 3514 5172; x_wconf 86' lang='grc'>291.]</span> 
     </span>
    </p>
   </div>
   <div class='ocr_carea' id='block_1_116' title="bbox 2258 5188 3836 5253">
    <p class='ocr_par' dir='ltr' id='par_1_116' title="bbox 2258 5188 3836 5253">
     <span class='ocr_line' id='line_1_116' title="bbox 2258 5188 3836 5253; baseline -0.005 -1"><span class='ocrx_word' id='word_1_660' title='bbox 2258 5198 2321 5253; x_wconf 91' lang='lat' dir='ltr'><strong>In</strong></span> <span class='ocrx_word' id='word_1_661' title='bbox 2352 5196 2589 5252; x_wconf 88' lang='lat' dir='ltr'><strong>nomine</strong></span> <span class='ocrx_word' id='word_1_662' title='bbox 2619 5198 2833 5250; x_wconf 69' lang='lat' dir='ltr'><strong>sancta:</strong></span> <span class='ocrx_word' id='word_1_663' title='bbox 2875 5196 2931 5247; x_wconf 87' lang='lat' dir='ltr'><strong>et</strong></span> <span class='ocrx_word' id='word_1_664' title='bbox 2970 5190 3281 5247; x_wconf 59' lang='lat' dir='ltr'><strong>individua;</strong></span> <span class='ocrx_word' id='word_1_665' title='bbox 3313 5189 3640 5245; x_wconf 91' lang='lat' dir='ltr'><strong>Trinitatis.</strong></span> <span class='ocrx_word' id='word_1_666' title='bbox 3664 5188 3836 5245; x_wconf 76' lang='lat' dir='ltr'><strong>Ham-</strong></span> 
     </span>
    </p>
   </div>
   <div class='ocr_carea' id='block_1_117' title="bbox 2188 5278 3835 5353">
    <p class='ocr_par' dir='ltr' id='par_1_117' title="bbox 2188 5278 3835 5353">
     <span class='ocr_line' id='line_1_117' title="bbox 2188 5278 3835 5353; baseline -0.005 -12"><span class='ocrx_word' id='word_1_667' title='bbox 2188 5303 2373 5353; x_wconf 77' lang='lat' dir='ltr'><strong>nuzus,</strong></span> <span class='ocrx_word' id='word_1_668' title='bbox 2408 5283 2604 5339; x_wconf 75' lang='lat' dir='ltr'><strong>divina</strong></span> <span class='ocrx_word' id='word_1_669' title='bbox 2651 5284 2873 5337; x_wconf 83' lang='lat' dir='ltr'><strong>favente</strong></span> <span class='ocrx_word' id='word_1_670' title='bbox 2911 5279 3243 5348; x_wconf 88' lang='lat' dir='ltr'><strong>clementia,</strong></span> <span class='ocrx_word' id='word_1_671' title='bbox 3277 5278 3677 5334; x_wconf 82' lang='lat' dir='ltr'><strong>Romanorum</strong></span> <span class='ocrx_word' id='word_1_672' title='bbox 3726 5279 3835 5333; x_wconf 90' lang='lat' dir='ltr'><strong>im—</strong></span> 
     </span>
    </p>
   </div>
   <div class='ocr_carea' id='block_1_118' title="bbox 2186 5376 2767 5447">
    <p class='ocr_par' dir='ltr' id='par_1_118' title="bbox 2186 5376 2767 5447">
     <span class='ocr_line' id='line_1_118' title="bbox 2186 5376 2767 5447; baseline -0.007 -18"><span class='ocrx_word' id='word_1_673' title='bbox 2186 5380 2416 5447; x_wconf 84' lang='lat' dir='ltr'><strong>perator</strong></span> <span class='ocrx_word' id='word_1_674' title='bbox 2445 5376 2767 5443; x_wconf 73' lang='lat' dir='ltr'><strong>Augustus.</strong></span> 
     </span>
    </p>
   </div>
   <div class='ocr_carea' id='block_1_119' title="bbox 2260 5457 3835 5536">
    <p class='ocr_par' dir='ltr' id='par_1_119' title="bbox 2260 5457 3835 5536">
     <span class='ocr_line' id='line_1_119' title="bbox 2260 5457 3835 5536; baseline -0.004 -18"><span class='ocrx_word' id='word_1_675' title='bbox 2260 5461 2621 5536; x_wconf 89' lang='lat' dir='ltr'><strong>Imperialem</strong></span> <span class='ocrx_word' id='word_1_676' title='bbox 2681 5457 3103 5516; x_wconf 87' lang='lat' dir='ltr'><strong>sublimitatem</strong></span> <span class='ocrx_word' id='word_1_677' title='bbox 3163 5458 3439 5514; x_wconf 89' lang='lat' dir='ltr'><strong>condecet</strong></span> <span class='ocrx_word' id='word_1_678' title='bbox 3493 5461 3560 5511; x_wconf 93' lang='lat' dir='ltr'><strong>ut</strong></span> <span class='ocrx_word' id='word_1_679' title='bbox 3616 5460 3835 5528; x_wconf 88' lang='lat' dir='ltr'><strong>quanto</strong></span> 
     </span>
    </p>
   </div>
   <div class='ocr_carea' id='block_1_120' title="bbox 2185 5544 3836 5624">
    <p class='ocr_par' dir='ltr' id='par_1_120' title="bbox 2185 5544 3836 5624">
     <span class='ocr_line' id='line_1_120' title="bbox 2185 5544 3836 5624; baseline -0.004 -16"><span class='ocrx_word' id='word_1_680' title='bbox 2185 5552 2408 5608; x_wconf 67' lang='lat' dir='ltr'><strong>caeteris</strong></span> <span class='ocrx_word' id='word_1_681' title='bbox 2439 5549 2827 5624; x_wconf 89' lang='lat' dir='ltr'><strong>dignitatibus</strong></span> <span class='ocrx_word' id='word_1_682' title='bbox 2873 5547 3153 5603; x_wconf 80' lang='lat' dir='ltr'><strong>excelsior</strong></span> <span class='ocrx_word' id='word_1_683' title='bbox 3184 5546 3415 5613; x_wconf 90' lang='lat' dir='ltr'><strong>colitur,</strong></span> <span class='ocrx_word' id='word_1_684' title='bbox 3448 5548 3613 5602; x_wconf 86' lang='lat' dir='ltr'><strong>tanto</strong></span> <span class='ocrx_word' id='word_1_685' title='bbox 3653 5544 3836 5616; x_wconf 89' lang='lat' dir='ltr'><strong>justis</strong></span> 
     </span>
    </p>
   </div>
   <div class='ocr_carea' id='block_1_121' title="bbox 2184 5634 3837 5714">
    <p class='ocr_par' dir='ltr' id='par_1_121' title="bbox 2184 5634 3837 5714">
     <span class='ocr_line' id='line_1_121' title="bbox 2184 5634 3837 5714; baseline -0.005 -18"><span class='ocrx_word' id='word_1_686' title='bbox 2184 5640 2567 5714; x_wconf 89' lang='lat' dir='ltr'><strong>petitionibus</strong></span> <span class='ocrx_word' id='word_1_687' title='bbox 2615 5642 2728 5692; x_wconf 93' lang='lat' dir='ltr'><strong>Deo</strong></span> <span class='ocrx_word' id='word_1_688' title='bbox 2784 5636 3165 5693; x_wconf 82' lang='lat' dir='ltr'><strong>servientium</strong></span> <span class='ocrx_word' id='word_1_689' title='bbox 3223 5634 3530 5709; x_wconf 88' lang='lat' dir='ltr'><strong>benignior</strong></span> <span class='ocrx_word' id='word_1_690' title='bbox 3558 5650 3664 5689; x_wconf 90' lang='lat' dir='ltr'><strong>nec</strong></span> <span class='ocrx_word' id='word_1_691' title='bbox 3724 5650 3837 5689; x_wconf 89' lang='lat' dir='ltr'><strong>non</strong></span> 
     </span>
    </p>
   </div>
   <div class='ocr_carea' id='block_1_122' title="bbox 2184 5726 3836 5798">
    <p class='ocr_par' dir='ltr' id='par_1_122' title="bbox 2184 5726 3836 5798">
     <span class='ocr_line' id='line_1_122' title="bbox 2184 5726 3836 5798; baseline -0.004 -12"><span class='ocrx_word' id='word_1_692' title='bbox 2184 5729 2525 5786; x_wconf 85' lang='lat' dir='ltr'><strong>clementior</strong></span> <span class='ocrx_word' id='word_1_693' title='bbox 2556 5726 2900 5782; x_wconf 89' lang='lat' dir='ltr'><strong>inveniatur.</strong></span> <span class='ocrx_word' id='word_1_694' title='bbox 2923 5728 3281 5798; x_wconf 87' lang='lat' dir='ltr'><strong>Quapropter</strong></span> <span class='ocrx_word' id='word_1_695' title='bbox 3323 5729 3529 5781; x_wconf 91' lang='lat' dir='ltr'><strong>notum</strong></span> <span class='ocrx_word' id='word_1_696' title='bbox 3574 5738 3703 5780; x_wconf 88' lang='lat' dir='ltr'><strong>esse</strong></span> <span class='ocrx_word' id='word_1_697' title='bbox 3732 5739 3836 5779; x_wconf 85' lang='lat' dir='ltr'><strong>vo-</strong></span> 
     </span>
    </p>
   </div>
  </div>
