3976 6360
189 378 353 452 1109

1534 380 1927 497 HENRICUS
1968 382 2054 449 III
2094 382 2259 450 IMP.

3390 362 3601 451 .mo

190 520 396 576 lumus
453 515 730 575 omnibus
787 520 997 576 sanctae
1056 514 1155 577 Dei
1211 513 1476 575 Ecclesiae
1535 517 1837 590 notrisque
1868 520 1924 587 Α
1955 520 2206 577 nationis
2232 518 2392 588 4050,
2426 514 2741 575 indictione
2792 532 2869 586 1v,
2903 530 3054 573 anno
3111 509 3311 572 domni
3343 509 3606 569 Heinrici

190 607 494 677 ﬁdelibus,
522 611 643 663 tam
679 607 893 664 futuris
923 624 1101 680 quam
1135 605 1544 680 praesentibus,
1591 605 1841 679 qualiter

193 698 379 754 abbas
410 695 657 753 Michael
688 696 1028 752 monasterii
1061 696 1259 752 Sancti
1276 694 1522 751 Zenonis
1546 696 1839 766 martyris,

192 789 458 843 nostram
486 783 858 841 clementiam
889 772 1231 857 suppliciter
1260 784 1548 839 exorando
1580 783 1746 852 adiit,
1769 785 1841 839 ob

192 891 457 932 amorem
487 874 587 930 Dei
611 873 1054 946 omnipotentis,
1087 873 1362 945 beatique
1410 873 1658 929 Zenonis
1688 889 1842 929 mar-

189 965 340 1038 tyris
371 962 754 1019 reVerentiam
789 963 1043 1018 multum
1076 979 1181 1018 nos
1213 962 1549 1035 deprecans,
1583 962 1739 1035 quod
1772 962 1844 1017 de

196 1054 375 1110 rebus
404 1052 662 1108 ecclesiae
711 1052 910 1108 Sancti
968 1051 1218 1107 Zenonis
1271 1050 1633 1118 monasterii,
1695 1067 1843 1123 quas

194 1145 400 1197 nostra
430 1141 482 1197 ei
514 1141 803 1197 concessit
831 1139 1037 1213 pietas,
1070 1141 1142 1196 ab
1166 1139 1534 1195 invasoribus
1567 1155 1681 1194 non
1716 1155 1844 1195 mo-

198 1230 396 1286 dicum
439 1230 659 1304 patitur
686 1228 1255 1302 dispendium.Unde
1285 1229 1630 1301 deprecatus
1662 1231 1751 1283 est
1781 1230 1847 1282 ut

199 1336 271 1376 ex
282 1318 500 1376 nostris
521 1318 792 1374 ﬁdelibus
810 1319 957 1375 duos
974 1317 1025 1374 ei
1048 1318 1499 1374 concederemus
1512 1317 1843 1386 advocatos,

198 1407 561 1465 Berifredum
592 1406 863 1464 videlicet
893 1410 951 1462 et
970 1405 1279 1479 David,qui
1296 1422 1537 1462 causam
1560 1409 1847 1461 monaste-

198 1496 272 1553 rii
304 1499 617 1570 procurent
646 1495 1040 1551 advocationis
1071 1496 1277 1568 gratia.
1314 1494 1430 1557 Nos
1472 1510 1642 1567 vero,
1665 1494 1847 1564 justis

201 1587 330 1657 ejus
352 1585 732 1658 petitionibus
753 1584 1201 1651 consentientes,
1235 1600 1339 1656 pro
1357 1582 1616 1639 remedio
1638 1582 1846 1638 animae

200 1677 414 1731 nostrze
468 1677 525 1730 et
580 1674 652 1730 ob
711 1674 1103 1730 interventum
1133 1671 1530 1729 dilectissime:
1580 1672 1849 1745 conjugis

199 1766 412 1819 nostra:
443 1762 833 1835 imperatricis
882 1761 1146 1835 Agnetis,
1172 1765 1229 1817 et
1258 1764 1496 1834 propter
1522 1759 1846 1817 incremen-

200 1855 331 1908 tum
347 1851 451 1907 ﬁlii
483 1851 669 1907 nostri
706 1850 957 1907 Heinrici
989 1850 1182 1923 quarti
1207 1850 1380 1923 regis,
1416 1849 1693 1922 praedicto
1724 1866 1849 1905 mo-

201 1938 459 1997 nasterio
490 1939 856 1996 concedendo
913 1940 1357 2007 conﬁrmamus,
1392 1954 1459 1993 ac
1513 1937 1849 1993 serenitatis

200 2033 414 2086 nostrae
438 2028 659 2084 litteras
693 2028 1035 2084 censuimus
1061 2027 1214 2083 fieri:
1242 2026 1459 2099 quibus
1479 2026 1851 2099 praecipimus

198 2122 268 2174 ut
298 2118 604 2173 memorati
634 2115 870 2173 vassalli
905 2116 1090 2172 nostri
1122 2117 1179 2170 in
1212 2114 1576 2188 quibuslibet
1603 2114 1849 2171 comita-

201 2209 365 2264 tibus
427 2221 528 2263 seu
588 2206 754 2279 pagis
812 2206 1073 2262 advocati
1106 2204 1266 2261 illius
1295 2205 1548 2261 existant
1576 2205 1647 2261 de
1677 2204 1851 2260 rebus

202 2296 553 2370 supradicta:
579 2294 855 2363 ecclesiae,
890 2294 1119 2361 castris,
1153 2293 1501 2363 arimannis,
1536 2310 1640 2349 seu
1667 2294 1852 2349 famu-

202 2385 298 2454 lis,
323 2388 379 2441 et
406 2384 466 2439 in
498 2385 949 2457 quibuscunque
978 2383 1297 2439 necessitas
1319 2382 1853 2455 postulaverit,nul-

204 2474 417 2547 Iusque
462 2473 547 2529 eis
576 2473 649 2529 ad
706 2473 816 2528 hoc
846 2473 1232 2528 exercendum
1272 2488 1420 2544 opus
1467 2471 1689 2543 aliquid
1720 2488 1853 2526 con—

205 2562 489 2620 tradicere
520 2564 854 2636 praesumat.
890 2562 1001 2617 Sed
1035 2562 1118 2617 sic
1171 2561 1308 2616 huic
1340 2560 1421 2616 rei
1453 2561 1745 2628 studeant,
1779 2576 1852 2616 ne

204 2669 309 2726 per
324 2650 877 2724 aliquaminjuriam
888 2650 1014 2722 jam
1039 2649 1204 2705 dictae
1236 2648 1488 2705 ecclesiae
1512 2649 1854 2704 minuentur

203 2740 528 2797 facultates.
543 2740 833 2797 Jubemus
855 2755 1086 2811 quoque
1109 2743 1176 2794 ut
1191 2736 1291 2793 ubi
1308 2737 1625 2794 necessitas
1647 2741 1850 2810 postu-

201 2827 428 2897 laverit,
459 2833 516 2884 et
543 2827 768 2884 utilitas
819 2828 1139 2895 dictaverit,
1202 2831 1266 2881 ut
1292 2827 1350 2882 in
1384 2826 1618 2883 illorum
1658 2826 1848 2893 bonis,

202 2936 270 2975 ac
296 2917 794 2992 possessionibus,
829 2916 1175 2983 arimannis,
1231 2916 1319 2972 vel
1371 2915 1628 2981 famulis,
1663 2923 1851 2987 neque

202 3009 345 3074 dux,
377 3024 565 3079 neque
590 3005 870 3074 marchio,
903 3021 1092 3078 neque
1114 3021 1330 3071 comes,
1364 3007 1467 3060 aut
1494 3004 1692 3076 aliqua
1722 3021 1850 3058 ma-

194 3098 293 3169 jor
309 3096 397 3153 vel
421 3096 610 3152 minor
630 3112 878 3168 persona
900 3093 1061 3150 nullo
1084 3094 1257 3149 modo
1280 3097 1624 3166 potestatem
1641 3093 1852 3149 habeat

199 3184 658 3260 placitandi,aut
687 3183 923 3256 aliquod
954 3182 1285 3239 districtum
1317 3183 1590 3247 habendi,
1624 3182 1711 3238 vel
1743 3199 1846 3237 no-

1950 611 2104 667 tertii
2134 608 2685 683 regis,imperatoris
2702 611 2897 664 autem
2923 605 3186 665 secundi.
3210 598 3600 660 ordinationis

1952 701 2080 770 ejus
2100 716 2251 767 xxxv,
2285 699 2447 771 regni
2481 698 2719 770 quidem
2741 713 2865 765 xm,
2892 694 3122 769 imperii
3151 711 3283 751 vero
3309 708 3384 749 Iv.

2022 790 2230 844 Actum
2260 788 2499 843 Veronae
2532 787 2591 841 in
2625 786 2726 842 Dei
2753 786 2989 844 nomine
3010 784 3275 842 feliciter.

2717 904 2835 959 XX.

1952 994 2197 1078 Heinrici
2223 994 2302 1078 {II
2326 993 2568 1078 diploma
2591 1009 2695 1078 pilo
2726 992 3284 1078 Sanctonhlaximiiio.
3307 990 3597 1078 reptatam:

2023 1069 2187 1120 ventu
2217 1061 2412 1120 Leonis
2437 1061 2605 1136 papae
2630 1066 2695 1120 IX
2722 1065 2961 1119 restituit
3010 1063 3345 1136 monasterio
3393 1061 3602 1136 curtem

2023 1136 2337 1264 frichinas,
2360 1131 2653 1207 plicrésquc
2694 1136 2857 1192 villas
2885 1135 3174 1205 conﬁrmat
3222 1131 3294 1187 ad
3324 1147 3454 1186 usus
3480 1131 3601 1200 fra-

2050 1224 2189 1262 rum.

2578 1297 2767 1367 (Anno
2798 1296 2982 1367 4051.)

1958 1404 2280 1475 [ΜΑιιΤεκΕ,
2341 1403 2546 1475 Αηψι.-
2579 1402 2795 1475 Collect.
2858 1402 2903 1475 ζ,
2962 1402 3090 1475 1125,
3144 1417 3233 1475 ex
3307 1396 3602 1453 chartario

2383 1470 2744 1529 Trevirensis
2777 1474 2834 1529 S.
2861 1470 3206 1541 Maximini.]
3494 1474 3503 1482 ’

2029 1590 2092 1644 In
2118 1589 2353 1644 nomine
2374 1592 2585 1644 sanctze
2607 1592 2664 1644 et
2684 1587 2996 1644 individuae
3017 1585 3341 1641 Trinitatis.
3373 1584 3609 1639 Hamm-

1958 1676 2292 1745 cvs,divina
2319 1677 2546 1733 favente
2576 1676 2905 1744 clementia,
2924 1675 3320 1731 Romanorum
3351 1673 3605 1744 impera-

1957 1769 2048 1822 tor
2070 1768 2391 1840 Augustus.

2029 1855 2089 1911 Si
2110 1855 2254 1912 locis
2275 1856 2392 1912 Deo
2419 1856 2645 1925 dicatis,
2671 1855 2885 1928 quibus
2908 1854 3203 1917 beneﬁcia,
3222 1869 3339 1909 non
3360 1850 3607 1910 conferi-

1963 1961 2117 2012 mus,
2151 1943 2365 2001 saltem
2412 1945 2577 2017 prius
2608 1945 2679 2002 ab
2712 1944 2841 2000 aliis
2866 1943 3102 2013 tradita,
3134 1946 3192 1999 et
3218 1942 3437 2014 injuste
3464 1940 3610 1996 sub-

1959 2034 2259 2099 tracta,vel
2290 2033 2523 2089 abblata
2550 2033 2999 2100 restituerimus,
3027 2031 3308 2087 divinitus
3340 2046 3447 2085 nos
3478 2045 3611 2101 pro-

1961 2110 2052 2176 cul
2085 2122 2263 2178 dubio
2297 2122 2656 2178 remunerari
2689 2122 3064 2178 conﬁdimus.
3092 2122 3455 2192 Quapropter
3475 2118 3612 2174 ﬁde-

1961 2209 2107 2266 lium
2138 2215 2473 2267 nostrorum
2504 2215 2626 2266 tam
2660 2210 3038 2282 praesentium
3096 2208 3317 2265 scilicet
3344 2223 3523 2279 quam
3554 2208 3612 2262 et

1959 2300 2294 2355 futurorum
2319 2299 2610 2355 industria
2631 2297 3131 2370 noverit,qualiter
3142 2314 3250 2354 nos
3262 2297 3334 2352 ob
3349 2312 3608 2352 amorem

1960 2388 2062 2443 Dei
2083 2391 2140 2443 et
2162 2387 2556 2443 interventum
2592 2386 2916 2459 spiritualis
2965 2386 3150 2458 patris
3189 2384 3376 2441 nostri
3407 2382 3610 2440 domni

1958 2474 2228 2531 videlicet
2284 2475 2490 2531 Leonis
2544 2476 2620 2547 (9)
2676 2476 2735 2530 S.
2769 2475 2836 2529 R.
2870 2475 2934 2529 E.
2968 2472 3187 2529 summi
3227 2471 3521 2544 pontiﬁcis
3551 2475 3610 2527 et

1961 2563 2307 2620 universalis
2328 2582 2491 2636 papas
2514 2564 2817 2619 reddimus
2861 2562 3165 2619 caanobitis
3188 2562 3245 2618 S.
3281 2559 3604 2628 Maximini,

1961 2653 2062 2726 qui
2093 2654 2149 2708 in
2185 2653 2468 2709 suburbio
2498 2651 2865 2708 Trevirorum
2913 2650 3285 2724 corporaliter
3335 2649 3604 2723 quiescit,

1958 2744 2184 2797 curtem
2210 2742 2534 2812 quamdam
2564 2739 2846 2798 vocabulo
2877 2740 3170 2806 Prichina,
3203 2740 3262 2795 in
3294 2754 3444 2812 pago
3481 2737 3609 2793 Cin-

1961 2830 2126 2885 ridke
2145 2830 2481 2898 sitam,cum
2499 2830 2776 2887 omnibus
2796 2828 3161 2902 .appenditiis
3190 2832 3249 2884 et
3277 2844 3412 2887 cum
3445 2826 3606 2883 omni

1960 2918 2232 2988 utilitate,
2266 2936 2393 2991 quae
2422 2918 2511 2974 vel
2535 2918 2713 2975 scribi
2732 2919 2822 2975 vel
2841 2918 3131 2975 nominari
3162 2918 3392 2990 poterit,
3425 2933 3605 2990 quam

1961 3025 2068 3064 nos
2099 3008 2333 3063 cuidam
2365 3007 2741 3063 Anshelmoni
2776 3007 3200 3067 Theodericum
3229 3006 3610 3063 abbatemin-

1951 3098 2115 3168 juste
2148 3112 2250 3168 pro
2282 3095 3176 3168 beneficioprmstarejussimus,
3205 3094 3380 3154 modo
3410 3097 3605 3151 autem

1935 3184 2186 3257 .‘justitia
2216 3185 2470 3240 dictante
2500 3185 2705 3239 eadem
2738 3188 2963 3242 curtem
3022 3201 3156 3243 cum
3207 3183 3483 3239 omnibus
3512 3181 3604 3239 in-

199 3248 361 3331 titias
394 3277 498 3331 aut
526 3248 758 3329 chartas
783 3248 1058 3339 faciendi,
1109 3275 1348 3343 excepto
1406 3270 1845 3343 przenominatis
1877 3248 1920 3314 α
1951 3248 2411 3346 quibuscunque
2440 3272 2580 3328 locis
2612 3273 2683 3327 ad
2717 3289 2844 3328 eam
2863 3272 3026 3343 juste
3053 3275 3110 3327 et
3139 3271 3399 3343 legaliter
3427 3272 3604 3344 perti-

201 3362 501 3420 advocatis
530 3360 826 3417 Michaelis
856 3359 1103 3429 abbatis,
1138 3376 1499 3430 suorumque
1546 3374 1845 3414 successo-

202 3448 748 3508 rum.Concedimus
778 3452 1122 3521 potestatem
1155 3447 1491 3520 placitandi,
1524 3450 1580 3501 et
1611 3446 1848 3502 notitias

199 3543 291 3597 vel
322 3541 555 3596 chartas
584 3538 834 3594 faciendi
866 3538 926 3592 in
957 3537 1232 3593 omnibus
1290 3537 1488 3601 rebus,
1523 3552 1590 3591 ac
1622 3552 1848 3608 posses-

198 3630 470 3688 sionibus
491 3626 686 3685 Sancti
706 3626 953 3683 Zenonis
979 3625 1340 3691 monasterii,
1358 3642 1425 3681 eo
1448 3629 1675 3680 tantum
1697 3624 1849 3681 vide-

196 3719 336 3776 licet
360 3718 584 3787 ordine,
618 3720 683 3772 ut
703 3716 831 3788 jam
864 3714 1186 3788 supradicti
1241 3714 1502 3770 advocati
1559 3714 1631 3769 de
1686 3714 1847 3769 omni

198 3805 457 3881 generali
479 3804 713 3879 placito,
750 3803 930 3860 semel
966 3803 1026 3858 in
1070 3820 1222 3859 anno
1248 3803 1417 3869 facto,
1450 3803 1683 3859 tertiam
1714 3820 1847 3875 por-

195 3897 417 3954 tionem
448 3895 510 3951 in
540 3893 824 3951 beneﬁcia
848 3910 965 3949 suae
1010 3892 1229 3948 militia:
1261 3895 1715 3963 consequantur,
1749 3908 1849 3947 ex-

197 3989 365 4059 cepto
413 3985 485 4040 de
510 3988 757 4045 Parona.
781 3986 837 4038 et
865 3984 1141 4049 Cassano,
1175 3985 1232 4036 ct
1260 3979 1433 4035 Villa.
1468 3979 1527 4035 Si
1560 3979 1714 4036 ultra
1738 3980 1847 4035 hoc

195 4072 546 4131 beneficium
569 4071 768 4144 aliqua
789 4070 1233 4144 importunitate
1254 4069 1684 4125 monasterium
1707 4086 1848 4141 quo-

193 4164 283 4220 vis
304 4161 538 4236 ingenio
561 4160 891 4227 molestare,
921 4164 1025 4215 aut
1066 4159 1390 4231 inquietare
1408 4158 1844 4230 temptaverint,

195 4258 397 4308 tamen
428 4251 610 4307 abbas
643 4252 855 4306 nostrae
886 4248 1250 4305 auctoritatis
1276 4248 1480 4303 robore
1516 4247 1726 4314 fretus,
1759 4247 1845 4301 in-

195 4338 759 4397 dubitanterhabeat
770 4341 1114 4409 potestatem
1138 4335 1256 4392 illis
1277 4336 1503 4391 auferre
1517 4335 1846 4391 dominium

197 4427 415 4502 pariter
442 4442 579 4483 cum
636 4425 939 4491 beneficio,
999 4430 1056 4481 et
1112 4425 1242 4480 aliis
1275 4423 1549 4480 fidelibus
1609 4423 1851 4495 provida

195 4516 632 4592 dispensatione
661 4515 976 4572 concedere
1005 4533 1017 4584 ;
1042 4518 1098 4570 et
1130 4516 1369 4587 insuper
1398 4514 1469 4570 de
1498 4512 1849 4585 importuni-

1955 3361 2231 3419 nentibus
2259 3361 2346 3417 vel
2366 3360 2788 3433 aspicientibus
2817 3360 3079 3429 rebus,S.
3098 3359 3309 3415 Joanni
3339 3360 3452 3430 (10)
3474 3377 3606 3416 san-

1958 3456 2166 3523 ctoque
2186 3450 2436 3505 Maximo
2456 3454 2519 3505 et
2541 3450 2819 3505 fratribus
2838 3449 2925 3505 eis
2952 3447 3603 3517 famulantibus,reddi-

1958 3538 2566 3609 dimus,ﬁrmavimus,
2583 3542 2639 3595 et
2659 3538 2719 3593 in
2732 3542 3011 3594 mternum
3034 3537 3148 3593 Deo
3174 3540 3409 3593 auctore
3421 3537 3601 3605 stabi-

1957 3629 2213 3696 livimus,
2248 3644 2315 3684 ea
2344 3627 2611 3683 videlicet
2631 3627 2872 3693 ratione,
2905 3630 2967 3682 ut
2990 3642 3095 3681 nec
3118 3625 3393 3698 praefatus
3413 3625 3603 3682 Theo-

1957 3716 2188 3774 dericus
2218 3716 2533 3787 abbas,nec
2556 3713 2768 3788 aliquis
2794 3710 3200 3771 successorum
3230 3731 3472 3777 suorum
3490 3714 3602 3789 ali-

1958 3806 2049 3861 cui
2074 3821 2337 3876 unquam
2387 3808 2662 3877 praestare
2693 3803 2780 3860 vel
2809 3803 3057 3859 vendere
3086 3796 3466 3876 praesumant,
3488 3804 3601 3860 sed

1960 3895 2172 3949 fratres
2194 3892 2393 3961 iidem,
2418 3892 2554 3949 inde
2575 3892 2882 3961 consolati,
2912 3892 3177 3964 saginam
3208 3891 3484 3961 habeant,
3518 3892 3600 3949 fe-

1959 3981 2203 4038 moralia
2224 3981 2912 4053 etiam(li)mantelas,ac
2940 3972 3425 4054 mensalia(12)ad
3459 3998 3603 4039 usus

1956 4070 2317 4127 necessarios
2345 4069 2479 4125 inde
2513 4070 2857 4143 percipiant,
2890 4070 3151 4143 hospites
3179 4070 3524 4143 suscipiant,
3546 4075 3604 4127 et

1955 4160 2394 4233 peregrinorum
2427 4176 2492 4213 ac
2523 4176 2849 4231 pauperum
2898 4157 3106 4215 usibus
3162 4158 3413 4214 ﬁdeliter
3466 4159 3601 4216 inde

1956 4248 2304 4304 deserviant.
2355 4247 2683 4303 Statuimus
2728 4247 2927 4320 etiam,
2958 4251 3017 4304 et
3045 4248 3153 4304 hac
3186 4250 3384 4303 nostra
3413 4247 3598 4320 impe-

1956 4336 2083 4392 riali
2110 4336 2451 4392 auctoritate
2482 4336 2554 4390 ad
2586 4336 2957 4407 praebendam
2984 4337 3320 4393 eorumdem
3353 4336 3601 4392 fratrum

1957 4425 2332 4481 corroborare
2346 4425 2628 4480 decrevim
2639 4443 2707 4479 us
2724 4425 3195 4494 ecclesias,villas
3207 4430 3265 4482 et
3280 4426 3602 4499 possessio-

1958 4531 2238 4585 nes,quas
2262 4514 2371 4569 sub
2395 4514 2759 4585 temporibus
2780 4530 2984 4587 regum
2998 4514 3484 4588 etimperatorum
3498 4515 3605 4571 Da-

194 4611 316 4667 tate
346 4604 590 4661 minime
637 4604 949 4671 refrenata,
1010 4603 1442 4676 quinquaginta
1500 4602 1683 4657 libras
1718 4601 1843 4658 auri
1876 4614 1923 4678 D
1954 4602 2199 4676 goberti,
2226 4600 2699 4672 Pippini,Caroli,
2720 4601 3086 4674 aliorumque
3106 4604 3601 4674 praedecessorum

198 4696 390 4753 sciant
419 4711 480 4749 se
500 4694 950 4766 composituros,
988 4693 1382 4759 medietatem,
1416 4696 1524 4747 etc.

269 4785 500 4855 Signum
527 4782 718 4837 damni
773 4784 1019 4838 Heinrici
1076 4783 1226 4837 tertii
1281 4783 1425 4851 regis
1476 4781 1845 4848 invictissimi,

194 4873 422 4928 secundi
446 4876 815 4930 Romanorum
847 4872 1195 4944 imperatoris
1207 4871 1454 4940 Augusti.

268 4960 589 5017 Gunterius
619 4959 1024 5027 cancellarius,
1048 4958 1170 5013 vice
1194 4957 1537 5013 Herimanni
1556 4957 1851 5013 archican-

198 5049 421 5105 cellarii
451 5049 800 5122 recognovit.

269 5137 418 5194 Data
447 5152 513 5195 ιιι
545 5137 687 5194 Idus
716 5136 1080 5202 Novembris,
1112 5151 1266 5191 anno
1312 5133 1625 5190 Dominicae
1659 5135 1849 5188 Incar-

271 5243 348 5317 (9)
377 5244 567 5316 Hujus
598 5242 1042 5317 nominisgnoni,
1077 5240 1177 5313 qui
1203 5258 1276 5317 ex
1306 5238 1849 5313 episcopoTullensi

199 5313 388 5371 factus
421 5313 693 5371 summus
717 5313 1423 5385 pontifex,postadeptam_
1446 5317 1696 5385 papatus
1727 5328 1852 5383 pos-

201 5387 548 5455 sessionem,
581 5382 773 5442 natale
834 5382 1025 5442 solum
1056 5384 1223 5450 adiit,
1253 5382 1565 5437 Henricum
1588 5382 1848 5455 impera-

198 5464 387 5514 torem
427 5453 699 5514 convenit
720 5458 782 5512 in
803 5456 1056 5513 Saxonia
1077 5458 1556 5519 commorantem,
1584 5453 1718 5509 inde
1748 5456 1850 5509 Co-

202 5528 422 5586 loniam
438 5530 699 5595 veniens,
732 5530 792 5584 in
805 5528 1023 5585 Gallias
1047 5528 1246 5583 Remis
1265 5525 1578 5582 concilium
1596 5523 1851 5580 celebra-

203 5599 303 5669 vit,
336 5616 403 5655 ac
432 5600 643 5658 deinde
663 5601 722 5657 in
745 5599 1118 5657 Germaniam
1144 5614 1410 5655 reversus
1423 5596 1688 5653 Treviros
1713 5596 1855 5653 invi-

207 5687 333 5729 sere
361 5671 570 5745 potuit.

1959 4695 2292 4747 nostrorum
2316 4690 2388 4743 ad
2413 4694 2612 4745 nostra
2635 4706 2822 4761 usque
2843 4694 3129 4762 tempora,
3145 4693 3214 4747 ad
3237 4692 3603 4765 peculiarite-

1957 4785 2076 4836 tem
2102 4777 2335 4833 illorum
2360 4776 2651 4848 pertinere
2684 4775 3052 4843 videbantur,
3085 4782 3149 4832 ut
3169 4796 3238 4834 ex
3266 4778 3360 4835 his
3385 4780 3603 4838 victum

1960 4871 2134 4939 atque
2166 4864 2433 4920 habitum
2465 4868 2917 4937 consequantur,
2977 4864 3086 4919 hoc
3127 4870 3217 4921 est
3253 4868 3462 4939 Apula,
3492 4873 3601 4925 etc.

1960 4958 2264 5027 (enumerat
2282 4972 2410 5009 XLIX
2430 4954 2634 5024 villas),
2667 4958 2724 5009 et
2755 4953 2814 5008 in
2845 4953 3075 5010 civitate
3105 4953 3370 5023 Metensi,
3405 4963 3463 5014 et
3493 4960 3604 5015 cir-

1961 5042 2254 5099 cumcirca
2275 5042 2479 5097 domos
2502 5045 2559 5097 et
2582 5041 3273 5114 agros,vineas,areolas,
3297 5044 3602 5121 Brisanga,

1958 5130 2514 5197 Weinareskiricha,
2548 5131 2766 5201 Crufta,
2798 5136 3077 5201 Seranna,
3139 5136 3197 5188 et
3250 5133 3498 5192 ecclesia
3543 5138 3603 5192 in

2033 5240 2142 5310 (10)
2177 5238 2399 5313 Quippe
2419 5235 2662 5313 basilica
2679 5238 3018 5294 monasterii
3035 5238 3382 5313 primarium
3406 5245 3602 5313 patro-

1962 5309 2109 5383 num,
2130 5309 2400 5383 agnoscit
2428 5309 2486 5383 S_.
2505 5310 2541 5383 _J
2551 5325 2812 5383 oannem
2829 5309 3268 5383 evangelistam.

2034 5382 2143 5456 (tl)
2177 5379 2431 5456 Mantele
2460 5379 2552 5434 hic
2570 5380 2743 5456 _id_e_1_n
2761 5379 3143 5438 videtur'esse
3173 5400 3241 5439 ac
3263 5382 3602 5456 mantellus,

1959 5449 2292 5508 veStifnenti
2323 5468 2532 5524 genus,
2560 5449 2777 5507 Gallice
2805 5456 3084 5524 manteau.

2034 5525 2049 5595 (
2063 5523 2145 5594 i2)
2168 5522 2454 5596 Mensalia
2479 5527 2645 5579 erant
2663 5523 3360 5596 su_pertunicalia,quibus
3384 5532 3606 5584 veteres

1962 5595 2317 5721 adttpgnsaiu
2343 5595 2658 5651 utebantur
2673 5594 2742 5650 ad
2758 5596 3115 5666 parcendum
3130 5594 3319 5670 magis
3332 5599 3605 5670 pretiosis

1962 5681 2059 5721 ves
2090 5682 2107 5721 1
2155 5682 2244 5721 us.

1960 5681 2244 5724 νθειιοιιε.
