3976 6400
353 419 511 489 ΜΗ

1714 423 2031 496 ΜΟΝἨΜ.
2079 425 2399 494 DIPLOM.

3601 424 3764 496 1111

356 557 662 618 Steinsicla
688 564 748 617 et
775 555 1227 617 Diedenbulum.
1263 561 1391 616 Haec
1417 560 1596 634 igitur
1623 563 1752 620 loca
1780 570 1839 620 et
1869 580 2002 620 om-
2029 564 2085 632 Α
2114 561 2351 630 areis,in
2383 560 2876 630 mansionibus,in
2905 559 3109 628 vineis,
3144 560 3204 619 in
3236 559 3533 634 arpennis,
3565 559 3628 618 in
3660 560 3764 619 sil-

357 664 463 704 nes
480 649 668 704 sancti
690 647 991 704 Maximini
1015 647 1292 704 ecclesias
1324 665 1457 704 cum
1489 649 1753 716 decimis,
1786 652 1920 706 dote
1947 655 2003 706 et

358 737 676 806 dotalibus,
697 753 832 792 cum
853 737 1080 793 cunctis
1104 737 1301 793 salicis
1323 738 1832 811 decimationibus,
1858 757 2005 811 quas

360 827 422 882 in
455 842 600 883 usus
634 825 1100 898 peregrinorum,
1133 843 1198 882 ac
1239 842 1586 898 pauperum,
1619 833 1676 883 et
1705 828 2004 899 hospitum

361 914 880 982 constituimus,ad
913 913 1374 986 peculiaritatem
1399 915 1644 971 fratrum
1678 921 1792 972 Deo
1811 916 1888 971 ibi
1921 917 2003 970 fa-

362 1002 724 1060 mulantium
738 1019 900 1058 more
931 1003 1426 1074 praedecessorum
1445 1009 1782 1060 nostrorum
1804 1021 2007 1077 regum

359 1095 422 1148 et
441 1092 866 1164 imperatorum
887 1090 992 1146 tali
1045 1092 1220 1148 modo
1242 1096 1295 1147 et
1317 1107 1384 1147 ea
1415 1093 1640 1148 ratione
1669 1093 2008 1168 delegamus

365 1184 425 1236 et
455 1181 923 1250 corroboramus,
956 1186 1020 1235 ut
1077 1181 1230 1235 sicut
1277 1180 1584 1237 Heinricus
1611 1183 1882 1238 decessor
1909 1198 2009 1237 no-

363 1273 486 1326 ster
497 1268 700 1326 divinae
713 1269 1004 1326 memoriae
1018 1270 1314 1342 Augustus
1331 1269 1921 1343 instituit,postquam
1940 1271 2010 1326 de

367 1361 572 1415 eadem
603 1359 838 1414 abbatis
869 1375 936 1414 ea
991 1376 1118 1430 quae
1177 1359 1248 1414 ad
1309 1358 1754 1430 expeditionem,
1786 1360 1904 1415 sive
1935 1359 2006 1414 ad

368 1447 561 1520 regale
582 1446 881 1503 servitium
904 1445 1291 1517 pertinebant,
1325 1445 1800 1514 abstulit,nullus
1833 1448 2011 1518 impe-

365 1541 543 1604 rator,
576 1535 775 1592 nullus
809 1551 928 1599 rex,
982 1534 1182 1589 nullus
1221 1534 1403 1590 abbas
1435 1535 1504 1590 de
1535 1535 1755 1590 eisdem
1782 1534 1923 1590 locis
1954 1540 2012 1591 et

361 1623 626 1680 ecclesiis
647 1623 822 1680 alicui
843 1624 914 1679 de
936 1623 1029 1678 his
1062 1621 1160 1694 qui
1192 1621 1360 1678 liberi
1401 1622 1678 1678 dicuntur
1716 1623 2006 1691 homines,

365 1713 486 1770 sive
511 1713 752 1769 alterius
773 1711 1028 1768 ecclesia;
1071 1711 1159 1767 vel
1191 1711 1412 1766 domini
1463 1711 1684 1766 famulo
1716 1711 1803 1766 vel
1836 1712 2008 1766 mini-

365 1806 488 1859 stro
519 1801 841 1874 quidquam
875 1798 1220 1856 beneﬁciare
1249 1799 1336 1854 vel
1369 1801 1442 1854 ab
1473 1815 1673 1854 eorum
1698 1801 1834 1868 jure
1891 1800 2010 1854 dis-

365 1891 598 1948 trahere
625 1894 964 1964 praesumat,
993 1889 1096 1944 sed
1129 1888 1466 1988 liceat‘inde
1495 1889 1808 1944 abbatibus
1838 1889 2011 1944 lumi-
2041 1922 2090 1988 Β

369 1981 538 2036 naria
564 1978 818 2036 ecclesiae
849 1982 1198 2042 restaurare,
1239 1976 1479 2031 aediﬁcia
1533 1993 1893 2050 recuperare,
1954 1984 2012 2035 et

373 2059 705 2125 necessaria
743 2066 1022 2121 fratribus
1050 2065 1297 2122 fideliter
1325 2064 1677 2120 ministrare.
1711 2067 1781 2121 Et
1813 2071 1877 2120 ut
1905 2067 2012 2122 hoc

372 2155 873 2232 praeceptuminde
897 2154 1292 2226 conscriptum
1316 2154 1550 2210 firmum
1565 2171 1795 2226 semper
1815 2161 1872 2210 et
1901 2160 2014 2212 sta-

372 2248 489 2304 bile
507 2248 864 2321 permaneat,
897 2261 1012 2300 non
1035 2244 1223 2300 solum
1257 2242 1365 2298 hoc
1384 2259 1560 2298 manu
1585 2248 1786 2299 nostra
1817 2245 2012 2300 ﬁrma-

369 2343 498 2394 tum
528 2335 704 2410 sigilli
732 2333 916 2390 nostri
958 2332 1343 2405 impressione
1381 2331 1650 2403 insigniri
1695 2333 2010 2403 jussimus,

367 2441 572 2484 verum
601 2424 778 2481 etiam
809 2427 874 2478 ut
895 2420 1225 2494 apostolica:
1247 2420 1604 2476 defensionis
1633 2421 1934 2488 auxilium,
1963 2423 2012 2477 si

369 2515 505 2589 quis
525 2514 611 2571 eis
631 2513 751 2568 haec
774 2511 1090 2584 infringere
1111 2508 1596 2575 voluerit,habere
1617 2509 1847 2565 valeant
1880 2528 2016 2583 pra:-

365 2605 506 2661 dicti
537 2601 722 2675 patris
741 2600 948 2666 nostri,
982 2598 1182 2654 domni
1209 2597 1479 2652 videlicet
1511 2597 1718 2653 Leonis
1767 2600 2013 2670 sanctis-

371 2693 505 2750 simi
534 2707 694 2764 papa
715 2687 1086 2763 privilegium
1109 2687 1244 2742 inde
1270 2686 1667 2758 conscriptum
1699 2687 1888 2744 eidem
1919 2705 2014 2744 ve-

373 2779 617 2839 nerabili
649 2779 775 2836 loco
803 2778 1063 2834 obtinere
1091 2775 1436 2832 meruimus.

448 2873 682 2940 Signum
711 2869 906 2925 domm'
960 2867 1204 2922 Heinrici
1258 2866 1352 2931 III,
1385 2867 1531 2933 regis
1572 2866 1948 2946 invictissimi,
1971 2868 2021 2922 11

378 2961 747 3017 Romanorum
775 2955 1122 3027 imperatoris
1151 2953 1382 3022 Augusti
1389 2994 1400 3006 .

451 3044 880 3103 Winnitherius
909 3040 1292 3098 cancellarius
1331 3041 1450 3096 vice
1500 3041 1781 3097 Bardonis
1832 3044 2018 3099 archi-

375 3137 597 3196 cellarii
625 3139 684 3191 et
711 3130 1128 3204 archiepiscopi
1159 3129 1482 3202 recognovi.

446 3231 589 3287 Data
613 3243 692 3283 xu
723 3223 844 3280 Kal.
880 3220 1196 3286 Februarii,
1237 3235 1389 3274 anno
1447 3219 1758 3273 Dominicaa
1815 3219 2013 3277 Incer-

2112 653 2201 708 vis
2231 657 2286 707 et
2315 652 2372 707 in
2387 652 2568 724 agris,
2602 652 2660 706 in
2694 653 2898 723 pratis,
2933 652 2991 707 in
3025 651 3195 723 aquis
3227 667 3635 723 aquarumque
3659 651 3762 706 de-

2114 741 2406 806 cursibus,
2437 747 2494 796 et
2523 741 2578 795 in
2629 739 2882 812 pascuis,
2915 739 3026 796 viis
3056 745 3112 796 et
3143 739 3347 807 inviis,
3377 739 3555 795 terris
3587 739 3766 795 cultis

2113 834 2169 884 et
2194 829 2450 896 incultis,
2485 829 2735 884 exitibus
2758 834 2814 884 et
2833 829 3142 896 reditibus,
3175 828 3438 900 quaesitis
3468 833 3527 884 et
3555 828 3758 900 inqui-

2115 917 2330 983 rendis,
2365 921 2420 972 et
2449 933 2583 972 cum
2642 918 2918 973 omnibus
2948 917 3309 989 appendiciis
3357 918 3504 986 suis,
3539 916 3767 995 absque

2114 1005 2236 1061 ulla
2253 1005 2344 1060 sui
2367 1005 2776 1072 diminutione,
2811 1022 2914 1077 pro
2960 1005 3216 1060 remedio
3247 1005 3455 1061 animis
3488 1022 3607 1062 sum
3641 1006 3763 1060 fra-

2114 1094 2336 1166 trisque
2367 1094 2458 1149 sui
2476 1095 2654 1149 beatae
2686 1093 2979 1150 memoriae
3007 1094 3232 1148 Ottonis
3259 1093 3759 1164 ducis,.aliorum-

2115 1201 2228 1254 que
2258 1186 2567 1255 parentum
2599 1199 2838 1238 suorum
2861 1183 2923 1236 in
2951 1181 3304 1238 monasterio
3335 1182 3766 1238 Brunwilrensi

2117 1272 2482 1344 sepultorum
2506 1270 2683 1327 libere
2704 1275 2760 1326 et
2781 1271 3007 1345 integre
3029 1274 3143 1326 Deo
3167 1275 3486 1343 sanctoque
3529 1271 3768 1327 Nicolao

2117 1362 2188 1416 ad
2214 1360 2556 1433 praedictum
2576 1361 2996 1416 monasterium
3015 1376 3117 1432 per
3141 1376 3380 1415 manum
3397 1359 3647 1415 Heinrici
3661 1364 3768 1416 Pa-

2115 1448 2283 1504 latini
2304 1447 2534 1504 comitis
2558 1448 2662 1503 filii
2688 1447 2879 1520 patrui
2911 1448 3024 1519 sui,
3056 1449 3166 1504 sub
3206 1449 3377 1520 cujus
3403 1453 3546 1503 tunc
3586 1464 3760 1504 mun-

2118 1537 2390 1592 diburdio
2412 1538 2704 1603 manebat,
2739 1535 3111 1607 contradidit,
3145 1537 3466 1592 terminum
3499 1537 3677 1592 etiam
3712 1543 3774 1592 et

2118 1627 2379 1680 bannum
2401 1626 2664 1696 ejusdem
2689 1625 2909 1697 praedii,
2943 1624 3094 1680 sicut
3115 1626 3244 1697 ipsa
3290 1625 3453 1696 prius
3497 1624 3704 1681 habuit
3736 1642 3770 1682 θ.

2120 1713 2292 1768 ﬂuvio
2311 1713 2567 1767 Andrida
2586 1729 2770 1785 usque
2793 1713 2864 1768 ad
2888 1713 3128 1768 ﬂuvium
3153 1712 3288 1768 Elza
3308 1713 3389 1768 ita
3429 1714 3761 1782 constituit,

2120 1806 2184 1856 ut
2214 1800 2413 1856 nullus
2434 1799 2785 1873 ibialiquam
2809 1804 3156 1873 potestatem
3189 1800 3549 1870 habeat,nisi
3583 1801 3772 1857 abbas

2119 1889 2380 1960 ejusdem
2404 1887 2513 1944 loci
2535 1893 2592 1944 et
2611 1888 2841 1945 villicus
2857 1890 2984 1960 ejus
3003 1905 3176 1960 quem
3211 1888 3546 1945 constituat.
3580 1890 3770 1953 Quas-

2122 1981 2256 2034 dam
2289 1977 2464 2033 etiam
2498 1977 2876 2049 arpennas,id
2906 1983 2997 2033 est
3023 1977 3224 2034 vineas
3257 1977 3612 2050 quibusdam
3645 1992 3771 2034 ser-

2120 2066 2409 2121 vientibus
2441 2065 2566 2120 suis
2606 2065 3056 2136 beneﬁciaverit,
3118 2065 3175 2120 id
3207 2070 3295 2121 est
3335 2065 3590 2138 Ruperto
3621 2082 3772 2137 prae-

2123 2155 2313 2228 posito
2344 2155 2512 2224 duas,
2546 2155 2886 2226 Weringero
2936 2155 3005 2210 de
3045 2153 3294 2210 Salevelt
3337 2155 3505 2223 duas,
3538 2154 3774 2227 Sigebo-

2123 2244 2259 2299 doni
2289 2243 2360 2297 de
2385 2241 2704 2298 Odendorff
2729 2243 2896 2310 duas,
2954 2242 3230 2315 Sigifrido
3284 2243 3572 2314 pincernae
3624 2249 3768 2310 tres,

2123 2331 2344 2404 Epponi
2375 2331 2446 2386 de
2475 2330 2814 2386 Aldendoril‘
2837 2331 3069 2396 duas,et
3097 2347 3360 2386 cameras
3384 2331 3553 2403 juxta
3582 2331 3770 2387 domi-

2124 2421 2315 2476 nicam
2339 2422 2583 2485 curtem,
2617 2417 2849 2474 Alberto
2899 2419 3061 2473 fratri
3102 2418 3400 2475 Winboldi
3432 2420 3603 2488 duas,
3634 2421 3770 2476 Em-

2125 2509 2345 2564 briconi
2379 2508 2449 2562 de
2479 2506 2816 2578 Geldestorp
2849 2507 3016 2574 duas,
3075 2506 3350 2562 Ansfrido
3408 2506 3616 2563 clerico
3657 2525 3766 2565 suo

2125 2614 2215 2652 xm
2249 2612 2485 2651 mansos
2516 2611 2649 2650 cum
2683 2593 2991 2667 mancipiis
3036 2593 3161 2650 suis
3193 2596 3266 2650 ad
3291 2596 3678 2664 Lutzenrode,
3711 2601 3773 2653 et

2125 2686 2325 2740 vinum
2353 2685 2507 2756 quod
2531 2684 2745 2739 dicitur
2765 2683 3049 2749 Srozwin,
3083 2683 3140 2738 in
3172 2683 3434 2739 Clotteno
3464 2683 3772 2742 Ernestoni

2128 2773 2288 2829 fratri
2321 2790 2426 2829 suo
2457 2773 2604 2828 duos
2644 2789 2881 2828 mansos
2932 2789 3065 2828 cum
3117 2773 3447 2846 mancipiis,
3481 2773 3541 2828 in
3571 2773 3773 2830 Dreize

2126 2863 2450 2918 Wolferum
2465 2861 2640 2918 etiam
2669 2861 2909 2916 tradidit
2930 2859 3068 2916 illuc
3092 2878 3225 2917 cum
3245 2878 3353 2917 sua
3373 2863 3771 2933 possessione,

2129 2969 2196 3008 ea
2224 2950 2492 3006 videlicet
2520 2949 2943 3019 conditione,ut
2974 2951 3234 3022 quandiu
3265 2949 3480 3021 viVant,
3512 2951 3773 3007 ecclesias

2129 3040 2283 3095 bona
2305 3038 2422 3093 sive
2443 3038 2726 3093 beneficia
2748 3037 3000 3094 habeant
3026 3056 3038 3106 ;
3058 3043 3191 3111 post
3222 3043 3471 3095 mortem
3493 3056 3626 3096 vero
3646 3039 3773 3096 illo-

2129 3145 2260 3184 rum
2291 3127 2489 3182 nullus
2505 3126 2800 3182 haeredum
2823 3144 3065 3183 suorum
3095 3127 3418 3200 quidquam
3449 3129 3521 3184 de
3544 3128 3636 3184 his
3659 3129 3775 3186 sibi

2129 3217 2297 3290 quasi
2322 3217 2453 3286 jure
2473 3215 2838 3270 haereditario
2858 3215 3110 3271 vindicet
3127 3221 3228 3271 aut
3247 3217 3672 3288 possideat,sed
3688 3218 3773 3274 in-

367 3282 624 3376 nationis
656 3315 813 3380 1051,
847 3328 999 3368 anno
1029 3282 1224 3366 autem
1282 3307 1481 3362 domni
1539 3307 1790 3363 Heinrici
1850 3300 2005 3366 tertii
2039 3282 2083 3350 Ο
2112 3282 2216 3377 jus
2237 3309 2294 3361 et
2322 3282 2652 3361 dominium
2681 3305 2740 3359 S.
2765 3303 2984 3360 Nicolai
3012 3309 3070 3360 et
3091 3282 3320 3361 abbatis
3336 3282 3624 3378 ipsius,’ac
3655 3308 3768 3364 fra-

359 3407 534 3483 regis,
566 3404 808 3464 secundi
856 3399 1246 3472 imperatoris,
1283 3396 1448 3468 regni
1498 3413 1612 3463 XIX,
1645 3397 1875 3470 imperii
1905 3415 2003 3456 ve-

354 3515 505 3555 τον.

419 3588 627 3643 Actum
649 3581 903 3641 Treviris
930 3579 989 3634 in
1014 3578 1115 3634 Dei
1135 3573 1372 3632 nomine
1399 3573 1660 3629 feliciter.
1685 3576 1889 3630 Amen.

1104 3690 1241 3746 XXI.

346 3790 709 3860 Privilegium
738 3787 927 3860 damni
957 3781 1204 3860 Heinricj
1231 3779 1378 3860 tertii
1408 3780 1549 3860 regis
1605 3795 1701 3860 seu
1754 3780 1994 3860 impera-

420 3850 747 3933 torisvsuper
776 3858 1035 3933 _Clott_en0.
1056 3883 1124 3892 —
1147 3850 1452 3933 Conﬁrmat
1464 3851 1792 3933 monasterio
1815 3855 1993 3933 Bran-

419 3920 721 4016 ωἰιιρνθήεἱ
756 3928 1107 3986 donationem
1133 3926 1338 3992 factam
1355 3938 1389 3976 α
1413 3920 1646 3977 Richeza
1670 3923 1864 3988 regina
1891 3926 1996 3979 Po.

423 4007 604 4062 Ioniae.

974 4085 1160 4156 (Anno
1192 4081 1375 4151 1051.)

347 4201 661 4274 [Mannum
693 4195 946 4267 Ampliss.
981 4190 1200 4316 Colligit:
1221 4190 1276 4331 11,
1306 4189 1429 4253 427,
1454 4203 1521 4242 ex
1557 4203 1666 4244 ms.
1699 4187 1990 4244 Brunwil-

417 4388 478 4444 ln
510 4384 748 4442 nomine
769 4383 980 4436 sanctae
1001 4380 1056 4432 et
1075 4373 1385 4430 individuis
1417 4373 1930 4429 TPinllﬂtlS.HElNR
1955 4405 1978 4416 -

2112 3400 2272 3450 trum
2296 3393 2407 3449 sibi
2432 3392 2810 3449 servientium
2861 3393 3119 3462 redeant,
3151 3398 3217 3448 ut
3255 3395 3411 3466 quod
3443 3395 3624 3450 abbas
3644 3397 3761 3452 uti-

2112 3484 2228 3539 lius
2250 3482 2359 3539 sibi
2385 3499 2451 3537 ac
2468 3481 2747 3537 fratribus
2801 3482 2933 3537 inde
2975 3481 3348 3553 judicaverit,
3382 3482 3556 3539 faciat
3584 3488 3764 3556 atque

2110 3571 2400 3643 disponat.
2434 3571 2710 3626 Homines
2740 3570 2916 3626 etiam
2949 3588 3096 3642 quos
3126 3571 3286 3626 dedit
3315 3571 3373 3627 S.
3407 3571 3644 3628 Nicolao
3674 3573 3760 3630 ita

2107 3659 2370 3730 tradidit,
2403 3662 2468 3714 ut
2499 3658 2696 3713 nullus
2723 3664 3047 3727 extraneas,
3081 3659 3197 3715 nisi
3229 3659 3375 3716 forte
3423 3659 3638 3718 liberas
3667 3663 3759 3720 vel

2105 3766 2175 3804 ex
2197 3753 2482 3820 potestate
2515 3748 2574 3803 S.
2609 3748 2760 3803 Petri
2794 3748 3040 3804 Coloniae
3072 3749 3248 3805 ducat
3297 3766 3526 3807 uxores.
3559 3751 3616 3805 Si
3651 3767 3757 3806 au-

2106 3842 2225 3893 tem
2311 3837 2530 3892 alienas
2608 3837 2938 3909 acceperint
3015 3854 3242 3906 uxores,
3315 3839 3509 3895 omnis
3565 3839 3757 3896 haere-

2107 3926 2259 3981 ditas
2316 3943 2516 3981 eorum
2576 3930 2634 3981 et
2692 3927 2965 3981 universa
3023 3943 3150 3998 quae
3210 3927 3530 3998 possident,
3585 3929 3657 3983 ad
3693 3931 3756 3985 S.

2102 4015 2320 4073 Nicolai
2374 4016 2585 4070 cedant
2637 4015 3080 4083 monasterium,
3113 4021 3170 4070 et
3221 4015 3419 4072 nullus
3453 4017 3752 4073 haeredum

2099 4119 2342 4162 suorum
2375 4104 2434 4158 in
2466 4102 2560 4157 his
2592 4103 2918 4174 quidquam
2950 4103 3181 4160 habeat.
3217 4105 3274 4160 Si
3305 4121 3437 4160 vero
3487 4123 3557 4161 ex
3587 4111 3750 4178 pote-

2100 4198 2248 4249 state
2271 4194 2330 4248 S.
2359 4192 2512 4246 Petri
2535 4190 2785 4246 Coloniae
2819 4209 3026 4248 uxores
3081 4193 3374 4258 duxerint,
3408 4194 3511 4248 filii
3546 4209 3751 4254 eorum

2099 4283 2313 4337 iterum
2349 4279 2636 4351 accipiant
2667 4296 2874 4335 uxores
2929 4297 2997 4336 ex
3028 4285 3314 4353 potestate
3363 4284 3420 4338 S.
3476 4282 3692 4339 Nicolai
3731 4302 3744 4350 ;

2098 4371 2252 4441 quod
2287 4369 2337 4423 si
2369 4385 2483 4423 non
2504 4369 2963 4435 fecerint,omnis
2986 4370 3293 4427 haereditas
3314 4388 3514 4427 eorum
3538 4376 3596 4427 et
3615 4388 3744 4427 om-

2098 4457 2194 4512 nia
2224 4473 2350 4528 quae
2383 4455 2704 4526 possident,
2739 4457 2808 4511 ad
2844 4458 2900 4513 S.
2925 4457 3144 4513 Nicolai
3172 4463 3228 4513 et
3249 4459 3478 4514 abbatis
3503 4459 3747 4514 redeant

2095 4543 2662 4601 dominium.Eadem
2687 4560 2816 4600 vero
2837 4550 3100 4618 rogante,
3128 4547 3308 4602 abbas
3341 4548 3571 4618 Tegeno
3597 4563 3741 4618 prae-

337 4493 466 4544 cus,
497 4474 696 4530 divina
742 4470 967 4524 favente
1011 4464 1338 4529 clementia,
1374 4463 1770 4518 Romanorum
1798 4463 1983 4534 impe-

337 4569 493 4622 rator
523 4561 845 4632 Augustus.

405 4652 462 4708 Si
485 4649 631 4706 locis
651 4647 768 4703 Deo
805 4643 1035 4710 dicatis,
1067 4641 1283 4714 quibus
1332 4641 1614 4697 beneficia
1645 4658 1760 4696 non
1791 4641 1980 4696 confe-
2007 4649 2056 4714 D
2093 4634 2232 4690 dicti
2253 4633 2588 4688 monasterii
2620 4633 2770 4688 idem
2815 4639 2869 4689 et
2900 4635 3183 4706 praedium
3211 4635 3499 4706 permisit,
3514 4634 3609 4690 cui
3637 4636 3742 4690 be—

334 4736 760 4806 rimus,saltem
792 4735 865 4790 ab
897 4733 1026 4789 aliis
1057 4731 1326 4787 ﬁdelibus
1353 4730 1566 4786 Christi
1599 4730 1816 4785 tradita
1837 4745 1980 4783 con-
2091 4722 2364 4777 neﬁcium
2397 4726 2706 4792 postquam
2741 4723 2863 4794 ipse
2895 4722 3037 4778 illud
3100 4723 3158 4778 in
3210 4740 3383 4780 suum
3439 4724 3741 4795 redegerat

331 4825 780 4892 ﬁrmaverimus,
803 4822 1084 4878 divinitus
1115 4837 1221 4876 nos
1259 4819 1459 4891 procul
1493 4817 1671 4873 dubio
1706 4833 1976 4872 remune-
2089 4810 2437 4879 dominium,
2473 4811 2564 4865 cui
2600 4812 2796 4866 statim
2831 4816 3054 4867 curtem
3081 4813 3312 4868 Caneda
3343 4817 3401 4868 et.
3451 4811 3740 4868 familiam

331 4918 449 4974 rari
479 4913 853 4972 confidimus.
908 4912 1269 4983 Quapropter
1323 4907 1583 4962 fidelium
1614 4909 1973 4971 nostrorum,
2094 4900 2352 4973 quinque
2384 4897 2562 4954 libras
2585 4900 2663 4954 ibi
2690 4900 3028 4966 solventem,
3058 4901 3210 4971 quod
3247 4901 3356 4955 fuit
3388 4900 3607 4956 Ellonis
3637 4901 3738 4957 be-

329 5011 452 5063 tam
483 5002 858 5077 praasentium
885 5001 1108 5056 scilicet
1140 5015 1315 5070 quam
1350 4997 1703 5060 futurorum,
1752 4993 1976 5062 magni-
2091 4985 2362 5077 neﬁcium
2396 4987 2466 5041 ad
2495 4987 2732 5043 Gewere
2763 4989 3003 5044 tradidit
3033 5005 3084 5044 vx
3115 5006 3404 5062 arpennas
3450 4990 3736 5060 Clotteno,

330 5076 1102 5164 tudoicomperiat,qualiter
1129 5087 1396 5159 quaedam
1429 5079 1978 5138 dominavenerabi-
2088 5092 2212 5146 quac
2246 5076 2480 5130 fuerunt
2509 5077 2736 5131 Siconis
2795 5079 3026 5132 comitis
3085 5079 3455 5146 beneficium,
3497 5083 3556 5134 et
3587 5081 3736 5136 duas

331 5183 408 5241 lis
429 5181 676 5239 Richeza
691 5182 946 5245 nomine,
967 5179 1169 5252 regina
1197 5174 1494 5247 quondam
1526 5169 1796 5233 Poloniaa,
1830 5185 1971 5239 prae-
2086 5164 2525 5219 inunsiunculas
2555 5181 2702 5234 quas
2728 5165 3056 5221 Wecelmus
3083 5165 3307 5233 habuit,
3341 5171 3397 5222 et
3427 5167 3485 5221 in
3514 5168 3732 5239 quibus

329 5273 493 5330 dium
526 5286 702 5327 suum
733 5269 998 5326 Clotteno
1027 5262 1412 5331 dictum,aliis
1433 5259 1576 5314 locis
1610 5257 1974 5312 subternota-
2083 5253 2383 5308 habitavit.
2418 5253 2682 5308 Tradidit
2712 5254 2888 5308 etiam
2931 5259 3190 5311 castrum
3225 5272 3403 5312 suum
3433 5256 3732 5313 Chucomo

325 5361 426 5433 tis,
457 5360 515 5416 id
547 5363 635 5415 est
665 5358 1058 5420 Comenheim,
1095 5353 1242 5414 Elre,
1276 5335 1540 5413 B'rhmbe,
1575 5344 1783 5433 Asche,
1825 5345 1970 5433 Mas-
2078 5341 2345 5433 Heinrico
2366 5339 2622 5412 palatino
2644 5343 2846 5433 comiti
2888 5342 3011 5433 tilio
3043 5345 3251 5415 patrui
3300 5345 3488 5433 sui,ea
3513 5344 3736 5433 scilicet

323 5429 521 5517 brech,
555 5448 823 5513 Wernus,
857 5441 1170 5507 Tanelach,
1207 5437 1406 5514 Wil‘re,
1459 5438 1517 5488 et
1547 5431 1778 5505 Pulego,
1813 5431 1962 5487 Chu-
2075 5429 2422 5497 conditione,
2458 5433 2521 5483 ut
2552 5430 2814 5501 quandiu
2844 5430 3084 5498 viveret,
3131 5447 3309 5504 super
3355 5432 3552 5504 ipsum
3583 5432 3732 5488 Clot-

320 5555 505 5606 como,
539 5537 876 5601 Chundedo,
910 5529 1106 5594 Merle,
1141 5533 1198 5582 et
1229 5525 1386 5606 Ryle,
1444 5521 1777 5577 Erichriche
1828 5523 1960 5577 Lut-
2073 5524 2205 5572 teno
2237 5518 2508 5573 defensor
2545 5522 2601 5573 et
2633 5518 2949 5606 advocatus
2980 5518 3294 5588 existeret;
3329 5524 3463 5592 post
3490 5519 3725 5576 obitum

317 5602 587 5690 zenmao,
626 5624 839 5686 υιιρίεθ,
869 5626 927 5676 et,
956 5616 1238 5687 Uttingin,
1272 5602 1404 5699 etim
1441 5611 1661 5667 mansis
1707 5617 1762 5666 et
1794 5629 1957 5667 man-
2069 5623 2204 5662 vero
2238 5623 2440 5676 suum,
2465 5607 2513 5660 si
2535 5607 2660 5677 ipse
2682 5605 3010 5662 haeredibus
3044 5609 3593 5680 careret,proximus
3621 5609 3733 5666 hae-

315 5715 506 5787 cipiis,
541 5717 598 5768 et
626 5728 760 5767 cum
793 5707 949 5765 omni
985 5694 1554 5776 integritate'ipsius,
1597 5700 1655 5756 in
1687 5700 1862 5765 villis,
1898 5701 1954 5755 in
2069 5713 2161 5752 res
2190 5695 2438 5752 dominae
2472 5694 2727 5750 Richezae
2761 5694 2969 5766 reginae
3002 5698 3364 5754 advocatiam
3421 5715 3602 5771 super
3632 5715 3726 5755 ea-
