3976 6366
178 398 377 510 ἰιὶγ

1558 434 1955 518 HENRICUS
1994 454 2077 518 ιιι
2117 453 2291 531 IMP;

3466 458 3624 524 “18

216 596 479 657 gravare,
510 578 567 637 et
594 596 807 655 pecora
834 598 1037 640 eorum
1080 576 1182 640 aut
1226 576 1541 657 palefridos
1572 586 1774 642 tollere
1813 591 1870 643 et
1901 589 1956 656 Α
1984 588 2203 645 tionem
2232 589 2305 646 de
2334 588 2522 646 Rocca
2550 589 2621 645 de
2649 588 2801 660 Cori,
2834 607 2969 646 cum
3001 586 3125 648 suis
3155 590 3543 664 pertinentiis,
3567 598 3627 651 et

219 670 487 729 redditus
516 671 589 727 ab
621 670 767 743 ipsis
797 676 1160 745 extorquere,
1195 676 1315 729 tam
1346 675 1658 731 comitibus
1689 693 1866 748 quam

219 760 519 818 advocatis
550 760 906 817 omnimodis
938 761 1227 834 imperiali
1249 762 1593 819 auctoritate
1622 764 1867 820 interdi-

198 848 432 907 cimus.
466 849 535 904 Et
562 852 629 905 ut
657 853 868 906 nostra
897 850 1302 923 praceptionis
1332 852 1403 907 de
1455 852 1548 908 his
1593 852 1868 909 omnibus

220 939 395 995 ﬁrma
423 941 686 995 servetur
712 938 1048 1009 auctoritas,
1091 956 1269 995 manu
1302 941 1536 1013 propria
1567 942 1868 998 subterﬁr-

219 1027 515 1085 mavimus
545 1031 604 1082 et
634 1026 809 1099 sigilli
839 1027 1023 1082 nostri
1048 1027 1432 1100 impressione
1454 1029 1725 1102 insigniri
1738 1031 1867 1102 jus-

220 1116 435 1174 simus.

291 1205 525 1277 Signum
552 1204 741 1261 domni
767 1206 1035 1271 Heinrici,
1069 1207 1221 1261 tertii
1234 1209 1602 1263 Romanorum
1633 1209 1868 1278 impera-

220 1296 357 1352 toris
386 1294 640 1366 Augusti.

295 1382 674 1439 Gebehardus
705 1383 816 1454 (17)
865 1382 1175 1455 episcopus
1223 1389 1280 1439 et
1323 1383 1703 1440 cancellarius
1751 1385 1871 1439 vice

218 1471 548 1530 Wezelonis
596 1471 1018 1544 archiepiscopi
1067 1476 1122 1527 et
1166 1471 1660 1528 archicancellarii
1720 1490 1869 1529 reco-

220 1559 420 1634 gnovi.

957 1657 1145 1712 XXIV.

221 1757 472 1815 Heinrici
518 1756 600 1811 III
628 1756 798 1828 regis,
850 1757 902 1808 et
946 1756 999 1810 II
1044 1755 1409 1828 imperatoris,
1450 1755 1709 1828 diploma,
1769 1773 1871 1828 quo

297 1829 505 1884 clerum
550 1827 960 1882 Volaterranum
1006 1842 1039 1879 a
1076 1827 1207 1896 jure
1251 1828 1509 1881 comitum
1562 1827 1788 1893 eximit,
1821 1831 1871 1883 et

294 1899 554 1955 Ecclesia?
589 1898 959 1954 Volaterrana?
986 1899 1175 1952 omnia
1203 1898 1359 1952 illius
1378 1900 1514 1969 jura
1543 1915 1606 1952 ac
1642 1900 1869 1969 privile-

293 1972 392 2043 gia
422 1969 732 2041 conﬁrmat.

848 2067 1035 2137 (Anno
1069 2067 1252 2135 1052.)

529 2156 865 2225 [Muai'ronn
895 2156 1078 2227 Antiq.
1111 2156 1259 2223 Ital.,
1297 2155 1390 2222 ΙΙΙ,
1423 2156 1571 2227 641.]

298 2278 366 2328 In
396 2271 633 2328 nomine
656 2272 868 2326 sancta
898 2273 956 2324 et
983 2268 1296 2323 individua
1320 2268 1875 2325 Trinitatis.HEINm-

223 2379 347 2430 cus,
370 2360 576 2417 divina
606 2358 840 2431 pietatis
871 2356 1233 2413 ordinatione
1265 2358 1559 2414 secundus
1586 2359 1873 2415 Romano-

225 2466 364 2507 rum
390 2450 710 2521 Augustus.

300 2540 385 2595 Ea
413 2536 744 2594 conditione
774 2552 976 2592 curam
1007 2536 1189 2592 nostri
1210 2537 1382 2592 ofﬁcii
1408 2537 1576 2593 nobis
1596 2536 1876 2593 divinitus

228 2626 610 2684 commissam
642 2624 1257 2697 credimus,quatenus
1290 2624 1347 2680 in
1371 2626 1599 2681 cunctis
1630 2626 1875 2699 negotiis

229 2716 410 2773 divini
442 2714 670 2772 timoris
696 2713 887 2769 zelum
918 2730 1150 2787 semper
1197 2732 1311 2787 pra
1365 2715 1545 2771 oculis
1594 2714 1876 2772 habentes

230 2806 318 2862 sic
348 2802 731 2861 sollicitemur
762 2803 832 2858 de
863 2803 1148 2858 mundani
1180 2802 1342 2876 regni
1373 2803 1776 2877 dispositione,
1810 2810 1875 2860 ut

229 2897 366 2952 ante
380 2893 600 2966 Regem
618 2907 864 2965 regnum
883 2891 1070 2947 securi
1086 2891 1391 2948 veniamus
1413 2892 1470 2947 in
1486 2893 1781 2949 reddenda
1794 2911 1878 2949 ra-

226 2984 406 3040 tione.
429 2983 792 3054 Quapropter
838 2997 971 3036 cum
1019 2980 1283 3036 omnium
1330 2981 1727 3052 subjeCtorum
1769 3000 1875 3039 nos

227 3076 455 3147 oportet
482 3087 683 3127 curam
714 3085 904 3143 agere,
938 3068 1317 3125 ecclesiarum
1365 3073 1563 3126 tamen
1590 3072 1875 3144 pracipue

225 3178 483 3237 quarum
513 3160 673 3217 salva
699 3158 1100 3216 incolumitate
1130 3160 1271 3215 dum
1293 3159 1488 3215 divino
1509 3161 1689 3216 cultui
1715 3161 1872 3217 debi-

228 3257 359 3310 tum
390 3250 655 3318 solvitur,
684 3247 1028 3306 Christiana
1060 3246 1356 3320 religionis
1403 3248 1706 3321 integritas
1738 3267 1873 3306 con-

228 3342 515 3398 servatur.
546 3337 825 3402 Quocirca
855 3335 1130 3392 omnibus
1178 3340 1391 3391 sancta
1440 3320 1549 3391 Dei,
1587 3338 1875 3409 Ecclesia,
1906 3320 1949 3386 C

226 3429 566 3501 nostrisque
595 3427 886 3490 ﬁdelibus,
921 3429 1125 3481 notum
1157 3442 1285 3481 esse
1306 3424 1577 3481 volumus
1600 3431 1719 3482 tam
1744 3445 1879 3499 pra-

225 3516 497 3575 sentibus
525 3532 705 3588 quam
737 3513 972 3582 futuris,
1007 3512 1259 3585 qualiter
1288 3514 1481 3581 Wido,
1516 3518 1725 3570 sancta
1749 3516 1875 3572 Vol-

224 3604 507 3664 terrensis
534 3601 803 3659 Ecclesia
833 3602 1164 3674 episcopus,
1197 3605 1460 3657 nostram
1505 3602 1875 3660 clementiam

218 3694 388 3763 adiit,
420 3707 601 3765 super
629 3691 903 3747 comitem
935 3689 1310 3762 reliquosque
1341 3690 1558 3762 publici
1584 3692 1738 3763 juris
1761 3694 1876 3747 mi-

218 3783 439 3839 nistros
469 3778 864 3837 miserabilem
898 3779 1328 3851 querimoniam
1360 3796 1561 3851 agens,
1585 3782 1740 3853 quod
1764 3784 1873 3838 sub

218 3870 524 3930 occasione
554 3868 820 3942 exigendi
843 3867 1270 3939 juris,clericos
1299 3872 1356 3923 et
1385 3868 1637 3925 famulos
1682 3870 1873 3926 Eccle-

216 3959 340 4029 sia,
365 3958 630 4031 aliosque
651 3974 827 4029 super
844 3961 1062 4013 terram
1085 3956 1354 4012 Ecclesia
1378 3961 1604 4013 stantes
1626 3958 1876 4030 graviter

218 4049 533 4123 afﬁigendo
565 4047 917 4120 inquietant,
941 4050 999 4101 et
1028 4044 1311 4117 dignitate
1360 4050 1578 4103 sancta
1608 4047 1872 4104 Ecclesia

214 4136 693 4196 indecentissime
722 4135 1116 4191 inhonestant.
1151 4135 1292 4205 Ejus
1325 4134 1520 4207 itaque
1551 4135 1871 4193 miserabili

215 4225 601 4301 querimonia
631 4241 834 4281 aurem
866 4226 1077 4279 nostra
1118 4222 1352 4295 pietatis
1403 4223 1766 4292 adhibentes,
1800 4226 1871 4281 de

215 4314 488 4372 Ecclesia
519 4313 866 4369 liberatione
896 4313 1237 4379 statuimus,
1269 4330 1341 4368 ne
1373 4313 1616 4385 perﬁdia
1640 4314 1871 4386 iniquo-

216 4421 352 4461 rum
384 4402 693 4459 hominum
726 4400 972 4457 ulterius
994 4419 1121 4457 eam
1146 4402 1255 4457 sub
1279 4401 1542 4472 qualibet
1569 4404 1870 4459 occasione

219 4493 563 4551 lacerandos
595 4491 1427 4564 permitteremus.lnterventu
1460 4491 1658 4563 itaque
1688 4494 1870 4563 Agne-

216 4581 296 4639 tis
323 4585 536 4638 nostra
567 4578 790 4636 dilecta
846 4568 1205 4646 contectalis,
1258 4584 1314 4635 et
1370 4579 1643 4652 Opizonis
1684 4581 1869 4636 nostri

1975 692 2105 733 eam
2136 678 2461 749 portionem
2495 696 2672 751 quam
2724 680 3036 752 praedictus
3080 680 3390 753 episc0pus
3430 682 3501 738 de
3530 699 3624 737 ca-

1977 765 2141 821 stello
2172 766 2243 821 de
2275 768 2649 841 Montegabro
2671 768 3000 841 acquisivit,
3028 786 3131 825 seu
3164 769 3451 842 quidquid
3479 787 3623 843 pra-

1974 854 2133 909 dicta
2162 855 2406 910 ecclesia
2436 856 2494 911 in
2528 857 2763 914 castello
2794 858 2864 914 de
2893 857 3142 915 Casallia
3162 859 3416 927 tenebat,
3448 861 3624 932 etju-

1976 942 2234 999 dicatum
2268 946 2423 1016 quod
2457 945 2576 1018 Ugo
2607 946 2918 1002 Cunizonis
2948 946 3105 1003 ﬁlius
3132 949 3415 1019 pradicta
3437 948 3623 1004 eccle-

1978 1031 2078 1087 sia
2110 1032 2262 1098 fecit,
2293 1038 2349 1088 et
2377 1034 2576 1088 omnia
2605 1050 2732 1106 qua
2769 1035 2879 1089 Deo
2910 1041 3203 1091 annuente
3225 1037 3428 1091 eadem
3450 1036 3627 1092 eccle-

1978 1120 2066 1176 sia
2086 1121 2249 1191 juste
2279 1126 2335 1177 et
2364 1120 2629 1195 legaliter
2674 1123 2991 1178 admodum
3040 1123 3383 1195 acquireret,
3428 1128 3629 1180 nostra

1978 1210 2307 1281 praceptali
2334 1212 2681 1267 auctoritate
2722 1211 2887 1267 dicta
2937 1211 3196 1267 ecclesia
3228 1213 3628 1267 conﬁrmando

1978 1297 2336 1366 stabilimus,
2363 1314 2429 1353 eo
2457 1299 2724 1355 videlicet
2755 1300 2955 1355 ordine
2986 1305 3049 1356 ut
3079 1299 3278 1356 nullus
3304 1302 3442 1367 dux,
3473 1318 3625 1357 mar-

1979 1386 2132 1456 chio,
2166 1404 2360 1443 comes
2392 1404 2493 1442 seu
2524 1388 2795 1460 qualibet
2827 1405 3041 1460 magna
3062 1406 3353 1460 parvaque
3380 1405 3630 1460 persona

1978 1475 2312 1547 pradictam
2343 1476 2645 1531 ecclesiam
2678 1475 2765 1532 vel
2796 1477 3098 1549 episcopos
3113 1494 3213 1549 per
3227 1482 3491 1550 tempora
3512 1479 3627 1533 Deo

1980 1564 2153 1618 dante
2183 1565 2399 1619 ibidem
2431 1565 2731 1621 ordinatos
2761 1566 2831 1620 de
2864 1565 3141 1620 omnibus
3171 1582 3298 1636 qua
3329 1583 3509 1637 supra
3542 1567 3629 1621 lc-

1979 1655 2217 1723 guntur,
2251 1652 2554 1708 disvcstire
2586 1669 2688 1708 seu
2722 1651 3032 1708 molestare
3062 1654 3463 1725 prasumatﬁi
3494 1655 3627 1725 quis

1979 1739 2160 1811 igitur
2207 1740 2384 1810 hujus
2432 1746 2643 1796 nostra
2692 1740 3022 1796 donationis
3067 1746 3124 1796 et
3170 1742 3628 1797 conﬁrmationis

1980 1833 2334 1900 praccptum
2383 1828 2600 1884 violare
2648 1830 3107 1901 praesumpserit,
3160 1834 3473 1901 componat
3500 1830 3629 1886 auri

1980 1916 2185 1988 optimi
2212 1916 2391 1971 libras
2422 1922 2677 1983 centum,
2714 1917 3081 1973 medietatem
3114 1934 3354 1972 camera
3394 1922 3628 1985 nostra,

1982 2009 2039 2059 et
2068 2005 2437 2061 medietatem
2478 2006 2603 2077 jam
2656 2006 2819 2061 dicta
2869 2006 3142 2074 ecclesia,
3177 2006 3418 2078 suisque
3448 2011 3629 2062 recto-

1982 2092 2165 2150 ribus.
2195 2094 2355 2157 Quod
2394 2098 2454 2149 ut
2482 2093 2676 2150 verius
2724 2095 3017 2160 credatur,
3053 2094 3511 2167 diligentiusque
3559 2096 3631 2151 ab

1982 2183 2260 2239 omnibus
2287 2184 2644 2248 observetur,
2681 2200 2856 2238 manu
2890 2183 3126 2255 propria
3164 2184 3523 2251 roborantes,
3553 2184 3629 2239 si-

1982 2271 2120 2344 gillo
2152 2276 2349 2327 nostro
2379 2272 2487 2326 hoc
2518 2276 2870 2344 praceptum
2902 2270 3173 2348 insigniri
3194 2271 3508 2342 jussimus.

2055 2360 2285 2431 Signum
2308 2359 2496 2414 domui
2525 2360 2769 2414 Heinrici
2796 2360 3022 2414 secundi
3051 2364 3421 2415 Romanorum
3468 2363 3635 2433 impe-

1982 2451 2185 2504 ratoris
2215 2450 2459 2519 Augusti.

2055 2537 2228 2610 Opizo
2261 2536 2645 2592 cancellarius
2672 2535 2791 2591 vice
2817 2535 3156 2591 Herimanni
3206 2536 3627 2611 archiepiscopi

1984 2631 2041 2682 et
2071 2625 2587 2682 archicancellarii.

2054 2717 2261 2770 Actum
2292 2732 2364 2769 xv
2396 2714 2682 2770 Kalendas
2710 2713 2870 2778 Julii,
2904 2730 3055 2770 anno
3087 2714 3400 2770 Dominica
3434 2714 3626 2771 Incar-

1984 2804 2239 2859 nationis
2280 2804 2438 2871 1052,
2485 2819 2636 2858 anno
2686 2807 2881 2857 autem
2928 2802 3129 2857 domni
3173 2803 3424 2859 Heinrici
3474 2804 3625 2859 tertii

1985 2892 2138 2965 regis
2172 2891 2411 2947 secundi
2442 2891 2833 2963 imperatoris,
2883 2891 3268 2947 ordinationis
3317 2893 3444 2963 ejus
3473 2910 3627 2962 xxxv,

1984 2981 2212 3053 imperii
2245 2998 2321 3037 v1.

2054 3072 2264 3124 Actum
2297 3070 2584 3141 'l‘urengo,
2614 3068 2875 3124 feliciter.
2908 3069 3111 3123 Amen.

2127 3160 2439 3230 Sequuntur
2466 3160 2624 3227 signa
2656 3159 2997 3214 notariorum
3023 3159 3119 3229 qui
3145 3158 3541 3230 descripserunt
3563 3176 3633 3217 ea:

2230 3249 2562 3302 authentico.

2726 3344 2891 3399 XXV.

1986 3445 2271 3499 lleinricus
2302 3445 2445 3498 inter
2465 3458 2623 3515 rcges
2651 3443 3019 3510 tertius,inter
3044 3442 3311 3512 Augustos
3341 3444 3627 3513 secundus,

2059 3517 2195 3571 bona
2241 3532 2306 3569 ac
2342 3515 2477 3586 jura
2505 3515 2697 3586 cuncta
2746 3528 2844 3567 suo
2888 3518 3160 3584 pz'azcepto
3186 3515 3477 3586 conﬁrmat
3524 3516 3627 3571 Ec-

2055 3588 2239 3643 clesia?
2271 3584 2612 3651 Vercellensi,
2643 3585 2865 3656 ejusque
2895 3585 3139 3654 episcopo
3170 3584 3439 3655 Gregorio.

2604 3683 2789 3753 (Anno
2822 3681 3002 3752 1055.)

2295 3782 2644 3852 [Muaaroan
2674 3782 2851 3851 Antiq.
2885 3781 3006 3835 Ital.
3038 3784 3132 3842 VI,
3166 3781 3270 3835 319
3300 3784 3314 3852 ]

2056 3872 2117 3926 In
2151 3870 2387 3926 nomine
2414 3874 2625 3926 sancta
2657 3873 2711 3923 et
2742 3868 3052 3923 individua
3095 3869 3419 3925 Trinitatis.
3453 3869 3625 3926 Ham-

1984 3977 2171 4028 mcus,
2206 3959 2404 4014 divina
2433 3959 2662 4014 favente
2707 3957 3036 4024 clementia,
3072 3959 3469 4013 Romanorum
3518 3959 3626 4014 im-

1981 4053 2213 4122 perator
2241 4050 2559 4121 Augustus.

2053 4138 2198 4204 Quia
2228 4136 2426 4192 nullus
2455 4139 2617 4191 extra
2646 4135 2962 4191 Ecclesium
3012 4135 3208 4191 salvus
3260 4140 3448 4208 potest
3480 4136 3625 4204 ﬁeri,

1982 4243 2348 4299 consequens
2370 4229 2459 4281 est
2480 4230 2541 4280 ut
2564 4225 2973 4296 unusquisque
2999 4224 3247 4280 ﬁdeliter
3276 4224 3548 4281 laborans
3570 4225 3630 4280 in

1982 4333 2119 4388 agro
2156 4316 2245 4371 Dei
2281 4314 2406 4369 sine
2446 4313 2879 4369 intermissione
2930 4313 3232 4369 incumbet
3274 4313 3631 4370 incremento

1980 4404 2382 4459 ecclesiastica
2416 4402 2516 4458 rei.
2550 4406 2786 4457 Certum
2822 4409 2910 4458 est
2940 4403 3096 4458 enim
3128 4403 3268 4475 quia
3297 4402 3451 4459 sicut
3478 4395 3630 4459 exal-

1977 4497 2138 4548 tatur
2166 4497 2353 4547 mater
2381 4492 2647 4546 omnium
2668 4491 3096 4559 viventium,ita
3116 4496 3387 4547 crescunt
3409 4509 3633 4548 merces

1979 4581 2241 4637 omnium
2275 4580 2386 4635 sibi
2418 4580 2816 4635 servientium.
2837 4580 3201 4651 Quopropter
3227 4580 3632 4635 universorum

216 4668 955 4738 cancellarii,concedimus
986 4669 1262 4740 pradicto
1302 4668 1593 4747 episcopo,
1629 4670 1869 4741 suisque
1899 4686 1946 4750 Ι)
1978 4670 2243 4740 ejusdem
2272 4668 2680 4735 ﬁdelium,tam
2704 4667 3075 4739 prasentium
3101 4684 3276 4737 quam
3302 4669 3634 4723 futurorum

215 4758 660 4818 successoribus
689 4756 933 4813 clericos
976 4761 1032 4812 et
1071 4757 1345 4823 famulos,
1381 4757 1644 4830 aliosque
1696 4775 1872 4831 super

213 4853 433 4906 terram
464 4863 583 4904 sua
612 4845 881 4903 Ecclesia
906 4846 1302 4902 inhabitantes
1336 4848 1392 4901 in
1427 4864 1536 4902 sua
1565 4853 1867 4919 potestate,

214 4942 281 4994 ut
309 4937 485 4994 liceat
513 4951 648 4993 eum
670 4940 805 4992 ante
834 4952 896 4991 se
928 4952 1167 4992 causam
1190 4940 1442 5008 agere,et
1463 4935 1864 5007 perduellium

216 5024 478 5099 qualibet
506 5022 679 5097 legali
710 5024 1001 5081 sententia
1028 5023 1189 5079 litem
1209 5023 1739 5091 deﬁnire,omnium
1762 5025 1865 5080 ho-

215 5116 448 5171 minum
479 5116 703 5171 remota
732 5112 1494 5170 contradictione.Praterea
1521 5114 1719 5170 omnia
1740 5131 1866 5186 qua

214 5202 499 5261 Adelmus
529 5202 694 5258 bona
725 5202 1020 5259 memoria
1053 5218 1188 5257 cum
1220 5217 1396 5257 uxore
1427 5219 1535 5257 sua
1576 5220 1680 5274 per
1702 5202 1868 5258 char-

214 5291 404 5348 tulam
434 5290 747 5347 oblationis
780 5290 1137 5348 Volterrensi
1168 5288 1435 5345 Ecclesiae
1467 5290 1733 5359 contulit,
1758 5290 1869 5346 sci-

129 5419 145 5429 ρ
215 5379 353 5437 licet
381 5378 691 5435 castellum
716 5380 786 5436 de
815 5378 1158 5445 Pulliciano,
1192 5394 1323 5433 cum
1359 5378 1709 5433 monasterio
1730 5385 1868 5433 San-

217 5468 295 5525 cti
321 5467 608 5541 Sepulcri,
637 5467 888 5541 aliisque
917 5466 1304 5540 pertinentiis,
1358 5471 1415 5521 et
1461 5465 1770 5521 castellum
1802 5467 1871 5522 de

220 5554 680 5626 Monteacutulo,
712 5573 848 5614 cum
881 5556 1006 5613 suis
1040 5554 1427 5629 pertinentiis,
1464 5560 1521 5611 et
1550 5572 1720 5611 suam
1750 5572 1875 5628 por-

292 5663 669 5736 (17)_Scilicet
699 5663 1177 5733 Eichstadiensis,
1211 5663 1311 5736 qui
1343 5669 1469 5719 tum
1516 5667 1642 5736 erat
1682 5663 1875 5736 regia

219 5733 494 5792 cancellis
524 5739 581 5791 et
610 5733 1400 5809 consiliis,quiquedefuncto
1425 5734 1600 5793 Leoni
1618 5733 1779 5808 papa
1802 5734 1874 5793 IX

1981 4758 2205 4813 noverit
2234 4756 2675 4828 charitos,quod
2708 4772 2814 4810 nos
2845 4754 3254 4810 ecclesiasticis
3278 4755 3635 4826 profectibus

1981 4847 2480 4913 incumbentes,ac
2514 4844 2910 4900 dilectissima
2934 4849 3143 4900 nostra
3167 4844 3436 4917 conjugis
3454 4844 3635 4917 impe-

1981 4935 2233 5000 ratricis,
2273 4951 2374 4989 seu
2409 4932 2743 4988 charissimi
2777 4932 2960 4987 nostri
2993 4932 3099 4987 ﬁlii
3161 4932 3315 5006 regis
3381 4931 3635 4989 Heinrici

1974 5025 2244 5098 precibus
2258 5022 2488 5097 pietatis
2499 5038 2669 5079 aures
2682 5022 3209 5087 accommodantes,
3220 5039 3321 5095 per
3334 5023 3635 5095 praesentis

1977 5114 2245 5187 praecepti
2277 5111 2489 5169 stabile
2530 5112 2971 5165 ﬁrmamentum
3022 5116 3235 5166 sancta
3284 5110 3637 5167 Vercellensi

1975 5202 2242 5259 Ecclesia
2275 5204 2700 5258 conﬁrmamus
2732 5198 2933 5254 omnia
2961 5199 3111 5254 bona
3145 5200 3338 5270 quiete
3384 5200 3639 5255 tenenda

1982 5309 2049 5347 ac
2079 5292 2318 5364 paciﬁce
2342 5292 2399 5346 in
2424 5295 2701 5345 aternum
2736 5287 3137 5358 fruenda,qua
3160 5294 3361 5344 sancto
3385 5288 3634 5344 Eusebio

1984 5379 2123 5434 olim
2157 5379 2367 5434 collata
2400 5374 2818 5435 suntanostris
2850 5375 3377 5445 pradeccssoribus
3398 5376 3635 5447 regibus

1979 5467 2071 5523 vel
2106 5468 2579 5539 imperatoribus,
2607 5482 2709 5522 seu
2742 5463 3190 5538 quibuscunque
3223 5463 3633 5519 ﬁdelibus.Sed

1982 5561 2047 5612 ut
2078 5560 2303 5612 mentes
2337 5555 2597 5612 ﬁdelium
2631 5554 2861 5628 plenius
2890 5554 3203 5626 gaudeant,
3237 5557 3291 5607 et
3331 5552 3633 5623 praedones

1984 5663 2338 5791 Ξὲἓὲοῗὲἕὲε
2368 5667 2459 5719 est
2488 5679 2759 5719 summus
2793 5660 3068 5733 pontifex,
3110 5660 3305 5716 Victor
3335 5658 3407 5725 II,
3439 5657 3632 5716 dictus

1986 5752 2138 5793 anno
2171 5752 2329 5792 IUDO.
