3976 6356
184 344 340 411 ΗΜ

185 568 442 626 Heinrici
473 568 630 625 tertii
672 569 848 642 regis,
895 568 1264 641 imperatoris
1323 572 1519 625 autem
1573 571 1834 635 secundi,

186 657 577 715 ordinationis
623 659 751 729 ejus
769 674 938 722 xxvn,
971 657 1136 730 regni
1178 657 1414 730 quidem
1444 673 1577 726 xvn,
1608 657 1837 730 imperii

187 763 318 803 vero
351 761 426 801 IX.

221 763 467 890 “accitis;
486 833 964 906 Guarcsallaneg.
990 833 1357 904 Guarstallaa]
1389 835 1447 890 in
1469 835 1571 892 Dei
1602 835 1839 892 nomine

187 923 452 980 feliciter.
485 926 698 980 Amen.

905 1038 1125 1094 XXVII.

188 1129 480 1210 Heinricus
512 1141 612 1183 rex
659 1129 758 1210 III,
809 1128 1110 1210 imperator
1158 1128 1527 1210 [Incunenicis
1574 1126 1840 1210 Ecclesiae

332 1199 712 1255 Cremonensis
743 1197 931 1254 omnia
960 1199 1189 1253 illorum
1219 1198 1359 1254 bona
1385 1197 1692 1267 conﬁrmat.

812 1287 998 1358 (Anno
1031 1287 1215 1356 1055.)

512 1367 868 1439 [Mumronn
898 1368 1086 1438 Antiq.
1135 1367 1256 1422 Ital.
1287 1367 1358 1436 Il,
1403 1367 1519 1436 75.]

257 1457 323 1512 In
354 1456 590 1513 nomine
613 1459 825 1512 sancta
858 1459 917 1512 et
945 1454 1255 1510 individuae
1297 1454 1622 1510 Trinitatis.
1677 1454 1842 1509 Ham-

189 1544 588 1611 mcus,divina
616 1543 842 1600 favente
860 1543 1188 1612 clementia,
1223 1544 1625 1598 Romanorum
1657 1542 1839 1614 impe-

189 1637 352 1689 rator
379 1635 700 1706 Augustus.

271 1722 329 1778 Si
360 1721 476 1778 illis
501 1723 601 1794 qui
635 1722 706 1777 ad
735 1721 863 1776 loca
894 1736 1058 1776 sacra
1089 1719 1360 1775 destinati
1394 1719 1608 1774 divinis
1634 1718 1844 1774 ofﬁciis

186 1809 537 1880 inserviunt,
568 1812 780 1864 nostrae
811 1807 1135 1880 imperialis
1167 1806 1580 1862 muniﬁcentiae
1609 1806 1840 1861 benivo-

184 1897 430 1954 lentiam
457 1897 517 1951 in
547 1896 674 1953 suis
703 1895 1085 1968 petitionibus
1118 1895 1431 1952 clementer
1487 1911 1553 1950 ac
1588 1893 1838 1965 benigne

188 1986 726 2050 demonstramus,a
739 1989 850 2039 Deo
870 1984 1138 2039 omnium
1155 2000 1347 2039 rerum
1375 1983 1701 2054 inspectore
1727 1998 1841 2038 me-

188 2073 364 2130 ritam
395 2075 452 2128 et
469 2072 819 2145 condignam
847 2073 1289 2128 retributionem
1312 2089 1422 2127 nos
1443 2071 1698 2142 recipere
1721 2087 1842 2141 spe-

190 2178 412 2218 ramus.
443 2161 606 2217 Unde
628 2162 893 2217 omnium
936 2167 1150 2216 sanctae
1184 2160 1284 2216 Dei
1316 2160 1582 2215 Ecclesiae
1615 2165 1840 2214 nostro-

191 2267 442 2322 rumque
462 2249 872 2318 ﬁdelium,tam
887 2251 1219 2306 futurorum
1247 2265 1421 2312 quam
1445 2249 1840 2320 praesentium,

193 2338 446 2412 diligens
489 2337 780 2394 industria
807 2338 1032 2394 noverit
1060 2337 1311 2410 qualiter
1325 2355 1426 2410 pro
1443 2337 1700 2393 remedio
1715 2338 1844 2390 ani—

195 2444 306 2504 ma;
321 2430 547 2495 nostris,
576 2430 633 2483 et
658 2427 730 2482 ob
745 2427 1136 2483 interventum
1151 2426 1422 2499 conjugis
1444 2425 1842 2482 nostrzndilec-

193 2515 437 2572 tissimaa
453 2515 1111 2588 imperatricisAgnetis,
1145 2533 1248 2572 nec
1270 2532 1386 2570 non
1405 2521 1642 2586 propter
1659 2513 1846 2568 incre-

196 2608 465 2661 mentum
485 2603 589 2659 ﬁlii
613 2604 797 2660 nostri
823 2604 1154 2661 charissimi
1201 2603 1454 2660 Heinrici
1477 2603 1666 2675 quarti
1698 2601 1850 2657 vide-

197 2692 338 2749 licet
355 2692 951 2766 regis,canonicorum
984 2697 1196 2748 sanctae
1228 2691 1637 2748 Cremonensis
1667 2691 1846 2746 eccle-

201 2783 302 2839 sia
327 2781 388 2838 in
420 2781 701 2838 honorem
743 2781 1095 2838 beatissima)
1142 2782 1237 2838 Dei
1288 2781 1602 2837 Genitricis
1654 2779 1848 2834 Maria:

200 2875 550 2929 constructa;
566 2871 1014 2927 necessitatibus
1031 2871 1398 2942 providentes
1412 2869 1529 2925 illis
1547 2870 1786 2925 oonﬁrm
1797 2886 1850 2923 a-

207 2975 364 3028 mus,
397 2976 464 3016 ac
483 2965 687 3016 nostra
713 2959 1000 3030 imperiali
1028 2960 1372 3015 auctoritate
1405 2959 1851 3013 corroboramus

205 3052 395 3106 terras
424 3065 746 3122 suas,quas
767 3049 1015 3120 praefatis
1038 3049 1327 3105 canonicis
1358 3047 1634 3121 praesules
1663 3045 1850 3101 eidem

203 3136 464 3195 ecclesia
492 3137 546 3192 vi
576 3137 880 3207 etinjuste
910 3137 1183 3200 tulerant,
1244 3136 1512 3192 videlicet
1568 3132 1850 3190 Butanin-

1529 337 1924 412 HENBICUS
1969 339 2050 409 III
2093 334 2258 410 IMP.

186 479 445 538 nationis
472 481 630 550 1055,
661 471 984 539 indictione
1040 487 1159 550 'vm,
1220 497 1374 537 anno
1407 485 1603 538 autem
1635 481 1834 538 domni
1866 486 1919 553 Α

3439 353 3595 420 1122

2642 479 2896 540 XXVIII.

1947 571 2168 647 Henrici
2193 571 2284 647 Ill,
2321 571 2624 647 Germania
2649 587 2710 629 ac
2749 575 2928 630 Italia
2965 577 3128 645 regis,
3163 581 3212 631 et
3249 579 3595 647 imperatoris

2017 643 2082 708 II,
2115 643 2474 713 privilegium
2500 660 2806 700 concessum
2832 643 3178 702 Ferrariensi
3208 643 3409 719 populo
3436 668 3448 704 :

2568 742 2755 812 (Anno
2785 742 2973 812 4055.)

2252 826 2606 899 [Μυωτοηῃ
2650 829 2831 900 Antiq.
2860 831 2984 885 Ital.
3033 832 3101 898 V,
3140 834 3292 903 753.]

2020 923 2081 977 In
2106 924 2342 980 nomine
2365 930 2580 980 sanctae
2602 929 2661 981 et
2683 926 2992 981 individua:
3018 930 3347 985 Trinitatis.
3369 931 3598 988 Hamm-

1947 1012 2290 1078 cus,divina
2312 1014 2536 1069 favente
2559 1015 2884 1081 clementia,
2919 1016 3312 1073 Romanorum
3347 1021 3595 1092 impera-

1952 1104 2045 1156 tor
2063 1103 2385 1172 Augustus.

2024 1188 2299 1244 Noverint
2330 1207 2535 1245 omnes
2566 1197 2780 1248 sanctae
2826 1193 2924 1248 Dei
2959 1194 3245 1260 Ecclesiae,
3300 1197 3600 1269 nostrique

1950 1275 2172 1344 ﬁdeles,
2209 1282 2330 1332 tam
2364 1279 2545 1333 futuri
2580 1295 2758 1350 quam
2820 1289 3158 1353 praesentes,
3213 1284 3466 1354 qualiter
3497 1303 3599 1357 pro

1949 1364 2204 1419 remedio
2227 1365 2435 1421 animae
2459 1372 2690 1435 nostra},
2721 1372 2776 1423 et
2797 1371 2868 1423 ob
2909 1369 3297 1426 interventum
3323 1374 3595 1445 conjugis

1953 1457 2160 1508 nostra:
2176 1452 2568 1526 imperatricis
2585 1457 2847 1526 Agnetis,
2879 1462 2934 1511 et
2956 1465 3188 1528 pr0pter
3209 1459 3598 1515 interventum

1951 1540 2318 1597 dilectissimi
2347 1542 2450 1596 ﬁlii
2477 1545 2655 1597 nostri
2682 1543 2904 1598 llenrici
2930 1547 3120 1616 quarti
3142 1547 3596 1618 regis,universo

1953 1627 2166 1699 populo
2199 1629 2552 1684 Ferrariensi
2591 1631 2758 1685 nobis
2789 1631 3138 1702 supplicanti
3202 1651 3304 1704 pro
3346 1635 3498 1690 ﬁdeli
3532 1653 3598 1692 ac

1955 1717 2157 1770 devoto
2181 1733 2380 1772 eorum
2415 1718 2646 1773 servitio
2679 1737 2882 1774 omnes
2914 1725 3516 1780 curtensesadatione
3539 1726 3597 1778 in

1958 1804 2192 1876 placito,
2227 1823 2353 1878 quae
2385 1807 2592 1861 Tertia:
2625 1808 2919 1871 dicuntur.
2954 1815 3110 1865 tutos
3151 1829 3279 1866 esse
3309 1814 3600 1883 permitti-

1955 1911 2106 1962 mus,
2124 1894 2386 1950 Villanos
2413 1895 2588 1950 etiam
2611 1896 2764 1950 infra
2786 1903 2961 1951 totam
2987 1898 3276 1954 civit-atem
3304 1901 3599 1970 Ferrariaa,

1953 1982 2038 2037 vel
2073 1983 2409 2054 ubicunque
2465 1985 2523 2038 in
2555 2001 2754 2039 eorum
2789 1990 2944 2040 terra
2986 1986 3274 2054 habitant,
3306 1990 3378 2044 ad
3411 1990 3601 2061 publi-

1954 2087 2086 2125 cum
2116 2071 2394 2143 placitum
2427 2089 2540 2126 non
2573 2075 2788 2139 venire,
2812 2076 2912 2129 sed
2950 2075 3206 2131 dominis
3237 2077 3320 2132 eis
3352 2095 3453 2149 pro
3487 2077 3604 2133 illis

1956 2161 2307 2230 respondere
2353 2161 2748 2217 concedimus.
2785 2163 2966 2217 Naves
2998 2180 3137 2220 suas
3161 2169 3220 2219 et
3249 2165 3506 2221 caballos
3532 2167 3603 2221 ad

1957 2252 2018 2302 P.
2048 2248 2306 2302 ofﬁcium
2337 2249 2663 2319 persolvere
2697 2268 2808 2305 non
2843 2261 3144 2322 cogantur,
3179 2254 3292 2309 nisi
3335 2271 3469 2310 cum
3498 2272 3603 2312 nos

1957 2338 2015 2392 in
2058 2353 2303 2408 regnum
2339 2337 2602 2392 Italicum
2636 2339 2991 2404 veniremus,
3015 2340 3102 2394 vel
3136 2347 3333 2398 noster
3362 2344 3600 2399 missus.

1959 2426 2239 2480 Praeterea
2272 2425 2321 2480 si
2355 2425 2490 2497 quis
2522 2427 2592 2480 ad
2627 2426 2906 2497 placitum
2940 2433 3194 2496 vocatur,
3231 2435 3286 2484 et
3338 2431 3603 2486 debitum

1959 2531 2134 2569 suum
2170 2519 2376 2584 sponte
2408 2515 2738 2581 conﬁtetur,
2774 2533 2806 2570 a
2839 2533 3010 2586 pmna
3027 2518 3353 2572 Tertiarum
3373 2518 3603 2576 solutus

1961 2604 2054 2658 sit.
2087 2601 2368 2657 Similiter
2398 2602 2571 2657 etiam
2603 2608 2658 2657 et
2716 2604 2918 2659 viduas
2973 2622 3006 2659 a
3037 2606 3248 2662 Tertiis
3291 2607 3349 2661 in
3390 2607 3602 2679 placito

1960 2692 2262 2748 solvimus.
2297 2691 2534 2746 Bannus
2565 2696 2760 2746 autem
2792 2692 3026 2748 illorum
3084 2695 3406 2750 secundum
3453 2696 3602 2751 anti-

1963 2797 2143 2852 quum
2169 2780 2413 2834 modum
2439 2784 2670 2835 centum
2695 2785 2750 2835 et
2770 2786 2896 2836 octo
2918 2782 3138 2838 denarii
3169 2783 3601 2855 sit.Ripaticum

1962 2886 2077 2924 non
2109 2869 2266 2934 dent,
2301 2868 2414 2922 nisi
2447 2868 2658 2939 Papiae,
2689 2869 2996 2924 duodecim
3038 2870 3306 2928 denarios
3337 2873 3601 2942 ejusdem

1961 2958 2513 3012 monetaellremone
2532 2961 2724 3012 autem
2753 2959 2800 3012 si
2834 2960 2978 3014 forte
3005 2960 3317 3031 quisquam
3353 2962 3605 3033 negotia-

1961 3052 2152 3100 torum
2187 3050 2450 3100 moratus
2476 3045 2667 3110 fuerit,
2699 3050 2756 3101 et
2778 3045 3172 3119 alibialiqnod
3202 3049 3499 3121 negotium
3534 3050 3604 3105 de

1964 3133 2084 3189 sale
2117 3135 2333 3200 fecerit,
2368 3134 2483 3188 duo
2514 3132 2691 3188 oralia
2724 3135 3032 3205 persolvat.
3076 3136 3154 3191 De
3189 3137 3449 3207 piscibus
3499 3155 3602 3209 pro

200 3241 365 3297 gum,
400 3227 856 3294 Oastrumvetus,
884 3225 1164 3290 Insulam,
1199 3224 1641 3289 Raduldiscum,
1670 3224 1846 3278 Casa-
1881 3207 1921 3272 C
1962 3237 2316 3293 unaquaque
2332 3227 2529 3294 vegete
2553 3222 2700 3276 duos
2723 3223 2992 3278 denarios
3009 3224 3472 3281 Mediolanenses
3500 3207 3606 3280 tri-

201 3313 838 3380 novam,Butalianum,
870 3311 1617 3384 Fontanellam,cappellam
1650 3309 1847 3365 Sancti

200 3401 520 3458 Salvatoris
544 3419 676 3458 cum
699 3403 823 3458 suis
843 3401 1230 3474 pertinentiis,
1255 3417 1360 3456 nec
1385 3417 1503 3456 non
1527 3404 1584 3455 et
1613 3403 1849 3454 caeteras

199 3494 388 3547 terras
419 3506 569 3562 quas
601 3490 865 3546 canonici
898 3490 1156 3562 przedicti
1217 3507 1369 3545 nunc
1425 3488 1513 3544 vel
1563 3488 1622 3542 in
1653 3488 1848 3542 futuro

193 3581 356 3652 juste
389 3595 454 3635 ac
477 3577 739 3652 legaliter
770 3579 1028 3634 detinere
1055 3579 1345 3644 videntur,
1385 3595 1518 3632 cum
1555 3575 1846 3642 districtu,

199 3683 338 3725 cum
370 3667 644 3740 porcis-et
663 3669 1162 3734 vervecibus,cum
1190 3667 1486 3739 operibus,
1505 3671 1562 3721 et
1574 3665 1849 3720 omnibus

200 3756 426 3814 scuﬁis.
458 3756 738 3813 Praaterea
771 3757 1072 3812 sancimus
1131 3761 1306 3828 atque
1360 3754 1730 3827 praecipimus
1788 3757 1852 3807 ut

202 3844 405 3902 nullus
429 3845 980 3918 episcopus,comes,
999 3849 1336 3918 procurator
1365 3848 1468 3898 aut
1498 3843 1752 3898 decanus
1779 3841 1850 3895 de

197 3934 327 4006 ipsa
355 3933 638 3990 canonica
695 3934 926 3989 fodrum
972 3939 1073 3988 aut
1103 3933 1360 4005 aliquam
1405 3930 1698 3987 dationem
1731 3929 1850 3984 illis

195 4021 422 4092 tollere,
455 4025 556 4076 aut
585 4021 958 4093 aliquomodo
990 4023 1115 4077 sine
1174 4021 1342 4094 legali
1393 4018 1618 4091 judicio
1675 4017 1848 4073 mole-

189 4113 349 4166 stare
377 4109 464 4165 vel
494 4109 799 4166 disvestire
827 4114 1166 4182 praesumat.
1202 4111 1261 4166 Si
1320 4109 1453 4180 quis
1483 4124 1617 4163 vero
1647 4110 1850 4162 contra

188 4195 376 4268 hujus
398 4200 610 4252 nostra
643 4197 1106 4253 conﬁrmationis
1165 4198 1568 4252 auctoritatem
1602 4201 1846 4250 temera-

194 4285 321 4341 rius
345 4284 590 4341 violator
618 4285 922 4352 exstiterit,
955 4291 1188 4342 centum
1251 4286 1430 4342 libras
1464 4285 1590 4340 auri
1642 4283 1847 4356 optimi

196 4375 532 4444 componat,
559 4372 929 4428 medietatem
970 4391 1210 4430 camerae
1264 4379 1473 4429 nostrae
1534 4372 1847 4444 imperiali,

195 4465 257 4517 et
285 4459 661 4516 medietatem
693 4462 984 4533 praedictis
1018 4463 1333 4518 canonicis.
1370 4463 1528 4527 Quod
1563 4465 1627 4516 ut
1654 4461 1846 4516 verius

1961 3312 2122 3366 buat.
2172 3311 2454 3364 Ravenna:
2511 3310 2659 3364 duos
2718 3317 2962 3365 moneta:
3021 3311 3292 3367 Venetiae.
3353 3314 3606 3369 Venetiae

1958 3415 2091 3455 vero
2123 3398 2431 3453 duodecim
2466 3399 2730 3468 ejusdem
2783 3404 3045 3454 monetae.
3103 3402 3170 3455 Et
3226 3407 3433 3472 praeter
3485 3403 3605 3458 haec

1962 3487 2381 3560 prwnominata
2411 3486 2538 3542 loca
2557 3503 2791 3542 omnem
2816 3493 3138 3544 mercatum
3165 3489 3434 3544 Italicum
3466 3492 3606 3546 abs-

1961 3593 2073 3648 que
2105 3575 2364 3647 qualibet
2394 3575 2691 3631 exactione
2722 3592 2922 3631 secure
2950 3576 3335 3648 frequentent.
3387 3583 3606 3634 Secun-

1960 3665 2102 3719 dum
2132 3664 2306 3718 etiam
2343 3664 2499 3734 quod
2522 3663 2614 3718 lex
2653 3663 2842 3734 jubet,
2878 3665 2936 3719 in
2969 3663 3179 3735 placito
3211 3666 3457 3720 inducite
3487 3665 3604 3723 illis

1960 3752 2371 3819 concedantur,
2436 3751 2548 3806 nisi
2606 3769 2740 3807 cum
2775 3769 2879 3807 nos
2938 3757 3037 3808 aut
3071 3758 3266 3808 noster
3295 3755 3513 3810 missus
3545 3756 3604 3810 in

1961 3858 2206 3914 regnum
2238 3839 2502 3896 Italicum
2533 3841 2887 3896 venerimus.
2923 3842 3201 3898 Generale
3231 3843 3510 3914 placitum
3543 3845 3602 3899 in

1959 3948 2112 3986 anno
2141 3931 2230 3984 bis
2262 3931 2614 3997 custodiant,
2676 3936 2733 3985 et
2763 3931 2869 3985 hoc
2902 3931 3174 3987 solvendo
3213 3933 3385 3988 modo
3417 3933 3604 3990 tribus

1960 4019 2166 4075 diebus
2197 4024 2253 4074 et
2285 4035 2637 4090 unaquaque
2696 4019 2789 4074 die
2821 4025 2940 4074 tres
2998 4038 3203 4092 porcos
3251 4026 3604 4093 centumque

1959 4125 2161 4180 panes,
2193 4125 2372 4163 unam
2395 4107 2605 4162 libram
2629 4107 2865 4180 piperis,
2890 4113 2946 4164 et
2974 4109 3216 4164 alteram
3261 4111 3601 4179 zinamomi,

1959 4203 2194 4268 tresque
2217 4196 2496 4252 sextarios
2524 4197 2714 4252 mellis
2742 4215 2754 4264 ;
2779 4197 2988 4268 hisque
3010 4198 3196 4252 tribus
3227 4198 3435 4254 diebus
3466 4203 3601 4254 tan-

1959 4285 2263 4339 tummodo
2323 4301 2500 4338 unam
2561 4289 2818 4357 vegetem
2875 4286 3037 4340 vini:
3099 4290 3307 4357 quarta
3342 4303 3476 4342 vero
3509 4285 3602 4343 die

1959 4389 2140 4428 unum
2166 4389 2386 4428 verrem
2410 4390 2475 4427 ac
2508 4375 2938 4446 quinquaginta
2970 4393 3148 4446 panes
3176 4375 3476 4448 placitanti
3506 4377 3603 4431 tri-

1957 4461 2160 4516 buant.
2197 4462 2433 4516 Fotrum
2488 4468 2683 4517 autem
2743 4463 2910 4517 nobis
2943 4470 3043 4518 aut
3075 4470 3272 4520 nostro
3316 4465 3496 4520 misso
3529 4467 3598 4521 ad

195 4549 490 4615 credatur,
523 4548 981 4622 diligentiusque
1035 4552 1106 4606 ab
1151 4551 1428 4607 omnibus
1486 4551 1843 4614 observetur,
1878 4570 1924 4632 Ι)
1956 4547 2180 4603 Italiam
2217 4551 2464 4604 venienti
2499 4549 2836 4618 plenissime
2887 4553 3254 4622 persolvant;
3291 4553 3409 4607 haec
3442 4554 3598 4608 enim

196 4636 350 4693 hanc
371 4635 634 4692 chartam
662 4637 792 4694 inde
823 4639 1212 4711 conscriptam
1245 4656 1421 4694 manu
1452 4639 1687 4710 propria
1717 4639 1848 4692 sub-

188 4731 280 4781 ter
311 4724 777 4791 eorroborantes,
811 4726 987 4799 sigilli
1030 4728 1212 4783 nostri
1249 4728 1636 4798 impressione
1660 4725 1841 4796 jussi-

189 4828 328 4869 mus
358 4812 648 4885 insigniri.

261 4901 495 4969 Signum
517 4900 705 4957 domui
724 4903 971 4959 Heinrici
993 4905 1149 4959 tertii
1193 4906 1336 4975 regis
1363 4904 1730 4968 invictissimi,
1758 4918 1839 4958 se-

183 4987 356 5044 cundi
382 4989 750 5048 Romanorum
780 4993 1127 5062 imperatoris
1154 4993 1402 5063 Augusti.

262 5077 627 5134 Guntherius
658 5078 1040 5136 cancellarius
1093 5081 1214 5135 vice
1274 5078 1609 5136 Herimanni
1657 5078 1841 5134 archi-

191 5164 530 5222 cancellarii
562 5168 911 5238 recognovit.

264 5250 412 5308 Data
445 5252 581 5308 Idus
603 5253 888 5324 Octobris,
910 5271 1062 5312 anno
1081 5255 1389 5312 Dominicae
1416 5254 1839 5311 Incarnationis

188 5340 352 5409 1055,
380 5341 700 5400 indictione
747 5358 859 5409 vm,
923 5361 1076 5401 anno
1125 5348 1320 5401 autem
1352 5345 1552 5401 domni
1585 5344 1838 5401 Heinrici

188 5429 346 5485 tertii
363 5429 539 5503 regis,
555 5429 928 5504 imperatoris
946 5438 1141 5490 autem
1159 5433 1422 5501 secundi,
1454 5433 1838 5490 ordinationis

187 5517 317 5589 ejus
348 5531 516 5586 xxv",
552 5520 715 5592 regni
746 5520 984 5592 quidem
1032 5537 1162 5589 xvu,
1198 5521 1426 5596 imperii
1455 5537 1588 5578 vero
1619 5537 1694 5577 1x.

260 5607 476 5668 Actum
508 5604 760 5669 Mantuae
792 5609 853 5668 in
901 5611 1000 5671 Dei
1053 5611 1287 5672 nomine
1333 5611 1595 5672 feliciter.
1628 5611 1835 5675 Amen.

1958 4637 2306 4707 omnia,quaz
2335 4638 2693 4708 praescripta,
2724 4655 2827 4692 nec
2861 4655 2972 4694 non
3006 4657 3283 4695 concessa
3309 4645 3467 4705 sunt,
3500 4641 3600 4695 illa

1954 4726 2286 4797 exceptione
2317 4724 2652 4780 stabilimus
2699 4732 2754 4781 et
2785 4729 3203 4783 conﬁrmamus
3263 4729 3334 4784 ad
3389 4733 3598 4786 caetera

1953 4814 2387 4886 tempora;nisi
2420 4830 2554 4867 cum
2581 4831 2683 4868 nos
2707 4821 2809 4870 aut
2830 4821 3026 4871 noster
3059 4815 3276 4872 missus
3326 4818 3382 4872 in
3416 4835 3594 4891 regno

1952 4903 2153 4958 Italico
2173 4902 2524 4957 steterimus.
2551 4902 2609 4956 Si
2642 4903 2774 4974 quis
2793 4909 2987 4959 autem
3016 4905 3193 4975 hujus
3225 4911 3432 4962 nostra:
3464 4923 3595 4962 con-

1949 4992 2232 5048 cessionis
2255 4996 2310 5046 et
2343 4992 2812 5048 conﬁrmationis
2841 4993 3084 5050 violator
3123 4995 3427 5061 exstiterit,
3461 5013 3595 5052 cen-

1949 5087 2074 5135 tum
2106 5081 2286 5136 libras
2317 5079 2445 5136 auri
2478 5079 2684 5151 optimi
2719 5089 3050 5153 componat,
3087 5085 3453 5141 medietatem
3505 5102 3595 5141 ca-

1950 5186 2122 5225 mera:
2154 5175 2388 5239 nostris,
2411 5173 2466 5224 et
2507 5169 2880 5227 medietatem
2914 5175 3190 5244 praedicto
3240 5173 3593 5231 Ferrariensi

1948 5259 2185 5330 populo.
2213 5260 2283 5314 Et
2313 5263 2376 5314 ut
2393 5258 2513 5314 haec
2536 5262 2744 5314 nostra:
2767 5261 3230 5319 conﬁrmationis
3277 5264 3591 5320 auctoritas

1947 5347 2180 5402 stabilis
2214 5364 2280 5402 ac
2310 5349 2483 5402 ﬁrma
2512 5354 2869 5419 permaneat,
2926 5350 3077 5406 hanc
3135 5352 3397 5407 chartam
3458 5353 3592 5407 inde

1948 5435 2338 5506 conscriptam
2358 5454 2536 5492 manu
2567 5440 2822 5510 propria,
2847 5444 2910 5494 ut
2939 5438 3092 5495 infra
3117 5441 3364 5508 videtur,
3397 5458 3588 5497 corro-

1947 5524 2241 5594 borantes,
2275 5524 2451 5599 sigilli
2487 5528 2671 5585 nostri
2703 5528 3086 5604 impressione
3121 5529 3413 5602 jussimus
3445 5530 3586 5589 insi-

1943 5629 2118 5692 sum.
