3976 6398
319 391 475 452 1123

1675 379 1993 474 MONUM.
2039 383 2361 448 DIPLOM.

3565 382 3731 449 1124

387 525 617 595 Signum
657 522 848 578 domm“
882 521 1128 577 Heinrici
1177 520 1328 577 tertii
1380 522 1526 590 regis
1583 518 1960 588 invictissimi,
1987 520 2042 587 Α
2073 519 2182 574 sibi
2206 519 2477 574 abbatem
2501 533 2660 575 more
2676 519 2845 576 solito
2865 517 3085 591 deipsa
3110 518 3580 592 congregatione,
3613 537 3725 576 nec

314 613 538 670 secundi
569 613 935 666 Romanorum
967 612 1328 682 imperatoris.

387 701 705 756 Gunterius
734 699 1113 754 cancellarius
1144 699 1264 753 vice
1305 698 1597 754 Herimani
1657 695 1960 752 archican-

314 790 534 847 cellarii
560 789 910 861 recognovit.

389 883 530 934 Data
555 892 645 932 vm
692 875 980 932 Kalendas
1038 875 1425 948 Septembris,
1454 892 1606 930 anno
1640 873 1957 930 Dominica:

311 965 734 1024 Incarnationis
760 964 1240 1030 1055,indictione
1261 979 1531 1030 vm,anno
1563 967 1760 1019 autem
1795 962 1960 1016 dom-

312 1055 637 1112 niHeinrici
660 1053 813 1109 tertii
840 1052 1012 1126 regis,
1048 1053 1411 1125 imperatoris
1450 1057 1649 1108 autem
1681 1050 1946 1116 secundi,

312 1143 697 1202 ordinationis
719 1143 847 1214 ejus
867 1156 1039 1212 xxv",
1074 1142 1235 1215 regni
1273 1141 1510 1214 quidem
1541 1153 1672 1209 xvu,
1725 1138 1955 1212 imperii

312 1250 444 1290 vero
476 1249 550 1287 IX.

382 1327 591 1378 Actum
653 1321 722 1376 ad
797 1324 1038 1376 Pontem
1107 1319 1165 1374 in
1221 1320 1321 1375 Dei
1388 1319 1626 1374 nomine
1686 1315 1950 1372 feliciter.

309 1414 512 1468 Amen.

1038 1523 1219 1578 XXIX.

310 1636 650 1704 Prwceptum
676 1630 866 1685 domni
895 1631 1141 1704 Heinrici
1196 1631 1271 1704 ΙΠ
1324 1629 1671 1704 imperatoris
1723 1626 1955 1704 Angusti

374 1698 860 1776 pro'monasterio
916 1702 1248 1776 Pijumiensi.
1309 1698 1736 1770 —-'Conﬁrmat
1779 1698 1952 1768 ipsius

377 1773 672 1848 privilegia
689 1777 740 1828 et
759 1773 1132 1844 possessiones.

935 1886 1120 1955 (Anno
1150 1885 1334 1954 4056.)

315 2001 599 2074 [Manum
653 2001 831 2072 Ampi.
895 2000 1141 2074 Collect._
1186 2000 1470 2074 HLA/13,
1537 2015 1606 2054 ex
1660 1995 1951 2054 chartario

944 2070 1323 2139 Prumiensi.]

385 2217 446 2270 In
479 2215 714 2270 nomine
737 2220 947 2268 sanctae
975 2216 1030 2268 et
1048 2212 1358 2268 individua:
1383 2209 1705 2266 Trinitatis.
1731 2210 1955 2269 Hamm-

311 2303 644 2371 cus,divina
675 2303 897 2358 favente
928 2301 1254 2368 clementia,
1279 2317 1396 2356 rex.

381 2401 440 2456 Si
471 2416 609 2472 erga
638 2399 763 2455 loca
783 2398 996 2454 divinis
1023 2397 1279 2454 cultibus
1302 2395 1634 2468 mancipata
1663 2412 1864 2451 curam
1899 2399 1958 2450 et

311 2487 673 2560 diligentiam
707 2487 1076 2553 adhibemus,
1138 2490 1447 2558 parentum
1485 2502 1550 2541 ac
1580 2485 1956 2540 decessorum

311 2581 642 2632 nostrorum
676 2575 944 2630 instituta
994 2592 1108 2629 non
1142 2573 1333 2630 solum
1367 2575 1694 2639 ﬁrmamus,
1727 2588 1956 2626 verum-

309 2664 482 2719 etiam
515 2667 897 2737 augmentare
928 2663 1274 2735 satagimus,
1307 2661 1365 2716 id
1423 2661 1594 2717 nobis
1643 2661 1699 2714 in
1733 2665 1956 2715 aeterna:

310 2753 799 2808 remunerationis
831 2751 1214 2807 rertibutione
1245 2750 1619 2822 profuturum
1675 2748 1960 2804 veraciter

311 2841 684 2897 conﬁdimus.
714 2842 1076 2912 Quapropter
1105 2839 1384 2895 omnibus
1415 2843 1628 2893 sanctae
1649 2837 1749 2892 Dei
1774 2835 1961 2892 Eccle-

309 2931 406 2985 sia:
430 2930 762 3002 nostrisque
781 2929 1074 2996 ﬁdelibus,
1101 2928 1489 3000 praesentibus
1506 2925 1771 2981 videlicet
1783 2930 1958 2996 atque

311 3019 544 3089 futuris,
582 3020 881 3090 cognitum
919 3033 1048 3072 esse
1091 3016 1365 3071 volumus
1393 3013 1673 3086 quoniam
1706 3011 1958 3084 inclytus

319 3125 382 3164 ac
397 3107 743 3164 venerabilis
771 3107 1064 3162 Robertus
1089 3105 1271 3159 abbas
1292 3101 1654 3158 Prumiensis
1675 3104 1960 3156 monaste-

316 3195 405 3262 rii,
437 3195 590 3267 quod
621 3194 763 3250 diva:
804 3191 1103 3248 memoriaa
1161 3190 1446 3262 Pippinus
1504 3189 1801 3260 quondam
1861 3204 1960 3243 rex

2071 606 2306 663 aliunde
2328 606 2642 679 recipiendi
2665 613 2946 664 rectorem
2968 607 3020 662 vi
3037 605 3126 663 vel
3152 611 3440 680 potestate
3464 607 3726 681 alicujus

2068 712 2329 766 persona:
2353 714 2365 764 ;
2391 696 2492 750 sed
2520 696 2576 750 in
2599 695 2802 752 eadem
2829 695 3108 752 electione
3137 696 3330 769 vigeat
3359 712 3493 751 cum
3517 701 3723 753 nostro

2069 799 2359 840 consensu
2382 789 2555 856 atque
2576 783 2819 840 consilio
2842 784 3140 840 seniorum
3164 785 3234 840 de
3253 783 3384 857 ipsa
3403 800 3729 858 congrega-

2066 871 2222 928 tione
2256 874 2680 946 sapientiorum
2711 873 2973 946 probitas
3022 889 3088 929 ac
3118 873 3363 930 humilis
3388 875 3706 948 suggestio.

2064 959 2354 1018 Volumus
2375 965 2673 1034 preterea,
2688 961 2891 1034 sicque
2913 961 3305 1030 decernimus,
3329 965 3394 1018 ut
3407 978 3522 1031 res,
3536 962 3713 1032 villa,

2065 1047 2239 1116 cellae,
2270 1054 2443 1123 atque
2482 1049 2903 1123 possessiones,
2963 1051 3022 1106 in
3076 1051 3531 1124 quibuscunque
3585 1051 3714 1108 sita

2064 1137 2184 1193 sint
2211 1138 2548 1210 provinciis,
2583 1143 2641 1194 et
2669 1138 2909 1211 praefato
2939 1138 3188 1194 subditae
3221 1138 3435 1196 debent
3485 1139 3706 1196 servire

2062 1225 2207 1294 loco,
2241 1227 2353 1283 sub
2383 1227 2718 1284 defensione
2751 1231 2961 1284 nostrae
2981 1227 3250 1284 tuitionis
3269 1231 3444 1300 atque
3476 1227 3712 1284 mundi-

2063 1313 2250 1370 burdo
2281 1315 2354 1371 ab
2375 1316 2535 1372 omni
2565 1315 2861 1372 exactione
2885 1333 2952 1372 ac
2973 1316 3341 1374 discussione
3374 1317 3710 1390 cujuspiam

2061 1402 2356 1460 immunes
2386 1409 2444 1460 et
2478 1405 2708 1460 intactae
2734 1421 2966 1478 semper
2995 1405 3336 1462 consistant.
3395 1405 3604 1462 Nullus
3645 1406 3708 1462 in

2061 1492 2146 1548 eis
2167 1509 2363 1550 comes
2385 1493 2503 1549 sive
2520 1493 2720 1566 aliqua
2740 1493 3056 1564 judiciaria
3076 1497 3358 1566 potestas,
3389 1510 3714 1567 eorumque

2061 1579 2275 1654 aliquis
2291 1582 2393 1653 qui
2411 1581 2835 1655 rempublicam
2851 1582 3262 1639 administrare
3273 1581 3709 1652 debent,locum

2061 1669 2274 1726 habeat
2292 1671 2524 1726 tenendi
2549 1671 2906 1727 audientiam
2937 1671 3022 1728 vel
3045 1671 3348 1744 placitum,
3367 1672 3442 1728 ab
3471 1671 3556 1728 eis
3587 1671 3711 1728 exi-

2060 1759 2232 1830 gendi
2277 1758 2460 1831 freda,
2495 1760 2852 1832 parafredos,
2887 1761 3200 1832 conjectos,
3242 1760 3562 1829 vehiculos,
3595 1760 3708 1818 ali-

1981 1887 2030 1951 B
2064 1847 2394 1918 cujusmodi
2418 1848 2754 1920 requirendi
2775 1848 3037 1904 bannum
3065 1847 3560 1904 velheribannum
3579 1853 3708 1905 tam

2062 1952 2096 1990 a
2125 1937 2514 1992 servientibus
2544 1941 2602 1992 et
2627 1935 2868 2003 colonis,
2902 1936 3002 2010 qui
3035 1953 3139 2008 per
3169 1937 3434 1993 eamdem
3479 1937 3708 2010 passim

2061 2025 2319 2080 resident
2347 2024 2658 2092 territoria,
2720 2041 2898 2097 quam
2954 2025 3131 2080 etiam
3189 2042 3224 2082 a
3274 2024 3476 2081 liberis
3521 2029 3579 2082 et
3633 2025 3709 2084 de

2061 2112 2292 2168 hisdem
2327 2113 2608 2168 beneﬁcia
2636 2112 3010 2177 habentibus,
3045 2112 3184 2184 quia
3239 2113 3325 2169 sic
3364 2115 3596 2170 censuit
3635 2115 3712 2171 de

2061 2201 2147 2256 eis
2177 2201 2416 2257 Carolus
2436 2201 2665 2274 Pippini
2690 2201 2846 2257 ﬁlius
2877 2201 3195 2274 imperator
3221 2202 3536 2272 maximus,
3579 2220 3709 2260 om-

2063 2306 2284 2362 nesque
2329 2295 2460 2362 post
2511 2307 2647 2346 eum
2679 2306 2863 2362 usque
2895 2291 2966 2346 ad
3007 2289 3128 2347 haec
3157 2295 3424 2363 tempora
3453 2307 3618 2364 reges
3656 2295 3718 2349 et

2064 2378 2394 2449 augusti.Et
2407 2383 2474 2433 ut
2489 2378 2670 2434 abbas
2713 2395 2852 2434 suos
2865 2379 3176 2436 advocatos
3193 2378 3408 2436 habeat
3417 2378 3720 2436 licentiam

2066 2465 2383 2534 statuendi,
2446 2467 2572 2522 sine
2631 2465 2785 2539 regis
2813 2467 3142 2539 praesentia,
3202 2467 3264 2522 in
3310 2469 3722 2539 cujuscunque

2065 2553 2296 2610 comitis
2318 2553 2564 2610 mallum
2585 2554 2852 2610 voluerit.
2878 2554 3172 2627 Quidquid
3197 2571 3332 2612 vero
3355 2557 3457 2628 jus
3488 2556 3616 2612 ﬁsci
3646 2555 3723 2612 de

2067 2642 2420 2714 supradictis
2443 2644 2618 2699 rebus
2649 2645 2720 2700 ad
2753 2643 2943 2716 regios
2992 2660 3137 2700 usus
3187 2643 3716 2716 ministrorumque

2067 2732 2194 2803 ejus
2215 2731 2439 2803 exigere
2461 2731 2690 2803 poterit,
2716 2732 2788 2788 ad
2808 2731 3126 2789 luminaria
3145 2733 3411 2805 ejusdem
3433 2732 3716 2799 ecclesias,

2068 2836 2132 2874 ac
2162 2821 2546 2877 reereationes
2577 2820 2986 2894 indigentium,
3033 2821 3188 2878 sicut
3242 2821 3314 2878 ab
3345 2821 3430 2878 eis
3461 2827 3551 2878 est
3579 2838 3718 2878 con-

2068 2925 2320 2975 cessum,
2355 2912 2412 2964 et
2465 2909 2524 2964 in
2570 2909 2998 2982 sempiternum
3026 2901 3422 2966 c‘oncedimus.
3460 2914 3537 2967 De
3569 2909 3719 2966 telo-

2069 2997 2193 3052 neis
2211 3013 2443 3070 quoque
2458 2997 2684 3054 cunctis
2723 2999 2900 3054 etiam
2953 2999 3382 3070 occasionibus,
3405 2999 3720 3056 exactioni-

2068 3086 2199 3154 bus,
2234 3087 2731 3158 quemadmodum
2766 3091 2992 3142 constat
3022 3086 3376 3160 praefinitum
3398 3087 3722 3160 asupradi-

2069 3174 2178 3230 etis
2227 3175 2484 3248 regibus,
2544 3175 2932 3248 praecipiendo
2990 3176 3388 3246 decernimus,
3445 3192 3518 3232 ne
3581 3175 3719 3248 quis

313 3249 664 3340 Francorum
686 3287 967 3355 suggestu
991 3285 1046 3335 et
1067 3249 1355 3334 consensu
1385 3249 1672 3334 Bel-tradas
1686 3281 1955 3350 Augustas

2071 3264 2298 3336 exigere
2323 3267 2640 3336 prasumat
2655 3263 2726 3318 ab
2753 3280 2954 3320 eorum
2979 3265 3269 3321 ministris
3290 3269 3348 3322 et
3367 3264 3590 3332 missis,
3614 3265 3720 3337 qui

310 3373 579 3446 conjugis
603 3391 744 3437 suae,
777 3371 838 3425 in
871 3369 1090 3425 honore
1114 3368 1345 3423 Domini
1367 3368 1548 3422 nostri
1569 3367 1711 3422 Jesu
1742 3366 1955 3422 Christi

310 3462 552 3533 ejusque
579 3457 965 3516 sanctissimas
996 3455 1304 3512 Genitricis
1335 3456 1549 3524 Mariae,
1593 3455 1652 3510 in
1675 3454 1830 3526 juris
1863 3453 1956 3510 sui

310 3549 706 3621 proprietatea
723 3545 1120 3600 fundamentis
1145 3543 1490 3612 construxit,
1524 3560 1639 3598 una
1669 3559 1805 3598 cum
1837 3542 1960 3598 col-

308 3636 457 3709 legio
489 3633 909 3690 monachorum
943 3633 1052 3688 sub
1077 3649 1144 3689 eo
1203 3631 1549 3706 regulariter
1594 3631 1953 3702 degentium,

309 3725 452 3780 adiit
482 3721 813 3778 serenitatis
843 3726 1052 3776 nostrae
1093 3720 1488 3788 clementiam,
1542 3720 1862 3790 deprecans
1893 3723 1959 3774 ut

308 3816 691 3868 monumenta
705 3815 760 3865 et
781 3811 1154 3865 auctoritates
1173 3815 1560 3882 augustorum
1583 3805 1815 3878 abipso,
1844 3807 1955 3861 sci-

308 3901 444 3955 licet
471 3897 717 3969 Pippino
746 3903 804 3954 et
827 3899 1129 3970 infra,qua3
1149 3915 1324 3970 super
1339 3902 1538 3952 tenore
1556 3912 1622 3951 ac
1636 3898 1789 3951 statu
1811 3911 1956 3966 prae-

310 3986 412 4042 fati
446 3986 781 4042 monasterii
801 3986 924 4040 suis
946 3985 1247 4057 praeceptis
1269 3989 1326 4041 et
1347 3984 1554 4040 edictis
1588 3985 1955 4050 roborarunt,

309 4075 512 4131 eadem
558 4092 664 4130 nos
721 4074 1000 4129 innovare
1049 4078 1106 4128 et
1137 4073 1315 4145 regali
1346 4071 1692 4128 auctoritate
1724 4071 1958 4126 firmare

309 4164 498 4220 denuo
529 4163 1190 4236 dignaremur.Quorum
1222 4160 1603 4233 petitionibus
1635 4159 1955 4216 libentissi-

311 4269 404 4308 me
434 4258 782 4318 annuentes,
815 4250 1227 4324 praepositique
1249 4248 1344 4305 sui
1367 4248 1755 4304 constantiam
1786 4246 1842 4302 in
1875 4247 1959 4302 di-

309 4341 459 4396 vinis
479 4341 1108 4396 excubiisindefessam
1142 4339 1260 4393 fore
1291 4341 1726 4410 cognoscentes,
1761 4337 1955 4392 decre-

309 4429 503 4483 vimus
527 4429 609 4483 ita
631 4427 838 4495 fieri,et
859 4427 1153 4498 jussimus
1185 4426 1292 4482 hoc
1327 4443 1578 4498 preesens
1611 4424 1955 4481 muniminis

312 4516 496 4572 nostri
530 4514 818 4572 conscribi
854 4520 1228 4588 praeceptum,
1262 4531 1364 4588 per
1419 4515 1571 4587 quod
1603 4518 1957 4587 cognoscant

310 4621 516 4660 omnes
548 4605 649 4661 Dei
682 4604 886 4660 ﬁdeles
913 4610 970 4659 et
999 4605 1184 4660 nostri
1216 4609 1336 4660 tam
1367 4603 1550 4658 futuri
1599 4620 1776 4676 quam
1809 4620 1954 4675 prze-
1986 4617 2034 4682 D

311 4697 527 4762 sentes,
561 4692 839 4766 quoniam
872 4692 1154 4765 quidquid
1216 4693 1286 4747 de
1344 4697 1502 4748 statu
1554 4691 1811 4764 praedicti
1844 4690 1954 4746 loci

311 4786 772 4855 cunctorumque
804 4782 876 4838 ad
909 4781 1074 4837 illum
1109 4781 1546 4853 pertinentium,
1581 4778 1834 4835 universi
1865 4778 1960 4832 de-

311 4887 573 4927 cessores
604 4871 786 4927 nostri
811 4871 1171 4927 serenissimi
1197 4870 1436 4942 Augusti
1455 4869 1670 4924 utiliter
1687 4867 1961 4938 perfecte-

311 4976 426 5030 que
447 4965 786 5027 sanxerunt,
813 4961 869 5014 id
887 4977 990 5031 pro
1017 4959 1270 5014 remedio
1294 4959 1475 5014 nostri
1500 4957 1686 5028 patris
1707 4952 1957 5010 Heiurici

311 5047 552 5103 secundi
584 5048 982 5104 Romanorum
1015 5047 1384 5120 imperatoris
1414 5044 1683 5118 Augusti,
1703 5058 1808 5098 nec
1841 5058 1957 5096 non

311 5137 384 5192 ob
404 5136 795 5192 interventum
829 5141 1037 5193 nostra:
1071 5136 1430 5192 charissima:
1463 5131 1691 5196 matris,
1738 5128 1959 5185 scilicet

310 5225 548 5297 Agnetis
573 5223 957 5298 imperatricis
987 5220 1704 5298 Augustas,inconvulsum
1738 5235 1802 5273 ac
1835 5222 1958 5275 sta-

311 5313 426 5369 bile
459 5313 650 5369 modis
679 5315 958 5370 omnibus
986 5318 1229 5370 cunctas
1267 5327 1372 5383 per
1397 5307 1800 5364 successiones
1832 5322 1955 5361 ma-

313 5419 446 5458 nere
479 5403 867 5461 decernimus.
900 5403 1086 5476 Igitur
1115 5399 1440 5456 secundum
1504 5397 1856 5467 praeceptum
1899 5398 1958 5450 et

311 5491 566 5547 edictum
599 5491 1032 5564 prmclarissimi
1065 5487 1289 5561 przefati
1353 5483 1506 5556 regis
1545 5482 1796 5555 Pippini,
1830 5500 1956 5538 om-

309 5579 590 5652 niumque
605 5595 1011 5636 successorum
1035 5578 1162 5648 ejus
1185 5579 1572 5648 augustorum
1590 5573 1951 5644 auctoritate,

309 5667 680 5751 privilegium
709 5669 786 5728 sit
815 5664 1120 5727 monachis
1151 5661 1410 5739 praedicti
1433 5661 1678 5722 coanobii
1698 5661 1953 5742 eligendi

2067 3354 2138 3409 ob
2171 3353 2430 3408 diversas
2469 3369 2678 3408 causas
2725 3369 2791 3407 ac
2839 3353 3214 3410 necessitates
3244 3354 3584 3410 discurrunt
3609 3367 3718 3426 per

2067 3442 2292 3498 diversa
2337 3440 2482 3509 loca,
2517 3441 2619 3496 sed
2665 3457 2852 3514 neque
2882 3441 2955 3497 ab
2985 3441 3104 3499 ullo
3133 3443 3205 3498 de
3245 3446 3369 3499 tota
3398 3441 3624 3498 familia
3652 3443 3709 3498 S.

2067 3530 2384 3587 Salvatoris
2406 3529 2466 3586 in
2489 3529 2652 3586 nullo
2687 3535 2938 3586 mercato
2970 3532 3155 3605 regni,
3190 3531 3396 3600 nostri,
3428 3535 3719 3604 portuque

2067 3619 2278 3687 navali,
2312 3619 2399 3676 vel
2452 3619 2664 3676 naulus
2685 3619 2775 3676 vel
2805 3619 3073 3676 teloneus
3104 3621 3455 3694 requiratur,
3483 3621 3718 3694 sintque

2067 3726 2298 3781 semper
2324 3714 2381 3766 et
2437 3710 2652 3782 ubique
2711 3709 2782 3764 ab
2840 3709 3184 3781 hujusmodi
3243 3709 3611 3766 exactoribus
3659 3711 3720 3766 et

2065 3798 2362 3853 exactione
2393 3798 2689 3854 immunes
2739 3801 2797 3852 et
2825 3798 3034 3868 securi,
3069 3813 3422 3869 quocunque
3451 3796 3716 3853 locorum

2065 3885 2307 3941 ditionis
2337 3891 2547 3942 nostra;
2574 3885 2870 3957 potuerint
2906 3887 3222 3956 pervenire.
3272 3885 3498 3942 Placuit
3535 3885 3714 3942 etiam

2065 3973 2210 4029 illud
2262 3975 2627 4042 interserere,
2663 3977 2730 4029 ut
2767 3973 2815 4030 si
2838 3973 3069 4046 .aliquid
3100 3975 3296 4030 minus
3328 3973 3616 4047 reperitur
3642 3974 3714 4030 de

2066 4062 2468 4136 imperialibus
2497 4061 2725 4128 edictis,
2769 4061 3180 4135 regalibusque
3236 4063 3566 4136 praeceptis,
3621 4061 3714 4118 vel

2065 4150 2474 4208 instrumentis
2497 4151 2968 4224 chartarum,per
2993 4169 3124 4223 quas
3144 4151 3269 4210 loco
3294 4150 3631 4224 supradicto
3659 4155 3719 4207 et

2066 4240 2352 4296 nobilium
2385 4239 2523 4296 ﬁliis
2554 4255 2646 4295 res
2677 4239 2764 4294 vel
2797 4239 3016 4312 praedia
3039 4239 3304 4313 legaliter
3331 4239 3452 4296 sint
3480 4238 3714 4308 collata,

2065 4330 2219 4403 quod
2245 4335 2370 4384 tum
2388 4328 2744 4384 erematione
2769 4327 3024 4384 incendii
3047 4329 3182 4384 facti
3206 4344 3312 4402 per
3329 4328 3719 4402 irruptionem

2065 4434 2566 4491 paganorum,seu
2606 4416 3191 4490 aliquanegligentia,
3223 4415 3312 4473 vel
3340 4417 3526 4473 nimia
3553 4421 3716 4474 vetu-

2066 4511 2214 4563 state
2273 4507 2569 4579 deperisse
2636 4507 2916 4576 probatur
2958 4523 2971 4573 ;
3028 4505 3227 4562 nullus
3271 4511 3476 4562 contra
3520 4505 3715 4562 locum

2065 4595 2232 4650 illum
2291 4596 2536 4666 ejusque
2593 4593 2896 4668 privilegia
2953 4594 3182 4667 aliquas
3221 4595 3602 4668 repetitiones
3631 4593 3723 4649 vel

2067 4683 2403 4739 occasiones
2425 4686 2659 4754 propter
2678 4681 3019 4754 hujusmodi
3041 4700 3164 4739 rem
3189 4699 3420 4739 movere
3446 4683 3722 4755 deinceps

2067 4776 2417 4844 praesumat;
2461 4771 2561 4826 sed
2589 4772 2978 4843 quodcunque
3000 4771 3084 4826 illi
3117 4772 3242 4828 loco
3275 4771 3717 4830 secundum-le-

2069 4877 2200 4933 gem
2216 4877 2248 4915 a
2265 4876 2614 4932 quocunque
2635 4859 2911 4916 collatum
2931 4860 3336 4929 est,hactenus
3359 4861 3488 4917 sine
3509 4859 3717 4933 repeti-

2067 4951 2223 5004 tione
2252 4949 2531 5022 possedit,
2548 4949 2774 5022 jugiter
2794 4949 3017 5022 absque
3047 4949 3507 5006 contradictione
3539 4949 3716 5004 alicu-

2058 5039 2160 5108 jus
2192 5038 2509 5110 possideat,
2542 5042 2600 5094 et
2639 5038 2688 5093 si
2723 5037 2923 5110 aliqua
2952 5038 3160 5094 exinde
3217 5055 3320 5112 per
3366 5038 3714 5110 pravitatem

2067 5144 2375 5200 pravorum
2405 5126 2714 5183 hominum
2762 5131 2902 5182 sunt
2961 5127 3175 5184 educta
3230 5127 3352 5183 sive
3393 5127 3714 5193 subtracta,

2067 5216 2360 5288 repetendi
2383 5233 2450 5272 ea
2469 5215 2714 5271 liberam
2747 5215 2960 5271 habeat
3007 5214 3370 5272 facultatem.
3407 5215 3564 5271 Inter
3592 5215 3717 5272 haac

2065 5304 2336 5362 liberales
2349 5321 2582 5378 quoque
2603 5303 3135 5376 donationes,quas
3165 5304 3502 5362 decessores
3532 5303 3717 5361 nostri

2065 5411 2229 5466 reges
2249 5393 2375 5451 loco
2405 5394 2592 5450 eidem
2624 5392 3018 5459 contulerunt,
3065 5393 3354 5466 reperitur
3389 5393 3500 5449 hoc
3531 5391 3602 5448 ab
3633 5392 3719 5449 eis

2063 5500 2190 5540 esse
2217 5501 2581 5552 concessum,
2637 5487 2927 5555 quatenus
2987 5483 3036 5538 si
3097 5487 3352 5539 rectores
3403 5483 3533 5554 ejus
3576 5480 3721 5538 utile

2058 5573 2466 5644 judicaverint,
2501 5575 2823 5628 nercatum
2857 5574 3130 5628 statuant
3151 5571 3211 5628 in
3238 5587 3588 5644 quocunque
3616 5587 3721 5644 po-

2060 5662 2289 5722 testatis
2315 5679 2434 5723 sue
2466 5661 2590 5721 loco
2619 5659 2929 5733 voluerint,
2961 5660 3304 5738 propriique
3334 5659 3720 5732 numis‘matis
