3976 6352
221 383 386 454 1125

1570 387 1962 456 HENRICUS
2000 384 2083 455 IV
2120 386 2287 457 IMP.

3476 386 3635 455 4126

227 525 964 598 percussuram,monetam
998 516 1262 580 videlicet
1278 523 1525 580 faciendi
1544 525 1783 596 ibidem,
1810 544 1882 583 ex
1905 530 1960 596 Α
1988 527 2188 583 tinuas
2218 541 2417 597 preces
2439 524 2782 597 debitasque
2808 520 2922 580 Deo
2969 522 3173 580 laudes
3204 526 3297 581 die
3348 532 3630 600 nocteque

226 614 390 687 regia
413 614 698 670 haberent
727 612 1071 670 auctoritate
1117 612 1433 669 licentiam.
1468 615 1629 679 Quod
1660 620 1717 671 et
1745 632 1873 683 nos,

227 702 277 759 si
310 703 396 760 sic
425 703 609 759 abbas
641 702 1037 759 necessarium
1069 701 1319 769 duxerit,
1381 700 1632 759 libenter
1667 703 1878 759 annui-

227 807 385 863 mus,
403 795 463 848 et
494 792 836 848 auctoritate
868 795 1068 847 nostra
1095 792 1462 859 roboramus,
1497 791 1689 864 sitque
1713 792 1877 849 locus

228 879 326 936 ille
355 879 846 953 prmelarissimus
904 879 1015 936 sub
1073 878 1381 947 tutamine,
1442 884 1499 936 et
1555 881 1877 938 emunitate

228 974 443 1025 nostrae
475 966 854 1036 defensionis,
890 968 1062 1024 sicuti
1094 968 1276 1025 fuisse
1302 969 1585 1040 probatur
1609 970 1718 1026 sub
1750 987 1875 1025 om-

230 1056 396 1114 nium
428 1057 530 1130 qui
561 1062 695 1113 ante
723 1074 830 1113 nos
860 1057 1097 1113 fuerunt
1124 1073 1330 1130 regum
1362 1057 1706 1114 tuitione.Et
1737 1057 1877 1131 quia

228 1162 332 1203 rex
350 1144 601 1203 caelestis
623 1146 888 1218 ejusdem
908 1144 1019 1201 loci
1050 1145 1420 1219 peculiariter
1447 1163 1563 1203 non
1595 1147 1874 1219 dedigna-

229 1237 329 1290 tur
356 1250 485 1290 esse
512 1250 840 1306 possessor,
903 1250 1038 1290 cum
1087 1237 1247 1290 totus
1301 1235 1431 1306 ejus
1476 1234 1554 1290 sit
1598 1234 1757 1290 orbis
1786 1234 1873 1307 ip-

229 1324 472 1396 siusque
505 1322 829 1396 plenitudo,
859 1339 958 1378 rex
989 1327 1254 1380 terrenus
1288 1323 1348 1379 in
1380 1328 1666 1394 quantum
1699 1321 1873 1389 valet,

228 1412 302 1467 ad
325 1410 509 1467 vicem
538 1411 721 1483 hujus
750 1411 1134 1485 infatigabilis
1158 1412 1389 1468 studeat
1409 1427 1537 1468 esse
1580 1412 1871 1483 defensor,

230 1506 523 1572 quatenus
552 1500 769 1557 milites
814 1500 1028 1556 Christi
1072 1500 1216 1556 inibi
1261 1501 1536 1573 degentes
1567 1517 1671 1572 pro
1702 1500 1874 1556 nobis

228 1588 578 1661 cunctisque
601 1589 672 1645 ad
697 1606 802 1645 nos
824 1588 1272 1661 pertinentibus,
1298 1593 1471 1660 atque
1495 1588 1658 1661 regni
1691 1588 1872 1644 nostri

230 1680 628 1744 statu,cuncta
646 1677 823 1734 etiam
836 1676 895 1732 in
914 1681 1032 1733 toto
1054 1678 1191 1733 orbe
1203 1676 1417 1733 diffusa
1445 1676 1722 1743 Ecclesia,
1737 1693 1871 1732 con-

1987 614 2318 688 persolvere
2349 612 2616 669 alacriter
2646 618 2887 669 certent.
2920 617 2987 668 Et
3019 618 3082 667 ut
3111 600 3232 669 haec
3263 613 3633 672 liberalitatis

1987 706 2200 759 nostra:
2261 702 2552 758 institutio
2611 702 2929 757 ﬁrmiorem
2990 702 3049 756 in
3106 702 3205 758 Dei
3264 704 3502 759 nomine
3533 721 3635 776 per

1985 792 2184 848 omnia
2214 790 2411 846 futura
2440 796 2706 862 tempora
2731 791 2991 846 obtineat
3023 791 3425 860 stabilitatem,
3452 809 3632 849 manu

1987 884 2187 936 nostra
2236 880 2449 935 subtus
2506 895 2635 934 eam
2685 879 3069 944 ﬁrmavimus,
3119 879 3416 953 sigillique
3448 881 3633 937 nostri

1985 968 2373 1040 impressione
2396 967 2693 1040 jussimus
2724 967 3014 1040 insigniri.

2054 1057 2286 1128 Signum
2315 1056 2505 1112 damni
2532 1056 2776 1111 Heinrici
2804 1058 2990 1128 quarti
3017 1058 3181 1128 regis.

2053 1144 2399 1200 Winiterius
2424 1143 2808 1200 cancellarius
2836 1145 2956 1200 vice
2999 1145 3295 1201 Luitholdi
3332 1145 3633 1201 archican-

1984 1233 2223 1301 cellarii,
2258 1231 2680 1305 archiepiscopi
2713 1232 3042 1305 recognovi.

2052 1321 2197 1377 Data
2222 1338 2409 1377 nonas
2440 1321 2795 1388 Decembris,
2831 1338 2982 1376 anno
3012 1322 3327 1378 Dominicaa
3356 1327 3638 1379 Incarna-

1981 1411 2159 1466 tionis
2193 1411 2350 1479 1056,
2373 1409 2685 1464 indictione
2716 1427 2792 1477 1x,
2820 1426 2972 1464 anno
3000 1415 3195 1465 autem
3228 1412 3430 1467 domni
3457 1411 3631 1467 Hein-

1985 1499 2089 1553 rici
2121 1498 2194 1554 IV
2224 1499 2377 1571 regis
2406 1499 2659 1554 ordinat.
2695 1515 2775 1565 ιιι,
2810 1498 2972 1571 regni
3007 1517 3043 1553 1.

2054 1590 2264 1643 Actum
2287 1587 2533 1643 Coloniae
2552 1587 2611 1641 in
2634 1587 2735 1643 Dei
2760 1587 2996 1643 nomine
3027 1586 3288 1644 feliciter.
3321 1590 3527 1646 Amen.

1135 1977 2000 2081 EENRIGUS
2091 1980 2273 2078 IV
2362 1980 2739 2078 IMP.

701 2165 924 2222 HUJUS
962 2164 1263 2220 NOMINIS
1292 2164 1510 2221 INTER
1549 2164 1779 2221 REGES
1811 2164 2159 2232 QUARTUS,
2211 2165 2431 2221 INTER
2468 2165 2839 2221 AUGUSTOS
2868 2167 3172 2222 TERTIUS

1623 2307 1779 2386 (An.
1846 2307 2246 2387 1056-1106.)

808 2459 1381 2553 HEINBICI
1452 2460 1607 2552 IV.
1680 2458 1927 2551 IMP.

2003 2457 3072 2551 CONSTITUTIONES

1203 2639 1429 2709 (Psn'rz,
1460 2636 1697 2691 Monum.
1733 2635 1907 2691 Germ.
1949 2637 2099 2700 hist.,
2142 2634 2273 2708 Leg.
2306 2640 2345 2691 t.
2384 2636 2452 2704 II,
2481 2652 2537 2707 p.
2573 2636 2684 2705 49.)

1735 2785 2158 2795 ——_—

566 2992 898 3032 CONVENTUS
938 2990 1424 3030 oransnnmsxsrs
1465 2974 1559 3047 (l).

819 3065 946 3137 (An.
982 3065 1141 3132 1076,
1173 3064 1321 3134 Oct.)

247 3155 552 3212 Promiin
581 3155 835 3212 Heinriei
888 3156 1058 3223 regis,
1123 3169 1289 3224 quam
1343 3154 1472 3224 fecit
1530 3151 1894 3207 Hildebrando

252 3256 261 3261 ~
699 3242 886 3297 papae,
918 3227 1016 3297 qui
1035 3233 1086 3281 et
1109 3225 1421 3294 Gregorius.

310 3331 565 3390 Consilio
591 3329 852 3387 ﬁdelium
886 3333 1219 3386 nostrorum
1242 3328 1600 3396 admonitus,
1619 3327 1893 3399 sediapo-

245 3420 463 3477 stolicai
496 3422 554 3475 et
582 3418 689 3474 tibi
719 3418 998 3492 Gregorio
1029 3434 1191 3490 papae
1224 3417 1481 3473 debitam
1524 3417 1583 3472 in
1614 3415 1890 3472 omnibus

243 3525 473 3567 servare
491 3507 881 3565 obedientiam
902 3507 1180 3579 promitto
1198 3507 1312 3575 ',et
1342 3522 1704 3578 quaecunque
1734 3505 1891 3576 ejus-

244 3599 377 3655 dem
401 3596 559 3655 sedis
608 3596 695 3652 vel
747 3596 830 3650 tui
884 3593 1124 3651 honoris
1154 3593 1470 3649 imminuto
1503 3611 1605 3666 per
1631 3610 1737 3650 nos
1766 3598 1893 3649 orta

243 3686 491 3752 videtur,
508 3685 711 3742 devota
729 3682 1123 3740 satisfactione
1145 3683 1454 3738 emendare
1476 3683 1710 3738 curabo.
1745 3682 1893 3748 Quia

244 3792 377 3832 vero
399 3773 666 3849 graviora
695 3773 963 3845 quaedam
994 3772 1065 3827 de
1112 3772 1282 3827 nobis
1321 3773 1641 3842 jactentur,
1674 3788 1800 3844 quae
1829 3770 1890 3826 in

244 3864 511 3921 eamdem
543 3862 741 3920 sedem
766 3865 823 3917 et
848 3865 1012 3917 tuam
1043 3860 1424 3917 reverentiam
1465 3860 1790 3928 statuerim,
1824 3877 1892 3915 ea

245 3968 503 4025 congruo
516 3956 777 4024 tempore
794 3952 816 3985 ³
837 3950 925 4006 vel
949 3950 1295 4006 innocentia:
1321 3948 1619 4021 suffragio,
1652 3948 1737 4004 vel
1771 3948 1892 4021 opi-

244 4040 470 4097 tulante
497 4040 635 4107 Deo,
679 4040 1037 4112 expurgabo,
1070 4038 1155 4095 vel
1187 4043 1313 4094 tum
1344 4039 1582 4093 demum
1641 4055 1745 4110 pro
1796 4038 1891 4093 his

245 4131 670 4202 competentem
690 4127 1094 4199 pmnitentiam
1127 4126 1377 4182 libenter
1397 4126 1734 4199 amplectar.
1749 4126 1893 4183 Con-

244 4217 614 4274 decetautem
635 4219 693 4271 et
711 4215 1080 4272 sanctitatem
1111 4220 1296 4284 tuam,
1329 4232 1396 4271 ea
1424 4231 1551 4287 quae
1583 4216 1654 4271 de
1685 4218 1739 4271 te
1767 4214 1889 4271 Vul-

1918 2890 1967 2955 B
2000 2884 2329 2954 chionibus,
2361 2884 2759 2952 comitibus,et
2788 2887 3193 2958 cujuscunque
3219 2887 3524 2960 dignitatis
3553 2905 3645 2945 or-

2002 2975 2149 3043 dini,
2178 2975 2345 3029 bonaa
2377 2991 2495 3029 suae
2525 2974 2842 3030 voluntatis
2876 2974 3192 3047 gloriosam
3223 2975 3645 3047 dignationem.

2002 3063 2148 3126 Quia
2161 3063 2603 3119 mansuetudini
2617 3068 2827 3119 nostra:
2842 3066 3045 3119 contra
3057 3065 3254 3119 sedem
3270 3065 3649 3137 apostolicam

2002 3153 2246 3224 ejusque
2258 3153 2653 3208 venerandum
2668 3152 2979 3224 praesulem
2993 3154 3277 3208 domuum
3302 3154 3647 3228 Gregorium

2000 3257 2211 3312 papam
2235 3241 2307 3294 ab
2331 3239 2628 3311 aliquibus
2647 3240 2993 3312 subreptum
3009 3257 3138 3296 esse
3154 3240 3414 3296 ﬁdelium
3429 3246 3652 3299 nostro-

2001 3345 2131 3384 rum
2164 3328 2533 3401 suggestione
2564 3328 3027 3400 recognovimus,
3061 3328 3281 3400 placuit
3311 3330 3481 3385 nobis
3498 3331 3651 3403 prio-

2000 3434 2122 3472 rem
2155 3417 2506 3473 sententiam
2539 3416 2763 3472 salubri
2792 3415 3036 3472 consilio
3095 3421 3344 3485 mutare,
3394 3422 3453 3472 et
3483 3435 3643 3475 more

1997 3509 2434 3561 antecessorum
2464 3504 3019 3577 progenitorumque
3076 3509 3410 3560 nostrorum
3453 3506 3644 3563 eidem

1998 3599 2379 3649 sacrosanctae
2401 3593 2524 3649 sedi
2548 3596 2605 3647 et
2626 3593 2723 3665 qui
2751 3593 2801 3648 ei
2824 3593 3644 3665 praeessedignoscitur,dom-

1999 3698 2073 3737 no
2105 3682 2381 3755 Gregorio
2412 3699 2593 3753 papae,
2620 3699 2723 3753 per
2742 3680 2940 3737 omnia
2959 3680 3218 3736 debitam
3245 3698 3475 3738 servare
3508 3684 3646 3746 ohe-

1998 3770 2302 3838 dientiam,
2330 3776 2384 3826 et
2420 3770 2469 3825 si
2502 3769 2641 3841 quid
2676 3770 2733 3824 in
2767 3785 2902 3825 eum
2945 3771 3181 3843 gravius
3221 3775 3647 3844 praesumptum

1998 3864 2108 3925 est,
2141 3858 2490 3931 competenti
2528 3858 2926 3914 satisfactione
2957 3875 3325 3930 componere.
3351 3859 3643 3916 Volumus

2000 3952 2218 4014 autem,
2251 3953 2316 4003 ut
2345 3952 2402 4002 et
2431 3964 2532 4003 vos
2562 3947 2893 4003 serenitatis
2924 3952 3135 4003 nostrae
3155 3948 3419 4021 exemplo
3445 3950 3645 4005 admo-

1998 4036 2126 4102 niti,
2159 4036 2480 4092 solemnem
2507 4037 2675 4091 beato
2707 4035 2876 4090 Petro
2902 4035 3151 4108 ejusque
3180 4035 3392 4092 vicario
3417 4037 3652 4093 satisfa-

1999 4124 2247 4181 ctionem
2272 4124 2541 4182 exhibere
2566 4141 2683 4180 non
2716 4123 2997 4180 dubitetis
3026 4125 3067 4192 3,
3096 4132 3150 4179 et
3170 4125 3505 4198 quicunque
3525 4127 3654 4198 ejus

1999 4215 2192 4270 banno
2245 4230 2307 4270 se
2364 4214 2634 4270 astrictos
2687 4212 3041 4286 intelligunt,
3091 4215 3162 4269 ab
3218 4214 3343 4286 ipso
3388 4214 3654 4272 videlicet

246 4262 614 4274 ..-νη-..-νη
637 4262 1080 4272 --....----.-..--..-
1116 4262 1296 4284 --.....,
1331 4262 1396 4271 ν..
1427 4262 1550 4287 η-νν
1584 4262 1654 4271 ..ν
1688 4262 1738 4271 η
1780 4262 1865 4271 ...-
1999 4262 2189 4270 ...πυ--
2245 4262 2306 4270 υ-
2365 4262 2632 4270 am---"
2688 4262 3041 4286 --------c,_---,
3092 4262 3159 4269 _-
3219 4262 3340 4286 τ--
3400 4262 3649 4272 πρυ.---

242 4308 377 4378 gata
408 4302 753 4361 scandalum
776 4303 1029 4360 ecclesiae
1048 4304 1302 4376 pariunt,
1338 4320 1453 4359 non
1487 4302 1885 4375 dissimulare,
1917 4262 1961 4329 ρ
2000 4304 2212 4359 domno
2245 4320 2395 4374 papa
2420 4301 2696 4375 Gregorio
2720 4301 3059 4358 solemniter
3079 4302 3303 4359 absolvi
3326 4301 3649 4361 elaborent.

246 4394 348 4452 sed
380 4397 600 4449 remoto
623 4410 657 4447 a
686 4392 919 4465 publica
967 4392 1321 4449 conscientia
1367 4396 1422 4448 et
1452 4392 1560 4447 hoc
1591 4391 1890 4465 scrupulo,

248 4480 637 4539 universalem
650 4485 770 4536 tam
798 4479 1051 4537 ecclesiae
1084 4497 1261 4553 quam
1292 4480 1456 4554 regni
1502 4480 1891 4552 tranquillita-

244 4576 364 4628 tem
396 4586 501 4643 per
529 4573 689 4625 tuam
722 4569 1069 4642 sapientiam
1102 4568 1370 4626 stabiliri.

792 4657 1043 4713 Edictum
1069 4662 1339 4726 generate.

319 4748 386 4804 Η.
425 4746 523 4804 Dei
549 4747 737 4820 gratia
766 4763 884 4813 rex,
905 4746 1378 4819 archiepiscopis,
1397 4746 1709 4819 episcopis,
1739 4762 1892 4801 mar-

2394 4496 2723 4534 coxvnx'ws
2761 4496 3118 4535 TRICINENSIS
3159 4481 3258 4551 (2).

2287 4568 2349 4621 In
2378 4568 2604 4623 consilio
2637 4569 2880 4622 Heinrici
2909 4569 3253 4639 imperatoris
3270 4569 3358 4624 IlI.

2075 4656 2359 4718 Quoniam
2392 4662 2655 4710 sanctam
2690 4655 2785 4709 Dei
2835 4654 3141 4711 ecclesiam
3201 4673 3235 4710 a
3286 4671 3649 4727 paganorum

2004 4743 2648 4817 persecutionibus,Deo
2664 4743 2926 4812 juvante,
2943 4744 3193 4799 cessisse
3218 4745 3647 4815 cognoscimus,

1609 4862 1851 4918 VARl/E
1887 4859 2293 4916 LECTIONES.

320 4954 336 4987 ¹
360 4969 417 5026 p.
450 4968 500 5009 s.
532 4967 588 5007 ο.
609 4954 664 5007 2.
740 4952 762 4987 ²
784 4952 1063 5025 temporis
1084 4951 1135 5007 4.
1213 4952 1235 4985 ³
1254 4951 1533 5008 recusetis
1552 4953 1605 5005 2.

1778 5038 2010 5095 NOTIE.

319 5145 723 5273 (iAI’romissio
744 5146 901 5221 regis
923 5148 998 5230 de
1016 5146 1348 5229 obedientia
1372 5163 1533 5273 pag/aa
1566 5147 1901 5230 praestanda

333 5236 366 5273 θ
414 5222 592 5273 ictum
623 5218 694 5273 de
724 5224 957 5273 cassata
986 5237 1044 5273 in
1076 5218 1417 5273 Gregorium
1510 5217 1559 5273 II
1608 5221 1900 5273 sententia

249 5224 307 5276 et
333 5217 694 5292 edictumgde
724 5217 957 5292 cas'sata
986 5217 1417 5292 in‘Gregorium
1450 5217 1585 5273 VII‘
1608 5217 1900 5292 sententia

250 5291 558 5347 conventui
581 5289 1072 5415 Dppenheimensj
1094 5288 1440 5372 ascribenda
1460 5303 1589 5371 esse
1606 5288 1892 5345 videntur.

250 5365 565 5415 Servantur
583 5378 643 5415 1n
702 5361 717 5415 l
742 5362 940 5415 codice
969 5360 1263 5415 emstolari
1288 5361 1539 5415 Udalrici
1570 5358 1892 5415 Babenber-

248 5358 653 5441 Servanturirg
666 5358 718 5441 i)_
742 5361 940 5441 codice
969 5360 1263 5441 epistulari
1288 5361 1539 5441 Udalrici
1570 5358 1897 5441 Babenber-

249 5433 448 5507 gensis
470 5449 528 5487 n.
555 5432 657 5487 145
672 5430 728 5487 et
748 5432 853 5488 455
873 5430 1047 5506 atque
1077 5432 1135 5498 2)
1167 5432 1225 5487 in
1259 5431 1454 5487 codice
1482 5431 1640 5502 regio
1667 5430 1897 5487 Hanno-

249 5520 465 5560 verano
496 5501 594 5557 fol.
627 5504 698 5559 53
725 5508 781 5559 et
807 5505 913 5571 5/1;
965 5504 1225 5559 edictum
1280 5519 1513 5573 quoque
1566 5502 1896 5573 Tegnagelli

248 5520 465 5560 verano
496 5518 594 5557 ποι.
627 5518 698 5559 οδ
725 5518 781 5559 et
807 5518 913 5571 5/1;
965 5518 1225 5559 edictum
1280 5519 1513 5575 quoque
1566 5518 1800 5575 '1'egnag

251 5574 588 5632 Collectioni
621 5590 678 5632 ns
711 5575 819 5630 342
847 5574 1136 5630 insertum
1166 5579 1272 5631 est.

274 5666 275 5669 η
325 5646 403 5727 (2)
433 5647 578 5706 Acta
607 5642 752 5719 haec,
784 5646 845 5707 in
875 5646 1222 5708 membrana
1241 5644 1441 5707 saeculi
1464 5661 1519 5704 x1
1562 5642 1780 5707 archivi
1811 5661 1901 5704 ca-

2007 5145 2292 5203 thedralis
2317 5142 2570 5217 ecclesiae
2592 5143 2834 5217 Parmen
2843 5143 2924 5199 sis
2941 5145 3012 5200 ab
3028 5145 3243 5202 Irenaeo
3262 5146 3386 5202 Aﬂ‘o
3400 5151 3647 5217 reperta,

2008 5218 2194 5274 edidit
2222 5215 2518 5279 Canciani,
2550 5220 2591 5269 t.
2616 5214 2693 5287 7V,
2734 5232 2791 5287 p.
2834 5216 2926 5280 45,
2959 5218 3027 5270 46
3056 5235 3069 5284 ;
3121 5219 3277 5274 unde
3323 5236 3408 5285 ea,
3442 5214 3648 5274 distinQ

2008 5291 2201 5367 ctione
2233 5288 2465 5367 meliori
2480 5286 2792 5367 instituta,
2805 5288 3240 5367 proponimus._
3259 5290 3417 5367 {Etas
3446 5306 3650 5367 eorum

2008 5377 2138 5415 cum
2172 5360 2393 5416 incerta
2421 5358 2591 5426 sit,ea
2618 5357 2967 5430 expeditioni
2992 5358 3243 5414 Heinrici
3271 5360 3478 5415 Italicae
3511 5361 3651 5416 anni

2009 5433 2291 5510 1081,9ua
2316 5432 2643 5510 Romanum
2668 5429 2778 5510 iter
2797 5444 3343 5510 aggress.urus,_cum
3362 5430 3651 5503 episcopis

2008 5500 2344 5574 cmterisque
2363 5501 2779 5574 Langobardize
2803 5500 3162 5572 primoribus
3174 5502 3244 5557 de
3259 5500 3434 5557 rebus
3446 5500 3650 5574 eorum

2007 5572 2277 5630 tractavit
2303 5572 2642 5650 (Nonianum,
2676 5574 2794 5650 Vita
2841 5574 3134 5643 Bennom's,
3186 5589 3235 5631 c.
3267 5574 3379 5648 22),
3412 5572 3650 5650 potissi~

2006 5660 2172 5704 mum
2205 5644 2550 5705 ascribenda
2580 5643 2938 5705 censuimus.
