3976 6422
327 334 501 416 1127'

1690 342 1999 410 MONUM.
2045 333 2362 406 DIPLOM.

3566 337 3732 419 uss

325 490 503 545 nimis
523 488 838 544 dolendum
860 486 1238 552 est,eamdem
1261 482 1472 538 horum
1506 481 1604 555 qui
1635 479 1961 536 Christiano
1993 479 2048 544 Α
2079 476 2414 531 admonitus
2460 474 2641 529 fuero.
2692 473 2824 529 Haec
2875 472 3071 528 omnia
3125 487 3229 544 per
3275 472 3475 529 decem
3536 455 3728 528 annos

325 583 635 635 censentur
665 577 899 632 nomine
931 573 1218 631 attenuari
1274 571 1790 643 oppugnatinibus.
1856 570 1966 624 Res

323 668 520 739 itaque
541 665 919 720 ecclesiarum
951 668 1386 718 antecessorum
1418 662 1748 714 nostrorum
1792 673 1968 728 opera

323 754 769 827 opulentissime
793 749 1585 826 congestas,eorumdcmque
1611 746 1845 802 solertia
1877 746 1963 798 in-

321 843 631 915 tegerrime
653 842 1180 911 conservatas,jam
1204 854 1358 892 nunc
1384 838 1716 908 iniquorum
1739 841 1964 889 nostro-

321 949 454 987 rum
487 932 796 988 hominum
828 947 1003 1004 opera
1027 929 1230 983 fraude
1253 931 1309 982 et
1338 926 1566 982 astucia
1613 925 1961 987 attenuatae,

319 1023 438 1077 fore
468 1022 706 1077 omnino
729 1018 1124 1090 conspicimus
1145 1014 1582 1086 dissipatas.Ad
1614 1011 1963 1068 devastatio-

321 1128 425 1166 nes
449 1111 644 1182 itaque
666 1108 1047 1164 ecclesiarum
1075 1110 1322 1161 utuntur
1348 1102 1656 1158 libellariis
1687 1104 1848 1157 extra
1884 1099 1964 1154 le-

320 1215 452 1270 gem
473 1197 730 1268 scriptis,
767 1194 1061 1266 precariis,
1090 1191 1672 1256 commutationibus,
1707 1189 1764 1243 in
1797 1187 1964 1243 detri-

319 1290 513 1342 mento
542 1301 735 1339 rerum
771 1283 1296 1340 ecclesiasticarum
1356 1279 1546 1336 factis.
1607 1280 1862 1344 Quorum
1905 1279 1966 1330 ut

316 1378 502 1430 cesset
531 1372 791 1428 insolens
823 1373 1096 1442 impetus,
1140 1370 1394 1426 decrevit
1447 1370 1649 1423 sancta
1707 1365 1963 1438 synodus

314 1461 406 1515 cui
431 1459 695 1515 interfuit
742 1458 948 1513 tertius
996 1476 1095 1513 rex
1119 1457 1459 1513 Heinricus:
1515 1454 1828 1509 De‘rebus
1869 1468 1962 1507 ec-

316 1549 625 1604 clesiarum
650 1547 940 1603 libellaria
959 1548 1191 1618 penitus
1223 1545 1385 1600 nulla
1434 1543 1578 1609 fieri,
1605 1544 1842 1614 jussum
1875 1545 1965 1596 est

316 1637 661 1709 antiquitus,
696 1641 751 1691 et
776 1637 950 1705 nosid
977 1637 1170 1707 ipsum
1194 1635 1304 1690 sub
1327 1633 1696 1688 anathemate
1719 1629 1960 1686 interdi-

315 1727 522 1781 cimus.
551 1725 628 1779 De
649 1724 851 1779 hazresi
878 1724 1232 1789 simoniaca;
1257 1739 1386 1792 qua:
1410 1721 1684 1793 quoniam
1718 1718 1962 1774 increvit

316 1815 740 1884 inepta,sancta
763 1811 1012 1867 decrevit
1032 1813 1051 1845 ⁵
1075 1811 1352 1882 synodus,
1371 1808 1599 1864 nullum
1623 1807 1958 1906 episcopum
1992 1843 2038 1906 Β

315 1909 416 1957 aut
446 1901 819 1957 ecclesiarum
856 1900 1348 1955 consecrationem
1383 1903 1482 1953 aut
1535 1897 1840 1952 clericatus
1870 1893 1955 1949 vel

315 1992 577 2047 ordinem
604 1995 704 2044 aut
735 1989 1128 2053 diaconatum,
1162 1988 1302 2042 aut6
1338 1987 1824 2058 presbyteratum,
1857 1987 1958 2038 aut

315 2079 852 2135 commendationes
875 2076 1166 2142 altarium,
1200 2080 1300 2131 aut
1319 2075 1659 2130 traditiones
1687 2073 1957 2129 ecclesia-

315 2185 472 2232 rum,
507 2174 607 2222 aut
636 2166 923 2232 abbatias,
943 2169 1044 2220 aut
1065 2165 1479 2236 prmposituras
1499 2163 1746 2218 vendere
1771 2179 1782 2230 ;
1805 2161 1959 2233 quis-

317 2257 449 2329 quis
507 2255 845 2311 conduxerit
900 2259 1000 2310 aut
1055 2253 1398 2319 vendiderit,
1470 2251 1782 2307 anathema
1859 2250 1952 2305 sit.

319 2347 483 2400 Fiat..

315 2454 388 2507 De
414 2455 678 2523 praecepto
706 2455 755 2523 et
779 2451 938 2520 ﬁrma
980 2448 1241 2523 ﬁdelitate
1286 2449 1532 2503 Ileinrici
1571 2449 1720 2523 regis
1769 2450 1957 2501 contra

525 2519 920 2593 deprzrdatores
950 2537 1014 2574 ac
1049 2521 1383 2575 scachatores
1421 2520 1579 2590 regni
1605 2519 1739 2589 ejus.

382 2612 466 2665 Ab
495 2609 604 2665 hac
626 2611 769 2664 hora
789 2609 848 2663 in
865 2613 1036 2664 antea
1057 2609 1343 2679 adjuvabn
1375 2608 1709 2662 Heinricum
1761 2622 1955 2678 regem

318 2701 415 2772 qui
439 2717 594 2754 nunc
619 2698 898 2771 regnatin
925 2697 1112 2766 Italia,
1144 2701 1202 2751 et
1241 2696 1478 2751 nuntios
1509 2697 1658 2765 ejus,
1691 2699 1748 2750 et
1777 2695 1954 2750 comi-

316 2795 402 2844 tes
429 2805 576 2860 quos
599 2789 724 2859 ipse
747 2787 817 2840 ad
861 2786 968 2840 hoc
991 2784 1227 2856 elegerit
1271 2786 1341 2838 ad
1367 2784 1664 2855 justitiam
1690 2788 1745 2838 et
1771 2783 1956 2854 legem

319 2878 664 2941 faciendam,
699 2875 1035 2946 dependens
1069 2873 1391 2927 secundum
1424 2872 1955 2941 rectumjudicium

318 2971 374 3020 et
396 2967 464 3020 de
482 2964 706 3020 caeteris
729 2964 904 3017 rebus
927 2978 1074 3032 quas
1098 2962 1281 3016 facere
1305 2960 1394 3016 lex
1421 2960 1722 3032 prohibet;
1757 2960 1827 3014 de
1856 2959 1954 3014 be-

317 3053 540 3109 neficiis
563 3056 757 3105 autem
792 3051 1116 3105 secundum
1149 3053 1371 3104 rectum
1399 3049 1687 3120 judicium
1722 3065 1955 3120 compa-

313 3139 1072 3205 rium.Furtum,schacum,
1099 3137 1185 3192 vel
1219 3138 1506 3209 rapinam,
1546 3143 1645 3192 aut
1675 3137 1952 3209 praedam,

317 3247 410 3285 me
442 3230 660 3284 sciente
690 3227 775 3282 vel
811 3244 937 3282 mea
967 3231 1172 3298 sponte
1215 3243 1328 3281 non
1389 3226 1596 3280 faciam
1659 3227 1812 3280 ultra
1855 3243 1954 3280 sex

318 3319 536 3374 solidos
561 3317 619 3372 in
652 3316 1204 3382 anno.Incendium,
1237 3315 1324 3370 vel
1362 3314 1576 3370 saltum
1611 3316 1680 3369 ad
1715 3315 1954 3370 castella

316 3413 372 3463 et
393 3408 463 3462 ad
485 3407 831 3471 domos,non
857 3404 1149 3460 faciam.Si
1174 3404 1316 3459 forte
1348 3405 1603 3459 evenerit
1632 3409 1696 3457 ut
1722 3402 1952 3472 faciam,

315 3495 467 3552 infra
498 3513 680 3550 unum
731 3511 990 3549 mensem
1047 3493 1305 3565 idipsum
1352 3493 1399 3546 si
1442 3497 1638 3564 potero
1671 3492 1950 3560 reddam;

315 3587 362 3640 si
387 3601 518 3640 vero
547 3585 802 3656 idipsum
847 3584 1083 3638 reddere
1106 3599 1220 3638 non
1244 3586 1461 3652 potero,
1496 3582 1818 3636 secundum
1846 3581 1954 3635 hoc

315 3676 469 3745 quod
492 3674 736 3728 valuerit
759 3673 1082 3743 restituam,
1117 3671 1167 3725 si
1191 3671 1448 3740 accipere
1487 3669 1732 3724 voluerit
1780 3669 1829 3724 is
1861 3669 1954 3724 cui

315 3766 595 3818 damnum
627 3762 855 3817 illatum
891 3761 1086 3816 fuerit.
1121 3759 1176 3813 Si
1210 3776 1309 3830 per
1349 3775 1535 3813 meam
1568 3757 1799 3829 culpam
1830 3757 1952 3812 ine-

315 3854 657 3907 mendatum
676 3849 1025 3905 remanserit
1048 3849 1198 3902 infra
1248 3864 1430 3902 unum
1477 3847 1956 3917 mensem,juxta

315 3941 470 4009 quod
520 3939 612 3994 lex
643 3938 904 4010 praecipit
934 3937 1277 4005 emendabo,
1306 3937 1354 3990 si
1384 3935 1644 4008 legaliter
1674 3935 1954 3990 invitatus

315 4029 496 4082 fuero.
532 4027 646 4081 Hos
677 4043 810 4080 vero
860 4024 1127 4080 homines
1159 4023 1256 4096 qui
1280 4024 1737 4095 hocjuramento
1771 4024 1956 4078 facere

318 4115 631 4180 noluerint,
665 4119 767 4168 aut
817 4114 1030 4168 factum
1071 4112 1470 4180 violaverint",
1505 4113 1838 4168 Heinricum
1873 4128 1956 4165 re-

317 4210 580 4276 gem,aut
601 4220 774 4259 suum
806 4207 1026 4257 certum
1051 4202 1320 4257 nuntium
1354 4207 1452 4257 aut
1483 4202 1823 4274 episcopum
1857 4205 1958 4256 aut

318 4293 586 4348 comitem
622 4295 724 4364 qui
759 4309 850 4346 me
883 4291 951 4346 ad
993 4291 1098 4346 hoc
1132 4291 1456 4346 invitaverit
1503 4308 1603 4362 per
1635 4294 1852 4344 rectam
1888 4290 1954 4343 ﬁ-

319 4381 451 4434 dem
475 4380 762 4448 adjuvabo
777 4379 1422 4446 devastare,secundum
1438 4382 1787 4449 praeceptum
1806 4375 1958 4448 regis

320 4472 420 4523 aut
442 4469 531 4521 sui
564 4467 705 4521 certi
753 4467 960 4521 nuntii.
997 4473 1072 4522 De
1104 4484 1194 4523 me
1227 4469 1352 4539 ipso
1376 4467 1612 4537 quidem
1643 4466 1958 4536 unicuique

2076 565 2416 629 observabo,
2449 566 2684 634 excepto
2709 562 2758 617 si
2781 562 2838 617 in
2861 561 3226 632 expeditione
3271 565 3372 616 aut
3401 560 3460 615 in
3491 561 3728 616 hostem

2073 652 2191 707 iero
2243 669 2344 722 per
2401 655 2752 723 praeceptum
2813 651 2985 722 regis,
3043 648 3132 705 vel
3189 665 3366 720 super
3412 649 3729 704 inimicum

2074 740 2282 811 ipsius,
2308 745 2410 794 aut
2426 756 2600 812 super
2627 738 2796 793 illum
2821 738 2919 810 qui
2950 737 3059 792 hoc
3090 739 3294 808 jurare
3331 736 3591 793 noluerit
3623 742 3730 792 aut

2073 829 2296 883 factum
2320 828 2633 895 violaverit,
2660 826 2820 884 salva
2843 825 3125 882 ﬁdelitate
3147 829 3205 882 et
3236 829 3523 898 praecepto
3553 825 3732 882 Hein-

2077 916 2180 972 rici
2210 916 2389 988 regis.

2851 1031 2954 1085 III.

2523 1135 2854 1175 CONVENTUS
2885 1134 3043 1174 MOGU
3052 1135 3279 1174 NTINUS.

2575 1226 2704 1296 (An.
2741 1225 2898 1291 1084,
2942 1224 3078 1282 Nov.
3112 1224 3227 1294 29.)

2075 1344 2299 1400 Litterae
2355 1343 2703 1413 imperatori:
2759 1341 3266 1467 quibigtprt'ncipes
3307 1340 3377 1396 ad
3405 1345 3730 1397 conventum

2788 1429 2902 1467 mm
2994 1453 3004 1465 .

2788 1429 2902 1467 mm
2910 1429 3004 1467 ιαι.

2144 1555 2447 1610 Heinricus
2501 1554 2594 1608 Dei
2619 1555 2806 1625 gratia
2831 1555 3227 1609 Romanorum
3277 1553 3596 1626 imperator
3616 1568 3724 1607 au-

2073 1648 2280 1715 gustus
2302 1644 2368 1697 R.
2383 1643 2402 1676 δ
2419 1641 2886 1714 Babenbergensi
2909 1641 3164 1697 ecclesia:
3185 1642 3454 1714 episcopo
3475 1640 3727 1713 gratiam

2074 1737 2130 1787 et
2162 1748 2332 1787 omne
2365 1732 2605 1786 bonum.
2641 1731 2856 1786 Notum
2905 1735 2994 1786 est
3039 1730 3166 1798 tibi,
3210 1734 3431 1802 quanto
3465 1728 3725 1802 periculo

2072 1825 2194 1875 tota
2217 1820 2460 1875 ﬂuctuat
2484 1819 2748 1883 ecclesia,
2782 1823 3039 1891 quantus
3061 1835 3222 1875 error
3250 1819 3311 1873 in
3341 1817 3502 1874 omni
3533 1817 3726 1890 surgit

2070 1908 2685 1979 Saxonia,quantaque
2710 1905 3067 1962 desolatione
3089 1906 3302 1962 nobilis
3323 1905 3424 1961 illa
3444 1906 3723 1962 Metensis

2068 1996 2302 2069 penitus
2347 1996 2670 2051 destruitur
2716 1995 2980 2062 ecclesia,
3015 1999 3071 2050 et
3110 2011 3223 2050 non
3258 1993 3448 2050 solum
3481 1994 3584 2063 ibi,
3617 1995 3719 2050 sed

2068 2090 2123 2139 et
2143 2085 2201 2138 in
2228 2084 2473 2139 diversis
2497 2083 2764 2156 partibus
2814 2083 3058 2139 ecclesia
3081 2083 3264 2138 nostri
3302 2083 3586 2138 dividitur
3611 2082 3722 2138 im-

2066 2171 2431 2244 perii.Igitur
2461 2171 2702 2227 consilio
2734 2176 3066 2227 nostrorum
3093 2169 3358 2226 ﬁdelium
3400 2170 3720 2226 statuimus

2067 2261 2530 2332 ﬁeriMoguntiae
2590 2259 2947 2332 colloquium
3001 2259 3059 2314 in
3119 2258 3414 2315 dominico
3459 2258 3553 2314 die
3583 2263 3719 2315 ante

2065 2349 2396 2420 proximum
2429 2351 2614 2404 sancti
2644 2349 2885 2404 Andreze
2915 2348 3152 2404 festum.
3213 2347 3360 2403 Huic
3418 2346 3710 2420 colloquio

2067 2453 2271 2492 omnes
2303 2436 2464 2508 regni
2497 2437 2791 2508 principes
2842 2436 3027 2492 nostri
3058 2436 3257 2492 fideles
3288 2435 3562 2492 intersint
3585 2437 3627 2504 9,
3659 2441 3721 2493 et

2068 2529 2344 2598 praeterea
2364 2540 2588 2591 omnes,
2618 2541 2868 2595 quorum
2893 2524 3062 2580 nobis
3080 2523 3242 2579 utilis
3264 2523 3592 2579 declaratur
3613 2527 3719 2579 aut

2067 2613 2210 2669 fides
2257 2616 2357 2667 aut
2412 2611 2642 2667 consilii
2675 2612 3059 2684 providentia.
3089 2612 3180 2666 Ad
3238 2611 3392 2684 quod
3431 2611 3623 2667 venire
3653 2615 3714 2668 te

2067 2718 2242 2772 quam
2268 2700 2471 2756 intime
2512 2717 2809 2773 rogamus,
2843 2701 2981 2772 quia
3010 2699 3345 2755 nullatenus
3373 2703 3497 2756 tam
3526 2700 3712 2757 ardua

2067 2791 2296 2862 negotia
2320 2787 2480 2861 regni
2500 2792 2556 2844 et
2585 2788 2790 2844 divisio
2840 2787 3095 2845 ecclesia:
3127 2788 3440 2844 coadunari
3471 2789 3706 2860 poterit,

2066 2878 2189 2932 sine
2221 2883 2323 2932 tua
2372 2877 2628 2931 maxima
2684 2876 2973 2948 sapientia
3010 2881 3067 2932 et
3097 2876 3340 2933 consilio
3370 2877 3599 2950 egregio
3647 2882 3708 2933 et

2064 2968 2331 3038 fide,quae
2364 2965 2645 3021 hactenus
2678 2966 2844 3022 nobis
2877 2967 3208 3037 frequenter
3238 2967 3297 3022 in
3337 2967 3708 3024 necessitati-

2065 3055 2175 3110 bus
2217 3059 2274 3110 et
2322 3055 2661 3125 hujusmodi
2714 3054 3122 3110 controversiis
3177 3055 3362 3128 regni,
3396 3058 3568 3127 prout
3597 3072 3707 3113 nos

2063 3142 2355 3198 voluimus
2369 3146 2424 3196 et
2446 3159 2536 3197 res
2558 3148 2843 3214 exegerat,
2872 3147 3083 3214 prasto
3106 3143 3324 3198 iuit.Ad
3347 3144 3502 3218 quod
3529 3143 3710 3200 collo-

1985 3203 2026 3270 C
2065 3231 2268 3302 quium
2301 3246 2502 3286 omnes
2541 3231 2794 3286 Saxones
2845 3231 3026 3286 nostri
3087 3230 3290 3287 ﬁdeles
3327 3203 3579 3300 venient,
3614 3250 3711 3288 ro-

2060 3325 2266 3393 gantes
2289 3335 2685 3390 summopere,
2720 3336 2827 3375 nos
2847 3319 2905 3374 in
2929 3319 3241 3376 Saxoniam
3272 3319 3490 3390 venire,
3516 3325 3573 3377 et
3600 3320 3712 3378 hos

2061 3425 2239 3464 novos
2271 3424 2495 3464 errores
2537 3423 2904 3479 componere.
2963 3407 3251 3464 Metenses
3286 3411 3481 3464 autem
3513 3425 3544 3464 e
3573 3426 3715 3466 con-

2064 3497 2240 3552 trario
2274 3496 2472 3553 Metim
2501 3495 2757 3553 clamant
2784 3514 2889 3551 nos
2922 3496 3191 3565 transire,
3256 3501 3547 3569 quatenus
3589 3499 3714 3558 illic

2062 3587 2298 3641 tandem
2318 3602 2428 3657 pax
2445 3588 2500 3640 et
2528 3585 2809 3641 securitas
2832 3586 3114 3640 reddatur
3127 3584 3536 3642 ecclesias.Nos
3567 3604 3716 3660 quo-

2063 3691 2196 3746 que,
2234 3674 2510 3729 invitante
2563 3674 3019 3746 archiepiscopo,
3057 3673 3307 3729 Coloniae
3348 3675 3716 3734 nativitatem

2063 3763 2294 3820 Domini
2325 3763 2669 3818 celebraturi
2730 3779 2958 3829 sumus,
3020 3766 3076 3818 et
3105 3763 3319 3818 idcirco
3369 3765 3712 3834 statuimus,

2064 3852 2172 3907 hoc
2193 3850 2548 3923 colloquium
2569 3855 2701 3906 ante
2719 3851 2937 3916 fieri,ut
2958 3851 3056 3922 huj
3068 3851 3296 3907 usmodi
3315 3851 3715 3910 dissensiones

2065 3939 2224 4012 regni
2258 3939 2422 4010 prius
2452 3955 3138 4011 componeremus,quam
3173 3956 3277 3995 nos
3310 3940 3369 3995 in
3401 3941 3716 3997 remotiora

2064 4027 2451 4083 transiremus
2473 4027 2615 4083 loca.
2643 4028 2755 4083 Sed
2779 4027 2992 4083 idcirco
3030 4028 3365 4100 praedictam
3394 4028 3712 4102 expeditio-

2066 4133 2200 4172 nem
2211 4115 2873 4187 distulimus,quatenus
2887 4116 3185 4172 communi
3201 4117 3468 4173 omnium
3481 4121 3708 4174 nostro-

2067 4222 2197 4260 rum
2217 4203 2616 4276 consilio,quze
2636 4204 2802 4260 nobis
2824 4205 3048 4277 agenda
3078 4205 3218 4274 sint,
3248 4206 3710 4264 considerentur.

2066 4293 2212 4364 Ergo
2239 4307 2515 4362 rogamus
2546 4297 2601 4348 te
2633 4309 2734 4364 per
2756 4309 2907 4359 eam,
2925 4310 3043 4365 qua
3073 4297 3371 4366 compater
3396 4295 3566 4352 nobis
3586 4297 3714 4352 ell’e-

2069 4385 2196 4436 ctus
2229 4397 2311 4448 es,
2346 4379 2739 4447 dilectionem,
2805 4397 2876 4436 ne
2908 4386 2962 4436 te
3021 4383 3280 4454 corporis
3310 4383 3594 4455 aegritudo
3624 4383 3714 4440 vel

2069 4468 2341 4541 quaelibet
2361 4467 2475 4524 alia
2494 4486 2583 4524 res
2613 4469 3063 4542 impediat,quin
3100 4471 3170 4526 ad
3197 4472 3504 4544 praefatum
3536 4471 3712 4528 collo-

320 4557 644 4611 secundum
663 4555 1481 4628 rectumjudiciumjustitiam
1499 4554 1705 4609 faciam
1731 4553 1957 4626 doipsis
1990 4566 2038 4628 D
2067 4557 2273 4628 quium
2300 4561 2560 4629 tempore
2582 4562 2800 4613 statuto
2819 4558 3038 4627 venias,
3065 4563 3121 4614 et
3152 4559 3411 4630 ibijuxta
3438 4577 3714 4634 magnam

321 4645 495 4700 rebus
519 4661 644 4716 qua:
667 4646 736 4699 ad
766 4646 950 4717 legem
984 4646 1312 4716 pertinent;
1365 4643 1435 4698 de
1477 4641 1774 4697 beneficiis
1822 4659 1956 4698 vero

321 4735 641 4789 secundum
658 4735 1178 4804 rectumjudicium
1193 4730 1576 4803 comparium,
1599 4730 1954 4803 siperlegem

2069 4646 2418 4716 sapientiam
2436 4651 2492 4700 et
2512 4647 2746 4702 solitam
2769 4647 2945 4703 fidem
2967 4651 3128 4703 tuam
3151 4648 3222 4704 de
3246 4653 3445 4704 nostra
3473 4653 3530 4706 et
3550 4649 3711 4721 regni

2072 4733 2343 4800 utilitate,
2375 4751 2500 4804 quae
2533 4735 2860 4790 necessaria
2889 4740 3048 4802 sunt,
3084 4736 3391 4793 nobiscum
3413 4737 3711 4809 disponas.

1682 4899 1923 4955 VARl/E
1960 4901 2370 4958 LEGTIONES.

394 5020 414 5052 ⁴
446 5021 524 5092 ita
552 5019 784 5074 distinxi
806 5042 824 5085 ,-
879 5019 1146 5075 Cancz’ani
1195 5018 1349 5092 habet.
1387 5013 1737 5092 :_lIein_ricus
1765 5016 1834 5092 de
1875 5049 1947 5092 _—_—
1997 5019 2141 5073 fieri.
2194 5019 2439 5092 Jussum
2492 5050 2555 5059 —
2606 5018 3010 5077 interdicimus
3042 5022 3113 5076 de
3146 5021 3375 5092 haeresi,
3406 5026 3513 5077 etc.
3591 5022 3612 5055 ⁸
3641 5024 3718 5087 ita

324 5091 569 5160 suppievi
597 5111 616 5157 ;
659 5092 924 5146 Cancz‘ani
955 5091 1057 5145 dcc
1093 5134 1104 5143 .
1141 5133 1153 5143 .
1192 5133 1202 5142 .
1242 5130 1253 5141 .

325 5162 345 5196 ⁹
375 5158 664 5217 intersunt
686 5179 728 5218 c.
768 5163 1059 5228 Vindobon,
1093 5169 1143 5216 et
1173 5158 1470 5215 Gotdastas.

1330 5089 1351 5120 ⁸
1473 5102 1524 5140 a.
1559 5087 1638 5139 ita
1668 5087 1882 5158 explevi
1913 5089 2166 5144 lacunam
2198 5090 2341 5162 apud
2373 5090 2530 5145 Canc.

2608 5092 2627 5124 τ
2659 5092 2956 5147 violaverit
2990 5094 3151 5148 (Ia-nc.
3229 5094 3248 5128 ⁸
3280 5096 3320 5148 i.
3353 5081 3400 5148 ἓ.
3445 5081 3722 5149 Βοὺθτιοξ
