3976 6374
133 381 294 478 uss

1476 416 1871 483 BENRICUS
1916 413 1996 484 IV
2042 415 2206 481 1MP.

3385 420 3546 484 uas

1797 551 1889 608 Ν.
2041 571 2047 577 ·

1467 657 1724 700 stonus
1751 656 2084 697 MOGUNTINA
2117 640 2216 712 (3).

1577 731 1706 804 (An.
1744 731 1902 799 1085,
1935 731 2113 802 vere.)

131 826 456 883 Comtitutio
484 829 636 900 pacis
665 829 764 884 Dei
786 830 846 884 in
875 827 1080 900 synodo
1136 829 1465 898 Coloniensi,
1511 846 1564 885 a.
1620 829 1781 895 4083,
1813 829 1868 896 Α
1899 829 2120 884 Henrioi
2145 828 2211 882 ιν
2241 829 2330 900 in;

559 899 613 954 ιι.
645 901 717 954 20
745 899 946 970 aprili:
970 902 1344 973 promulgata.

200 986 525 1044 SIGIWINUS
556 992 774 1048 sanctae
805 988 1170 1046 Coloniensis
1204 989 1481 1046 aecclesia
1513 987 1636 1045 solo
1684 1005 1787 1044 no-

136 1075 296 1132 mine
348 1074 683 1148 episcopus,
741 1077 1092 1134 Farmsmco
1148 1078 1424 1134 confratri
1491 1081 1548 1133 et
1597 1077 1787 1150 coepi-

131 1180 310 1237 scopo
339 1163 436 1235 (li),
478 1164 870 1224 voluntariam
923 1170 1044 1222 tam
1092 1166 1455 1223 devotissimi
1507 1167 1789 1223 oraminis

129 1269 310 1325 quam
343 1253 677 1311 serviminis
709 1254 802 1311 sui
837 1254 1280 1312 exhibitionem.

201 1345 346 1400 Cum
378 1341 598 1398 nostris
630 1343 1000 1416 temporibus
1016 1343 1176 1400 ultra
1201 1345 1443 1400 modum
1470 1344 1789 1401 tribulatio~

130 1429 306 1486 nibus
337 1429 635 1503 variisque
666 1431 961 1504 angustiis
1000 1435 1205 1489 sancta
1251 1432 1512 1489 aecclesia
1558 1433 1618 1488 in
1663 1433 1787 1490 suis

130 1518 412 1574 membris
431 1519 810 1592 afﬂigeretur,
829 1521 972 1576 adeo
989 1526 1057 1576 ut
1082 1521 1481 1593 tranquillitas
1503 1526 1560 1578 et
1575 1539 1689 1594 pax
1720 1539 1789 1578 ex

128 1605 359 1680 integro
378 1608 755 1680 desperaretu
764 1626 810 1677 r,
835 1610 1242 1682 compatienzlo
1262 1613 1348 1666 tot
1366 1611 1660 1682 pressuris
1684 1615 1788 1667 tot-

123 1711 240 1766 que
257 1696 1119 1768 pericu]is,subvenireilli,Deo
1133 1699 1786 1772 propitiante,tractavi-

132 1801 291 1853 mus;
328 1789 384 1841 et
415 1785 524 1842 hoc
556 1787 792 1844 tandem
827 1787 910 1843 illi
942 1788 1265 1845 remedium
1288 1788 1536 1846 consilio
1559 1794 1786 1845 nostro-

129 1890 265 1929 rum
298 1873 563 1931 ﬁdelium
592 1875 974 1947 providimus,
1008 1880 1073 1933 ut
1099 1893 1299 1950 pacem
1330 1894 1510 1949 quam
1534 1879 1787 1950 peccatis

126 1963 353 2019 nostris
369 1963 735 2036 exigentibus
757 1966 1102 2022 continuare
1127 1983 1248 2023 non
1268 1965 1590 2040 potuimus,
1617 1967 1790 2024 inter-

123 2051 329 2108 missis
360 2049 571 2109 saltem
603 2052 810 2109 diebus
832 2059 1120 2126 quantum
1146 2054 1330 2112 nostri
1352 2055 1510 2126 juris
1531 2053 1643 2111 fuit
1678 2055 1786 2112 ali-

123 2145 422 2212 quatenus
455 2157 958 2213 recuperaremus.
983 2143 1250 2199 Fecimus
1270 2145 1428 2200 enim
1451 2144 1560 2199 hoc
1579 2147 1637 2200 et
1651 2161 1783 2217 pro-

122 2229 397 2286 fecimus.
430 2229 768 2288 Convocatis
797 2230 978 2302 igitur
1008 2232 1410 2302 parrocbianis
1447 2234 1664 2289 nostris
1713 2234 1783 2289 ad

122 2316 387 2390 legitime
403 2318 740 2374 condictum
766 2318 1104 2388 concilium,
1127 2321 1282 2391 quod
1306 2320 1552 2377 Colonia:
1569 2321 1626 2376 in
1650 2339 1783 2377 san-

118 2407 197 2462 cti
227 2406 386 2463 Petri
418 2407 673 2464 metricae
707 2407 969 2465 aecclesia
998 2425 1148 2465 anno
1171 2409 1486 2466 Dominicas
1506 2411 1778 2468 Incarna-

117 2495 297 2552 tionis
337 2496 493 2564 1083,
523 2495 842 2553 indictione
871 2498 926 2562 6,
962 2499 1029 2553 12
1059 2496 1302 2554 Kalend.
1335 2498 1471 2554 Maii
1507 2498 1778 2557 habitum

115 2589 228 2651 est,
255 2585 551 2642 ordinatis
579 2585 734 2656 aliis,
752 2587 905 2658 quod
929 2587 1001 2642 de
1021 2586 1114 2643 his
1136 2587 1324 2644 facere
1346 2588 1774 2658 disposuimus,

113 2673 177 2728 in
212 2672 452 2746 publico
471 2673 703 2730 recitari
725 2674 994 2731 fecimus.
1026 2676 1187 2740 Quod
1220 2679 1532 2748 postquam
1557 2677 1630 2733 ab
1653 2694 1777 2732 om-

120 2761 301 2818 nibus
331 2760 696 2834 aliquamdiu
727 2762 956 2818 diverso
998 2765 1169 2819 modo
1218 2768 1536 2820 tractatum
1585 2769 1675 2821 est
1721 2771 1778 2821 et

124 2853 532 2918 retractatum,
557 2851 673 2907 Deo
695 2850 986 2908 mediante
1003 2850 1063 2905 in
1085 2853 1513 2907 unumtandem
1529 2868 1774 2909 conven-

118 2944 250 2994 tum
272 2943 381 3004 est,
416 2943 475 2996 et
504 2943 624 2994 tam
655 2938 808 2995 clero
840 2955 1018 3012 quam
1052 2938 1266 3012 populo
1298 2939 1422 3012 pari
1455 2945 1585 2995 voto
1635 2957 1773 2997 con-

118 3027 532 3095 sentientibus,
553 3045 667 3100 quo
690 3029 862 3085 modo
883 3033 938 3085 et
959 3030 1175 3101 quibus
1196 3045 1299 3101 per
1320 3046 1540 3086 annum
1558 3030 1774 3103 spaciis

114 3117 415 3173 observari
435 3118 648 3174 debeat
660 3118 1022 3174 edocuimus.
1046 3117 1325 3174 Videlicet
1346 3123 1410 3174 ut
1428 3137 1461 3174 a
1481 3119 1667 3191 primo
1680 3119 1774 3176 die

113 3207 407 3263 adventus
435 3206 668 3263 Domini
703 3223 891 3280 usque
929 3207 1002 3262 ad
1029 3211 1296 3264 exactum
1323 3207 1685 3280 epyphanias,
1716 3213 1774 3264 et

112 3296 188 3351 ab
221 3294 479 3352 intrante
498 3295 934 3368 septuagesima
951 3313 1136 3368 usque
1157 3297 1220 3351 in
1244 3300 1476 3353 octavas
1497 3301 1771 3368 penteco-

111 3389 258 3451 stes,
291 3387 350 3440 et
377 3401 482 3456 per
508 3384 868 3442 totamillam
892 3384 1140 3452 diem,et
1153 3401 1254 3457 per
1271 3385 1770 3442 annumomnidie

111 3473 412 3529 dominica
433 3473 690 3545 ferisque
712 3478 895 3542 sexta,
917 3478 975 3530 et
997 3473 1056 3530 in
1078 3474 1340 3542 sabbato,
1381 3475 1582 3531 addita
1620 3491 1768 3546 qua-

2304 829 2602 954 veratori:
2647 830 2958 885 constitutio
3004 829 3161 901 pacis
3205 828 3306 886 Dei
3350 831 3414 885 in
3458 843 3560 902 sy-

2355 901 2620 954 oauntma
2656 916 2710 954 a.
2744 900 2886 954 4085
2923 901 3303 954 oromulaata.

2146 899 2284 954 nodo
2304 899 2620 970 Moguntina
2656 916 2710 955 a.
2744 900 2886 956 4085
2919 899 3303 973 promulgata.

1970 986 2116 1043 Cum
2148 986 2368 1044 nostris
2392 987 2753 1061 temporibus
2775 987 2934 1044 ultra
2953 989 3196 1047 modum
3216 987 3562 1046 tribulatio-

1899 1074 2073 1130 nibus
2106 1077 2312 1134 sancta
2341 1075 2605 1133 Ecclesia
2636 1076 3018 1150 afﬂigeretur,
3041 1077 3452 1151 compatiendo
3471 1081 3561 1134 tot

1897 1163 2190 1235 pressuris
2221 1168 2424 1237 totque
2453 1164 2750 1238 periculis,
2777 1166 3091 1223 subvenire
3126 1164 3232 1236 illi,
3275 1165 3392 1224 Deo
3421 1182 3560 1242 .pro-

1898 1251 2646 1323 pitiante,tractavimus,ut
2659 1269 2863 1327 pacem
2877 1271 3058 1327 quam
3069 1254 3326 1328 peccatis
3339 1253 3558 1313 nostris

1896 1341 2268 1413 exigentibus
2299 1342 2644 1399 continuare
2675 1360 2790 1403 non
2822 1343 3147 1416 potuimus,
3195 1343 3560 1402 intermissis

1897 1428 2106 1486 saltem
2133 1430 2266 1486 dieb
2276 1448 2345 1486 us
2363 1430 2737 1503 aliquatenus
2750 1432 3259 1502 confirmaremus.
3273 1435 3440 1490 Anno
3453 1433 3557 1490 do-

1900 1516 2113 1573 minice
2141 1517 2565 1575 incarnationis
2598 1521 2756 1590 1085,
2784 1507 3108 1577 indictione
3155 1522 3210 1587 8,
3260 1520 3380 1578 Deo
3428 1537 3557 1578 me-

1897 1605 2098 1662 diante
2129 1611 2250 1664 tam
2283 1605 2436 1672 clero
2459 1623 2637 1680 quam
2661 1607 2877 1682 populo
2903 1608 3029 1682 pari
3051 1609 3556 1668 consentientibus

1897 1699 2050 1762 voto,
2085 1696 2476 1752 constitutum
2507 1700 2616 1766 est,
2650 1701 2716 1753 ut
2740 1715 2775 1753 a
2803 1698 2992 1770 primo
3023 1697 3118 1756 die
3137 1698 3424 1758 adventus
3443 1697 3556 1760 Do-

1900 1783 2045 1838 mini
2077 1801 2266 1857 usque
2301 1785 2371 1842 ad
2403 1790 2671 1842 exactum
2699 1786 2856 1843 diem
2888 1786 3236 1861 epiphania,
3269 1791 3326 1850 et
3356 1787 3431 1844 ab
3460 1787 3558 1844 in-

1895 1874 2085 1929 trante
2116 1875 2555 1950 septuagesima
2569 1892 2758 1948 usque
2776 1874 2836 1931 in
2859 1879 3092 1932 octavas
3111 1879 3478 1949 pentecostes
3497 1879 3562 1932 et

1896 1977 1999 2032 per
2019 1964 2200 2018 totam
2224 1962 2387 2019 illam
2410 1963 2589 2032 diem,
2621 1963 2900 2036 omnique
2927 1964 3071 2022 feria
3103 1963 3330 2037 quinta,
3369 1967 3554 2032 sexta,

1895 2049 2160 2119 sabbato,
2186 2050 2487 2108 dominica
2507 2052 2620 2121 die,
2644 2069 2832 2126 usque
2857 2053 2931 2110 ad
2957 2057 3154 2110 ortum
3177 2053 3320 2112 solis
3341 2069 3553 2112 secun-

1895 2138 1979 2193 dae
2009 2139 2186 2208 feriae,
2204 2141 2405 2212 addita
2429 2141 2573 2198 feria
2588 2143 3260 2217 10quatuortemporum,
3273 2142 3553 2217 omnique

1895 2228 2295 2299 apostolorum
2327 2230 2528 2304 vigilia
2557 2247 2693 2287 cum
2711 2231 2807 2288 die
2826 2232 3115 2305 sequenti,
3133 2231 3378 2308 insuper
3392 2231 3554 2289 omni

1892 2316 1986 2372 die
2016 2317 2291 2374 canonice
2321 2320 2392 2374 ad
2415 2319 2814 2390 jejunandum
2843 2320 2931 2378 vel
2962 2321 3294 2379 feriandum
3326 2325 3550 2381 statuta

1891 2403 1980 2461 vel
2008 2407 2344 2473 statuenda,
2375 2407 2484 2463 hoc
2513 2408 2679 2480 pacis
2709 2409 3008 2466 decretum
3029 2412 3318 2480 teneatur,
3343 2413 3548 2484 quate-

1891 2511 2004 2550 nus
2035 2495 2375 2551 iterantium
2410 2496 2686 2568 domique
2715 2497 3084 2554 manentium
3110 2497 3444 2554 securitatis
3465 2498 3546 2556 sit

1889 2582 2188 2640 tutissima
2217 2585 2472 2654 traditio,
2507 2590 2574 2641 ut
2605 2586 2774 2643 cedes
2804 2589 2862 2642 et
2889 2585 3178 2655 incendia,
3224 2586 3436 2659 prodas
3485 2590 3546 2643 et

1888 2671 2150 2728 assultus
2182 2689 2354 2729 nemo
2386 2673 2582 2743 faciat,
2616 2691 2787 2731 nemo
2809 2675 2962 2731 fuste
2979 2679 3082 2731 aut
3099 2674 3292 2749 gladio
3314 2679 3419 2742 aut
3440 2675 3554 2734 ali-

1887 2777 2002 2833 quo
2035 2777 2332 2818 armorum
2365 2778 2576 2835 genere
2623 2779 2980 2836 quemquam
3030 2763 3208 2835 ledat,
3258 2769 3317 2822 et
3364 2780 3539 2822 nemo

1887 2850 2154 2921 quamvis
2185 2851 2360 2924 culpa
2377 2851 2631 2908 faicosus
2649 2853 2720 2908 ab
2739 2853 2992 2910 adventu
3018 2852 3246 2910 Domini
3267 2870 3457 2927 usque
3474 2854 3543 2911 in

1884 2947 2116 2996 octavas
2138 2940 2475 3013 epiphanie,
2496 2946 2554 2997 et
2577 2958 2610 2996 a
2632 2942 3069 3016 septuagesima
3087 2959 3275 3016 usque
3291 2943 3355 3004 in
3377 2947 3538 3001 octa-

1881 3046 1984 3084 vas
2015 3033 2379 3100 pentecostes
2408 3029 2613 3086 tollere
2633 3047 2800 3088 arma
2819 3035 3142 3104 presumat,
3165 3034 3422 3103 scutum,
3443 3031 3534 3096 vel

1881 3117 2142 3190 gladium
2163 3117 2252 3174 vel
2270 3117 2644 3184 lanceam,vel
2662 3121 3066 3194 cujuscunque
3081 3137 3323 3194 prorsus
3339 3137 3534 3182 arma-

1880 3211 2024 3262 turae
2055 3207 2369 3264 sarcinam.
2399 3207 2684 3264 Similiter
2712 3208 2774 3264 in
2814 3208 3056 3281 reliquis
3098 3209 3327 3280 diebus,
3372 3210 3531 3268 idem

1881 3295 2192 3352 dominicis
2221 3295 2429 3369 quinta
2459 3302 2515 3352 et
2544 3300 2704 3354 sexta
2750 3296 2912 3364 feria,
2964 3298 3208 3354 sabbato
3254 3298 3534 3372 omnique

1877 3383 2076 3457 vigilia
2104 3383 2502 3456 apostolorum
2533 3400 2670 3440 cum
2700 3384 2794 3440 die
2822 3385 3229 3458 subsequenti,
3273 3390 3334 3444 et
3370 3387 3533 3442 omni

1879 3473 1972 3528 die
2004 3475 2076 3530 ad
2095 3473 2490 3545 jejunandum
2513 3473 2636 3529 sive
2657 3473 2987 3530 feriendum
3014 3474 3294 3531 canonice
3313 3478 3535 3532 statuta

109 3569 251 3617 tuor
265 3565 602 3634 temporum
620 3561 790 3628 feria,
808 3562 1192 3634 omniumque
1214 3562 1610 3635 apostolorum
1629 3562 1773 3635 vigi-
1805 3560 1848 3627 C
1885 3561 1972 3618 vel
2004 3561 2332 3630 statuenda,
2369 3579 2484 3618 non
2514 3561 2650 3618 licet
2670 3578 2836 3619 arma
2855 3563 3004 3620 ferre
3025 3563 3140 3619 nisi
3155 3561 3328 3638 longe
3345 3563 3533 3620 eunti-

119 3650 201 3707 lia
229 3666 367 3706 cum
399 3650 494 3707 die
523 3651 859 3719 subsecuta,
896 3651 1138 3724 insuper
1176 3651 1573 3707 indifferenter
1618 3652 1778 3708 omni

114 3739 213 3795 die
239 3739 521 3796 canonice
549 3740 619 3796 ad
645 3740 726 3811 jej
739 3740 1041 3796 unandum
1071 3739 1159 3796 vel
1193 3740 1524 3796 feriendum
1556 3745 1779 3797 statuta

107 3828 202 3883 vel
235 3829 571 3895 statuenda,
604 3829 713 3885 hoc
742 3830 904 3902 pacis
935 3830 1235 3886 decretum
1265 3833 1556 3897 teneatur;
1583 3834 1646 3885 ut
1681 3829 1775 3885 iti-

113 3917 465 3974 nerantibus
491 3917 764 3990 domique
781 3918 1157 3975 manentibus
1169 3918 1464 3974 securitati
1480 3923 1538 3974 et
1561 3917 1776 3990 quietis

113 4007 420 4064 tutissima
447 4006 530 4063 sit
555 4007 812 4075 traditio,
841 4012 906 4062 ut
927 4007 1098 4064 cedes
1118 4012 1174 4063 et
1190 4007 1478 4074 incendia,
1497 4008 1705 4079 predas
1717 4011 1775 4063 et

110 4095 379 4152 assultus
398 4112 566 4152 nemo
589 4095 782 4163 faciat,
809 4113 979 4154 nemo
1002 4096 1155 4152 fuste
1176 4099 1234 4152 et
1248 4095 1444 4168 gladio
1459 4100 1561 4151 aut
1575 4094 1771 4168 aliquo

114 4202 418 4241 armorum
472 4201 682 4258 genere
730 4202 1087 4257 quemquam
1133 4185 1309 4251 ledat,
1371 4190 1431 4240 et
1492 4190 1557 4241 ut
1603 4202 1771 4241 nemo

111 4275 324 4345 quavis
347 4273 524 4346 culpa
552 4273 804 4330 faicosus
837 4273 910 4330 ab
941 4273 1190 4329 adventu
1221 4273 1451 4329 Domini
1476 4289 1668 4346 usque
1710 4273 1769 4329 in

109 4366 352 4419 octavas
381 4362 726 4435 zepipbaniaa
757 4368 812 4420 et
842 4381 876 4418 a
891 4361 1326 4435 septuagesima
1344 4361 1772 4434 usqueinocta-

109 4469 214 4508 vas
261 4455 626 4524 pentecostes
672 4451 876 4508 tollere
923 4455 1242 4524 praesumat
1269 4469 1454 4520 arma,
1507 4455 1768 4518 scutum,

106 4540 506 4614 gladium,au.t
518 4540 897 4610 lanceam,vel
912 4541 1003 4612 cuj
1013 4557 1083 4597 us
1095 4557 1593 4614 cumqueprorsus
1606 4557 1770 4596 arma

1886 3651 2016 3719 bus,
2049 3667 2116 3706 ea
2147 3655 2341 3706 tamen
2366 3650 2699 3707 conditione
2723 3655 2788 3706 ut
2803 3649 2948 3706 nulli
2971 3651 3234 3724 quolibet
3255 3652 3427 3718 modo
3448 3652 3531 3710 le-

1886 3739 2110 3796 sionem
2141 3740 2370 3796 inferat.
2405 3739 2463 3795 Si
2496 3756 2734 3796 necesse
2764 3739 2939 3796 fuerit
2975 3739 3151 3798 alicui
3197 3739 3350 3798 infra
3397 3759 3530 3816 spa-

1884 3828 2040 3884 cium
2071 3828 2348 3884 condicta
2381 3829 2541 3901 pacis
2571 3829 2631 3884 in
2662 3828 2844 3886 alium
2875 3828 3070 3886 locum
3111 3846 3228 3904 quo
3265 3847 3378 3904 pax
3417 3831 3534 3888 ista

1884 3933 1999 3973 non
2031 3917 2371 3973 observetur
2401 3917 2504 3984 ire,
2540 3935 2704 3974 arma
2739 3917 2906 3985 ferat,
2927 3918 3010 3974 ita
3028 3923 3227 3995 tamen
3249 3937 3321 3976 ne
3359 3918 3534 3978 alicui

1881 4011 2103 4076 noceat,
2141 4005 2254 4063 nisi
2287 4007 2686 4080 impugnetur,
2720 4010 2786 4062 ut
2815 4023 2878 4062 se
2927 4007 3223 4079 defendat,
3265 4025 3532 4067 reversus

1881 4100 2078 4152 autem
2109 4095 2326 4152 iterum
2349 4112 2514 4151 arma
2538 4095 2816 4169 deponat.
2840 4096 2900 4151 Si
2917 4097 3229 4170 contigerit
3247 4102 3312 4153 ut
3330 4096 3533 4156 castel-

1879 4184 2004 4240 lum
2035 4185 2393 4260 obsideatur,
2428 4202 2532 4258 per
2563 4185 2688 4242 dies
2718 4185 2819 4258 qui
2851 4185 3005 4242 infra
3031 4202 3234 4258 pacem
3268 4202 3532 4260 compre-

1880 4273 2050 4330 hensi
2069 4279 2207 4330 sunt
2225 4274 2297 4330 ab
2311 4274 2392 4330 im
2398 4275 2758 4348 pugnatione
2775 4279 3024 4345 cessent,
3047 4275 3163 4331 nisi
3185 4275 3258 4332 ab
3275 4275 3533 4353 obsessis

1881 4363 2306 4435 impugnentur
2337 4365 2374 4399 ¹¹
2401 4369 2818 4438 etorepugnare
2847 4369 3148 4438 cogantur.

1953 4452 2024 4506 Et
2054 4469 2126 4507 ne
2158 4451 2279 4506 haec
2309 4452 2471 4524 pacis
2501 4457 2725 4510 statuta
2743 4449 2980 4524 traditio
3003 4471 3036 4510 a
3058 4455 3264 4527 quavis
3285 4470 3538 4529 persona

1879 4538 2098 4610 inpune
2129 4538 2400 4607 violetur,
2433 4541 2506 4595 ab
2537 4541 2814 4598 omnibus
2845 4540 3002 4600 dicta
3030 4547 3120 4600 est
3140 4543 3448 4600 sententia.
3474 4543 3538 4622 Si

1488 4638 1725 4695 nam
1757 4636 2166 4714 LECTIONES.

187 4731 230 4766 ¹⁰
263 4729 429 4787 Feria
458 4730 581 4786 Illl.
613 4734 866 4803 quatuor
912 4728 1100 4799 codex,
1133 4729 1171 4766 ¹¹
1220 4729 1603 4802 impugnetur
1649 4727 1762 4786 cod.

190 4921 267 4992 (3)
300 4919 606 4992 Heinricus
638 4919 713 4992 Ill
761 4919 1098 4992 imperator,
1130 4915 1400 4992 testibus
1445 4915 1775 4992 Annalibus

111 4988 604 5064 Sangallensiburs
615 4988 1772 5064 etBabengbergensibus.IiermannoCon-

115 5059 306 5129 tracto
336 5069 394 5118 et
420 5063 726 5132 Lamberto
755 5059 1350 5132 Aschafnaburgensi,
1395 5059 1455 5114 in
1488 5063 1775 5132 conventu

113 5135 495 5204 Constantia},
529 5128 729 5189 habito
761 5151 912 5190 anno
947 5134 1104 5204 1043,
1129 5128 1331 5204 pacem
1360 5131 1654 5204 liactenus
1688 5131 1776 5204 in:

114 5200 539 5285 auditam_tam
571 5205 629 5260 in
653 5211 781 5285 _t_ota
809 5205 1015 5285 Suevia
1041 5200 1216 5278 quam
1241 5203 1299 5256 in
1323 5201 1456 5257 aliis
1496 5201 1658 5285 regni
1685 5200 1778 5285 sui

161 5277 439 5335 rovinciis
471 5294 574 5349 per
602 5277 859 5333 edictum
891 5274 1352 5350 regiae—censuras
1386 5274 1774 5328 confirmavit.

113 5297 305 5406 Euius
338 5353 508 5404 tenor
531 5365 667 5404 cum
697 5349 870 5405 hodie
899 5349 1096 5406 lateat.
1130 5365 1196 5404 eo
1235 5345 1426 5406 magis
1477 5345 1774 5406 gratulan-

115 5345 305 5422 Cujus
338 5345 508 5404 tenor
531 5349 870 5418 cumrhodie
899 5345 1096 5416 lateat,
1130 5365 1196 5404 eo
1235 5345 1426 5418 magis
1477 5345 1777 5416 gratulan-

115 5423 265 5478 dum
286 5424 388 5498 est
415 5420 486 5498 de
518 5418 1220 5498 constitutioneHeinrici
1251 5418 1346 5484 IV,
1369 5417 1577 5498 eadpni
1601 5416 1776 5498 dere,

115 5475 432 5572 annalists
450 5475 1186 5572 Babenbergensi'testehin
1205 5475 1427 5562 synodo
1451 5475 1780 5572 Moguntia;

116 5564 310 5632 censi,
347 5563 556 5635 primis
587 5563 724 5619 anni
749 5558 889 5619 1085
917 5563 1220 5635 mensibus
1239 5558 1638 5635 promulgata.
1658 5559 1780 5635 Ἠθ-

113 5630 388 5714 perimus
415 5651 546 5714 eam
560 5652 630 5714 _a.
665 5635 898 5714 183§_in
930 5634 1124 5714 codice
1309 5630 1786 5714 reg.'H.abenber-

115 5704 322 5787 "gensis
353 5707 412 5764 S.
445 5707 738 5763 Ambrosii
770 5706 952 5764 libros
993 5705 1069 5763 De
1115 5704 1324 5762 ofﬁciis
1374 5704 1782 5762 ministrorum

446 5833 718 5902 Panos.
765 5833 913 5900 GLI.

1713 4823 1946 4883 NOTAE.

1886 4912 2218 4971 continente
2247 4911 2458 4986 saeculo
2490 4912 2834 4970 duodecimo
2854 4917 3184 4986 exaratam,
3207 4913 3455 4986 ejusque
3501 4930 3533 4970 θ

1887 4986 2064 5043 latere
2094 4985 2569 5057 contitutionem
2601 4986 2771 5056 cujus
2795 4985 2869 5042 ad
2901 5003 3166 5057 normam
3188 4985 3391 5057 exacta
3422 4989 3532 5057 est,

1887 5058 2108 5131 scilicet
2135 5057 2340 5131 synodi
2371 5053 2738 5131 Coloniens'is
2766 5058 2876 5131 sub
2909 5055 3204 5131 Sigevvino
3246 5053 3534 5131 archiepiL

1888 5147 2062 5203 scopo
2095 5127 2325 5196 habitae,
2361 5127 2664 5203 ex_c_od_ice_
2683 5127 3022 5203 masculini,
3035 5129 3175 5186 olim
3195 5127 3534 5203 Abdingﬁo-

1888 5198 2057 5275 fenei,
2077 5203 2208 5275 jam
2234 5217 2368 5275 vero
2399 5199 2505 5275 viri
2528 5198 2839 5275 clarissimi
2869 5201 2941 5275 D.
2968 5198 3533 5275 Meyeneapitularis

1890 5273 2404 5345 Paderbornensis,
2459 5272 2650 5345 denuo
2693 5271 3530 5345 descriptamicollocavimus.

1890 5345 2227 5417 Formulam
2243 5343 2587 5415 juramenti,
2617 5343 2831 5417 qusein
2851 5343 3048 5417 codice
3068 5343 3535 5417 Babenbergensi

1890 5415 2826 5498 desideratur,-aestatepraéterita
2870 5415 3138 5498 Lugduni
3189 5415 3536 5498 Batavorum

1890 5432 2277 5480 aesmeratur,
2310 5432 2507 5471 aesmte
2540 5432 2826 5540 praeterita
2871 5432 3138 5498 Lugduni
3189 5432 3536 5474 natavorum

1890 5505 1958 5543 ex
1987 5487 2184 5542 codice
2215 5486 2354 5542 olim
2367 5487 2537 5558 _Wert
2584 5485 2773 5542 inensi
2796 5484 3068 5558 saeculum
3091 5487 3536 5558 exscripsimus,

1893 5559 2182 5640 ianu9_et
2211 5556 2422 5640 saeculo
2450 5574 2550 5640 xui
2581 5557 3120 5640 iterum’descripta
3158 5555 3429 5640 babétur.

1965 5625 2515 5700 (li)Monasteriensi
2547 5631 2731 5704 quia.
2767 5631 2904 5688 1804
2954 5625 3116 5688 obiit.
3167 5627 3441 5688 Schaten.
3492 5625 3536 5702 Β,

1892 5703 2018 5770 612.
