3976 6438
444 483 618 551 1131

1773 527 1776 530 -
1805 481 2130 557 MONUM.
2179 485 2505 555 DIPLOM.

3693 488 3834 554 H3!

465 625 610 678 tura;
641 619 955 679 sarcinam.
976 620 1041 680 In
1063 623 1306 698 reliquis
1325 641 1458 682 vero
1479 623 1706 696 diebus,
1731 625 1789 682 id
1812 630 1901 683 est
1921 626 1980 682 in
2007 616 2114 682 do?
2134 625 2190 694 Α
2220 624 2368 681 liber
2387 625 2475 681 vel
2498 623 2712 682 nobilis
2733 639 2862 682 eam
2883 615 3202 691 viclaverit,
3232 619 3389 681 idem
3413 621 3464 680 si
3484 619 3836 681 homicidium

470 709 704 767 minicis
727 715 784 768 et
799 713 834 767 6
850 712 1028 782 feriis,
1048 714 1326 786 omnique
1346 714 1743 787 apostolorum
1766 713 1959 788 vigilia
1974 731 2109 770 cum

404 819 410 822 ·
469 799 563 855 die
590 800 921 871 subsecuta,
942 805 999 858 et
1013 803 1172 858 omni
1192 803 1286 859 die
1304 804 1373 859 ad
1386 804 1778 875 jejuuandum
1793 803 1882 859 vel
1902 803 2112 860 ferian-

466 887 608 944 dum
639 891 857 945 statuta
873 889 963 946 vel
984 892 1315 948 statuenda.
1345 891 1638 948 armaillis
1652 891 2113 960 ferrelicebit,ea

459 979 658 1033 tamen
684 976 1017 1035 conditione
1048 983 1112 1035 ut
1145 979 1292 1036 nulli
1323 980 1584 1054 quolibet
1623 982 1797 1037 modo
1828 980 2108 1037 lesionem

460 1063 734 1122 inferant.
767 1066 827 1124 Si
851 1083 1089 1125 necesse
1115 1069 1290 1125 fuerit
1314 1069 1489 1126 alicui
1509 1069 1666 1125 intra
1689 1070 1953 1142 spacium
1974 1086 2112 1124 con-

461 1152 597 1210 ditae
625 1153 809 1226 pacis,
835 1154 896 1210 id
917 1159 1007 1212 est
1037 1157 1108 1213 ab
1141 1157 1390 1213 adventu
1411 1157 1642 1213 Domini
1663 1174 1849 1230 usque
1869 1158 1941 1213 ad
1966 1162 2114 1213 octa-

461 1258 566 1299 vas
595 1241 934 1316 mpiphaniae
968 1249 1026 1301 et
1055 1263 1088 1300 a
1119 1246 1556 1320 septuagesima
1579 1263 1768 1319 usque
1788 1246 1847 1301 in
1881 1250 2112 1302 octavas

463 1334 856 1404 pentecostes,
889 1333 1043 1389 exire
1073 1334 1145 1390 de
1184 1339 1384 1391 nostro
1432 1334 1771 1407 episcopatu
1819 1335 1878 1389 in
1929 1333 2110 1390 alium

463 1436 580 1493 quo
610 1418 721 1477 ista
751 1437 864 1494 pax
895 1438 1012 1478 non
1041 1426 1294 1493 tenetur,
1319 1440 1484 1480 arma
1510 1423 1678 1489 ferat,
1701 1423 1785 1479 ita
1823 1427 2019 1479 tamen
2041 1439 2114 1478 ne

463 1505 638 1565 alicui
662 1514 886 1579 noceat,
927 1510 1042 1568 nisi
1064 1511 1114 1568 si
1138 1512 1498 1586 inpugnetur
1519 1517 1584 1568 ut
1606 1529 1668 1568 se
1689 1512 1980 1568 defendat.
2006 1512 2114 1568 Re-

459 1613 666 1654 versus
689 1601 886 1654 autem
907 1598 969 1655 in
993 1599 1396 1672 episcopatum
1421 1604 1710 1667 nostrum,
1732 1600 1931 1656 statim
1953 1616 2118 1656 arma

463 1687 736 1760 deponat.
770 1686 832 1742 Si
864 1688 1172 1761 contigerit
1198 1693 1261 1744 ut
1290 1689 1499 1745 debeat
1529 1688 1782 1745 obsideri
1813 1688 2116 1745 castellum

467 1775 728 1848 aliquod,
761 1793 865 1847 per
895 1776 1021 1833 dies
1051 1777 1152 1849 qui
1182 1777 1335 1833 infra
1350 1794 1552 1850 pacem
1577 1777 1962 1850 conprehensi
1981 1781 2121 1833 sunt

469 1865 540 1919 ab
555 1863 999 1937 impugnatione
1015 1869 1265 1933 cessent,
1285 1865 1398 1922 nisi
1417 1867 1488 1922 ab
1507 1865 2122 1939 obsessisimpugnen-

466 1956 585 2020 tur,
618 1956 678 2008 et
705 1969 1032 2026 repugnare
1052 1957 1355 2026 cogantur.
1390 1955 1457 2010 Et
1480 1972 1550 2010 ne
1573 1955 1692 2010 haec
1718 1955 1877 2028 pacis
1901 1959 2121 2011 statuta

465 2039 706 2096 traditio
729 2057 762 2096 a
778 2041 982 2112 quavis
1001 2058 1253 2114 persona
1271 2029 1488 2099 temere
1510 2047 1565 2099 et
1587 2043 1825 2116 impune
1845 2042 2109 2112 violetur,

466 2127 810 2200 hujnsmodi
827 2128 1206 2186 violatoribus
1221 2129 1281 2186 in
1303 2147 1614 2187 commune
1637 2131 1707 2188 ab
1731 2131 2004 2187 omnibus
2025 2135 2114 2188 est

467 2217 686 2273 dictata
713 2218 1019 2275 sententia.
1051 2219 1109 2274 Si
1130 2219 1280 2275 liber
1297 2219 1386 2276 vel
1411 2220 1625 2276 nobilis
1641 2236 1770 2276 eam
1792 2219 2110 2290 violaverit,

467 2304 528 2361 id
559 2309 649 2362 est
675 2305 1057 2363 homicidium
1088 2307 1287 2364 fecerit
1305 2296 1412 2363 aut.
1426 2308 1680 2381 aliquem
1702 2307 2110 2380 vulneraverit,

463 2393 556 2450 vel
587 2393 851 2466 quolibet
881 2395 993 2451 alio
1025 2397 1196 2452 modo
1243 2396 1631 2463 defectaverit,
1683 2397 1904 2469 absque
1951 2397 2112 2452 omni

465 2486 813 2556 sumptuum
844 2487 946 2539 aut
974 2484 1300 2540 amicorum
1349 2485 1772 2541 interventione
1823 2503 1857 2542 a
1897 2485 2113 2542 finibus

464 2572 785 2629 conﬁnium
816 2589 1058 2628 suorum
1092 2572 1435 2645 expellatur,
1476 2577 1782 2647 totumque
1828 2575 2112 2648 praedium

465 2661 595 2733 ejus
613 2659 857 2717 heredes
879 2660 971 2716 sui
992 2659 1222 2728 tollant,
1247 2665 1304 2716 et
1322 2662 1370 2717 si
1387 2662 1734 2718 beneﬁcium
1759 2663 1986 2729 habuit,
2010 2663 2114 2719 do-

464 2749 663 2806 minus
685 2751 757 2806 ad
781 2766 957 2822 quem
984 2750 1235 2822 pertinet
1258 2749 1401 2805 illud
1423 2751 1682 2823 recipiat.
1709 2752 1768 2807 Si
1793 2769 1926 2807 vero
1951 2751 2114 2807 here-

464 2837 568 2895 des
583 2835 818 2910 aliquod
833 2837 1258 2911 illi,postquam
1281 2839 1560 2912 expulsus
1591 2840 1785 2909 fuerit,
1814 2845 2112 2896 sustenta-

467 2925 667 2983 culum‘
683 2926 774 2983 vel
788 2926 1064 2983 solatium
1078 2927 1434 3000 impendisse
1447 2928 1664 2985 inventi
1677 2929 1960 2986 fuerintet
1973 2946 2112 2985 con-

465 3015 633 3083 victi,
655 3015 941 3088 predium
974 3014 1089 3072 illis
1114 3016 1412 3072 auferatur
1439 3022 1497 3073 et
1525 3018 1696 3091 regias
1716 3018 1919 3074 ditioni
1946 3035 2110 3073 man-

469 3101 714 3176 cipatur.
749 3105 911 3168 Quod
943 3103 991 3160 si
1022 3121 1085 3161 se
1111 3122 1359 3179 purgare
1389 3107 1460 3162 de
1513 3106 1756 3178 objectis
1801 3106 2110 3176 voluerint,

468 3208 602 3248 cum
634 3193 942 3249 duodecim
973 3194 1073 3266 qui
1104 3210 1249 3267 eque
1280 3194 1505 3251 nobiles
1520 3195 1608 3251 vel
1630 3212 1778 3267 eque
1799 3195 1963 3250 liberi
1986 3195 2112 3252 fue—

465 3281 814 3353 rintjurent.
836 3283 894 3336 Si
911 3297 1114 3339 servus
1130 3283 1405 3340 occiderit
1425 3283 1744 3351 hominem,
1770 3283 2104 3340 decolletur.

2217 714 2418 769 fecerit
2449 717 2550 770 aut
2580 713 2838 786 aliquem
2864 713 3279 780 vulneraverit,
3315 716 3418 769 aut
3451 711 3564 768 alio
3611 710 3840 784 Quolibet

2217 803 2390 858 modo
2421 803 2818 872 defectaverit,
2858 803 3082 876 absque
3105 803 3148 838 ¹²
3189 802 3351 858 omni
3393 804 3722 873 sumptuum
3749 802 3841 856 aut

2220 891 2544 946 amicorum
2571 891 2998 948 interventione
3028 891 3248 948 finibus
3279 889 3598 946 conﬁnium
3623 905 3840 946 suorum

2218 979 2560 1052 expellatur,
2592 983 2902 1052 totumque
2932 980 3202 1053 predium
3233 979 3362 1051 ejus
3383 977 3622 1035 heredes
3643 977 3724 1034 sui
3741 977 3842 1033 tol-

2220 1068 2364 1136 lant,
2398 1072 2455 1124 et
2485 1068 2532 1124 si
2568 1069 2916 1125 beneficium
2948 1068 3245 1138 habuerit,
3274 1066 3551 1124 dominus
3580 1067 3647 1122 ad
3685 1082 3844 1139 quem

2222 1157 2473 1228 pertinet
2502 1156 2646 1212 illud
2681 1157 2975 1230 accipiat..
3000 1157 3080 1227 Si,
3102 1173 3236 1213 vero
3258 1156 3502 1212 heredes
3523 1156 3615 1211 sui
3645 1153 3846 1228 aliquid

2219 1244 2302 1300 illi
2314 1249 2649 1317 ,postquam
2664 1245 2946 1317 expulsus
2963 1245 3396 1313 fuerit,subsidi
3407 1261 3503 1300 um
3517 1247 3576 1300 et
3586 1247 3852 1310 sustenta-

2223 1333 2419 1388 culum
2434 1334 2792 1406 impendisse
2804 1334 3023 1391 inventi
3039 1334 3256 1390 fuerint
3266 1337 3324 1390 et
3333 1332 3848 1405 convicti,predium

2221 1421 2339 1478 illis
2371 1424 2686 1491 auferatur,
2719 1426 2777 1479 et
2805 1424 2977 1497 regiae
3009 1422 3279 1496 dignitati
3302 1422 3679 1494 mancipetur.
3701 1421 3849 1487 Quod

2225 1510 2274 1566 si
2309 1527 2370 1565 se
2399 1510 2470 1565 de
2491 1511 2736 1581 objectis
2763 1527 3013 1584 purgare
3035 1511 3307 1578 voluerit,
3331 1526 3466 1566 cum
3491 1512 3576 1577 12,
3601 1507 3695 1582 qui
3715 1525 3854 1581 eque

2225 1598 2470 1666 nobiles,
2506 1615 2570 1654 ac
2600 1598 2791 1668 liberi,
2812 1598 3034 1655 fuerint
3044 1599 3180 1670 jure
3193 1599 3255 1654 η.
3271 1599 3332 1656 Si
3374 1614 3579 1654 servus
3598 1596 3859 1653 occiderit

2227 1687 2545 1755 hominem,
2581 1686 2916 1756 decolletur;
2951 1688 3000 1744 si
3029 1687 3441 1755 vulneraverit,
3474 1702 3648 1742 manu
3671 1685 3860 1741 dextra

2227 1779 2567 1843 truncetur;
2604 1775 2651 1830 si
2685 1773 2798 1830 alio
2828 1775 3002 1831 modo
3030 1774 3119 1831 vel
3149 1791 3347 1848 pugno
3378 1774 3468 1832 vel
3515 1773 3701 1846 lapide
3745 1773 3860 1828 sive

2229 1864 2379 1919 fuste
2408 1863 2496 1918 vel
2528 1863 2793 1936 quolibet
2828 1865 3001 1919 modo
3051 1864 3430 1936 percutiendo
3480 1862 3858 1930 defectaverit,

2226 1953 2561 2007 verberetur
2589 1956 2646 2007 et
2680 1951 3082 2024 decapilletur.
3115 1953 3178 2008 Si
3209 1956 3406 2009 autem
3435 1951 3529 2008 cui
3551 1952 3864 2024 imputatur

2226 2056 2289 2095 se
2309 2039 2680 2095 innocentem
2704 2040 2950 2112 probare
2970 2040 3236 2124 voluerit,
3253 2039 3479 2112 judicio
3501 2056 3648 2112 aque
3665 2038 3863 2112 frigide

2223 2146 2284 2184 se
2315 2133 2614 2201 expurget,
2653 2129 2734 2184 ita
2763 2133 2959 2185 tamen
2991 2133 3056 2184 ut
3083 2129 3210 2202 ipse
3239 2133 3298 2185 et
3318 2145 3488 2186 nemo
3510 2128 3659 2184 alius
3679 2145 3782 2202 pro
3801 2145 3864 2185 eo

2221 2217 2280 2272 in
2315 2235 2529 2289 aquam
2556 2217 2846 2273 mittatur.
2871 2217 2930 2272 Si
2953 2222 3152 2274 autem
3173 2217 3390 2274 timens
3402 2217 3696 2290 judicium
3716 2217 3867 2289 quod

2222 2306 2280 2360 in
2307 2322 2438 2361 eum
2469 2306 2753 2360 dictatum
2783 2309 2873 2361 est
2901 2305 3211 2379 aufugerit,
3233 2310 3522 2378 perpetuae
3543 2321 3870 2362 excommu-

2227 2394 2507 2450 nicationi
2543 2395 2862 2466 subjaceat,
2893 2398 2950 2450 et
2981 2395 3041 2450 in
3073 2411 3428 2467 quocunque
3469 2395 3592 2451 loco
3639 2394 3871 2451 auditus

2223 2483 2416 2550 fuerit,
2451 2483 2760 2539 mittantur
2790 2482 2928 2538 illuc
2971 2481 3159 2552 litere,
3215 2482 3433 2556 quibus
3490 2483 3867 2540 denuntietur

2223 2570 2395 2627 illum
2428 2571 2998 2628 excommunicatum
3029 2588 3158 2628 esse
3183 2576 3241 2628 et
3279 2571 3434 2644 quod
3465 2587 3600 2626 cum
3633 2588 3699 2627 eo
3729 2571 3870 2628 nulli

2223 2661 2663 2716 communicare
2694 2659 2880 2716 liceat.
2916 2661 3039 2716 Non
3073 2661 3245 2716 debet
3273 2660 3566 2716 truncatio
3589 2676 3871 2717 manuum

2223 2751 2282 2804 in
2314 2749 2514 2823 pueris
2541 2748 2662 2804 ﬁeri
2697 2750 2797 2820 qui
2830 2749 3094 2804 nondum
3126 2753 3339 2806 etatem
3363 2749 3671 2805 duodecim
3695 2766 3875 2806 anno-

2222 2855 2355 2894 rum
2400 2837 2812 2910 impleverint;
2865 2838 2913 2894 si
2963 2839 3064 2911 qui
3111 2838 3265 2894 hanc
3312 2838 3665 2910 transgressi
3717 2843 3874 2906 sunt,

2222 2928 2408 3000 pueri,
2437 2931 2667 2982 tantum
2698 2928 3038 2985 verberibus
3058 2929 3437 3001 castigentur.
3463 2927 3588 2983 Non
3610 2927 3880 3001 infringit

2222 3032 2447 3088 pacem,
2473 3015 2521 3070 si
2544 3015 2678 3088 quis
2699 3015 3138 3088 delinquentem
3161 3032 3394 3072 servum
3411 3015 3499 3072 vel
3516 3015 3876 3089 discipulum

2219 3104 2308 3160 vel
2332 3103 2592 3176 quolibet
2609 3105 2780 3160 modo
2802 3105 2915 3160 sibi
2939 3106 3268 3178 subjectum
3293 3105 3486 3176 scopis
3501 3103 3588 3160 vel
3613 3105 3873 3161 fustibus

2221 3193 2346 3249 cedi
2372 3192 2637 3264 jusserit.
2672 3193 2970 3267 Excipitur
2995 3193 3174 3250 etiam
3205 3194 3278 3249 ab
3305 3193 3415 3249 hac
3445 3192 3605 3266 pacis
3647 3194 3871 3250 consti-

2221 3281 2464 3348 tutione,
2489 3281 2538 3338 si
2559 3281 2835 3338 dominus
2856 3282 3174 3355 imperator
3193 3281 3424 3354 publice
3439 3281 3873 3354 expeditionem

456 3368 518 3426 Si
546 3369 959 3440 vulneraverit,
993 3389 1171 3428 manu
1200 3372 1501 3445 puniatur.
1535 3372 1594 3427 Si
1636 3371 1749 3428 alio
1797 3373 1969 3429 modo
2015 3373 2105 3430 vel
2138 3354 2180 3422 C
2219 3370 2340 3426 fieri
2364 3370 2611 3440 jusserit
2641 3375 2877 3443 propter
2895 3354 3253 3444 appetendos
3277 3369 3442 3444 regni
3464 3371 3764 3436 inimicos,
3785 3371 3877 3427 vel

453 3474 650 3532 pugno
672 3460 792 3516 sive
814 3460 966 3516 fuste
985 3460 1072 3517 vel
1093 3459 1288 3534 lapide
1311 3459 1688 3533 percutiendo
1708 3461 2104 3531 defectaverit,

453 3547 842 3605 detondeatur
864 3553 921 3605 et
935 3550 1279 3606 excorietur.
1306 3549 1365 3603 Si
1392 3552 1583 3604 autem
1602 3549 1692 3604 cui
1717 3550 2106 3623 imputabitur

453 3653 516 3692 se
545 3635 912 3694 innocentem
927 3639 1174 3711 probare
1184 3635 1454 3704 voluerit,
1461 3637 1685 3708 judicio
1700 3655 1863 3711 aqua:
1879 3639 2102 3712 frigidis

452 3741 515 3782 se
543 3730 843 3800 expurget,
876 3727 958 3783 ita
981 3731 1179 3783 tamen
1210 3728 1275 3781 ut
1302 3724 1430 3798 ipse
1451 3728 1506 3782 et
1529 3725 1732 3782 nullus
1745 3727 1895 3783 alius
1914 3744 2018 3801 pro
2035 3745 2101 3784 eo

451 3813 512 3870 in
541 3831 757 3888 aquam
789 3817 1078 3872 mittatur.
1099 3814 1158 3869 Si
1173 3817 1366 3869 autem
1381 3813 1596 3872 timens
1621 3815 1938 3873 vindictam
1973 3833 2100 3889 qua:

449 3904 509 3961 in
541 3921 674 3962 eum
697 3905 913 3964 dictata
932 3910 1022 3961 est
1044 3904 1353 3976 aufugerit,
1378 3908 1668 3976 perpetuae
1695 3907 2102 3962 excommuni-

449 3993 658 4050 cationi
693 3992 1041 4065 subjacebit,
1074 3995 1131 4048 et
1168 3991 1228 4046 in
1277 4009 1646 4065 quocumque
1690 3993 1814 4049 loco
1863 3995 2099 4052 auditus

449 4083 644 4153 fuerit,
677 4079 1144 4140 mittanturilluc
1167 4080 1394 4152 litterae,
1419 4098 1522 4154 per
1542 4099 1690 4154 quas
1713 4083 2100 4140 denuncietur

447 4173 724 4230 omnibus
753 4171 905 4243 quod
929 4165 1470 4227 excommunicatus
1487 4175 1596 4238 est,
1619 4175 1676 4227 et
1701 4173 1855 4244 quod
1875 4189 2007 4230 cum
2030 4190 2096 4231 eo

445 4261 882 4319 communicare
911 4257 1061 4314 nulli
1085 4258 1311 4314 licitum
1334 4264 1442 4314 est.
1468 4259 1593 4314 Non
1615 4259 1785 4316 debet
1804 4263 2094 4321 truncatio

444 4366 740 4408 manuum
772 4349 832 4403 in
865 4347 1063 4420 pueris
1089 4347 1210 4404 fieri
1233 4347 1334 4420 qui
1355 4349 1616 4404 nondum
1655 4349 1960 4407 duodecim
1991 4370 2094 4409 an-

442 4455 656 4496 norum
677 4440 888 4492 etatem
919 4434 1308 4508 impleverint,
1328 4437 1428 4492 sed
1451 4437 1512 4492 in
1552 4435 1670 4494 illis
1709 4438 1810 4511 qui
1845 4441 1916 4496 ab
1941 4445 2093 4498 etate

442 4528 498 4584 id
533 4530 623 4582 est
650 4541 686 4579 a
713 4523 1022 4580 duodecim
1054 4523 1224 4581 annis
1255 4526 1328 4581 ad
1361 4526 1642 4597 majorem
1684 4534 2088 4599 pervenerunt.

415 4655 419 4666 .
439 4613 608 4674 Pueri
624 4617 820 4669 tamen
843 4614 891 4669 si
913 4613 1319 4686 pugnaverint,
1341 4613 1682 4672 verberibus
1703 4618 2086 4690 castigentur,

2214 3457 2526 3515 concilium
2559 3458 2670 3514 sibi
2703 3458 2916 3515 habere
2947 3459 3252 3531 placuerit,
3284 3463 3519 3531 propter
3548 3458 3882 3530 dijudican-

2213 3549 2319 3604 dos
2341 3548 2582 3620 justicie
2613 3549 2998 3605 adversarios.
3032 3548 3158 3605 Non
3192 3547 3439 3604 violatur
3468 3565 3603 3620 pax,
3631 3549 3682 3604 si
3717 3548 3882 3606 inte-

2212 3637 2323 3692 rim
2357 3638 2478 3692 dux
2506 3641 2608 3692 aut
2637 3635 2734 3691 alii
2768 3636 3010 3693 comites
3037 3636 3126 3692 vel
3155 3636 3416 3693 advocati
3446 3634 3534 3691 vel
3556 3635 3660 3708 qui
3680 3636 3880 3693 vicem

2210 3725 2447 3781 illorum
2478 3726 2807 3798 funguntur
2837 3725 3051 3798 placita
3074 3725 3410 3794 habuerint,
3449 3728 3508 3781 et
3537 3725 3880 3781 secundum

2210 3815 2364 3887 quod
2388 3814 2479 3870 lex
2500 3814 2677 3870 habet
2694 3814 2752 3869 in
2779 3813 2937 3870 fures
2962 3818 3018 3870 et
3035 3814 3322 3888 predones
3341 3818 3399 3870 et
3420 3813 3566 3869 alios
3587 3819 3880 3871 nocentes

2201 3903 2428 3976 judicia
2456 3903 2839 3959 exercuerint.
2862 3903 3204 3961 Securitatis
3224 3903 3412 3976 gratia
3432 3903 3720 3960 omnibus
3741 3920 3878 3976 pre-

2206 3993 2376 4065 cipue
2406 3992 2641 4048 faicosis
2673 3992 2853 4063 hujus
2885 3992 3176 4049 dominice
3207 3993 3367 4064 pacis
3391 3995 3617 4048 stat-uta
3638 3997 3738 4048 est
3759 3996 3881 4048 tra-

2206 4082 2380 4153 dicio,
2413 4082 2514 4137 sed
2548 4098 2663 4136 non
2695 4085 2761 4136 ut
2791 4085 2924 4154 post
2961 4081 3251 4154 expletam
3302 4097 3504 4154 pacem
3553 4098 3770 4154 rapere
3820 4085 3883 4137 et

2205 4169 2435 4242 predari
2467 4186 2568 4242 per
2587 4169 2756 4225 villas
2779 4175 2836 4226 et
2855 4187 2958 4242 per
2977 4171 3184 4226 domos
3205 4170 3480 4237 audeant,
3504 4170 3648 4242 quia
3667 4185 3792 4242 que
3816 4170 3879 4224 in

2203 4258 2334 4314 illos
2366 4263 2681 4331 antequam
2714 4259 2830 4315 ista
2859 4276 2971 4331 pax
2996 4263 3353 4316 statueretur
3382 4259 3471 4316 lex
3491 4264 3550 4315 et
3569 4259 3886 4316 sententia

2203 4348 2421 4404 dictata
2449 4351 2539 4404 est
2558 4347 3004 4421 diligentissime
3024 4347 3338 4414 tenebitur,
3361 4351 3428 4403 ut
3452 4347 3524 4402 ab
3544 4346 3884 4419 iniquitate

2203 4437 2600 4510 proibeantur,
2635 4437 2774 4509 quia
2799 4438 3136 4509 predatores
3167 4440 3225 4492 et
3252 4439 3621 4509 grassatores
3657 4435 3739 4490 ab
3763 4435 3884 4492 hac

2201 4526 2397 4582 divina
2424 4542 2566 4598 pace
2593 4531 2651 4582 et
2675 4526 2746 4582 ab
2770 4526 2929 4581 omni
2958 4542 3200 4599 prorsus
3224 4524 3618 4598 excipiuntur.
3642 4524 3708 4579 Si
3733 4523 3882 4597 quis

2198 4614 2334 4671 huic
2365 4616 2458 4687 pie
2484 4615 2887 4671 constitutioni
2918 4615 3211 4671 contraire
3236 4614 3463 4683 nititur,
3498 4617 3566 4669 ut
3594 4629 3715 4670 nec
3764 4631 3883 4686 pa-

437 4707 546 4759 eta
563 4702 877 4776 pugnando
899 4703 1320 4760 deterreantur.
1344 4703 1468 4761 Non
1489 4702 1633 4760 ledit
1651 4721 1854 4777 pacem
1878 4707 1928 4762 si
1951 4708 2084 4779 quis
2116 4723 2164 4787 υ
2196 4721 2321 4760 cem
2352 4704 2468 4760 Deo
2496 4705 2837 4776 promittere
2864 4721 2970 4760 nec
2999 4704 3174 4761 etiam
3224 4704 3531 4760 observare
3577 4700 3883 4769 voluerit,

439 4789 875 4865 delinquentem
890 4808 1122 4846 servum
1143 4808 1338 4859 suum,
1354 4791 1442 4847 vel
1463 4793 1818 4866 discipulum
1842 4795 1930 4851 vel
1943 4813 2086 4868 quo-

440 4879 584 4936 libet
609 4881 782 4936 modo
814 4881 926 4936 sibi
959 4880 1265 4936 subditum
1297 4881 1487 4954 scopis
1522 4881 1611 4938 vel
1660 4882 1918 4940 fustibus
1963 4885 2089 4941 cedi

432 4968 696 5041 jusserit.
711 4969 1008 5040 Excipitur
1033 4968 1208 5024 etiam
1239 4970 1310 5025 ab
1327 4971 1433 5026 hac
1457 4971 1618 5042 pacis
1648 4971 2084 5043 constitutione,

440 5055 490 5112 si
521 5055 774 5112 domnus
805 5071 905 5111 rex
933 5055 1166 5128 publice
1197 5058 1622 5130 expeditionem
1654 5059 1777 5113 ﬁeri
1815 5060 2084 5131 jusserit,

439 5149 675 5218 propter
697 5146 1052 5218 appetendos
1083 5145 1252 5228 regni
1291 5146 1583 5215 inimicos,
1631 5147 1722 5202 vel
1770 5148 2085 5206 concilium

438 5234 549 5290 sibi
580 5235 795 5292 habere
825 5234 1107 5306 placuerit
1136 5241 1371 5308 propter
1401 5236 1477 5307 dij
1490 5235 1810 5292 udicandos
1831 5239 2084 5308 justicize

435 5321 818 5378 adversarios.
850 5323 974 5379 Non
1001 5323 1250 5379 violatur
1281 5341 1413 5395 pax,
1459 5323 1509 5376 si
1557 5321 1792 5379 interim
1835 5326 1952 5381 dux
1996 5327 2083 5384 vel

433 5411 532 5467 alii
563 5411 828 5480 comites,
858 5411 946 5468 vel
979 5411 1262 5481 advocati,
1295 5411 1384 5466 vel
1416 5410 1518 5480 qui
1545 5410 1667 5465 vice
1697 5411 1932 5470 illorum
1955 5416 2084 5472 fun-

2199 4793 2445 4848 missam
2469 4792 2552 4847 illi
2569 4792 2766 4848 nullus
2789 4793 3250 4865 presbiterorum
3274 4797 3512 4848 cantare
3523 4795 3883 4864 presumat,

2195 4885 2253 4936 et
2273 4880 2494 4937 nullam
2519 4880 2730 4937 salutis
2747 4899 2951 4938 curam
2975 4882 3275 4955 inpendat;
3301 4882 3350 4938 si
3375 4880 3885 4937 infirmeturnul-

2195 4969 2288 5026 lus
2310 4970 2776 5027 Christianorum
2803 4988 2939 5027 eum
2960 4972 3196 5027 visitare
3215 4974 3541 5043 presumat,
3565 4974 3625 5026 et
3646 4968 3885 5025 viatico

2195 5060 2371 5116 etiam
2405 5059 2464 5114 in
2498 5060 2633 5126 fine,
2668 5058 2781 5116 nisi
2814 5059 3141 5132 resipiscat,
3175 5064 3388 5116 careat.
3412 5059 3472 5115 Si
3493 5058 3634 5130 quis
3657 5062 3882 5115 autem

2194 5148 2355 5204 illam
2388 5147 2507 5205 sive
2536 5149 2594 5203 in
2631 5149 2882 5221 presenti
2914 5155 3175 5223 tempore
3225 5149 3343 5206 sive
3389 5149 3448 5205 in
3497 5151 3884 5220 perpetuum

2193 5238 2346 5310 apud
2372 5243 2631 5310 posteros
2655 5244 2885 5294 nostros
2907 5238 3122 5294 violare
3147 5236 3592 5310 presumpserit,
3621 5253 3660 5292 a
3685 5237 3887 5293 nobis

2191 5325 2731 5398 inrecuperabiliter
2752 5328 3292 5384 excommunicatus
3322 5330 3432 5383 est.
3478 5325 3607 5382 Non
3665 5325 3888 5399 magis

2189 5415 2250 5472 in
2271 5415 2554 5471 comitum
2578 5414 2664 5471 vel
2687 5415 3061 5472 tribunorum
3083 5415 3204 5472 sive
3224 5413 3630 5489 quorumlibet
3652 5419 3892 5488 poten-

430 5505 676 5575 guntur,
706 5500 918 5572 placita
946 5499 1286 5569 habuerint,
1317 5502 1376 5554 et
1418 5499 1743 5560 secundum
1783 5504 1938 5574 quod
1992 5505 2084 5562 lex
2188 5509 2316 5561 tum
2346 5521 2524 5578 quam
2555 5505 2618 5561 in
2647 5504 2828 5560 totius
2864 5505 3068 5579 populi
3117 5505 3510 5564 communiter
3557 5507 3891 5578 potestate

1785 5652 2025 5713 VARIZE
2057 5653 2473 5726 LEGTIONES.

501 5727 550 5812 tu
577 5765 831 5846 abusque
860 5783 907 5827 ο.
941 5767 987 5805 ³³
1007 5767 1211 5843 jurent
1237 5780 1285 5828 θ.
