3976 6360
160 385 346 450 'H‘33

1527 389 1936 477 sanemus
1972 393 2053 460 ιν
2094 393 2259 460 ῙΜΡ.

3417 403 3598 466 .1134

182 519 364 577 habet
393 520 453 578 in
481 521 662 592 fures,
685 527 742 580 et
761 524 1083 597 praedones,
1107 529 1164 583 et
1183 525 1329 583 alios
1361 532 1635 584 nocentes
1666 529 1827 600 judi-
1858 531 1910 597 Α
1941 536 2207 588 constare
2238 533 2561 603 sanximus,
2594 536 2661 590 ut
2688 534 2976 591 vindictas
3007 549 3189 608 supra
3215 540 3592 606 memoratas,

179 608 335 666 dicia
362 612 742 669 exercuerint.
769 615 1112 672 Securitatis
1159 616 1348 688 gratia
1378 615 1653 672 omnibus
1685 635 1829 690 pra:-

177 698 349 772 cipue
381 699 614 757 faicosis
635 701 815 773 hujus
840 704 1146 760 dominicae
1165 706 1324 776 pacis
1347 709 1567 760 statuta
1593 706 1828 761 traditio

179 791 292 856 est,
327 789 427 845 sed
460 807 575 846 non
608 795 675 847 ut
705 796 838 864 post
853 792 1141 865 expletam
1165 810 1365 866 pacem
1389 811 1590 866 rapere
1611 800 1668 850 et
1689 813 1829 865 prae-

179 876 310 932 dari
342 894 444 949 per
471 877 640 935 villas
671 885 729 936 et
755 897 858 953 per
886 881 1093 938 domos
1124 883 1397 950 audeant,
1432 882 1570 956 quia
1595 901 1722 955 quas
1770 884 1829 939 in

175 963 312 1022 illos
342 970 656 1040 antequam
689 969 803 1025 ista
824 987 936 1042 pax
973 975 1334 1026 statueretur
1359 971 1448 1027 lex
1469 977 1524 1028 et
1545 972 1833 1028 sententia

175 1053 397 1110 dictata
425 1059 482 1112 et
506 1055 764 1129 legitime
794 1059 1114 1126 tenebitur,
1147 1064 1212 1115 ut
1241 1061 1314 1116 ab
1343 1061 1652 1132 iniquitate
1692 1077 1826 1132 pro—

177 1142 514 1212 hibeantur,
552 1147 692 1218 quia
720 1148 1070 1219 praedatores
1100 1151 1157 1202 et
1197 1153 1559 1218 grassatores
1604 1149 1676 1204 ab
1719 1149 1829 1205 hac

175 1231 377 1288 divina
404 1238 462 1290 et
493 1235 564 1290 ab
599 1236 759 1290 omni
789 1253 1030 1308 prorsus
1061 1236 1828 1310 paceexcipiuntur.Siquis

175 1320 315 1376 huic
346 1321 452 1394 pite
483 1321 842 1380 institutioni
864 1324 1149 1380 contraire
1172 1323 1400 1391 nititur,
1425 1328 1489 1380 ut
1505 1342 1607 1381 nec
1626 1343 1826 1398 pacem

173 1425 313 1466 cum
343 1410 473 1467 aliis
506 1411 622 1468 Deo
653 1413 991 1484 promittere
1022 1429 1127 1470 nec
1156 1413 1332 1469 etiam
1373 1414 1680 1469 observare
1726 1431 1826 1470 vo-

172 1497 370 1566 luerit,
401 1500 646 1557 missam
669 1501 756 1556 illi
789 1501 989 1557 nullus
1020 1501 1474 1574 presbiterorum
1515 1503 1574 1558 in
1629 1508 1827 1560 nostro

170 1585 512 1661 episcopatu
546 1593 780 1646 cantare
810 1595 1154 1662 praesumat,
1174 1594 1230 1646 et
1251 1590 1473 1646 nullam
1496 1590 1704 1646 salutis
1727 1608 1825 1648 cu-

171 1692 302 1732 ram
334 1676 654 1749 impendat,
687 1683 744 1734 et
773 1679 822 1734 si
855 1678 1210 1744 infirmatur,
1243 1678 1445 1735 nullus
1471 1696 1606 1734 eum
1664 1679 1826 1735 Chri-

169 1765 499 1823 stianorum
528 1767 764 1823 visitare
790 1768 1022 1835 audeat,
1053 1773 1110 1824 et
1139 1768 1350 1824 viatico
1382 1769 1555 1824 etiam
1591 1769 1650 1823 in
1684 1770 1822 1838 fine,

1938 619 2317 678 violatoribus
2349 625 2547 678 sancte
2577 623 2738 695 pacis
2767 623 3059 692 inferant;
3095 627 3153 678 et
3182 623 3292 679 hoc
3349 624 3594 696 diligen-

1939 708 2165 765 tissime
2178 715 2438 777 caveant,
2458 728 2529 766 ne
2543 711 2598 766 in
2613 713 2908 783 puniendo
2922 712 3092 768 amici
3101 712 3251 768 ciam
3273 711 3358 768 vel
3373 712 3598 785 odium,

1940 797 2028 852 vel
2051 797 2209 853 aliud
2243 799 2398 870 quod
2418 800 2664 870 justitize
2687 802 3045 858 contrarium
3069 802 3147 858 sit
3165 805 3492 868 exerceant,
3520 818 3594 858 ne

1941 884 2151 941 delicta
2163 887 2495 958 aliquorum
2509 889 2875 946 abscondant
2893 891 2992 946 sed
3014 889 3276 962 potiusin
3292 889 3596 962 publicum

1940 974 2254 1044 proferant.
2292 975 2500 1032 Nullus
2531 994 2634 1048 pro
2665 977 3020 1034 redimendis
3051 979 3151 1051 qui
3181 979 3242 1034 in
3273 977 3447 1050 culpa
3494 979 3594 1034 de-

1940 1062 2213 1132 prehensi
2246 1064 2476 1120 fuerant
2499 1066 2808 1137 pecuniam
2839 1067 3104 1138 accipiat.
3139 1067 3485 1122 Mercatores
3533 1067 3594 1122 in

1937 1149 2144 1207 itinere
2165 1169 2278 1224 quo
2310 1154 2703 1225 negotiantur,
2737 1156 2938 1212 rustici
2969 1156 3108 1211 dum
3133 1154 3592 1226 rusticalioperi,

1936 1239 2176 1307 arando,
2213 1240 2501 1308 fodiendo,
2535 1243 2824 1307 metendo,
2861 1247 2917 1299 et
2936 1243 3070 1299 aliis
3088 1243 3431 1314 hujusmodi
3479 1260 3589 1316 ope

1938 1345 2063 1382 ram
2093 1333 2257 1397 dant,
2282 1323 2443 1385 omni
2463 1331 2557 1386 die
2581 1347 2783 1403 pacem
2806 1331 3079 1388 habeant.
3106 1333 3376 1388 Mulieres
3398 1337 3593 1388 autem

1939 1421 1994 1470 et
2019 1433 2222 1472 omnes
2253 1418 2434 1474 sacris
2482 1419 2787 1476 ordinibus
2819 1419 3111 1475 adtitulati
3133 1425 3412 1493 perpetua
3450 1438 3593 1493 pace

1938 1504 2236 1574 fruantur;
2269 1507 2328 1561 in
2359 1506 2621 1563 ecclesiis
2637 1525 2771 1564 vero
2793 1513 2849 1563 et
2870 1508 3252 1564 ecclesiarum
3276 1507 3583 1566 cimiteriis

1936 1592 2123 1649 honor
2152 1599 2210 1649 et
2231 1595 2485 1650 reventia
2520 1595 2636 1651 Deo
2668 1596 2997 1668 prebeatur,
3049 1599 3114 1651 ut
3157 1597 3206 1651 si
3262 1596 3403 1652 illuc
3452 1613 3589 1653 con—

1939 1682 2148 1754 fugerit
2178 1687 2374 1754 raptor
2401 1683 2487 1739 vel
2519 1684 2632 1750 tur,
2669 1683 2908 1740 minime
2924 1685 3333 1758 capiatur,.sed
3355 1685 3583 1741 tamdiu

1937 1770 2015 1824 ibi
2044 1771 2399 1838 obsideatur,
2431 1773 2616 1828 donec
2647 1774 2800 1828 fame
2831 1778 3071 1845 cogente
3111 1774 3182 1829 ad
3219 1773 3577 1840 deditionem

171 1853 222 1909 si
255 1870 371 1910 non
405 1854 716 1927 resipiscit,
750 1860 962 1912 careat.
986 1857 1230 1912 Summa
1244 1857 1503 1912 veroDeo
1519 1857 1821 1929 promissae
1857 1894 1904 1958 Β
1935 1863 2196 1931 cogatur.
2230 1859 2290 1916 Si
2321 1861 2538 1933 aliquis
2566 1861 2964 1917 defensionem
2998 1878 3115 1929 reo,
3141 1863 3580 1933 arma,victum,

171 1943 336 2016 pacis
363 1947 421 2000 et
450 1948 843 2000 communiter
871 1944 1228 2014 collaudatae,
1282 1945 1396 2001 ista
1440 1946 1568 2014 erit,
1618 1950 1682 2001 ut
1735 1963 1828 2002 so-

171 2032 478 2088 lummodo
503 2050 615 2089 non
635 2034 852 2090 nostris
873 2035 1259 2107 temporibus,
1281 2035 1377 2090 sed
1403 2034 1460 2089 in
1482 2039 1826 2107 perpetuum

172 2122 331 2195 apud
363 2126 628 2194 posteros
647 2127 880 2180 nostros
914 2123 1274 2189 observetur,
1309 2124 1447 2195 quia
1473 2123 1522 2179 si
1543 2124 1678 2195 quis
1698 2141 1825 2180 eam

168 2209 424 2280 irritare,
453 2210 543 2267 vel
571 2212 890 2280 destruere,
942 2216 1044 2268 aut
1099 2212 1312 2268 violare
1362 2213 1826 2285 praesumpserit,

170 2299 292 2356 sive
325 2298 434 2356 hoc
465 2304 724 2373 tempore
755 2318 856 2356 seu
887 2301 988 2373 qui
1021 2305 1152 2374 post
1183 2301 1403 2356 multos
1435 2318 1621 2357 annos
1673 2303 1825 2358 circa

167 2389 350 2444 ﬁnem
362 2389 543 2445 seculi
557 2390 890 2446 nasciturus
904 2390 1034 2457 erit,
1052 2407 1086 2445 a
1099 2390 1267 2446 nobis
1281 2391 1826 2463 inrecuperabiliter

170 2479 713 2535 excommunicatus
747 2483 853 2534 est.
883 2479 1009 2535 Non
1040 2479 1228 2552 magis
1261 2481 1318 2534 in
1370 2479 1672 2549 comitum,
1723 2483 1825 2535 aut

171 2566 568 2638 tribunorum,
599 2567 686 2624 vel
718 2573 1047 2641 potentum,
1073 2585 1251 2641 quam
1275 2568 1334 2624 in
1356 2569 1538 2624 totius
1560 2586 1823 2624 commu-

173 2655 328 2713 niter
356 2656 557 2729 populi
589 2661 874 2728 potestate
903 2662 962 2714 et
990 2657 1232 2714 arbitrio
1263 2658 1574 2724 constabit,
1599 2662 1664 2713 ut
1702 2659 1824 2712 vin-

1937 1947 2026 2003 vel
2059 1948 2256 2021 fugam
2301 1948 2494 2004 moliri
2526 1950 2974 2023 presumpserit,
3004 1949 3199 2022 equali
3239 1967 3398 2022 penaa
3440 1951 3594 2006 sicut

1940 2054 2072 2093 reus
2103 2038 2448 2109 subjacebit.
2484 2039 2684 2094 Banno
2715 2039 2890 2094 etiam
2922 2043 3121 2095 nostro
3158 2038 3589 2107 interdicimus,

1939 2143 2010 2182 ne
2033 2126 2249 2198 aliquis
2267 2126 2416 2182 sacri
2431 2128 2653 2183 ordinis
2667 2127 2847 2198 hujus
2867 2132 3064 2184 sancte
3081 2126 3240 2200 pacis
3262 2132 3592 2200 transgres-

1939 2232 2035 2270 sor
2051 2215 2374 2281 convictus,
2395 2214 2585 2270 laicali
2607 2215 2868 2271 vindicta
2881 2215 3183 2288 puniatur,
3203 2217 3301 2271 sed
3320 2216 3589 2288 episcopo

1937 2307 2324 2376 presentetur.
2362 2303 2523 2358 Unde
2548 2303 2682 2359 laici
2713 2302 3095 2370 decollentur,
3126 2303 3465 2360 indeclerici
3487 2305 3586 2359 de-

1935 2392 2290 2464 gradentur;
2326 2392 2480 2446 unde
2511 2391 2640 2446 laici
2668 2392 3108 2459 detruncentur,
3142 2392 3276 2446 inde
3297 2391 3489 2447 clerici
3512 2390 3585 2445 ab

1936 2479 2144 2536 ofﬁciis
2167 2480 2605 2553 suspendantur
2631 2498 2644 2548 ;
2671 2483 2727 2534 et
2747 2496 3037 2535 consensu
3060 2478 3340 2534 laicorum
3363 2477 3584 2536 crebris

1927 2568 2172 2639 jejuniis
2201 2573 2257 2624 et
2284 2567 2620 2624 verberibus
2641 2584 2825 2640 usque
2849 2568 2920 2623 ad
2945 2567 3406 2625 satisfactionem
3431 2567 3582 2624 afﬂi-

1938 2661 2169 2729 gantur.
2201 2658 2404 2712 Amen.

174 2745 367 2802 dictas
407 2747 678 2820 superius
709 2747 958 2804 dictatas
991 2746 1373 2803 violatoribus
1403 2751 1617 2803 sanctis
1649 2747 1808 2819 pacis
1842 2747 2121 2813 inferant;
2156 2751 2212 2801 et
2243 2746 2351 2801 hoc
2383 2745 2832 2818 diligentissime
2863 2750 3122 2814 caveant,
3182 2763 3253 2802 ne
3309 2744 3369 2801 in

170 2834 488 2906 puniendis
510 2835 855 2905 amiciciam,
890 2835 977 2892 vel
1008 2836 1228 2902 odium,
1265 2836 1349 2891 vel
1383 2836 1543 2890 aliud
1576 2837 1729 2908 quod
1757 2836 2005 2908 justitiam
2038 2834 2402 2890 contrarium
2435 2835 2510 2890 sit
2540 2838 2865 2902 exerceant,
2897 2851 2967 2890 ne
2998 2835 3045 2891 si
3079 2834 3358 2892 abscondi

175 2928 427 2997 possunt
446 2923 658 2981 delicta
677 2924 1008 2998 aliquorum
1032 2927 1413 2991 abscondant,
1441 2925 1541 2981 sed
1568 2925 1762 2997 potius
1780 2925 1838 2979 in
1862 2923 2164 2996 publicum
2197 2923 2480 2979 deferant.
2512 2922 2722 2979 Nullus
2755 2940 2857 2996 pro
2881 2923 3238 2982 redimendis
3261 2923 3359 2995 qui

178 3012 240 3068 in
273 3012 445 3085 culpa
474 3013 820 3086 deprehensi
857 3013 1072 3070 fuerint
1101 3014 1406 3086 pecuniam
1431 3014 1698 3086 accipiat,
1733 3029 1836 3069 nec
1869 3014 2060 3069 favore
2091 3012 2368 3084 quopiam
2393 3011 2715 3084 culpabiles
2733 3013 3006 3084 adjuvare
3024 3013 3357 3080 contendat,

181 3101 322 3172 quia
345 3101 445 3174 qui
473 3102 692 3169 fecerit,
717 3103 1082 3159 intolerabile
1103 3104 1311 3159 animae
1338 3103 1759 3174 sutejudicium
1780 3103 2046 3169 incurrit,
2082 3119 2148 3157 ac
2178 3119 2280 3174 per
2310 3118 2512 3156 omnes
2544 3101 2744 3157 fideles
2776 3102 3119 3158 meminisse
3149 3105 3374 3173 oportet

180 3208 296 3246 non
317 3190 542 3246 homini
567 3192 668 3248 sed
702 3191 826 3248 solo
847 3192 962 3248 Deo
994 3192 1146 3249 hanc
1170 3209 1370 3266 pacem
1395 3193 1748 3265 promissam
1774 3191 1976 3259 fuisse,
2005 3196 2064 3246 et
2092 3195 2253 3246 tanto
2280 3190 2543 3246 tenacius
2575 3189 2921 3262 firmiusque
2950 3190 3374 3246 observandam

178 3295 330 3335 esse.
357 3280 638 3344 Quocirca
668 3281 970 3337 universos
986 3282 1363 3338 obsecramus
1394 3281 1452 3336 in
1475 3282 1704 3337 Christo
1729 3286 1791 3336 ut
1813 3282 1926 3336 ista
1955 3281 2116 3352 pacis
2139 3280 2468 3335 necessaria
2498 3279 2714 3334 taxatio
2746 3277 3155 3333 inviolabiliter
3183 3283 3373 3333 custo-

179 3367 398 3437 diatur,
430 3371 496 3423 ut
523 3368 572 3424 si
603 3368 737 3440 quis
761 3385 889 3424 eam
924 3369 1198 3442 deinceps
1223 3369 1438 3426 violare
1473 3367 1934 3442 praesumpserit,
1969 3368 2208 3423 omnino
2240 3384 2272 3422 a
2302 3371 2513 3422 sanctae
2546 3365 2839 3434 aecclesiaa,
2873 3364 3012 3420 filiis
3044 3369 3368 3436 sequestre-

179 3460 296 3524 tur,
332 3460 389 3512 et
417 3457 610 3513 banno
639 3458 1262 3514 excommunicationis
1294 3457 1778 3531 inrecuperabilis
1807 3461 1864 3514 et
1895 3457 2265 3512 anathemate
2298 3471 2592 3511 mansuras
2614 3454 2962 3527 perditionis
2991 3455 3361 3525 dampnetur.

177 3544 242 3600 In
266 3543 544 3601 (ecclesiis
575 3562 710 3602 vero
741 3551 798 3602 et
827 3546 1220 3603 ecclesiarum
1254 3547 1569 3603 cimeteriis
1601 3546 1786 3603 honor
1817 3551 1873 3603 et
1904 3545 2225 3602 reverentia
2281 3545 2394 3600 Deo
2454 3544 2800 3616 praebeatur,
2824 3547 2890 3598 ut
2921 3542 2970 3598 si
3001 3543 3138 3598 illuc
3169 3543 3367 3598 confu-

175 3633 328 3707 gerit
384 3639 600 3706 raptor,
632 3635 719 3692 vel
747 3637 862 3705 fur,
893 3636 1133 3692 minime
1164 3637 1556 3693 interficiatur
1584 3636 1671 3692 vel
1707 3636 1972 3710 capiatur
2002 3635 2102 3691 sed
2135 3639 2255 3690 tam
2315 3635 2415 3688 diu
2449 3632 2593 3688 inibi
2651 3632 2989 3688 obsideatur
3009 3632 3191 3687 donec
3218 3631 3371 3687 fame

181 3727 429 3796 urgente
459 3724 530 3779 ad
562 3724 914 3782 deditionem
946 3731 1206 3799 cogatur.
1242 3725 1300 3782 Si
1329 3725 1527 3797 aliqua
1556 3743 1808 3798 persona
1837 3743 1932 3781 reo
2003 3741 2185 3792 arma,
2253 3723 2496 3789 victum,
2563 3720 2650 3777 vel
2717 3738 2925 3795 sugam
2985 3719 3178 3792 moliri
3226 3737 3369 3793 prae-

181 3812 524 3884 sumpserit,
554 3813 836 3886 aequalem
869 3831 1102 3887 pmnam
1133 3815 1287 3871 sicut
1319 3832 1452 3870 reus
1485 3815 1818 3871 sustinebit.
1853 3814 2104 3870 Clericos
2125 3830 2258 3869 vero
2290 3818 2345 3869 et
2374 3829 2580 3868 omnes
2637 3811 2746 3868 sub
2777 3811 2889 3867 hoc
2941 3810 3145 3867 ordine
3191 3809 3372 3865 vitam

179 3901 481 3974 degentes,
518 3901 714 3958 banno
747 3907 945 3960 nostro
974 3903 1382 3960 interdicimus
1408 3903 1600 3959 laicali
1631 3905 1892 3961 vindicta
1922 3904 2141 3977 puniri,
2177 3903 2280 3959 sed
2309 3901 2620 3958 manifesto
2689 3900 2936 3956 crimine
3002 3899 3377 3972 deprehensi,

182 3988 733 4063 episcopoipsorum
751 3993 1364 4064 praesententurﬂnde
1387 3993 1517 4049 laici
1541 3993 1730 4049 clerici
1747 3993 2129 4061 decollentur,
2156 3993 2290 4048 inde
2306 3991 2500 4047 clerici
2520 3991 2944 4063 degradentur;
2967 3989 3122 4046 unde
3143 3988 3272 4044 laici
3291 3988 3390 4044 de-

181 4082 554 4149 truncentur,
616 4079 753 4136 inde
783 4073 975 4138 clerici
1007 4082 1079 4137 ab
1102 4082 1310 4138 officiis
1333 4083 1866 4155 suspendantur;et
1896 4100 2028 4139 cum
2059 4099 2346 4138 consensu
2380 4080 2661 4136 laicorum
2692 4078 2913 4136 crebris
2936 4077 3183 4150 jejuniis

181 4169 241 4222 et
273 4167 616 4224 verberibus
644 4185 832 4241 usque
854 4171 925 4226 ad
961 4170 1418 4228 satisfactionem
1450 4171 1808 4245 afﬂigantur.

675 4385 1055 4442 Juramentum
1083 4388 1233 4460 pacis
1253 4388 1367 4443 Dei.

251 4509 338 4564 Ab
355 4508 602 4566 adventu
621 4509 849 4568 Domini
876 4529 1061 4584 usque
1087 4513 1158 4568 ad
1178 4511 1501 4584 proximam
1517 4511 1834 4568 diemlunaa

181 4601 318 4671 post
347 4598 775 4671 :epyphaniam,
809 4599 948 4657 item
975 4619 1008 4657 a
1049 4601 1485 4674 septuagesima
1538 4617 1723 4672 usque
1762 4598 1834 4656 ad

181 4690 450 4741 octavam
484 4692 868 4759 pentecostes,
902 4689 1042 4746 item
1070 4690 1128 4745 in
1149 4690 1424 4746 omnibus
1456 4688 1649 4762 vigilis
1667 4693 1723 4745 et
1754 4689 1834 4744 fe-

181 4773 432 4830 rialibus
465 4775 646 4845 festis,
680 4781 736 4833 et
765 4777 953 4834 tribus
983 4777 1189 4834 diebus
1217 4779 1271 4832 in
1307 4777 1832 4850 omniseptimana,

181 4861 411 4918 scilicet
443 4880 476 4918 a
504 4881 745 4937 vespera
776 4866 992 4939 quintae
1020 4866 1172 4922 feria
1204 4884 1391 4937 usque
1415 4867 1488 4921 ad
1511 4865 1834 4924 diluculum

184 4952 458 5008 secundae
491 4954 665 5023 ferite,
701 4973 813 5028 pax
843 4956 922 5012 sit
953 4955 1191 5028 ubique,
1225 4956 1306 5010 ita
1350 4961 1414 5010 ut
1467 4972 1637 5012 nemo
1684 4957 1838 5012 ledat

183 5039 494 5096 inimicum
510 5059 704 5098 suum.
723 5045 828 5110 Qui
844 5044 1138 5113 occiderit,
1155 5043 1462 5116 capitalem
1488 5045 1836 5102 subcatsen-

184 5128 452 5184 tentiam.
473 5129 998 5199 Quivulneraverit,
1014 5151 1253 5188 manem
1274 5133 1496 5204 perdat.
1518 5133 1620 5198 Qui
1645 5151 1834 5206 pugno

170 5207 560 5291 percusserit,
598 5221 647 5275 si
682 5221 893 5278 nobilis
923 5227 1032 5290 est,
1067 5221 1219 5277 libra
1248 5228 1576 5292 componat.
1609 5224 1668 5278 Si
1692 5223 1838 5279 liber

183 5312 288 5362 aut
318 5308 746 5381 ministerialis,
780 5313 979 5368 decem
1011 5310 1247 5378 solidis;
1284 5311 1331 5365 si
1357 5327 1577 5378 servus,
1613 5317 1742 5367 cute
1781 5317 1838 5368 et

182 5395 444 5470 capillis.
475 5398 679 5456 Omnis
728 5402 960 5470 domus,
1012 5401 1205 5457 omnis
1254 5416 1389 5456 area
1435 5417 1635 5474 pacem
1685 5401 1838 5459 infra

183 5489 352 5558 septa
383 5504 493 5544 sua
513 5487 728 5546 habeat
771 5491 1022 5548 firmam.
1073 5488 1282 5546 Nullus
1331 5489 1585 5556 invadat,
1638 5491 1837 5548 nullus

181 5574 448 5649 efﬁngat,
481 5577 682 5636 nullus
713 5580 866 5637 infra
897 5579 1118 5653 positos
1147 5584 1363 5636 temere
1393 5579 1686 5652 inquirere
1739 5585 1840 5638 aut

180 5662 468 5727 violenter
495 5667 826 5744 opprimere
856 5671 1194 5748 praesumat.
1230 5666 1337 5738 Qui
1377 5669 1834 5745 praesumpserit,

2407 4390 2434 4451 τι
2461 4389 2845 4441 Juramentum
2868 4384 3022 4456 pacis
3047 4383 3162 4438 Dei.

2016 4510 2103 4564 Ab
2117 4510 2362 4564 adventu
2379 4509 2608 4565 Domini
2623 4527 2810 4582 usque
2823 4509 2893 4563 ad
2907 4506 3237 4580 proximum
3261 4505 3417 4561 diem
3440 4504 3590 4560 luna

1947 4602 2078 4671 post
2109 4597 2504 4669 epiphaniam,
2535 4598 2674 4654 item
2719 4615 2752 4653 a
2798 4595 3232 4669 septuagesima
3284 4609 3473 4664 usque
3519 4593 3592 4648 ad

1947 4692 2205 4742 octavam
2233 4690 2620 4757 pentecostes,
2655 4691 2719 4742 ut
2738 4686 2797 4742 in
2829 4683 3105 4740 omnibus
3126 4680 3339 4754 vigiliis
3357 4679 3594 4736 etferia-

1946 4776 2104 4831 libus
2135 4774 2297 4830 festis
2327 4778 2384 4828 et
2415 4775 2604 4829 tribus
2631 4775 2838 4831 diebus
2862 4774 2920 4829 in
2939 4770 3470 4844 omniseptimana,
3490 4769 3598 4824 sci-

1946 4865 2078 4920 licet
2106 4883 2140 4920 a
2168 4880 2406 4934 vespera
2463 4862 2677 4933 quinta:
2729 4863 2882 4918 feriae
2940 4877 3129 4934 usque
3159 4860 3230 4916 ad
3268 4855 3595 4915 diluculum

1947 4953 2214 5011 secundae
2245 4951 2417 5018 feriae,
2451 4967 2562 5023 pax
2593 4951 2670 5005 sit
2700 4952 2940 5023 ubique,
2974 4952 3055 5008 ita
3112 4955 3176 5006 ut
3221 4964 3391 5004 nemo
3438 4947 3596 5004 ledat

1947 5043 2251 5098 inimicum
2285 5058 2480 5098 suum.
2515 5039 2622 5104 Qui
2681 5041 2978 5107 occiderit,
3030 5039 3336 5113 capitalem
3389 5036 3598 5093 subeat

1948 5131 2316 5188 sententiam.
2349 5127 2454 5195 Qui
2512 5127 2920 5197 vulneraverit,
2957 5146 3197 5184 manum
3229 5127 3451 5200 perdat.
3488 5124 3596 5192 Qui

1948 5237 2142 5293 pugno
2175 5217 2548 5291 percusserit,
2571 5217 2619 5273 si
2653 5215 2865 5272 nobilis
2882 5221 2990 5284 est,
3015 5216 3165 5272 libra
3182 5219 3510 5286 componat.
3535 5215 3595 5273 Si

1948 5309 2114 5376 liber,
2149 5311 2250 5363 aut
2283 5305 2704 5374 ministerialis,
2750 5307 2949 5361 decem
2983 5305 3206 5362 solidis.
3258 5304 3318 5360 Si
3366 5320 3593 5371 servus,

1949 5403 2078 5453 cute
2109 5401 2164 5453 ct
2196 5395 2442 5467 capillis.
2477 5395 2682 5452 Omnis
2713 5395 2944 5460 domus,
2974 5393 3168 5449 omnis
3199 5409 3334 5447 area
3390 5407 3594 5462 pacem

1951 5489 2105 5543 infra
2119 5489 2283 5557 septa
2299 5500 2408 5539 sua
2421 5483 2634 5540 habeat
2648 5485 2896 5540 firmam.
2913 5478 3594 5544 Nullusinvadat,nullus

1949 5576 2239 5648 effringet,
2272 5571 2471 5627 nullus
2502 5573 2652 5629 infra
2674 5574 2895 5646 positos
2917 5577 3134 5629 temere
3157 5567 3470 5640 inquirere,
3494 5572 3597 5623 aut

1945 5665 2229 5724 violenter
2248 5661 2579 5738 opprimere
2608 5667 2944 5739 praesumat.
2977 5659 3084 5731 Qui
3129 5656 3592 5738 praesumpserit,
