3976 6402
382 460 544 526 M35

1759 419 2080 524 ueneni
2116 444 2438 516 mpmM.

3644 435 3808 507 1136

387 595 815 666 cujuscumque
841 592 919 650 sit
948 591 1322 658 conditionis,
1382 588 1570 662 capite
1627 587 1934 660 plectatur.
1963 586 2024 643 Si
2054 588 2109 654 Α
2141 587 2570 658 cujuscumque
2601 583 2679 641 sit
2707 579 3092 649 condicionis,
3125 579 3317 655 capite
3375 573 3692 666 plectatur.
3746 558 3811 633 εί

389 683 625 756 fugiens
656 681 870 756 aliquis
898 681 1225 749 inimicum,
1257 679 1346 735 vel
1378 695 1552 735 suum
1583 676 1672 734 vel
1719 675 2035 748 cujuslibet

377 775 626 844 septum
657 771 973 838 intraverit,
999 785 1241 826 securus
1257 768 1403 824 inibi
1425 767 1519 824 sit.
1559 766 1668 831 Qui
1683 765 1771 821 vel
1801 765 2033 821 hastam

389 861 480 916 vel
513 858 796 933 quidlibet
825 874 1123 915 armorum
1137 856 1292 913 ultra
1308 859 1650 928 sepempost
1691 870 1826 910 eum
1866 853 2030 907 immi

392 948 553 1017 serit,
577 964 819 1004 manum
838 948 1062 1021 perdat.
1082 946 1443 1017 Cuicumque
1453 961 1586 1000 vero
1602 943 1835 1000 violatio
1858 941 2036 1012 hujus

390 1037 552 1111 pacis
582 1037 860 1110 imposita
889 1036 1065 1092 fuerit
1093 1040 1150 1091 et
1178 1035 1305 1108 ipse
1333 1033 1633 1106 negaverit
1661 1033 1711 1088 si
1744 1032 2036 1104 ingenuus

393 1131 484 1183 est
522 1130 624 1182 aut
663 1126 832 1194 liber,
878 1124 1260 1182 duodedecim
1308 1122 1568 1196 probatis
1617 1138 1678 1178 se
1735 1122 2033 1192 expurget.

397 1215 458 1272 Si
477 1231 700 1284 servus,
722 1219 844 1271 tam
863 1213 966 1270 lito
985 1229 1162 1286 quam
1188 1209 1614 1278 ministerialis,
1632 1208 1857 1280 judicio
1875 1223 2038 1278 aqua:

395 1303 644 1377 frigidas,
675 1303 758 1359 ita
771 1303 991 1359 scilicet
1014 1306 1079 1358 ut
1102 1303 1351 1374 ipsemet
1371 1300 1430 1355 in
1454 1315 1669 1372 aquam
1693 1297 1960 1353 mittatur
1980 1295 2040 1350 Si

399 1393 622 1450 furtum
645 1392 940 1459 acciderit,
971 1395 1071 1448 aut
1101 1391 1328 1464 rapina,
1353 1393 1454 1445 aut
1482 1387 1706 1444 bellum
1725 1385 1929 1460 patrias
1950 1383 2042 1439 in-

398 1481 623 1556 gruerit
649 1483 707 1538 et
725 1480 944 1538 clamor
964 1497 1125 1536 more
1149 1479 1347 1552 patriae
1363 1481 1599 1534 exortus
1613 1475 1805 1541 fuerit,
1833 1471 2043 1529 armati

399 1587 603 1628 omnes
635 1569 1045 1641 insequantur,
1072 1573 1130 1624 et
1159 1568 1220 1623 in
1242 1568 1432 1624 eundo
1455 1564 1818 1623 etredeundo
1841 1577 2044 1634 pacem

398 1657 808 1731 unusquisque
839 1659 1070 1713 habeat.
1104 1656 1209 1723 Qui
1256 1673 1390 1712 vero
1445 1656 1668 1726 absque
1720 1648 2046 1707 inevitabili

399 1748 746 1804 necessitate
763 1764 825 1802 se
845 1746 1219 1812 subtraxerit,
1239 1745 1290 1802 si
1312 1744 1642 1817 principum
1654 1745 1819 1798 terrae
1834 1736 2048 1809 aliquis

399 1840 509 1902 est,
539 1838 738 1892 decem
771 1835 972 1903 libras,
1009 1834 1059 1890 si
1085 1834 1300 1890 nobilis
1332 1834 1616 1905 quinque,
1659 1830 1707 1886 si
1749 1829 1896 1884 liber
1951 1831 2050 1882 aut

402 1923 806 1995 ministerialis
838 1924 1004 1991 duas,
1037 1924 1087 1979 si
1101 1922 1200 1978 lito
1219 1927 1320 1978 aut
1336 1939 1536 1978 servus
1557 1920 1815 1994 quinque
1831 1915 2048 1973 solidos

403 2013 714 2086 persolvat,
748 2016 851 2068 aut
880 2017 1075 2069 cutem
1105 2016 1162 2068 et
1192 2011 1434 2084 capillos
1452 2010 1674 2084 perdat.
1700 2007 2046 2072 Quiexcom-

407 2102 772 2158 municatum
803 2100 892 2156 vel
923 2099 1286 2172 quibuslibet
1316 2099 1634 2156 sceleribus
1665 2098 2046 2167 dampnatum

407 2183 600 2239 sciens
620 2181 920 2255 receperit,
945 2184 1003 2237 et
1033 2184 1234 2237 contra
1263 2180 1419 2252 leges
1451 2178 1536 2234 vel
1568 2178 1794 2233 divinas
1809 2173 1895 2230 vel
1935 2173 2047 2228 hu-

409 2287 616 2327 manas
628 2269 971 2336 defenderit,
989 2268 1339 2326 sententiam
1355 2267 1614 2324 damnati
1627 2260 2018 2321 defensorsub
2034 2291 2048 2302 -

408 2358 770 2438 eat._Viatori
814 2357 1136 2431 hospitium
1172 2373 1342 2413 nemo
1396 2357 1657 2428 deneget.
1715 2349 2051 2408 Necessaria

411 2447 458 2504 si
494 2446 689 2517 habet,
712 2460 879 2519 aequo
907 2447 1020 2503 sibi
1051 2445 1242 2518 precio
1273 2446 1507 2513 vendat;
1542 2444 1590 2500 si
1623 2459 1737 2499 non
1767 2440 1966 2504 habet,
2017 2455 2052 2493 a

408 2536 615 2592 vicinis
647 2535 746 2609 qui
770 2535 989 2590 habent
1018 2535 1219 2590 eadem
1252 2533 1629 2590 conventione
1659 2529 1944 2602 acquirat.
1993 2525 2050 2580 Si

409 2625 731 2698 hospitium
763 2625 1057 2697 negaverit
1070 2629 1124 2680 et
1142 2623 1468 2680 necessaria
1482 2623 1726 2678 vendere
1744 2618 1830 2676 vel
1851 2616 2049 2688 acqui-

410 2731 536 2772 rere
547 2713 886 2788 neglexerit,
907 2713 1254 2785 magistrum
1276 2711 1422 2767 villae
1444 2712 1630 2767 viator
1641 2709 1916 2783 appellat,
1950 2712 2052 2784 qui

411 2802 743 2860 convocatis
773 2800 999 2857 civibus
1017 2800 1140 2856 suis
1157 2804 1358 2872 rogata
1370 2804 1680 2874 negantem
1707 2801 1778 2854 ad
1799 2818 2052 2872 praesens

412 2889 828 2964 decapillatum
859 2889 1128 2946 excoriet.
1148 2888 1345 2944 Viator
1361 2889 1409 2944 si
1427 2889 1803 2960 importunus
1821 2889 2052 2946 exstite-

416 2980 494 3036 rit
520 2983 579 3035 et
619 2977 952 3034 violentiam
1009 2977 1070 3033 in
1127 2977 1380 3050 hospitio
1431 2978 1773 3044 exercuerit,
1833 2978 2054 3034 vicinos

421 3086 563 3126 suos
585 3069 797 3142 hospes
829 3073 1120 3137 convocet,
1157 3068 1430 3139 injuriam
1449 3067 1783 3135 denunciet,
1803 3083 2053 3138 quorum

417 3158 657 3214 consilio
688 3157 1139 3214 satisfactionem
1171 3158 1362 3230 exigat
1392 3160 1448 3212 et
1477 3156 1736 3228 recipiat.
1765 3156 1990 3219 Quibus
2008 3155 2057 3212 si

413 3248 600 3304 viator
629 3265 744 3303 non
775 3247 1142 3319 acquieverit,
1163 3251 1228 3302 ut
1250 3247 1834 3319 raptordampnetur.
1857 3244 2058 3302 Viator

2142 675 2371 748 fugiens
2401 673 2613 746 aliquis
2645 672 2973 736 inimicum,
3009 670 3097 728 vel
3129 686 3306 726 suum
3338 667 3428 724 vel
3477 665 3807 739 cujuslibet

2144 769 2378 836 septum
2409 761 2727 828 intraverit,
2761 777 3003 817 securus
3035 759 3181 814 inibi
3204 758 3300 815 sit.
3328 757 3436 823 Qui
3458 756 3546 813 vel
3569 756 3807 812 hastam

2142 853 2229 907 vel
2263 851 2548 923 quidlibet
2576 867 2875 906 armorum
2901 850 3058 905 ultra
3110 864 3308 920 sepem
3337 850 3473 919 post
3513 861 3651 900 eum
3694 843 3810 899 im-

2143 940 2386 1007 miserit,
2421 955 2660 994 manum
2697 938 2918 1009 perdat.
2966 936 3329 1008 Cuicumque
3371 950 3504 990 vero
3542 931 3796 988 violacio

2143 1029 2322 1099 hujus
2353 1027 2512 1099 pacis
2543 1027 2818 1098 imposita
2857 1025 3030 1081 fuerit
3088 1028 3146 1081 et
3201 1025 3328 1096 ipse
3375 1021 3690 1095 negaverit,
3749 1022 3800 1078 si

2144 1118 2435 1190 ingenuus
2465 1121 2554 1172 est
2576 1115 2697 1171 sive
2725 1115 2873 1170 liber
2908 1117 3016 1182 est,
3058 1112 3368 1168 duodecim
3418 1112 3680 1184 probatis
3735 1129 3800 1169 se

2148 1208 2456 1277 expurget;
2486 1203 2535 1259 si
2566 1201 3058 1270 servus,tamleto
3071 1216 3250 1273 quam
3268 1199 3699 1266 ministerialis,
3708 1201 3806 1272 ju-

2149 1294 2301 1350 dicio
2331 1310 2497 1364 aquae
2531 1291 2865 1365 frigidaa,ita
2883 1289 3536 1362 scilicetutipsemoxin
3585 1307 3804 1362 aquam

2153 1383 2436 1438 mittatur.
2468 1379 2529 1435 Si
2562 1381 2784 1436 furtum
2804 1379 3080 1436 acciderit
3097 1381 3199 1434 aut
3215 1378 3441 1451 rapina,
3461 1382 3563 1434 aut
3577 1377 3805 1436 bellum

2155 1471 2352 1544 patria:
2370 1469 2677 1542 ingruerit,
2700 1472 2757 1524 et
2779 1469 2998 1524 clamor
3019 1485 3179 1524 more
3195 1466 3397 1539 patriae
3422 1471 3656 1523 exortus
3679 1467 3807 1524 fue-

2155 1561 2248 1625 rit,
2281 1558 2491 1615 armati
2522 1575 2727 1614 omnes
2753 1557 3160 1629 insequantur,
3194 1556 3338 1611 etin
3361 1556 3551 1612 eundo
3569 1561 3628 1612 et
3673 1557 3808 1612 red-

2155 1650 2344 1705 eundo
2380 1647 2782 1719 unusquisque
2794 1662 2997 1719 pacem
3023 1645 3252 1701 habeat.
3278 1645 3386 1709 Qui
3408 1661 3541 1700 vero
3579 1646 3810 1718 absque

2157 1735 2471 1792 inevitabili
2505 1735 2847 1792 necessitate
2877 1752 2938 1790 se
2969 1733 3347 1804 subtraxerit,
3379 1733 3428 1788 si
3460 1733 3801 1807 principum

2158 1833 2321 1882 terra:
2355 1825 2568 1897 aliquis
2597 1830 2687 1880 est
2717 1825 2914 1879 decem
2933 1823 3136 1889 libras,
3157 1823 3205 1878 si
3221 1821 3434 1879 nobilis
3449 1823 3732 1896 quinque,
3759 1824 3810 1880 si

2157 1915 2302 1969 liber
2324 1919 2428 1969 aut
2451 1911 3087 1980 ministerialisduas,si
3106 1928 3308 1968 servus
3320 1913 3815 1986 autlitoquinque

2159 2003 2377 2060 solidos
2408 2003 2716 2073 persolvat,
2751 2005 2852 2057 aut
2888 2005 3080 2056 cutem
3113 2006 3170 2056 et
3190 2000 3432 2073 capillos
3448 2002 3674 2074 perdat.
3699 2003 3813 2068 Qui

2158 2091 2727 2148 excommunicatum
2759 2089 2848 2144 vel
2891 2087 3255 2160 quibuslibet
3302 2088 3616 2147 sceleribus
3643 2091 3817 2148 dam-

2157 2185 2333 2252 pnatu
2346 2197 2400 2234 m
2419 2178 2608 2234 sciens
2629 2179 2907 2250 receperit
2919 2183 2975 2233 et
2992 2183 3194 2234 contra
3209 2177 3362 2251 leges
3377 2179 3463 2236 vel
3477 2179 3706 2236 divinas
3722 2181 3814 2238 vel

2158 2269 2450 2324 humanas
2481 2266 2820 2322 delfenderit
2847 2267 2888 2300 ¹⁴
2919 2266 3276 2322 sentenciam
3311 2267 3572 2324 damnati
3609 2269 3813 2326 defen-

2160 2376 2258 2414 sor
2286 2358 2514 2413 subeat.
2544 2355 2764 2410 Viatori
2783 2371 2956 2411 nemo
2973 2354 3305 2427 hospicium
3323 2356 3587 2429 deneget,
3613 2343 3844 2414 neces-ﬂ

2160 2447 2318 2503 saria
2351 2445 2398 2500 si
2424 2445 2622 2512 habet,
2655 2461 2818 2516 aequo
2849 2443 2961 2499 sibi
2993 2444 3462 2516 praeeiovendat;
3489 2445 3539 2502 si
3561 2463 3678 2502 non
3703 2447 3812 2504 ba-

2159 2537 2276 2602 bet,
2311 2552 2343 2589 a
2372 2533 2578 2590 vicinis
2612 2534 2712 2606 qui
2746 2533 2964 2588 habent
2993 2533 3196 2589 eadem
3230 2534 3614 2592 convensione
3647 2537 3814 2607 aqui-

2160 2627 2267 2680 rat.
2301 2624 2359 2678 Si
2391 2621 2719 2695 hospicium
2748 2622 3045 2695 negaverit
3074 2626 3131 2678 et
3190 2624 3516 2680 necessaria
3559 2626 3815 2682 vendere

2159 2712 2248 2768 vel
2284 2712 2546 2785 aquirere
2579 2710 2916 2783 neglexerit,
2951 2711 3300 2784 magistrum
3322 2711 3470 2768 villae
3491 2713 3680 2770 viator
3708 2733 3814 2789 ap-

2163 2802 2354 2874 pellet,
2387 2801 2487 2872 qui
2519 2801 2848 2856 convocatis
2879 2800 3104 2857 civibus
3134 2801 3176 2835 ¹⁶
3197 2802 3321 2857 suis
3341 2803 3570 2874 quesita
3591 2819 3814 2876 negan—

2162 2895 2282 2947 tem
2317 2891 2389 2946 ad
2421 2906 2676 2962 prmsens
2707 2888 3120 2962 decapillatum
3153 2891 3421 2948 excoriet.
3454 2891 3657 2949 Viator
3675 2910 3813 2952 vero

2165 2978 2215 3035 si
2244 2979 2620 3050 importunus
2651 2978 2938 3034 exstiterit
2966 2982 3024 3034 et
3050 2977 3385 3036 violentiam
3438 2981 3498 3036 in
3547 2981 3816 3054 hospicio

2164 3067 2504 3133 exercuerit,
2536 3066 2756 3122 vicinos
2787 3083 2925 3122 suos
2948 3067 3160 3140 hospes
3189 3074 3483 3137 convocet,
3530 3069 3816 3142 injuriam

2166 3156 2496 3222 denunciet,
2531 3172 2784 3227 quorum
2803 3156 3047 3212 consilio
3065 3157 3526 3215 satisfactionem
3547 3160 3746 3233 exigat
3760 3166 3820 3217 et

2169 3246 2430 3318 recipiat.
2454 3245 2676 3310 Quibus
2705 3245 2755 3301 si
2785 3245 2970 3302 viator
2994 3263 3110 3302 non
3125 3247 3495 3318 acquieverit,
3525 3253 3591 3304 ut
3613 3255 3822 3322 raptor

415 3336 462 3391 si
490 3352 724 3392 necesse
759 3335 1043 3406 habuerit,
1069 3337 1217 3392 duos
1249 3336 1306 3391 in
1339 3351 1478 3406 agro
1510 3333 1863 3406 manipulos,
1883 3339 1984 3390 aut
2004 3335 2053 3391 si
2085 3322 2128 3390 C
2168 3337 2538 3407 dampnetur.
2585 3333 2914 3407 Fugitivum
2929 3351 3161 3391 servum
3177 3335 3375 3392 nullus
3391 3337 3684 3394 defendat.
3704 3341 3819 3406 Qui

415 3424 605 3481 multa
629 3429 827 3495 mtres,
861 3425 1026 3498 equis
1049 3425 1176 3481 suis
1196 3424 1380 3490 tollat,
1406 3439 1552 3494 quos
1583 3421 1642 3476 in
1664 3423 1864 3478 eodem
1889 3440 2048 3496 agro;

415 3518 515 3570 aut
545 3513 604 3569 in
634 3514 899 3587 proxima
925 3515 1064 3570 villa
1093 3515 1386 3586 depascat.
1408 3511 1632 3567 Pascua
1649 3516 1971 3586 pratorum,
1998 3517 2055 3569 et

415 3619 608 3676 poma,
642 3602 841 3660 nullus
871 3603 1195 3677 prohibeat.
1231 3599 1560 3672 Fugitivum
1593 3617 1824 3658 servum
1855 3602 2054 3659 nullus

415 3691 738 3764 prohibeat.
773 3693 880 3758 Qui
907 3690 1254 3758 defenderit,
1285 3707 1514 3762 pcenam
1562 3691 1787 3764 fugitivi
1827 3692 2051 3748 subeat.

415 3781 522 3848 Qui
552 3781 808 3839 convicia
838 3783 898 3838 in
929 3781 1111 3838 alium
1145 3778 1374 3847 dixerit,
1399 3779 1447 3834 si
1475 3779 1644 3836 miles
1667 3781 1890 3838 baculis
1913 3781 2058 3837 mul-

412 3874 587 3939 tetur,
619 3871 668 3926 si
690 3872 946 3928 rusticus
978 3869 1172 3940 scopis
1205 3869 1546 3925 excorietu-r.

485 3959 588 4017 Hic
619 3960 752 4017 finis
788 3957 1134 4032 juramenti.
1191 3957 1325 4022 Quae
1385 3975 1519 4014 vero
1564 3963 1910 4031 sequuntur,
1961 3977 2058 4016 ore

415 4050 678 4106 omnium
698 4049 936 4105 laudata
951 4051 1008 4102 et
1023 4047 1081 4101 in
1096 4062 1305 4103 manus
1323 4047 1730 4120 episcoporum
1746 4049 2055 4120 promissa,

415 4142 471 4195 et
499 4140 694 4196 banno
726 4139 998 4198 roborata
1027 4139 1186 4191 sunt.
1247 4135 1311 4191 In
1373 4135 1532 4191 omni
1581 4135 1741 4207 pacis
1797 4140 2058 4210 tempore

415 4228 710 4299 praedicto,
743 4224 946 4282 nullus
979 4239 1144 4279 arma
1173 4222 1340 4289 ferat,
1382 4224 1496 4278 nisi
1549 4222 1649 4279 illa
1692 4241 1870 4297 quam
1923 4242 2059 4299 pre-

412 4317 758 4390 scripsimus
788 4311 1106 4369 necessitas
1137 4311 1346 4384 exigat.

1208 4470 1274 4524 V.

914 4593 1089 4633 cum».
1106 4593 1441 4634 MOGUNTINA
1459 4580 1558 4651 (5).

931 4667 1060 4738 (An.
1096 4667 1255 4734 1100,
1284 4667 1416 4725 Dee.
1445 4670 1561 4742 25.)-

487 4763 806 4818 Hammcus
829 4755 927 4811 Dei
951 4756 1140 4828 gratia
1155 4757 1469 4830 imperator
1484 4764 1794 4831 augustas,
1816 4757 2055 4831 Tegrin-

414 4849 571 4910 sensi
601 4845 799 4902 abbati
831 4845 1077 4918 gratiam
1101 4850 1156 4902 et
1186 4864 1357 4904 omne
1387 4849 1628 4905 bonum.

485 4938 791 5007 Comperto
818 4951 1003 5006 nuper
1033 4937 1184 5007 apud
1218 4954 1323 4993 nos
1363 4937 1587 4993 domini
1644 4935 1948 5008 apostolici
1992 4936 2052 4994 C.

411 5025 596 5093 obitu,
629 5023 923 5096 principes
955 5025 1054 5097 qui
1073 5025 1378 5082 nobiscum
1400 5029 1587 5092 erant,
1611 5023 2052 5093 consuluerunt,

2161 3425 2503 3493 defenderit,
2534 3441 2742 3496 penam
2777 3423 3002 3497 fugitivi
3024 3425 3249 3481 subeat.
3286 3425 3484 3482 Viator
3501 3425 3552 3482 si
3573 3444 3819 3486 necesse

2161 3515 2451 3583 habuerit,
2484 3514 2631 3569 duos
2661 3513 2721 3569 in
2754 3530 2891 3586 agro
2910 3513 3263 3587 manipulos,
3289 3521 3390 3571 aut
3414 3515 3464 3572 si
3483 3517 3526 3550 ¹⁶
3553 3516 3818 3575 multum

2163 3608 2302 3672 tres,
2335 3603 2506 3677 equis
2536 3603 2662 3658 suis
2693 3602 2878 3672 tollat,
2912 3620 3061 3675 quos
3092 3604 3149 3658 in
3185 3605 3387 3660 eodem
3420 3622 3558 3678 agro
3608 3611 3712 3662 aut
3754 3607 3818 3662 in

2165 3693 2431 3767 proxima
2469 3691 2606 3748 villa
2655 3693 2951 3764 depascat.
3000 3693 3220 3749 Pascua
3266 3698 3569 3766 pratorum
3615 3695 3820 3753 nullus

2167 3783 2488 3856 prohibeat.
2522 3782 2628 3848 Qui
2663 3781 2918 3837 convicia
2949 3783 3008 3837 in
3040 3781 3221 3838 alium
3255 3783 3484 3853 dixerit,
3523 3784 3573 3841 si
3620 3785 3816 3855 miles,

2165 3871 2389 3928 baculis
2420 3871 2720 3939 multetur,
2756 3872 2806 3926 si
2839 3872 3094 3928 rusticus
3125 3871 3317 3945 scopis
3349 3875 3706 3930 verberetur.

2237 3962 2339 4018 Hie
2370 3961 2858 4033 finisjuramenti.
2887 3964 3021 4027 Quae
3052 3977 3186 4018 vero
3238 3968 3587 4034 sequuntur,
3645 3981 3745 4020 ore
3779 3966 3819 3999 ιτ

2166 4052 2431 4108 omnium
2460 4051 2697 4106 laudata
2727 4051 2788 4117 ‘3,
2822 4067 2925 4123 per
2955 4068 3165 4108 manus
3214 4051 3623 4125 episcoporum
3677 4071 3817 4126 pro-

2167 4141 2368 4208 missa,
2402 4144 2460 4196 et
2489 4141 2682 4196 bauno
2711 4141 2982 4196 roborata
3012 4141 3054 4175 η
3083 4145 3241 4196 sunt.
3284 4146 3345 4196 ln
3378 4141 3598 4198 20omni
3654 4143 3819 4214 pacis

2167 4235 2426 4302 tempore
2457 4227 2727 4301 praedicto
2760 4226 2960 4285 nullus
2991 4246 3155 4285 arma
3179 4230 3346 4297 ferat,
3373 4230 3486 4287 nisi
3509 4229 3611 4288 illa
3636 4249 3818 4304 quam

2166 4335 2428 4389 praesens
2456 4333 2651 4375 rerum
2681 4319 2999 4375 necessitas
3027 4319 3069 4354 ²¹
3102 4319 3311 4391 exigat.

2167 4497 2233 4549 ut
2253 4493 2538 4551 universis
2587 4494 2948 4568 principibus
2971 4495 3192 4552 curiam
3212 4495 3619 4569 generalemin
3633 4499 3820 4556 natali

2168 4581 2402 4638 Domini
2450 4584 2604 4655 apud
2659 4583 3016 4654 Moguntiam
3056 4585 3475 4654 indieeremus,
3524 4591 3819 4660 quatenus

2089 4689 2137 4753 D
2165 4688 2368 4728 eorum
2383 4672 2936 4730 communiconsilio
2957 4675 3219 4731 Romana
3231 4676 3398 4732 sedes
3413 4677 3738 4745 ordinetur,
3763 4682 3822 4734 et

2169 4760 2548 4816 relormandas
2583 4761 2826 4817 unitatis
2855 4763 3282 4833 ecclesiasticae,
3319 4781 3447 4838 qua:
3479 4764 3652 4839 longe
3686 4766 3818 4838 jam

2167 4853 2427 4922 tempore
2451 4849 2864 4908 miserabiliter
2880 4852 3065 4909 scissa
3085 4858 3194 4920 est,
3220 4854 3366 4910 ratio
3389 4855 3675 4928 capiatur.
3694 4854 3820 4919 Qua

2166 4939 2236 4994 de
2261 4956 2319 4996 re
2342 4940 2653 5007 monendo,
2677 4943 2934 5014 rogando
2955 4946 3011 4998 et
3030 4942 3419 5015 prmeipiendo
3433 4943 3692 5000 debitam
3716 4949 3818 5000 ate

2167 5028 2335 5084 nobis
2365 5029 2539 5085 ﬁdem
2573 5028 3024 5103 diligentissime
3066 5033 3471 5101 convenimus,
3527 5035 3612 5101 ut,
3665 5032 3818 5088 sicut

1763 5121 2000 5178 VARUE
2021 5125 2424 5182 LECTIONES.

489 5211 1090 5289 “_deffenderet__corr.
1153 5212 1498 5289 deifenderit
1527 5210 2065 5289 codex.__15_vi_cibu_s
2123 5216 2319 5289 eodem;
2349 5226 2404 5272 at
2459 5218 2615 5289 copia
2663 5233 2765 5273 sec.
2825 5219 2944 5276 XIII
2997 5220 3243 5277 civibus.
3304 5220 3346 5256 ¹⁶
3397 5237 3504 5276 vox
3562 5223 3812 5277 obscura.

414 5282 768 5363 "r‘deestjn
818 5303 868 5363 c.
912 5286 966 5363 _‘3
998 5288 1111 5363 _hic
1164 5287 1294 5363 ﬁnis
1353 5284 1763 5363 δορα-ἔξαιιί
1814 5285 1944 5340 XIII.
2007 5287 2049 5320 ιθ
2107 5287 2341 5344 robrata
2397 5282 2531 5345 codf
2571 5290 2615 5324 3°
2673 5306 2779 5344 vox
2833 5292 3132 5348 obscurior.
3191 5295 3235 5329 ¹¹
3289 5294 3368 5350 ita
3427 5294 3537 5363 legi
3595 5293 3818 5349 videtur

1984 5436 2211 5494 ΝοΤιΕ.
2277 5419 2280 5422 ’

416 5362 474 5409 ιιι
493 5355 780 5424 legendum
810 5362 870 5412 ut
899 5358 959 5412 in
978 5355 1298 5429 juramento
1320 5356 1460 5408 (mni
1516 5355 1678 5410 4084.

481 5524 559 5596 (5)
593 5525 834 5583 Litteras
867 5525 938 5580 ad
965 5522 1491 5596 eamqinvitatorias
1517 5525 1577 5579 Β.
1603 5529 1710 5596 Pez
1742 5524 1801 5579 in
1845 5525 2052 5581 Codice

411 5593 562 5669 Dipl'.
599 5597 667 5666 II,
703 5599 885 5669 p.747,
907 5611 974 5650 ex
996 5593 1633 5669 codiceTegernseensi
1651 5595 1925 5669 vulgavit,
1953 5597 2054 5653 sed

411 5615 562 5669 Ulpl.
599 5615 667 5666 u,
793 5615 885 5663 zu,
907 5615 974 5650 ex
996 5615 1194 5650 600106
1216 5615 1925 5668 iegernseenswulgavu,
1953 5615 2053 5653 seu

409 5667 678 5751 Heinrico
729 5668 878 5751 ‘Inet
901 5683 1053 5747 anno
1092 5667 1218 5751 “gl
1254 5683 1555 5751 perperam
1588 5667 1881 5751 exscripsit,
1921 5685 2053 5751 cuzn

409 5740 645 5802 nonnisi
676 5739 748 5795 ad
780 5737 1115 5796 Heinricum
1145 5737 1218 5796 ιν
1240 5737 1298 5797 et
1340 5737 1561 5797 annum
1613 5737 1769 5810 1100',
1821 5756 1937 5814 quo
1982 5742 2054 5799 ad

2161 5528 2338 5610 tinem
2367 5534 2640 5610 vergente
2656 5528 3030 5610 _Clemens_lll
3051 5551 3201 5608 papa
3222 5535 3534 5592 defunctus
3554 5539 3664 5602 est,
3683 5552 3816 5608 per-

2165 5603 2349 5673 tinere
2380 5603 2549 5673 posse
2581 5603 2906 5660 videantur.
2944 5603 3363 5673 Imperatorem
3383 5623 3451 5664 eo
3473 5623 3626 5663 anno
3649 5603 3819 5664 nata-

2163 5671 2545 5804 lieirsricilglqlrgini
2605 5673 2917 5748 Moguntiae
2975 5671 3299 5745 celebrasse
3358 5696 3427 5736 ex
3476 5679 3818 5737 Dodechino
