3976 6412
160 442 313 518 i137

1492 445 1888 514 HENRICUS‘
1927 445 2010 512 IV
2049 445 2212 512 IMP.

3411 436 3568 513 1138

158 587 335 646 Deum
382 583 441 644 et
481 601 704 661 pacem,
732 583 1127 644 Christianam
1157 583 1526 644 dilectionem
1566 600 1800 659 quoque
1830 584 1888 654 Α
1915 585 2242 661 pacientur.
2275 583 2622 643 Mercatores
2648 587 2705 642 et
2733 582 2997 659 agricolae
3040 599 3244 659 pacem
3274 580 3563 654 habeant;

160 681 218 734 et
243 677 495 751 gratiam
540 680 802 734 nostram
848 693 1042 745 curas,
1070 677 1142 732 ad
1191 676 1526 750 praedictam
1576 675 1801 732 curiam

153 765 342 823 venire
393 763 558 822 nulla
611 765 949 822 dissimules
999 765 1323 830 occasione,
1361 764 1524 820 nulla
1574 769 1804 838 praeter-

155 855 358 912 mittas
387 854 785 927 occupatione.
820 854 926 911 Pro
957 858 1113 910 certo
1157 855 1404 923 noveris,
1459 855 1616 926 quod
1646 854 1803 909 hunc

152 945 404 1001 laborem
428 943 574 1000 nulli
596 943 931 1017 principum
955 943 1343 1010 remittemus,
1369 943 1589 999 nullius
1611 943 1672 998 in
1693 943 1801 1000 hoc

153 1033 568 1108 negligentiam
599 1049 764 1106 aequo
794 1033 990 1090 animo
1020 1033 1392 1089 sufferemus.

944 1121 1018 1177 VI

635 1225 812 1267 auara
849 1227 1184 1268 MOGUNTINA
1214 1210 1310 1282 (6).

681 1301 807 1372 (An.
839 1301 998 1369 1103,
1025 1301 1156 1357 Jan.
1190 1301 1266 1371 6.]

561 1391 886 1447 Canstitutio
911 1392 1065 1463 pacis
1093 1390 1386 1462 generalis.

217 1481 382 1536 Anno
412 1481 485 1535 ab
508 1478 920 1535 ’Incarnatione
944 1478 1177 1534 Domini
1205 1479 1343 1534 1103
1364 1477 1668 1534 Heinricus
1690 1477 1800 1534 im-

148 1573 376 1642 perator
399 1569 706 1642 Mogontize
728 1584 931 1640 pacem
958 1585 1067 1624 sua
1084 1585 1264 1624 manu
1287 1567 1540 1623 ﬁrmavit
1560 1572 1616 1624 et
1631 1567 1800 1623 insti.

146 1657 275 1725 tuit,
307 1660 366 1714 et
393 1657 819 1731 archiepiscopi
860 1662 918 1714 et
945 1657 1202 1730 episcopi
1242 1657 1494 1730 propriis
1527 1657 1801 1714 manibus

147 1747 542 1804 ﬁrmaverunt.
569 1745 750 1802 Filius
780 1746 933 1820 regis
964 1745 1189 1818 juravit
1215 1750 1274 1802 et
1303 1746 1588 1819 primates
1618 1746 1800 1802 totius

148 1836 329 1910 regni,
372 1837 572 1903 duces,
622 1835 1013 1902 marchioues,
1053 1834 1294 1891 comites
1358 1839 1416 1891 et
1471 1835 1568 1892 alii
1622 1852 1800 1908 quam

149 1925 337 1982 multi.
358 1925 486 1982 Dux
504 1924 693 1981 Welfo
714 1929 771 1981 et
794 1924 913 1981 dux
941 1924 1228 1981 Pertolfus
1249 1928 1308 1980 et
1327 1925 1447 1980 dux
1468 1924 1799 1982 Fridericus

139 2015 486 2087 juraverunt
526 2014 770 2070 eandem
821 2029 1022 2086 pacem
1055 2029 1245 2085 usque
1292 2013 1364 2068 ad
1415 2017 1795 2070 Pentecosten

146 2107 202 2159 et
226 2103 361 2160 inde
391 2118 496 2176 per
518 2107 770 2176 quatuor
788 2119 993 2159 annos.
1018 2103 1395 2170 Juraverunt,
1419 2102 1572 2171 dico,
1594 2119 1797 2175 pacem

143 2191 442 2258 ecclesiis,
475 2190 722 2260 clericis,
759 2190 1083 2260 monachis,
1126 2190 1313 2260 laicis,
1349 2191 1794 2259 mercatoribus,

145 2280 491 2338 mulieribus
522 2298 592 2336 ne
619 2281 674 2337 vi
705 2280 1024 2353 rapiantur,
1057 2279 1296 2336 Judaeis.

206 2371 623 2426 Juramentum
653 2368 770 2425 tale
804 2373 894 2426 est
925 2386 938 2424 :

207 2459 402 2516 Nullus
448 2459 687 2531 alicujus
716 2459 938 2514 domum
965 2458 1239 2515 hostiliter
1285 2459 1529 2526 invadat,
1561 2475 1660 2515 nec
1703 2460 1796 2514 in-

146 2548 336 2606 cendio
364 2549 620 2615 devastat,
651 2549 842 2604 nullus
871 2549 1113 2621 aliquem
1150 2550 1333 2621 capiat
1372 2553 1593 2621 prapter
1633 2564 1796 2620 pecu-

145 2641 322 2706 niam,
355 2653 454 2694 nec
501 2637 763 2706 vulneret,
794 2653 893 2693 nec
933 2641 1228 2710 percutiat,
1259 2655 1357 2694 nec
1385 2639 1701 2709 interﬁciat.
1733 2639 1800 2692 Et

139 2727 192 2782 si
220 2727 345 2796 quis
374 2725 473 2780 hoc
498 2727 706 2796 fecerit,
730 2725 911 2782 oculos
949 2727 1033 2781 vel
1060 2743 1290 2781 manum
1335 2729 1568 2782 amittat.
1591 2728 1652 2783 Si
1675 2729 1799 2798 quis

141 2830 268 2870 eum
315 2813 638 2885 defenderit,
670 2813 899 2870 eandem
934 2831 1155 2886 poenam
1190 2817 1457 2886 patiatur.
1490 2816 1551 2871 Si
1600 2817 1660 2870 in
1708 2831 1796 2872 ca-

143 2908 323 2960 strum
350 2904 578 2975 fugerit,
602 2918 700 2974 per
725 2907 834 2959 tres
857 2903 974 2959 dies
999 2903 1270 2960 obsessum
1296 2922 1331 2960 a
1357 2905 1798 2977 conjuratoribus

142 2992 511 3065 disperdatur.
525 2992 588 3048 Si
615 2993 735 3062 quis
766 2992 1018 3064 effugerit
1049 2993 1145 3048 hoc
1162 2993 1456 3065 judicium,
1479 2993 1799 3063 beneﬁcium

137 3083 190 3136 si
218 3081 396 3150 habet,
429 3081 681 3137 dominus
709 3098 841 3137 suus
878 3082 988 3137 sibi
1024 3083 1260 3153 auferat,
1282 3085 1682 3154 patrimonium
1705 3099 1798 3139 co-

139 3171 301 3240 gnati
329 3172 422 3226 sui
461 3171 550 3225 illi
596 3173 873 3243 auferant.
909 3171 966 3226 Si
994 3173 1115 3241 quis
1144 3174 1353 3243 furtum
1381 3174 1569 3244 fecerit
1612 3173 1798 3228 valens

140 3261 384 3332 quinque
411 3259 607 3315 solidos
650 3261 731 3316 vel
765 3261 912 3331 plus,
943 3261 1125 3316 oculos
1154 3262 1238 3316 vel
1285 3277 1514 3316 manum
1559 3263 1793 3317 amittat.

1828 1961 1876 2026 B

1911 675 2112 733 nullus
2142 676 2380 732 omnino
2409 691 2514 747 pro
2545 673 2669 731 sola
2699 691 2878 732 causa
2907 674 3166 748 pecuniae
3198 673 3482 747 capiatur.
3503 673 3565 730 Si

1912 766 2044 838 quis
2075 765 2414 838 praedictam
2445 781 2646 836 pacem
2692 763 3013 838 infregerit,
3046 779 3292 820 manum
3322 761 3565 836 perdere

1909 855 2098 910 debet.
2123 854 2182 910 Si
2213 853 2349 926 quis
2377 852 2714 925 inculpatus
2761 853 2939 910 fuerit
2980 871 3086 926 pro
3135 853 3289 909 furto
3319 851 3408 908 vel
3459 868 3563 925 pro
3595 923 3601 932 _

1911 942 2110 1014 aliqua
2137 943 2308 1015 culpa
2343 942 2516 998 istius
2544 945 2826 1014 corruptae
2856 943 3037 1015 pacis,
3070 942 3170 998 ille
3199 941 3259 998 in
3305 958 3421 1014 quo
3453 957 3565 1014 pax

1911 1035 2188 1105 corrupta
2215 1036 2306 1088 est
2332 1033 2506 1088 vadat
2535 1033 2607 1088 ad
2636 1031 3006 1104 parrochiam
3036 1031 3295 1088 accusati
3326 1033 3384 1086 et
3407 1028 3564 1086 dicat

1911 1120 2124 1194 populo
2159 1139 2171 1176 :
2205 1122 2304 1177 Ille
2347 1121 2412 1177 Ν.
2448 1124 2510 1176 in
2556 1122 2658 1178 hac
2702 1137 2763 1176 re
2797 1122 3042 1192 corrupit
3084 1119 3426 1192 pacem...”
3453 1135 3559 1175 me.

1911 1211 1981 1266 Et
2011 1211 2108 1266 det
2137 1209 2250 1266 sibi
2281 1210 2548 1266 inducias
2581 1227 2684 1284 per
2720 1209 3166 1284 quatuordecim
3190 1208 3335 1265 dies.
3357 1207 3418 1263 Si
3446 1223 3563 1263 non

1909 1299 2181 1377 habuerit
2201 1299 2505 1372 justiciam
2537 1299 2689 1355 infra
2715 1298 3159 1373 quatuordecim
3189 1297 3336 1366 dies,
3361 1312 3566 1352 secun-

1910 1389 1984 1444 do
2009 1388 2340 1445 inducietur
2368 1389 2477 1444 sibi
2522 1405 2628 1461 per
2655 1387 3098 1461 quatuordecim
3128 1386 3275 1454 dies,
3299 1389 3358 1441 et
3387 1384 3564 1441 tercio

1909 1478 2006 1534 det
2037 1476 2147 1533 sibi
2182 1477 2450 1534 inducias
2483 1494 2586 1550 per
2623 1476 3066 1549 quatuordecim
3112 1475 3265 1543 dies;
3299 1477 3357 1531 et
3387 1473 3436 1529 si
3466 1472 3563 1528 in-

1911 1565 2179 1639 culpatus
2227 1567 2299 1622 ad
2349 1565 2811 1622 satisfactionem
2858 1580 2976 1621 non
3022 1563 3262 1631 venerit,
3303 1578 3438 1618 reus
3485 1560 3565 1617 sit

1911 1659 2194 1729 cerruptaz
2225 1655 2408 1728 pacis.
2441 1655 2573 1712 Haec
2617 1673 2730 1729 pax
2770 1655 2911 1711 hinc
2958 1670 3146 1726 usque
3194 1651 3416 1725 pascha
3442 1654 3500 1708 et
3527 1667 3564 1707 a

1911 1745 2174 1818 proximo
2205 1745 2425 1818 pascha
2467 1761 2653 1818 usque
2684 1745 2756 1801 ad
2787 1759 3041 1818 sequens
3082 1741 3301 1817 pascha
3330 1757 3562 1814 perma-

1911 1850 2048 1891 nere
2079 1835 2268 1891 debet.

1983 1923 2043 1981 Si
2074 1925 2208 1996 quis
2255 1923 2453 1980 minus
2483 1940 2662 1996 quam
2706 1922 3010 1996 sexaginta
3057 1922 3283 1979 denarii
3331 1923 3564 1979 valeant

1905 2014 2153 2083 furetur,
2187 2013 2476 2086 depiletur
2524 2019 2581 2069 et
2607 2012 2789 2087 virgis
2829 2011 3174 2081 excorietur,
3206 2015 3264 2068 et
3310 2011 3370 2068 in
3401 2015 3560 2068 utra-

1907 2120 2021 2175 que
2053 2102 2294 2159 maxilla
2324 2103 2476 2160 ferro
2507 2119 2696 2175 usque
2740 2102 2814 2159 ad
2852 2102 3057 2158 dentes
3088 2105 3311 2158 uratur.
3336 2101 3397 2158 Si
3428 2101 3561 2176 quis

1907 2192 2210 2266 sexaginta
2238 2192 2509 2248 denarios
2530 2191 2619 2246 vel
2650 2191 2782 2264 plus
2804 2207 2983 2263 quam
3014 2191 3316 2264 sexaginta
3338 2189 3561 2248 denarii

1903 2282 2134 2338 valeant
2180 2282 2426 2347 furetur,
2459 2297 2673 2337 manus
2711 2281 2763 2337 ei
2794 2281 3120 2337 abcidatur.
3151 2285 3315 2337 Hanc
3356 2296 3559 2354 pacem

1907 2370 2319 2443 unusquisque
2349 2374 2482 2426 ante
2511 2369 2850 2442 paoximum
2879 2371 3096 2425 festum
3127 2374 3339 2426 sanctis
3367 2371 3560 2428 Mariae

1905 2461 2078 2516 debet
2097 2460 2324 2531 jurare,
2346 2458 2434 2515 vel
2465 2475 2600 2514 cum
2638 2460 2976 2531 juramento
3009 2463 3232 2530 septem
3263 2459 3558 2516 veracium

1907 2566 2026 2604 suae
2057 2547 2418 2604 condicionis
2446 2548 2705 2603 virorum
2738 2547 2910 2603 debet
2937 2563 3001 2603 se
3029 2563 3372 2620 expurgare,
3399 2549 3557 2620 quod

1905 2637 2032 2710 ipse
2063 2655 2178 2694 non
2210 2637 2460 2693 audierit
2487 2637 2559 2693 ab
2590 2636 2787 2710 aliquo
2825 2635 2977 2693 hanc
3006 2653 3210 2709 pacem
3239 2653 3370 2694 esse
3391 2639 3558 2710 jura-

1905 2731 2058 2796 tam;
2092 2726 2194 2798 qui
2225 2726 2334 2782 hoc
2377 2742 2492 2781 non
2541 2725 2742 2781 fecerit
2786 2741 3028 2782 manum
3078 2726 3302 2798 perdat.
3331 2727 3392 2783 Si
3423 2727 3558 2800 quis

1907 2817 2230 2889 corruperit
2265 2815 2440 2872 istam
2483 2831 2711 2888 pacem,
2743 2818 2800 2871 et
2829 2815 3121 2888 aufugerit
3148 2819 3207 2871 et
3250 2815 3429 2874 latere
3457 2834 3554 2873 vo-

1907 2905 2082 2961 luerit
2113 2906 2295 2961 donec
2340 2904 2456 2960 ista
2499 2921 2610 2977 pax
2640 2902 2959 2970 transierit,
2993 2904 3044 2959 si
3086 2905 3438 2978 quandoque
3468 2922 3556 2962 re-

1904 3012 2110 3052 versus
2140 2995 2334 3064 fuerit,
2361 2995 2605 3051 eandem
2633 3009 2844 3066 penam
2871 2993 3157 3066 paciatur,
3175 3011 3354 3067 quam
3384 2996 3559 3053 modo

1907 3084 2027 3156 pati
2059 3085 2311 3140 deberet.
2337 3083 2396 3139 Si
2429 3083 2561 3156 quis
2592 3082 2845 3139 noluerit
2882 3083 3084 3154 jurare
3131 3083 3368 3141 dicens:
3400 3087 3559 3143 Nulli

1906 3189 2086 3240 noceo,
2112 3190 2210 3229 nec
2256 3174 2547 3244 quisquam
2586 3176 2740 3227 nocet
2765 3173 2944 3227 mihi!
2973 3175 3028 3228 et
3060 3172 3163 3244 qui
3193 3174 3387 3229 sciens
3431 3187 3558 3230 cor-

1907 3267 2205 3335 ruptorem
2254 3262 2415 3334 pacis
2465 3262 2685 3332 paverit
2737 3260 2827 3316 vel
2872 3261 3152 3332 receperit
3198 3261 3285 3317 vel
3332 3265 3559 3319 tutatus

138 3325 200 3405 Si
228 3325 446 3420 furtum
490 3325 819 3405 commiserit
843 3325 1029 3405 valens
1076 3352 1262 3405 minus
1301 3352 1543 3423 quinque
1570 3350 1793 3419 solidos,
1826 3325 1869 3392 α
1907 3325 2101 3419 fuerit,
2134 3351 2222 3406 vel
2256 3325 2381 3423 .pro
2431 3325 2680 3423 pecunia
2701 3349 2790 3404 vel
2820 3325 3021 3421 aliqud
3059 3350 3233 3406 modo
3280 3351 3560 3424 aufugere

137 3439 372 3511 capillos
399 3439 621 3494 amittat
649 3443 700 3493 et
728 3439 900 3508 virgis
928 3439 1154 3494 cedatur
1175 3443 1230 3494 et
1258 3442 1474 3511 furtum
1497 3439 1718 3506 reddat;
1747 3448 1798 3496 et

136 3530 190 3584 si
217 3533 304 3584 ter
331 3528 442 3584 tale
471 3530 686 3598 furtum
702 3529 913 3600 fecerit,
935 3528 1019 3583 vel
1046 3530 1299 3600 rapinam
1327 3529 1497 3584 tercia
1524 3530 1658 3598 vice,
1677 3545 1796 3584 ocu-

139 3619 222 3674 los
251 3617 337 3673 vel
375 3633 600 3672 manum
644 3617 882 3673 amittat.
916 3617 976 3672 Si
1001 3619 1064 3672 in
1093 3620 1184 3673 via
1212 3619 1507 3673 occurrerit
1553 3618 1655 3674 tibi
1683 3619 1797 3673 ini-

137 3708 315 3763 micus
345 3713 490 3774 tuus,
525 3707 576 3761 si
599 3708 771 3778 possis
801 3707 892 3762 illi
933 3722 1141 3772 nocere,
1175 3723 1395 3768 noceas;
1425 3709 1476 3762 si
1503 3709 1709 3779 fugerit
1737 3709 1798 3763 in

134 3795 364 3852 domum
393 3796 477 3851 vel
506 3796 569 3850 in
595 3797 802 3851 curtem
832 3796 1088 3867 alicujus,
1120 3796 1307 3851 illesus
1334 3800 1572 3852 maneat.

211 3885 332 3941 Hoc
353 3884 694 3956 juramento
729 3887 975 3940 utuntur
1022 3884 1197 3940 amici
1251 3883 1404 3958 regis
1453 3897 1557 3957 pro
1607 3889 1795 3951 scuto,

135 3974 402 4030 inimicis
430 3990 564 4029 vero
595 3989 967 4045 nequaquam
1005 3974 1258 4046 prodest.

523 4060 841 4117 Constitutio
865 4064 1019 4134 pacis
1044 4063 1421 4134 provincialis.

209 4151 376 4208 Talis
407 4167 518 4224 pax
542 4152 745 4222 jurata
770 4155 858 4208 est
891 4168 925 4207 a
954 4152 1101 4206 duce
1122 4151 1414 4208 Friderico
1444 4157 1501 4208 et
1531 4170 1565 4209 a
1595 4153 1799 4210 multis

137 4240 489 4307 comitibus,
519 4239 791 4313 episcopo
841 4240 1198 4314 Augustensi
1230 4245 1287 4297 et
1325 4241 1631 4299 Eistetensi
1677 4244 1798 4316 epi-

139 4348 322 4404 scopo
353 4335 412 4386 et
439 4330 747 4402 utriusque
785 4330 1080 4402 prioribus
1112 4331 1634 4389 consentientibus.
1668 4333 1798 4388 Cle—

137 4420 250 4477 rici
281 4424 342 4476 et
370 4418 624 4475 ecclesiae
657 4423 713 4475 et
760 4418 1046 4476 cimiteria
1092 4423 1150 4475 et
1197 4420 1361 4478 dotes
1408 4421 1800 4478 aecclesiarum

139 4524 352 4582 pacem
403 4507 676 4575 habeant,
713 4507 983 4564 similiter
1029 4525 1232 4564 omnes
1277 4509 1548 4567 homines
1597 4527 1799 4584 pacem

137 4598 406 4654 habeant
438 4597 496 4652 in
545 4597 840 4667 domibus,
875 4602 931 4653 et
960 4597 1019 4652 in
1051 4597 1312 4669 quolibet
1360 4599 1623 4667 aediﬁcio,
1656 4606 1714 4655 et
1741 4600 1800 4654 in

1906 3459 2039 3498 eum
2065 3439 2414 3513 permiserit,
2429 3439 2673 3494 eandem
2696 3454 2905 3510 penam
2928 3455 3106 3510 quam
3127 3438 3373 3496 violator
3395 3440 3557 3512 pacis

1907 3530 2103 3587 subire
2130 3530 2317 3585 debet.
2334 3529 2391 3584 Si
2424 3528 2557 3600 quis
2583 3530 2889 3599 corruptor
2917 3527 3078 3599 pacis
3108 3528 3422 3602 aufugerit,
3441 3529 3559 3587 dux

1906 3619 1992 3675 vel
2053 3635 2246 3675 comes
2277 3617 2365 3673 vel
2425 3617 2760 3684 advocatus,
2779 3615 2869 3672 vel
2900 3615 3148 3687 quilibet
3200 3621 3390 3674 rector
3447 3618 3558 3674 sub

1907 3709 2078 3780 cujus
2109 3707 2392 3780 regimine
2415 3706 2579 3778 prius
2605 3707 2814 3771 fuerat,
2841 3705 3058 3778 praedia
3073 3704 3371 3763 violatoris
3397 3707 3559 3780 pacis

1907 3798 2134 3853 auferat
2161 3801 2217 3853 et
2248 3795 2509 3852 obtineat
2554 3799 2676 3850 tam
2724 3793 2822 3849 diu
2873 3811 3050 3866 quam
3106 3794 3208 3850 diu
3254 3799 3560 3868 corruptor

1909 3886 2066 3960 pacis
2095 3885 2269 3954 vivat,
2294 3887 2352 3940 et
2381 3888 2511 3957 post
2540 3881 2899 3954 corruptoris
2929 3883 3091 3954 pacis
3123 3888 3371 3941 mortem
3401 3885 3561 3941 here-

1908 3974 2149 4031 ditatem
2179 3974 2421 4030 hcredes
2452 3973 2580 4044 ejus
2610 3975 3020 4045 assequentur.
3048 3972 3336 4031 Dominus
3364 3978 3560 4031 autem

1909 4082 1943 4122 a
1973 4081 2088 4137 quo
2139 4062 2420 4119 beneﬁcia
2454 4060 2700 4117 violator
2746 4061 2908 4133 pacis
2943 4061 3228 4132 obtinuit,
3279 4063 3563 4120 beneﬁcia

1909 4155 2151 4210 auferat.
2185 4152 2242 4207 Si
2273 4155 2575 4223 corruptor
2604 4150 2764 4223 pacis
2804 4166 2866 4206 se
2896 4151 2956 4205 in
2987 4149 3186 4223 aliqua
3226 4151 3562 4209 municione

1910 4241 2299 4308 absconderit,
2315 4240 2411 4297 ille
2428 4241 2486 4296 in
2507 4257 2621 4313 quo
2644 4257 2756 4313 pax
2772 4240 2882 4296 fuit
2901 4244 3193 4313 corrupta,
3209 4240 3384 4297 faciat
3404 4242 3558 4313 apud

1910 4331 2194 4406 populum
2254 4329 2793 4402 proclamationem,
2846 4333 2905 4386 et
2959 4333 3346 4402 persequatur
3395 4346 3560 4387 reum

1912 4439 2015 4494 per
2044 4437 2227 4475 unum
2257 4419 2413 4474 diem
2442 4422 2499 4475 et
2529 4435 2632 4490 per
2659 4422 2910 4489 noctem,
2936 4422 2994 4473 et
3017 4435 3153 4475 cum
3183 4419 3400 4492 populo
3432 4436 3562 4476 mu~

1912 4510 2201 4565 nicionem
2233 4507 2496 4562 obsideat
2527 4523 2628 4578 per
2659 4511 2774 4563 tres
2803 4507 2928 4563 dies
2957 4512 3014 4563 et
3046 4524 3151 4580 per
3181 4512 3298 4564 tres
3329 4511 3562 4576 noctes;

1911 4603 1968 4654 et
1998 4598 2044 4652 si
2079 4594 2338 4651 municio
2368 4596 2688 4666 expugnari
2721 4612 2835 4651 non
2866 4600 3058 4666 potest
3088 4596 3240 4651 infra
3268 4600 3385 4651 tres
3415 4597 3561 4662 dies,

136 4686 328 4743 curiis
359 4685 535 4742 etiam
585 4686 738 4740 infra
767 4685 1058 4759 legitimas
1108 4705 1273 4743 areas
1322 4689 1604 4744 domuum
1655 4706 1803 4760 quas
1834 4695 1880 4759 D
1911 4689 2030 4743 dux
2059 4685 2146 4740 vel
2177 4701 2371 4739 comes
2399 4700 2530 4738 cum
2566 4683 2887 4754 majoribus
2913 4684 2984 4738 ad
3016 4684 3438 4740 destruendum
3469 4701 3562 4739 ca-

136 4775 441 4832 hovestete
469 4773 643 4847 vulgo
671 4790 968 4842 vocamus,
1001 4776 1120 4831 sive
1151 4775 1269 4831 sint
1299 4782 1474 4849 septae
1505 4794 1609 4832 seu
1640 4777 1805 4834 nulla

134 4881 286 4939 sepe
316 4863 438 4920 sint
466 4863 856 4920 circumdatae.
890 4864 1162 4921 Mulieres
1213 4865 1435 4922 nullius
1464 4866 1802 4923 violentiam

1914 4775 2148 4832 stellum
2180 4773 2507 4829 advocetur.
2523 4771 2579 4825 Si
2611 4772 2744 4843 quis
2775 4788 2906 4827 cum
2937 4771 3161 4844 laqueis
3182 4771 3268 4828 vel
3299 4788 3434 4828 cum
3466 4789 3563 4845 pe-

1915 4866 2063 4933 dica,
2083 4879 2260 4936 quam
2283 4860 2454 4933 vulgo
2483 4860 2664 4916 druch
2687 4859 2960 4933 dicimus,
2975 4860 3263 4918 silvestria
3287 4860 3566 4918 animalia

1516 4991 1759 5049 VARIIE
1797 4990 2207 5049 LEGTIONES.

215 5062 264 5098 ³³
293 5063 413 5116 In?

1745 5152 1976 5209 NOTZE.

216 5247 307 5330 (6)_
331 5244 595 5330 Anna-les.
616 5245 940 5320 Augustani
963 5247 1198 5330 .i_nmch.
1234 5246 1374 5330 bibl:
1405 5248 1575 5320 regiae
1609 5248 1806 5304 Mona-

139 5317 376 5392 censiis,
403 5317 922 5392 Heinricunianno
957 5319 1092 5373 1103
1121 5319 1425 5392 Mogontiae
1448 5317 1809 5375 commoran-

1957 5249 2056 5304 lim
2089 5251 2449 5321 Augustano,
2474 5245 2870 5321 lsidorum_De
2891 5248 3019 5321 ortu
3051 5249 3109 5302 et
3137 5246 3299 5303 obitu
3330 5245 3568 5304 Patrum

1917 5321 2144 5376 Veteris
2177 5317 2232 5375 Et
2262 5319 2399 5374 Novi
2439 5317 2791 5374 Testamenti
2834 5318 3167 5374 continente
3197 5336 3245 5374 s.
3279 5335 3355 5387 Ix,
3388 5335 3568 5375 manu

138 5397 302 5460 tem,
363 5390 422 5444 in
481 5389 824 5462 Epiphania,
864 5406 1111 5462 regnum
1183 5388 1307 5462 per
1354 5392 1808 5462 quadriennium
1919 5409 1967 5447 s.
2014 5410 2093 5446 xu
2143 5392 2419 5459 ineuntis,
2479 5388 2844 5462 marginibus
2899 5389 3168 5462 ascripta,
3210 5389 3565 5446 invenimus.

137 5481 286 5520 cum
317 5459 650 5524 iuramento
702 5459 995 5534 pacificari
1037 5459 1433 5534 constituisse,
1465 5463 1809 5534 cunctisque
1917 5462 2205 5518 Exhibent
2237 5463 2474 5518 notitias
2522 5459 2646 5534 tum
2694 5461 2765 5516 de
2809 5476 2950 5534 pace
2982 5459 3342 5534 iu’universo
3391 5477 3568 5534 regno

186 5534 342 5590 ratia
374 5549 484 5588 sua
513 5533 850 5589 carentibus
876 5535 1192 5590 commissa
1221 5533 1518 5589 dimisisse
1551 5533 1806 5590 tradunt.

1920 5539 2161 5598 statuta,
2182 5541 2308 5589 tum
2338 5535 2409 5589 dc
2431 5550 2570 5604 pace
2600 5533 2751 5588 inter
2770 5531 3568 5605 principes‘nonnullosSue-

188 5603 605 5664 onstitutionis
652 5606 781 5677 ejus
839 5609 1064 5679 textum
1116 5606 1253 5679 jam
1297 5606 1661 5679 deperditum
1704 5623 1810 5677 ope
1917 5608 2020 5660 viae
2051 5611 2107 5661 et
2137 5601 2468 5679 Franconiie
2495 5605 2657 5660 inita.
2686 5601 3036 5679 appendit—gis
3066 5602 3192 5679 loco
3222 5601 3569 5679 subjicimus

143 5679 649 5750 documentorum,
692 5677 1388 5750 moxﬂsubsequentium'
1414 5677 1685 5750 supplere
1716 5695 1808 5750 co-

143 5766 397 5818 namur,
450 5765 578 5821 quis
635 5747 696 5804 in
753 5748 952 5806 codice
1007 5747 1147 5804 bibl.
1201 5750 1370 5822 regiae
1424 5747 1808 5816 Monacensis,

1921 5694 2121 5750 pacem
2179 5677 2236 5731 in
2292 5676 2632 5750 episcopatu
2682 5674 3110 5733 Cdristantiensi
3151 5693 3185 5731 a
3228 5674 3568 5731 Gebehardo

1921 5748 2192 5822 episcopo
2224 5748 2623 5805 constitutam.
