3976 6424
381 485 536 554 1139

1739 485 2052 553 MONUM.
2096 483 2418 552 DIPLOM.

3631 471 3800 551 {140'

377 619 600 679 scilicet
630 639 848 689 cervos,
880 620 1137 688 hinulos,
1160 637 1418 696 capreas,
1443 620 1739 693 capreolos
1761 621 1828 686 ⁸³,
1856 619 2020 693 lepo-
2050 622 2106 688 Α
2135 620 2357 677 dictum
2407 638 2467 679 se
2515 620 2679 689 sciat,
2723 619 3063 694 nullamque
3100 608 3585 678 communionem
3636 619 3792 676 inter

375 729 470 770 res
504 717 561 768 et
589 716 777 768 cetera
805 711 1042 784 ceperit,
1067 710 1341 766 dominus
1374 727 1517 766 suus
1562 710 1757 766 omnia
1777 726 1902 781 quae
1926 709 2026 765 ha-

375 801 476 858 bet
495 802 546 857 ei
569 802 810 869 auferat,
832 817 1138 873 possessor
1157 816 1288 855 vero
1310 803 1474 855 terra
1498 799 1556 854 in
1581 817 1698 871 qua
1717 799 1839 854 fera
1858 804 2029 871 capta

375 891 569 961 fuerit,
594 905 834 945 manum
858 888 1047 944 eidem
1067 888 1156 945 vel
1186 888 1494 944 dimidiam
1527 889 1736 944 libram
1762 888 2026 944 denario-

373 995 505 1035 rum
537 995 640 1051 pro
666 994 840 1033 manu
871 979 1116 1034 auferat.
1143 976 1530 1048 Excipiuntur
1551 976 1872 1033 advocatio.
1910 1018 1921 1031 .
1962 1019 1974 1031 .
2013 1020 2026 1032 .

565 1068 888 1124 Constitutio
912 1069 1066 1139 pacis
1098 1069 1156 1122 in
1188 1066 1389 1122 diocesi
1419 1066 1837 1122 Constantiensi.

445 1155 710 1210 Domnus
738 1153 1202 1210 Constantiensis
1227 1155 1536 1226 episcopus
1567 1153 1625 1209 in
1659 1170 1872 1227 magno
1895 1170 2028 1209 con-

373 1249 550 1299 ventu
585 1243 884 1311 abbatum,
908 1242 1273 1310 clericorum,
1297 1242 1602 1310 laicorum,
1628 1243 1687 1298 in
1719 1242 2029 1315 praesentia

378 1332 679 1405 apostolici
710 1331 904 1405 legati,
930 1332 1029 1404 qui
1051 1331 1228 1387 etiam
1255 1331 1353 1387 illo
1385 1332 1442 1386 in
1464 1335 1748 1404 tempore,
1768 1336 1832 1387 ut
1853 1331 2042 1402 credi.

375 1426 492 1489 tur,
515 1421 615 1478 Dei
636 1421 998 1492 providentia
1019 1424 1451 1492 supervenerat,
1468 1421 1589 1476 haec
1612 1421 2034 1492 subsequentia

375 1510 652 1568 omnibus
702 1509 1159 1582 astipulantibus
1191 1514 1249 1565 et
1279 1509 1754 1566 collaudantibus
1803 1511 2028 1567 statuit.

374 1599 653 1656 Convenit
681 1599 860 1665 enim,
885 1604 948 1654 ut
979 1615 1182 1670 pacem
1213 1615 1403 1671 usque
1435 1600 1492 1654 in
1526 1603 1918 1671 pcntecostem
1947 1600 2032 1655 fa-

376 1693 547 1759 ceret,
574 1692 639 1744 ut
670 1688 940 1761 quisquis
972 1687 1109 1743 huic
1149 1688 1279 1760 paci
1309 1689 1685 1744 concordaret
1716 1692 1772 1743 et
1797 1689 2030 1744 firmam

376 1778 715 1844 custodiret,
735 1777 842 1833 hac
863 1777 1054 1849 gratia
1073 1778 1390 1834 donaretur
1414 1795 1425 1832 :
1451 1779 1514 1832 In
1543 1793 1890 1849 quocunque
1914 1795 2032 1834 mo-

376 1867 631 1924 nasterio
665 1867 759 1922 sui
790 1867 1162 1938 episcopatus
1191 1865 1556 1932 clericorum,
1582 1865 2027 1932 monachorum,

378 1956 440 2012 in
471 1959 759 2010 conventu
792 1956 1188 2010 cantabuntur
1230 1959 1453 2027 septem
1485 1955 1697 2022 missae,
1722 1955 2027 2011 duodecim
2063 1994 2111 2058 B

379 2061 666 2119 pauperes
697 2047 784 2099 ter
811 2048 1146 2116 pascentur,
1169 2049 1431 2115 preterea
1459 2043 1672 2117 singuli
1708 2044 2030 2117 presbyteri

381 2132 646 2207 singulas
664 2133 897 2199 missas,
915 2133 1086 2188 ceteri
1107 2133 1344 2188 litterati
1367 2133 1582 2206 singuli
1601 2133 2032 2205 quinquaginta

380 2223 662 2295 psalmos,
715 2223 976 2277 conversi
1030 2221 1457 2294 quinquaginta
1503 2226 1888 2294 paternoster.
1923 2222 2030 2277 De-

382 2311 598 2368 functis
627 2327 758 2366 vero
789 2311 889 2366 ﬁet
926 2311 1209 2382 quidquid
1261 2310 1379 2367 illis
1410 2311 1507 2383 qui
1559 2311 2030 2366 communionem

380 2399 761 2456 fraternitatis
808 2417 1012 2455 eorum
1064 2404 1430 2472 acceperunt.
1475 2400 1718 2472 Insuper
1773 2400 2029 2456 universi

380 2490 708 2546 sacerdotes
736 2489 919 2545 totius
967 2489 1336 2561 episcopatus
1384 2489 1599 2562 singuli
1648 2493 1765 2544 tres
1815 2490 2031 2545 missas

379 2579 718 2634 cantabunt.
753 2576 875 2632 Illis
917 2595 1050 2634 vero
1091 2579 1193 2650 qui
1241 2578 1477 2633 interim
1511 2577 1778 2643 obierint,
1811 2577 2028 2650 singuli

380 2666 640 2740 singulas
672 2666 909 2735 missas,
942 2671 1298 2738 pascentque
1341 2667 1556 2738 singuli
1590 2665 1854 2740 singulos
1885 2683 2027 2738 pau-

376 2773 563 2829 peres.
597 2757 863 2811 Preterea
892 2755 1310 2827 paenitentibus
1339 2763 1560 2828 septem
1593 2772 1879 2811 annorum
1913 2756 2028 2810 duo

378 2845 515 2902 anni
547 2845 620 2900 ab
670 2844 940 2917 episcopo
973 2845 1478 2901 condonabuntur.
1513 2844 1643 2899 Haec
1678 2844 1748 2899 de
1795 2843 2030 2914 publica

378 2950 520 3007 pace
551 2937 769 2990 statuta
797 2937 935 2989 sunt
965 2936 1032 2989 12
1053 2934 1292 2991 Kalend.
1317 2932 1688 2999 Novembris;
1719 2949 1895 3004 quam
1929 2933 2028 3004 qui

381 3022 692 3078 servaverit
719 3021 870 3078 hanc
915 3024 1164 3095 gratiam
1217 3022 1474 3078 habebit.
1508 3023 1594 3077 Ab
1641 3022 1746 3076 hac
1776 3037 1908 3076 vero
1939 3021 2030 3076 die

379 3112 720 3183 quicunque
748 3111 1057 3184 deliquerit
1085 3112 1143 3166 in
1175 3110 1435 3166 ecclesiis
1464 3126 1782 3182 eorumque
1813 3126 2030 3183 appen-

381 3200 569 3267 diciis,
595 3201 653 3255 in
687 3202 1086 3256 sacerdotibus
1131 3200 1250 3255 sive
1291 3199 1350 3253 in
1383 3199 1718 3270 quibusque
1747 3199 2031 3255 ordinatis

381 3289 666 3362 personis,
691 3289 748 3343 in
781 3289 1087 3344 monachis
1135 3291 1192 3343 et
1239 3288 1552 3354 conversis,
1576 3287 1661 3343 vel
1697 3287 1752 3341 in
1787 3289 2030 3359 quibus-

387 3361 618 3450 eunque
641 3379 710 3434 ad
726 3378 1016 3449 judicium
1041 3375 1294 3447 episcopi
1321 3375 1766 3447 pertinentibus,
1792 3377 1862 3432 de
1883 3394 2033 3432 com-
2062 3361 2104 3426 C

388 3467 550 3524 muni
580 3484 871 3523 consensu
903 3466 1200 3520 decretum
1222 3469 1332 3530 est,
1365 3470 1430 3520 ut
1451 3465 1614 3520 vivus
1645 3470 1702 3521 et
1724 3466 2033 3521 defunctus

389 3557 504 3614 nisi
535 3556 846 3628 resipuerit
887 3553 1300 3609 communione
1337 3559 1548 3608 careat.
1575 3555 1894 3627 Presbyter,
1930 3555 2029 3626 qui

381 3647 600 3704 talibus
632 3645 824 3700 sciens
855 3642 1389 3710 communicaverit,
1412 3643 1485 3698 ab
1506 3644 1695 3700 officio
1717 3660 1825 3700 suo
1851 3645 2031 3699 inter-

2136 714 2357 766 ceteros
2387 711 2592 766 fratres
2625 728 2812 784 usque
2842 711 2912 765 ad
2935 709 3175 782 dignam
3199 709 3664 768 satisfactionem
3696 709 3796 766 ha-

2139 799 2291 855 beat.

2839 964 2842 968 ἱ
2901 889 3023 945 v11.

2505 994 2821 1034 cosvsn'rus
2854 995 3300 1034 RATISPONENSIS
3335 979 3434 1050 (7).

2458 1068 2595 1138 (An.
2650 1068 2810 1140 1104,
2857 1068 3015 1134 Jan.,
3069 1067 3227 1134 Feb.,
3278 1067 3474 1132 Mart.)

2139 1157 2223 1210 Ex
2257 1156 2488 1212 concilio
2535 1157 2934 1228 Ratisponensi.
2983 1157 3072 1211 cui
3121 1157 3378 1226 interfuit
3423 1157 3692 1213 Henricus
3724 1157 3801 1213 111

2423 1229 2724 1298 imperator
2758 1244 2883 1282 cum
2909 1229 3102 1283 multis
3132 1229 3503 1300 optimatibus.

2214 1335 2507 1389 Statutum
2529 1338 2636 1401 est,
2654 1337 2717 1389 ut
2735 1335 2806 1390 ad
2829 1332 3110 1406 placitum
3135 1332 3449 1404 cujuslibet
3471 1334 3737 1389 advocati
3753 1334 3798 1368 “

2142 1423 2498 1495 pertinentes
2530 1423 2709 1479 semel
2740 1423 2798 1478 in
2831 1440 2983 1479 anno
3014 1423 3251 1495 quando
3279 1427 3638 1495 praeceptum
3671 1422 3796 1478 fue-

2143 1510 2237 1575 rit,
2267 1526 2469 1566 omnes
2523 1510 2695 1565 certis
2743 1511 2803 1566 in
2851 1510 2996 1566 locis
3046 1511 3412 1580 conveniant,
3444 1509 3646 1584 ibique
3667 1512 3711 1546 ⁸⁵
3738 1512 3798 1567 in

2143 1598 2442 1654 servitium
2477 1617 2651 1655 suum
2686 1599 2817 1671 plus
2841 1617 2956 1656 non
2987 1599 3224 1672 exigant
3253 1599 3365 1656 nisi
3385 1600 3535 1656 duos
3567 1601 3801 1658 modios

2142 1687 2340 1754 tritici,
2359 1693 2416 1743 et
2447 1689 2593 1744 duos
2620 1705 2845 1760 porcos,
2869 1693 2988 1745 tres
3011 1690 3186 1744 cados
3211 1689 3327 1744 vini
3353 1693 3411 1744 et
3431 1690 3476 1725 ¹⁶
3506 1689 3800 1756 medonis,

2143 1777 2342 1832 decem
2370 1777 2544 1833 cados
2579 1777 2856 1848 cervisiaa,
2877 1782 2934 1834 et
2963 1777 3225 1850 quinque
3255 1778 3483 1834 modios
3515 1793 3711 1835 avenae
3734 1780 3801 1834 ³⁷.

2144 1865 2215 1920 Ut
2243 1870 2438 1921 autem
2471 1883 2538 1921 ea
2558 1883 2682 1938 qua:
2715 1867 2786 1921 ad
2819 1883 2965 1921 usus
2996 1867 3244 1922 fratrum
3277 1867 3570 1938 pertinent
3597 1867 3803 1924 minus

2143 1955 2566 2025 distrahantur,
2590 1956 2714 2011 haec
2751 1955 3087 2027 subscripta
3115 1955 3176 2010 in
3206 1971 3351 2011 usus
3381 1957 3801 2013 advocatorum

2142 2047 2281 2099 sunt
2309 2044 2585 2115 deputata
2617 2060 2629 2098 :
2663 2043 2929 2100 videlicet
2971 2045 3144 2100 tertia
3185 2059 3322 2117 pars
3354 2045 3709 2114 bannorum,
3745 2051 3805 2102 et

2142 2131 2460 2188 satisfactio
2483 2133 2903 2200 temeritatum,
2928 2132 3010 2188 ita
3031 2136 3248 2203 tamen,
3272 2137 3337 2189 ut
3357 2133 3406 2189 si
3430 2150 3547 2206 qua
3566 2134 3804 2206 dispen-

2142 2221 2239 2276 dia
2268 2237 2360 2276 res
2390 2222 2634 2277 fratrum
2669 2221 2993 2293 patiuntur,
3015 2221 3203 2293 primo
3234 2221 3318 2278 eis
3349 2239 3458 2278 sua
3487 2222 3805 2279 restituan-

2141 2315 2255 2365 tur.
2277 2309 2607 2382 Werigelda
2653 2311 2899 2366 fratrum
2931 2315 3070 2366 sunt
3091 2312 3156 2379 ³⁸,
3189 2317 3247 2366 et
3277 2311 3640 2384 mancipium
3696 2330 3802 2385 pro

2141 2399 2455 2472 mancipio.
2483 2401 2744 2455 Preterea
2773 2399 2822 2455 si
2870 2399 3093 2472 praelati
3144 2399 3416 2456 aecclesiae
3450 2399 3652 2473 aliqua
3698 2419 3802 2457 ne-

2141 2490 2410 2545 cessitate
2439 2493 2679 2560 cogente
2705 2489 2990 2544 damnum
3025 2489 3135 2545 sibi
3152 2488 3240 2544 vel
3271 2489 3450 2545 rebus
3476 2495 3603 2546 suis
3622 2491 3671 2526 ²⁹
3701 2490 3806 2546 illa

2141 2581 2267 2632 tum
2307 2578 2464 2633 salvo
2493 2577 2695 2633 ordine
2746 2595 2854 2633 suo
2913 2593 3258 2649 recuperare
3310 2594 3427 2633 non
3482 2577 3801 2646 valuerint,

2142 2665 2302 2738 ipsos
2347 2667 2655 2722 advocatos
2685 2665 2745 2721 in
2776 2669 3201 2738 competentem
3232 2665 3426 2722 locum
3477 2667 3800 2737 advocent;

2141 2757 2240 2812 ubi
2270 2773 2478 2811 causas
2500 2754 2876 2827 querimoniae
2900 2753 3211 2828 diligenter
3231 2754 3571 2824 discutiant,
3595 2755 3806 2812 nichil-

2140 2861 2252 2915 que
2284 2844 2363 2899 ibi
2395 2845 2467 2898 ab
2497 2843 2580 2898 eis
2609 2842 2697 2898 vel
2727 2844 2799 2898 ab
2829 2859 3032 2899 eorum
3064 2842 3287 2900 colonis
3319 2843 3490 2916 quasi
3539 2844 3654 2900 sub
3696 2846 3800 2916 ju-

2139 2932 2302 2988 stitia
2329 2933 2583 3004 exigant,
2607 2932 2705 2988 sed
2730 2949 2862 2988 cum
2885 2931 3126 2988 caritate
3149 2931 3257 2988 hoc
3278 2933 3432 3003 quod
3454 2932 3538 2988 eis
3570 2933 3801 3006 impen-

2141 3039 2273 3077 sum
2301 3021 2476 3077 fuerit
2505 3021 2810 3093 accipiant.

2213 3110 2342 3166 Haec
2383 3115 2578 3166 autem
2625 3114 2754 3166 acta
2784 3114 2924 3166 sunt
2952 3110 3012 3165 in
3042 3110 3275 3166 civitate
3318 3110 3660 3179 Ratisbona,
3693 3129 3800 3167 an-

2141 3217 2216 3254 no
2247 3199 2548 3254 dominicae
2581 3198 2999 3254 incarnationis
3045 3199 3203 3266 1104,
3234 3198 3436 3255 indict.
3472 3200 3558 3268 l2,
3593 3200 3803 3272 praesi-

2142 3289 2312 3344 dente
2334 3305 2485 3360 papa
2506 3287 2766 3343 Paschali
2795 3289 2905 3353 11⁸,
2931 3291 3213 3359 praesente
3241 3287 3287 3322 ³ο
3306 3291 3502 3344 autem
3525 3288 3804 3345 Heinrico

2143 3378 2489 3449 imperatore
2547 3377 2643 3432 Ill“
2700 3375 2904 3431 multis
2962 3375 3071 3431 hoc
3124 3379 3244 3431 tam
3302 3375 3557 3431 ecclesiae
3617 3395 3804 3450 quam

2144 3467 2305 3538 regni
2345 3464 2709 3539 principibus
2747 3463 3241 3520 conlaudantibus
3289 3469 3348 3520 et
3395 3464 3804 3523 conﬁrmanti-

2141 3555 2272 3621 bus,
2306 3571 2556 3625 quorum
2591 3553 2828 3609 nomina
2855 3554 2896 3588 ³¹
2933 3552 3151 3625 scripta
3181 3557 3321 3610 sunt
3350 3554 3409 3608 in
3442 3553 3653 3625 majori
3687 3558 3810 3628 pri-

2139 3642 2369 3716 vilegio.

1734 3769 1977 3824 VARUE
2016 3767 2431 3824 LECTIONES.

446 3871 491 3904 ’³
519 3869 635 3924 cod.
669 3865 880 3938 reolos.
957 3866 1001 3900 ²⁴
1035 3883 1382 3938 magnarum
1425 3868 1802 3924 ecclesiarum

1835 3885 1888 3939 p.
1923 3867 2126 3939 Altah._
2181 3866 2224 3939 εδ
2254 3865 2292 3921 i.
2341 3865 2604 3939 advocati

2638 3881 2692 3940 p.
2727 3864 2933 3940 dliah._
2985 3865 3148 3940 "_vel
3178 3865 3358 3920 Altah.
3419 3868 3477 3940 1"
3509 3883 3572 3940 a.
3598 3867 3658 3923 in
3690 3884 3798 3940 pa-

373 3939 582 4019 bulum
613 3937 854 4019 triginta
895 3935 1179 4019 equorum
1228 3941 1442 4019 reliqua
1484 3940 1676 3996 desunt
1722 3942 1783 3994 in
1829 3935 2009 3994 Ὰιιαὴ.
2087 3937 2132 3972 ³⁸
2161 3937 2314 3993 sicut
2358 3937 2545 3994 Meich.
2624 3935 2668 3972 π
2697 3935 2808 3991 sibi
2837 3936 2952 3993 cod.
3029 3937 3074 3971 ³ο
3105 3941 3383 4007 regnante
3412 3937 3478 3992 Μ.
3557 3939 3599 3974 ³³
3635 3935 3797 3995 ηῖίῑι

373 4009 524 4065 libr‘o
553 4009 935 4064 traditionum
969 4009 1444 4066 continentur'M.

1957 4107 2190 4162 NOTIE.

443 4204 521 4275 (7)
551 4207 840 4261 Statutum
882 4207 952 4260 de
995 4207 1286 4263 advocatis
1334 4205 1717 4262 ecclesiarum
1766 4205 1822 4260 in
1875 4221 2016 4260 con-

369 4278 544 4358 ventu
573 4275 976 4358 Ratisponensi
1010 4279 1215 4358 primis
1240 4279 1376 4358 anni
1408 4277 1881 4358 1104.mensibus
1902 4276 2018 4357 edi-

367 4351 515 4419 tum,
541 4352 715 4419 atque
738 4347 803 4404 in
827 4347 1025 4405 codice
1053 4349 1420 4405 bibliothecae
1452 4347 1618 4419 regiae
1652 4348 2017 4402 Monacensis

371 4417 508 4472 olim
549 4417 912 4491 Augustano,
935 4422 1059 4489 jam
1111 4439 1244 4476 vero
1293 4421 1446 4474 inter
1500 4417 1730 4491 codices
1780 4419 2017 4474 Latinos

367 4505 424 4543 n.
458 4492 493 4542 2
523 4489 834 4560 asservato,
876 4491 974 4548 fol.
1000 4492 1113 4556 80‘,
1147 4509 1326 4546 manu
1361 4489 1558 4545 saeculi
1587 4507 1664 4544 χιι
1715 4494 2014 4544 exaratum

367 4577 515 4616 anne
547 4562 683 4618 1833
735 4563 949 4619 inveni.
986 4563 1322 4617 Praecedunt
1379 4561 1456 4616 ibi
1518 4561 1638 4616 hinc
1683 4561 1859 4616 verba
1890 4577 1902 4616 :
1935 4564 2017 4616 Ex

363 4635 590 4690 concilio
619 4635 914 4705 A/Tricano.
957 4636 1144 4688 Visum
1182 4641 1260 4687 est
1294 4635 1594 4705 universis,
1626 4635 1692 4688 ab
1724 4635 2012 4703 imperato-

362 4704 514 4760 ribus
529 4704 921 4778 postulandum
936 4711 1160 4776 propter
1175 4704 1534 4774 afﬂictionem
1547 4721 1874 4777 pauperum,
1888 4721 2016 4776 quo-

2126 4221 2252 4277 rum
2274 4204 2538 4259 molestiis
2577 4204 3151 4277 sine_intermissione
3195 4205 3469 4277 fatigatur
3499 4207 3790 4277 Ecclesia,

2127 4279 2188 4329 ut
2215 4275 2521 4346 defensores
2550 4277 2640 4351 eis
2660 4275 2917 4351 adversus
2943 4277 3218 4351 potentias
3247 4275 3483 4351 divitum
3508 4294 3635 4351 cum
3671 4275 3792 4351 cpi;

2126 4345 2408 4416 scaporum
2432 4347 2743 4417 provisione
2771 4346 3158 4413 deligerentur.
3185 4345 3388 4401 Prima:
3419 4345 3794 4407 constitutio-

2129 4418 2219 4472 nis
2251 4417 2415 4472 lineae
2448 4417 2505 4472 in
2528 4417 2724 4472 codice
2743 4416 3041 4473 Altahensi
3067 4435 3160 4473 an.
3189 4419 3328 4473 1260
3353 4419 3424 4473 ab
3448 4419 3790 4474 Hermanno

2275 4436 2415 4472 ιηθω
2448 4436 2505 4472 1n
2528 4436 2724 4472 000106
2743 4436 3041 4473 ΛιιξὶΠΘΠΒΙ
3067 4436 3160 4473 an.
3189 4436 3328 4473 ῙΖΟυ
3353 4436 3424 4473 BD
3449 4436 3790 4478 nermanno

2127 4489 2335 4562 abbate
2363 4488 2707 4562 conscrjpto
2725 4493 3048 4562 servantur,
3073 4494 3246 4560 atque
3271 4490 3516 4562 vulgatae
3549 4498 3696 4548 sunt
3728 4496 3789 4550 in

2128 4560 2522 4632 Monumentis
2555 4559 2745 4632 Boicis
2777 4564 2816 4632 t.
2846 4560 2937 4629 XI,
2959 4577 3014 4632 p.
3041 4559 3212 4632 26,7711.
3250 4562 3345 4627 10;
3376 4559 3624 4620 alteram
3657 4566 3790 4621 edi-

2126 4632 2345 4686 tionem
2377 4649 2445 4686 ex
2469 4631 2614 4686 libro
2644 4631 3005 4702 FrisingenSi
3028 4631 3187 4687 dedit
3208 4632 3604 4690 Meichelbeck
3633 4635 3783 4692 Hist.

2127 4702 2375 4775 Frising.
2407 4707 2451 4757 t.
2490 4706 2532 4770 Ι,
2567 4719 2623 4774 p.
2660 4718 2722 4768 Π,
2756 4719 2815 4757 n.
2850 4703 3008 4757 1272.

1151 4992 1676 5088 HENBICI
1745 4994 1870 5087 IV
1940 4992 2185 5086 IMP.
2260 4989 2985 5084 DIPLOMATA

1855 5198 2252 5209 ——_————

1164 5321 1206 5374 Ι.

580 5407 941 5480 Privilegium
963 5426 1067 5480 pro
1095 5410 1333 5466 Ecclesia
1361 5411 1776 5484 Hamburgensi.

834 5501 1019 5568 (Anno
1052 5502 1210 5566 1057,
1243 5501 1377 5572 Apr.
1409 5501 1524 5572 25.)

533 5588 956 5658 [LAPPENBERG,
990 5591 1284 5661 Hambu-rg.
1323 5591 1588 5658 Urkund.,
1621 5609 1674 5664 p.
1708 5592 1814 5663 79.⁹

426 5677 486 5730 In
522 5677 756 5732 nomine
782 5684 992 5735 sanctae
1016 5684 1071 5734 et
1093 5678 1402 5733 individua;
1425 5679 1746 5736 Trinitatis.
1773 5679 1994 5736 Hamm-

354 5781 480 5832 cus,
515 5765 710 5822 divina
739 5767 964 5824 favente
993 5767 1322 5836 clementia,
1356 5785 1472 5824 rex.

2189 5321 2246 5375 Si
2279 5319 2404 5374 loca
2435 5318 2646 5374 divinis
2668 5317 2922 5374 cultibus
2955 5319 3308 5391 mancipata,
3328 5336 3488 5378 more
3510 5325 3782 5381 anteces-

2114 5425 2312 5466 sorum
2335 5411 2690 5476 nostrorum,
2715 5423 2918 5480 regum
2941 5413 3000 5464 et
3027 5409 3471 5481 imperatorum,
3499 5411 3689 5469 ditare
3719 5419 3782 5469 et

2113 5498 2431 5554 sublimare
2475 5514 2774 5561 curamus,
2801 5501 3079 5553 aeternam
3123 5499 3566 5556 retributionem
3600 5501 3779 5557 nobis

2113 5589 2247 5643 inde
2279 5589 2538 5643 futuram
2583 5586 2806 5658 liquido
2837 5587 3154 5643 credimus.
3189 5589 3470 5653 Quocirca
3499 5590 3776 5648 omnium

2109 5677 2319 5734 Christi
2343 5681 2796 5746 nostrorumque
2811 5676 3076 5732 fidelium
3099 5681 3218 5732 tam
3242 5678 3573 5734 futurorum
3589 5696 3774 5752 quam

2109 5765 2484 5840 praesentium
2503 5763 2726 5820 noverit
2744 5763 3036 5821 industria
3053 5765 3305 5838 qualiter
3321 5784 3449 5836 nos,
3465 5783 3571 5839 pro
3587 5784 3782 5825 reme~
