3976 6352
147 351 305 419 HM

1498 350 1895 421 HENRIGUS
1931 350 2015 422 IV
2052 356 2216 421 IMP.

3400 346 3559 416 1149

146 490 243 550 dio
272 490 456 549 beata
486 487 780 548 memoria
808 489 994 565 patris
1024 488 1207 549 nostri
1245 488 1498 547 Heinrici
1524 489 1682 547 tertii
1712 506 1805 547 rev
1830 490 1886 561 Α
1906 493 2089 566 judex
2108 489 2379 566 publicus
2396 488 2486 548 vel
2508 486 2758 565 quilibet
2776 486 3172 563 exjudiciaria
3187 488 3473 561 potestate
3496 484 3563 543 in

145 581 256 655 gis,
279 579 526 637 secundi
546 580 945 638 Romanorum
966 579 1337 654 imperatoris
1356 578 1628 653 Augusti,
1652 583 1708 636 et
1729 579 1803 636 ob

143 670 543 727 interventum
574 668 797 727 dilecta
844 669 1052 727 matris
1082 673 1294 726 nostra
1325 670 1586 742 Agnetis,
1621 669 1807 742 impe-

142 759 376 817 ratricis
404 762 704 832 Augusta,
728 776 834 817 nec
855 777 971 817 non
992 761 1067 816 ob
1089 760 1428 833 petitionem
1452 762 1509 815 et
1532 760 1806 815 devotum

143 865 209 905 ac
237 848 408 905 ﬁdele
437 848 743 904 servitium
768 848 1089 917 Adalberti,
1108 848 1463 906 venerabilis
1488 848 1812 906 Hamabur-

141 937 343 1011 gensis
373 935 646 994 Ecclesia
696 937 1142 1011 archiepiscopi,
1174 955 1302 1011 qua
1351 941 1441 994 est
1473 941 1811 993 constructa

144 1027 205 1083 in
235 1025 518 1083 honorem
563 1026 762 1084 Sancti
810 1026 1128 1083 Salvatoris
1156 1031 1215 1082 et
1244 1025 1632 1083 sanctissima
1681 1027 1809 1097 eius

142 1115 445 1191 genitricis
469 1115 664 1172 Maria
686 1115 952 1189 virginis,
985 1117 1301 1190 quemdam
1324 1116 1511 1171 nostri
1534 1115 1690 1187 juris
1720 1131 1812 1171 co-

144 1205 445 1275 mitatum,
479 1203 699 1260 scilicet
730 1205 788 1261 in
820 1205 989 1278 pagis
1014 1205 1291 1278 Hunesga
1319 1209 1377 1260 et
1408 1203 1648 1276 Fivilga,
1674 1220 1809 1260 cum

147 1294 352 1351 eodem
382 1294 520 1365 jure
549 1293 827 1366 omnique
878 1294 1152 1364 utilitate,
1184 1309 1364 1367 quam
1412 1296 1810 1350 antecessores

147 1382 335 1439 nostri
367 1382 702 1439 habuerunt
728 1383 817 1439 vel
859 1382 979 1440 ullo
1024 1384 1199 1440 modo
1248 1383 1307 1439 in
1360 1383 1624 1438 futurum
1676 1382 1812 1438 inde

146 1470 362 1545 poterit
407 1470 729 1543 provenire,
762 1472 834 1528 ad
885 1488 1062 1528 usum
1116 1472 1385 1544 ejusdem
1436 1469 1703 1528 Ecclesia
1750 1471 1811 1526 in

145 1560 452 1634 proprium
484 1558 840 1616 tradidimus
868 1564 925 1616 et
951 1560 1436 1617 condonavimus.

212 1653 465 1721 Insuper
490 1648 667 1705 etiam
715 1649 904 1706 eidem
937 1649 1377 1722 archiepiscopo
1430 1648 1725 1705 licentiam
1758 1652 1816 1704 et

142 1740 492 1810 potestatem
524 1738 921 1794 concessimus
966 1738 1026 1793 in
1071 1737 1278 1794 eodem
1328 1737 1617 1793 comitatu
1667 1738 1815 1793 duos

1914 582 2191 639 ecclesias
2207 584 2308 639 aut
2326 581 2451 637 loca
2463 580 2552 637 vel
2569 597 2742 655 agros
2762 596 2866 637 seu
2887 579 3145 653 reliquas
3161 576 3563 651 possessiones

1908 673 2035 745 jam
2058 672 2224 727 diota
2244 670 2534 737 Ecclesia,
2554 686 2702 743 quas
2731 687 2889 727 nunc
2920 669 3075 725 infra
3093 667 3379 724 ditionem
3398 664 3564 732 regni

1916 760 2100 817 nostri
2115 759 2346 834 legibus
2366 759 2646 832 possidet,
2657 757 2748 814 vel
2766 773 2893 831 qua
2908 757 3184 829 deinceps
3204 755 3266 811 in
3278 756 3420 826 jura
3434 752 3566 824 ejus

1917 848 2113 904 divina
2141 848 2326 920 pietas
2363 846 2615 903 voluerit
2640 847 2859 919 augeri,
2884 847 2957 901 ad
2988 861 3198 902 causas
3239 841 3567 900 audiendas

1915 936 2004 993 vel
2023 937 2049 992 f
2048 937 2185 993 reda
2199 936 2502 1009 exigenda,
2516 935 2851 992 mansiones
2867 934 2956 991 vel
2978 934 3228 1007 paradas
3244 931 3562 1001 faciendas,

1919 1030 2021 1082 aut
2051 1026 2424 1097 fidejussores
2465 1024 2774 1092 tollendos,
2800 1028 2901 1080 aut
2946 1022 3215 1080 homines
3243 1020 3431 1095 ipsius
3459 1020 3568 1076 Ec-

1919 1114 2365 1183 clesia,francos
2389 1112 2604 1170 liberos
2625 1118 2682 1170 et
2701 1112 3129 1170 ecclesiasticos
3151 1110 3362 1173 litones
3383 1108 3571 1166 maal-

1918 1220 2077 1260 mam
2107 1202 2198 1259 vel
2229 1219 2425 1259 servos
2466 1202 2781 1274 cujuslibet
2808 1201 3163 1259 conditionis
3199 1215 3305 1256 seu
3334 1198 3576 1256 colonos

1919 1296 2120 1349 contra
2148 1291 2433 1348 rationem
2455 1291 2889 1363 distringendos
2919 1306 3025 1346 nec
3055 1288 3210 1345 ullas
3236 1286 3575 1345 redhibitio-

1921 1398 2024 1438 nes
2042 1381 2129 1437 vel
2153 1379 2384 1435 illicitas
2406 1380 2739 1435 occasiones
2762 1378 3147 1452 requirendas
3163 1375 3283 1433 ullo
3305 1391 3572 1449 unquam

1920 1474 2181 1542 tempore
2197 1468 2422 1541 ingredi
2436 1469 2646 1524 audeat
2657 1472 2757 1523 aut
2774 1468 3037 1523 bannum
3048 1466 3169 1523 sive
3180 1464 3573 1522 heribannum

1923 1575 2026 1616 seu
2056 1575 2126 1615 ea
2155 1575 2283 1631 qua
2325 1574 2507 1629 supra
2551 1561 2877 1614 memorata
2921 1558 3063 1612 sunt
3088 1555 3162 1612 ab
3189 1553 3308 1610 illis
3337 1552 3576 1627 penitus

1922 1647 2148 1721 exigere
2170 1650 2508 1719 prasumat.
2536 1646 2884 1702 Hominibus
2910 1659 3143 1718 quoque
3162 1642 3353 1700 eidem
3374 1641 3575 1700 accla-

1925 1736 2026 1793 sia
2047 1734 2470 1792 famulantibus
2492 1734 2834 1807 pradictum
2856 1732 3343 1790 mundiburdium
3365 1729 3577 1788 consti—

145 1831 441 1883 mercatus
456 1826 1067 1895 constituendi,unum
1091 1825 1368 1883 videlicet
1384 1825 1812 1882 inWincheim:
1844 1860 1896 1928 Β
1925 1825 2169 1894 tuimus,
2191 1829 2259 1880 ut
2297 1824 2476 1881 etiam
2507 1840 2701 1880 coram
2732 1822 2898 1879 nulla
2931 1821 3251 1894 judiciaria
3295 1824 3581 1893 potestate

147 1919 207 1972 et
236 1914 490 1972 alterum
536 1916 597 1971 in
630 1915 1102 1984 Gerleviswerth,
1130 1932 1265 1971 cum
1307 1916 1560 1971 monetis
1585 1920 1642 1972 et
1672 1915 1815 1971 telo-

150 2004 300 2071 neis,
323 2008 446 2061 tam
478 2004 538 2059 in
570 2021 722 2078 aqua
751 2021 928 2077 quam
961 2004 1020 2060 in
1065 2008 1222 2060 terra
1250 2008 1309 2060 et
1338 2005 1398 2060 in
1429 2004 1588 2060 omni
1619 2004 1816 2060 distri-

149 2093 338 2150 ctione
370 2108 498 2165 qua
530 2092 602 2149 ad
622 2092 815 2149 forum
838 2098 895 2149 et
916 2093 1138 2165 regiam
1169 2093 1425 2165 pertinet
1446 2096 1812 2169 potestatem,

148 2181 231 2238 ita
260 2182 501 2255 quidem
534 2184 598 2236 ut
625 2180 822 2238 nullus
843 2181 1028 2254 judex
1048 2185 1150 2237 aut
1175 2185 1411 2237 exactor
1430 2181 1521 2237 vel
1553 2181 1673 2237 ulla
1705 2181 1818 2238 alia

151 2286 425 2343 persona,
452 2274 660 2342 prater
688 2268 925 2326 libitum
955 2269 1217 2342 pradicti
1250 2269 1693 2343 archiepisc0pi,
1721 2286 1816 2326 re-

149 2358 309 2433 giam
360 2362 623 2415 nostram
675 2358 1050 2415 traditionem
1109 2359 1387 2414 invadere
1438 2362 1541 2415 aut
1585 2359 1813 2415 irritam

147 2447 338 2505 facere
366 2450 718 2520 prasumat.

219 2537 379 2593 Hanc
415 2540 610 2593 autem
644 2535 1023 2592 traditionem
1044 2536 1148 2593 tali
1175 2536 1407 2593 ratione
1423 2537 1813 2606 ﬁrmavimus,

147 2629 214 2683 ut
250 2626 531 2699 prafatus
560 2625 1044 2699 archiepiscopus
1074 2630 1132 2682 et
1156 2642 1526 2683 successores
1555 2626 1713 2683 illius
1743 2627 1814 2682 de

154 2713 596 2788 pranominatis
626 2714 803 2771 rebus
844 2714 1090 2770 liberam
1141 2714 1417 2788 deinceps
1469 2718 1813 2787 potestatem

150 2803 413 2860 habeant
427 2803 787 2872 tenendi,vel
809 2802 1093 2877 quidquid
1118 2802 1237 2859 illis
1257 2804 1328 2859 ad
1353 2821 1528 2860 usum
1550 2803 1815 2860 Ecclesia

150 2892 578 2967 prenominata
604 2891 889 2964 placuerit
913 2892 1049 2948 inde
1074 2892 1341 2948 faciendi.
1365 2893 1436 2948 Et
1465 2897 1531 2948 ut
1558 2893 1680 2949 hac
1710 2910 1815 2949 no-

156 2986 277 3038 stra
310 2979 523 3053 regalis
546 2980 781 3036 traditio
802 2980 1032 3038 stabilis
1051 2985 1108 3038 et
1134 2981 1479 3037 inconvulsa
1503 2982 1662 3037 omni
1694 2998 1817 3054 per-

157 3074 393 3127 maneat
420 3087 559 3136 avo,
582 3070 735 3126 hanc
767 3070 1032 3126 chartam
1061 3070 1196 3126 inde
1223 3071 1613 3143 conscriptam
1636 3088 1815 3126 manu

152 3158 409 3233 prepria,
439 3162 506 3214 ut
533 3159 689 3214 infra
730 3158 980 3229 videtur,
1006 3159 1369 3229 roborantes,
1402 3157 1581 3231 sigilli
1630 3160 1812 3216 nostri

152 3248 546 3321 impressione
567 3248 862 3320 jussimus
890 3247 1186 3321 insigniri.

225 3338 370 3394 Data
397 3354 478 3393 vn
510 3336 800 3393 Kalendas
830 3337 987 3409 Maii,
1013 3354 1165 3393 anno
1196 3336 1508 3393 Dominica
1542 3338 1811 3394 Incarna-

151 3426 333 3484 tionis
365 3427 524 3493 1057,
556 3425 875 3483 indictione
903 3445 960 3493 x,
993 3443 1146 3483 anno
1178 3429 1372 3483 autem
1406 3426 1606 3483 domni
1640 3427 1811 3483 Hein-

152 3516 257 3573 rici
292 3515 365 3572 IV
393 3516 547 3589 regis
578 3514 960 3571 ordinationis
992 3515 1182 3583 tertio,
1216 3514 1379 3588 regni
1412 3513 1621 3587 primo.

221 3606 435 3662 Actum
470 3604 734 3660 Werede.
759 3605 823 3660 In
854 3605 957 3661 Dei
989 3605 1228 3661 nomine
1258 3602 1519 3660 feliciter.
1548 3606 1753 3660 Amen.

296 3782 665 3853 Privilegium
687 3797 790 3854 pro
818 3783 1042 3838 ecclesia
1070 3781 1126 3839 S.
1158 3783 1313 3838 Petri
1334 3781 1673 3838 Mindoncnsi

786 3872 974 3943 (Anno
1008 3870 1191 3943 1059.)

349 3960 637 4033 [Eanum
673 3959 799 4015 Cod.
831 3960 1055 4032 diplom.
1096 3960 1347 4031 Westph.,
1381 3976 1439 4031 p.
1474 3960 1616 4028 117.]

235 4051 298 4108 In
329 4050 567 4106 nomine
598 4054 814 4105 sancta
844 4053 901 4105 et
937 4048 1250 4104 individua
1282 4048 1610 4118 Trinitatis,
1643 4049 1817 4105 Ham-

162 4157 353 4209 Βίους,
387 4139 587 4196 divina
617 4139 845 4196 favente
874 4137 1201 4205 clementia,
1236 4154 1354 4193 rex.

233 4228 521 4286 Omnibus
549 4227 763 4285 Christi
805 4227 1108 4298 nostrique
1149 4225 1420 4281 ﬁdelibus
1451 4230 1571 4282 tam
1604 4226 1820 4283 futuris

164 4335 344 4391 quam
375 4317 765 4390 praesentibus
810 4320 1015 4372 notum
1066 4331 1197 4372 esse
1242 4314 1537 4382 volumus,
1572 4315 1824 4387 qualiter

163 4408 496 4483 Egilbertus
526 4406 838 4480 episcopus
870 4409 1084 4462 sancta
1124 4404 1525 4461 Mindonensis
1557 4404 1821 4461 Ecclesia

162 4498 223 4554 in
254 4497 475 4553 honore
504 4496 693 4552 sancti
744 4494 894 4552 Petri
942 4493 1342 4567 apostolorum
1377 4493 1658 4566 principis
1686 4510 1821 4549 con-

165 4592 399 4645 structa
413 4586 471 4641 in
486 4589 750 4642 nostram
765 4583 963 4640 attulit
983 4581 1359 4655 prasentiam
1380 4581 1633 4655 piissimi
1646 4586 1831 4655 nostri
1860 4599 1913 4667 Ι)

165 4674 447 4750 genitoris
478 4672 733 4730 Heinrici
762 4672 1138 4745 imperatoris
1175 4670 1426 4743 Augusti
1458 4675 1826 4727 caterorum-

165 4780 280 4837 que
309 4767 751 4819 antecessorum
784 4765 1124 4817 nostrorum
1157 4775 1366 4833 regum
1395 4759 1483 4815 vel
1518 4759 1829 4832 imperato-

165 4868 300 4909 rum
329 4851 569 4923 scripta,
591 4851 651 4905 in
675 4850 894 4922 quibus
916 4850 1346 4915 continebatur,
1368 4847 1616 4920 qualiter
1646 4848 1833 4921 ipsius

169 4941 419 5015 prafata
450 4939 720 4996 Ecclesia
753 4956 845 4996 res
877 4956 1012 4995 cum
1044 4937 1321 4995 omnibus
1371 4937 1431 4992 in
1480 4936 1626 5009 ipsis
1655 4938 1832 4994 rebus

168 5029 635 5088 consistentibus
652 5029 710 5084 in
728 5028 966 5085 illorum
984 5031 1331 5100 receperunt
1344 5026 1830 5082 mundiburdium

170 5136 235 5176 ac
247 5118 1069 5190 defensionem,precatusque
1083 5119 1171 5172 est
1184 5115 1554 5171 serenitatem
1569 5120 1829 5171 nostram

171 5212 237 5264 ut
251 5207 363 5263 hoc
384 5206 581 5278 ipsum
601 5224 635 5262 a
651 5211 863 5263 nostra
881 5204 1204 5278 imperialis
1222 5204 1525 5276 potestatis
1543 5220 1831 5259 consensu

170 5296 295 5353 ﬁeri
330 5311 445 5351 non
477 5311 907 5352 recusaremus.
935 5296 1053 5351 Nos
1085 5298 1279 5349 autem
1327 5292 1400 5347 ob
1442 5309 1699 5349 amorem
1732 5293 1831 5349 Dei

169 5390 504 5457 nostraque
533 5384 745 5441 anima
770 5384 1096 5441 remedium
1121 5399 1227 5438 nec
1250 5399 1365 5437 non
1392 5398 1496 5453 pro
1518 5397 1832 5453 regnorum

172 5478 513 5533 nostrorum
537 5473 873 5542 stabilitate,
894 5474 1389 5547 pradecessorum
1412 5473 1745 5526 nostrorum
1778 5476 1835 5527 et

170 5568 451 5638 paternos
474 5579 667 5619 mores
692 5568 1005 5637 sequentes
1025 5566 1082 5619 et
1108 5563 1237 5634 ejus
1261 5558 1609 5632 benignitati
1630 5576 1831 5615 assen-

171 5653 411 5725 tientes,
431 5652 515 5710 ita
544 5652 668 5710 ﬁeri
700 5651 1086 5720 decrevimus,
1112 5649 1512 5724 pracipientes
1542 5651 1607 5704 ut
1636 5647 1834 5705 nullus

1837 3231 1881 3300 C

1925 1917 2349 1980 examinentur,
2364 1915 2479 1970 nisi
2505 1930 2699 1970 coram
2720 1913 2992 1986 episcopo
3016 1916 3074 1967 et
3107 1910 3405 1968 advocatis
3424 1911 3575 1982 ejus,

1926 2022 2072 2078 quos
2109 2005 2374 2077 ejusdem
2414 2002 2679 2059 Ecclesia
2710 2002 3023 2076 episcopus
3053 2000 3311 2074 elegerit.
3335 2000 3583 2072 Insuper

1924 2096 2102 2151 etiam
2130 2096 2393 2150 bannum
2426 2098 2697 2149 nostrum
2735 2095 2795 2148 et
2837 2093 3135 2147 monetam
3166 2088 3581 2161 teloneumque

1923 2183 2045 2243 sive
2070 2181 2381 2239 macellum
2413 2180 2713 2255 publicum
2735 2180 2816 2235 ibi
2837 2178 3096 2236 construi
3119 2177 3314 2249 licere,
3332 2180 3391 2234 et
3408 2177 3582 2251 quid.

1924 2272 2065 2345 quid
2097 2271 2169 2327 ad
2219 2273 2481 2326 nostram
2523 2272 2870 2342 potestatem
2913 2267 3206 2341 pertinere
3250 2266 3578 2337 videbatur,

1922 2362 2113 2417 eidem
2170 2358 2438 2415 Ecclesia
2486 2358 2856 2424 donavimus,
2890 2356 3177 2429 quidquid
3212 2371 3348 2412 vero
3395 2356 3577 2412 ﬁscus

1922 2450 2131 2505 exinde
2160 2463 2396 2521 sperare
2426 2446 2699 2519 potuerit,
2727 2462 2832 2518 pro
2861 2449 3080 2502 aterna
3107 2444 3578 2501 remuneratione

1922 2538 2209 2610 praedicta
2232 2534 2502 2592 Ecclesia
2529 2536 2601 2591 ad
2634 2534 2927 2607 stipendia
2955 2548 3282 2606 pauperum
3311 2536 3372 2589 et
3397 2531 3578 2588 lumi-

1924 2626 2088 2683 naria
2116 2626 2521 2682 concinnanda
2542 2626 2962 2694 concessimus,
2979 2626 3038 2678 et
3056 2639 3160 2695 per
3178 2637 3243 2679 se
3262 2621 3577 2695 episcopus

1923 2730 2059 2772 cum
2081 2715 2357 2770 omnibus
2383 2714 2558 2770 rebus
2589 2713 2713 2769 suis
2737 2715 2936 2769 nostro
2958 2710 3206 2767 ﬁdeliter
3232 2714 3435 2784 pareat
3463 2709 3576 2766 im-

1922 2804 2103 2877 perio,
2126 2806 2183 2859 et
2214 2803 2324 2859 sub
2356 2807 2559 2858 nostra
2593 2804 2818 2858 constet
2864 2799 3222 2869 defensione,
3244 2798 3332 2856 uti
3356 2802 3574 2856 cetera

1922 2910 2237 2967 regnorum
2267 2897 2600 2948 nostrorum
2632 2890 2889 2947 ecclesia
2911 2894 2969 2946 et
2992 2888 3268 2962 episcopi,
3283 2892 3575 2961 quatenus

1922 2983 2117 3056 ipsum
2149 2983 2471 3052 fratresque
2495 2980 2761 3052 ejusdem
2794 2979 2906 3036 loci
2938 2994 3040 3052 pro
3070 2977 3239 3034 nobis
3269 2976 3576 3034 dominum

1924 3071 2135 3127 melius
2161 3074 2218 3127 et
2238 3070 2460 3143 jugiter
2504 3085 2670 3125 orare
2699 3068 2961 3125 delectet.
2977 3065 3386 3125 Concessimus
3431 3082 3578 3139 quo-

1923 3174 2038 3232 que
2085 3159 2307 3215 eisdem
2359 3158 2641 3213 fratribus
2680 3156 2979 3213 licentiam
3009 3154 3262 3229 eligendi
3309 3154 3463 3212 inter
3515 3171 3579 3212 se

1921 3252 2215 3322 pastorem
2248 3248 2494 3319 dignum
2547 3250 2605 3302 et
2650 3245 2947 3313 idoneum,
2971 3243 3132 3300 salvo
3180 3247 3379 3299 tamen
3427 3244 3577 3314 regis

1919 3338 2038 3394 sive
2068 3335 2438 3408 imperatoris
2470 3350 2784 3390 consensu.
2806 3333 2878 3388 Et
2906 3335 2973 3388 ut
2992 3332 3112 3389 hac
3135 3334 3336 3388 nostra
3362 3331 3577 3405 regalis

1920 3424 2285 3483 conﬁrmatio
2316 3423 2550 3480 stabilis
2581 3426 2638 3478 et
2676 3420 3022 3479 inconvulsa
3047 3418 3209 3478 omni
3237 3423 3580 3492 permaneat

1919 3533 2056 3580 avo,
2082 3515 2233 3570 hanc
2253 3514 2515 3569 chartam
2545 3513 2682 3567 inde
2703 3511 2996 3568 conscribi
3020 3526 3319 3582 manuque
3339 3509 3579 3583 propria

1919 3603 2362 3660 corroborantes
2402 3600 2580 3675 sigilli
2623 3600 2812 3657 nostri
2858 3597 3566 3672 impressionejuimussse

1920 3692 2211 3766 insigniri.
2701 3715 2711 3723 -

1992 3783 2230 3851 Signum
2257 3780 2448 3837 domm‘
2475 3779 2726 3836 Heinrici
2754 3780 2940 3852 quarti
2966 3779 3132 3851 regis.
3161 3776 3247 3849 (L.
3274 3776 3377 3845 M.)

1996 3869 2376 3928 Gebehardus
2408 3867 2796 3925 cancellarius
2814 3868 2936 3924 vice
2966 3865 3265 3939 Liutpaldi
3291 3864 3588 3923 archican-

1926 3959 2147 4017 cellarii
2177 3957 2506 4031 recognovi.

1999 4051 2141 4104 Data
2170 4050 2260 4104 est
2289 4064 2347 4105 Vl
2390 4046 2515 4103 Kal.
2548 4048 2720 4119 Aug.,
2751 4061 2907 4101 anno
2958 4042 3271 4101 Dominica
3319 4043 3593 4100 lncarna-

1927 4137 2103 4194 tionis
2135 4136 2296 4204 1059,
2322 4134 2643 4192 indictione
2670 4149 2772 4203 xu,
2798 4150 2952 4191 anno
2978 4137 3176 4190 autem
3208 4130 3597 4189 ordinationis

1929 4226 2130 4283 domni
2156 4226 2227 4292 ll,
2261 4226 2455 4297 quarti
2486 4223 2639 4297 regis
2664 4241 2744 4293 v1,
2771 4223 2934 4298 regni
2957 4238 3090 4279 vero
3119 4237 3204 4278 ιιι.

2007 4318 2218 4371 Actum
2252 4315 2449 4372 Polide
2480 4314 2541 4369 in
2572 4312 2671 4370 Dei
2701 4314 2939 4370 nomine
2970 4311 3236 4369 feliciter.
3266 4311 3473 4367 Amen.

2145 4493 2510 4563 Privilcgium
2538 4508 2640 4563 pro
2668 4492 2908 4548 Ecclesia
2934 4489 3393 4547 Padcrbomcnsi.

2568 4582 2756 4651 (Anno
2790 4580 2972 4651 1064.)

2136 4668 2420 4739 [ΕκηΑειιλ
2456 4668 2582 4723 Cod.
2618 4668 2843 4741 diplom.
2883 4666 3136 4738 Westph.,
3165 4681 3223 4737 p.
3256 4664 3404 4732 118.]

2013 4760 2073 4814 In
2105 4757 2343 4814 nomine
2385 4760 2600 4812 sancta
2632 4761 2689 4813 et
2720 4755 3032 4812 individua
3062 4751 3388 4823 Trinitatis,
3421 4751 3600 4810 Ham-

1941 4865 2131 4916 mcus,
2164 4846 2362 4902 divina
2390 4846 2615 4901 favente
2645 4844 2972 4911 clementia,
3005 4859 3124 4900 rex.

2012 4939 2305 5003 Quantum
2341 4934 2511 5006 regia
2545 4933 2917 4990 liberalitatis
2942 4938 3033 4990 est
3060 4932 3133 4990 ad
3164 4947 3311 4989 usus
3333 4929 3601 4988 Ecclesia

1942 5042 2036 5081 res
2064 5024 2151 5080 vel
2183 5023 2550 5079 hareditates
2576 5023 2819 5093 donare,
2840 5026 3072 5079 tantum
3099 5021 3265 5095 regia
3294 5019 3604 5095 dignitatis

1941 5120 1998 5172 et
2040 5112 2455 5169 benevolentia
2489 5128 2617 5168 esse
2648 5111 2919 5168 consistit
2947 5113 3103 5169 dona
3131 5114 3413 5185 perpetua
3462 5126 3605 5184 pace

1944 5203 2258 5274 stabilique
2282 5203 2416 5274 jure
2459 5202 2827 5267 conﬁrmare,
2849 5218 2923 5258 ne
2958 5202 3179 5274 quibus
3208 5201 3426 5274 gaudet
3453 5200 3604 5257 bene

1942 5292 2148 5364 partis,
2164 5308 2424 5363 unquam
2449 5289 2643 5347 doleat
2663 5290 2831 5362 pejus
2852 5290 3109 5346 amissis.
3132 5289 3297 5346 Unde
3321 5288 3599 5345 omnibus

1942 5380 2157 5436 Christi
2182 5380 2517 5453 nostrisque
2537 5379 2831 5449 ﬁdelibus,
2856 5383 2978 5435 tam
3010 5379 3227 5436 futuris
3250 5395 3428 5450 quam
3450 5393 3596 5450 pra-

1943 5469 2228 5536 sentibus,
2254 5474 2458 5524 notum
2488 5486 2616 5526 esse
2640 5467 3200 5541 volumus,qualiter
3219 5483 3326 5523 nos
3356 5483 3392 5521 x
3421 5481 3595 5522 man-

1944 5575 2040 5615 sos
2069 5557 2129 5613 in
2161 5556 2298 5613 villa
2330 5558 2535 5613 Ersten
2571 5558 2745 5627 dicta,
2768 5558 2825 5615 in
2850 5574 3006 5632 pago
3030 5558 3311 5631 Engeren,
3337 5554 3395 5611 in
3417 5552 3599 5611 comi-

1941 5652 2067 5707 tatu
2098 5651 2292 5704 autem
2323 5646 2485 5704 Osolt
2528 5648 2761 5706 comitis
2817 5647 2982 5717 sitos,
3005 5663 3154 5721 quos
3210 5641 3597 5704 dilectissima
