3976 6398
353 391 509 471 ωε

1715 389 2030 462 MONUM.
2076 391 2394 462 DIPLOM.

3629 399 3788 466 ιω,

349 531 542 586 mter
568 531 772 589 nostra
794 529 996 604 Agnes
1039 529 1382 602 imperatrix
1420 530 1692 606 Augusta
1719 528 1793 584 ob
1825 542 2010 584 reme-
2039 528 2098 598 Α,
2126 529 2378 589 Scaletin
2407 531 2678 592 videlicet
2714 537 2774 592 et
2814 533 3072 605 Palisiol,
3097 551 3233 594 cum
3256 531 3532 593 omnibus
3562 550 3768 609 appen-

351 617 521 676 dium
548 619 761 677 animae
785 636 904 676 suae
931 623 990 676 et
1009 619 1224 676 animae
1244 619 1430 692 patris
1461 618 1644 676 nostri
1669 617 1780 690 piae
1808 632 2026 674 memo-

355 706 747 765 riaHeinrici
799 708 1167 781 imperatoris
1206 709 1478 780 Augusti,
1514 724 1620 764 nec
1649 722 1765 763 non
1795 707 1866 762 ob
1896 705 2026 764 lon-

359 810 580 868 gavam
611 797 792 855 vitam
819 801 1085 854 nostram
1115 797 1364 869 vitaeque
1387 795 1708 868 tranquilla
1735 799 2020 869 tempora,

357 882 639 942 fratribus
667 884 1118 944 Podelbrunnen
1142 887 1260 942 Deo
1287 886 1347 941 in
1370 884 1627 941 Ecclesia
1647 886 1871 940 Sanctae
1903 884 2023 939 Ma-

356 973 455 1033 rio
487 974 801 1048 Sanctique
825 975 1049 1033 Liborii
1072 974 1430 1033 confessoris
1452 973 1862 1040 servientibus,
1887 989 2019 1027 cum

355 1062 635 1121 omnibus
663 1064 1048 1138 appendiciis,
1074 1065 1184 1122 hoc
1205 1068 1295 1120 est
1326 1063 1634 1134 utriusque
1655 1078 1829 1118 sexus
1861 1077 2025 1117 man-

356 1150 548 1224 cipiis,
578 1153 758 1225 agris,
804 1154 1012 1226 pratis,
1063 1153 1317 1227 pascuis,
1368 1151 1550 1218 silvis,
1585 1150 2021 1231 venationibus,

357 1239 554 1309 molis,
597 1241 972 1310 molendinis,
1005 1242 1188 1298 terris.
1208 1240 1380 1298 cultis
1432 1244 1488 1296 et
1536 1238 1796 1306 incultis,
1832 1239 1936 1294 viis
1966 1255 2026 1309 et

356 1327 550 1396 inviis,
575 1329 829 1387 exitibus
849 1335 905 1386 et
928 1330 1238 1402 reditibus,
1261 1329 1525 1402 quaesitis
1547 1333 1605 1384 et
1630 1328 2020 1400 inquirendis,

358 1416 420 1475 in
449 1418 751 1491 proprium
799 1419 1069 1488 tradidit;
1105 1435 1232 1487 nos,
1266 1419 1536 1490 inquam,
1565 1417 1752 1473 eidem
1804 1420 2020 1473 sanctae

355 1506 462 1564 Dei
475 1506 912 1580 congregationi
937 1506 1356 1580 perpetualiter
1376 1505 1938 1571 conﬁrmavimus,et
1958 1505 2016 1560 in

357 1599 640 1664 aternum
671 1596 1135 1653 contradictione
1165 1600 1388 1652 remota
1417 1593 1685 1650 omnium
1714 1593 2016 1666 possiden-

357 1685 464 1741 dos
485 1685 906 1756 concessimus,
929 1703 996 1742 ea
1009 1685 1277 1742 videlicet
1294 1684 1520 1740 ratione
1540 1688 1607 1739 ut
1631 1682 1889 1754 praedicti
1909 1683 2018 1738 fra-

357 1778 476 1831 tres
505 1773 750 1832 liberam
782 1773 918 1830 inde
961 1777 1313 1845 potestatem
1359 1773 1617 1828 habeant
1663 1771 1920 1840 tenendi,
1957 1772 2014 1827 in

358 1860 574 1964 melius
601 1862 1026 1964 commutandi,
1058 1861 1148 1964 vel
1180 1861 1468 1964 quidquid
1515 1862 1591 1964 ad
1638 1877 2011 1964 communem
2045 1897 2092 1964 Β

360 1950 599 2010 illorum
637 1949 949 2008 utilitatem
1007 1950 1297 2006 voluerint
1348 1950 1615 2006 faciendi.
1651 1951 1718 2005 Et
1772 1954 1836 2006 ut
1891 1949 2012 2006 haec

361 2043 566 2096 nostra
593 2039 807 2112 regalis
844 2039 1214 2096 conﬁrmatio
1243 2039 1368 2096 sive
1417 2039 1648 2095 traditio
1697 2038 1927 2095 stabilis
1957 2043 2014 2094 et

360 2127 707 2186 inconvulea
723 2128 886 2186 omni
917 2132 1254 2200 permaneat
1277 2132 1556 2200 tempore,
1574 2129 1726 2185 hanc
1748 2129 2011 2184 chartam

359 2216 500 2275 inde
527 2216 839 2283 conscribi,
867 2233 1165 2288 manuque
1194 2217 1430 2289 propria
1454 2217 1914 2284 corroborantes,
1939 2215 2013 2272 si-

360 2304 701 2380 gillinostri
731 2304 1117 2378 impressione
1146 2305 1441 2376 jussimus
1471 2305 1760 2378 insigniri.

434 2395 667 2467 Signum
688 2395 877 2451 domui
902 2395 1148 2450 Ποίηνίσὶ
1174 2395 1359 2465 quarti
1387 2397 1551 2466 regis.
1585 2395 1672 2466 (L.
1708 2395 1808 2462 M.)

433 2485 790 2558 Sigehardus
837 2483 1221 2542 cancellarius
1249 2483 1372 2540 vice
1415 2483 1686 2558 Sigefridi
1716 2483 2013 2540 archican-

362 2572 579 2632 cellarii
607 2573 936 2646 recognovi.
1037 2621 1040 2626 .

432 2663 582 2722 Data
607 2679 709 2720 xm
741 2663 866 2720 Kal.
894 2660 1164 2734 Augusti.
1201 2702 1214 2716 .
1251 2702 1264 2716 .

365 2838 675 2914 Diplomata
694 2842 917 2898 Πανιήεί
937 2843 960 2896 1
969 2842 1006 2896 l'
1020 2842 1164 2912 regis
1186 2842 1552 2896 Romanorum
1566 2856 1666 2910 pro
1686 2843 2015 2903 monasterio

434 2913 766 2970 Stabulemi.
790 2943 858 2954 ——-
885 2911 1182 2967 Confirmat
1221 2914 1575 2970 antiquorum
1619 2928 1808 2970 regum
1837 2913 2014 2970 nn'vi-

384 2979 386 2982 _
434 2928 766 2970 διαυαιθηει.
790 2943 858 2954 --
885 2928 1182 2967 οοηηντηαι
1221 2928 1575 2984 antiquorum
1619 2928 1808 2978 regum
1836 2929 2014 2982 prm-

436 2985 598 3056 ἱερέα,
630 2982 1014 3040 advocatorum
1060 2985 1431 3056 Oppressiones
1461 2986 1640 3056 velat_,_
1667 2979 1928 3056 jubctqae
1955 2988 2016 3038 ut

432 3053 640 3111 daobus
693 3056 1065 3121 monasteriis,
1089 3053 1426 3111 'Stabulensi
1478 3063 1531 3109 et
1587 3053 2011 3120 Malmundario,

387 3147 390 3151 ·
432 3129 634 3184 unicus
658 3129 730 3183 ait
765 3127 944 3183 abbas.

981 3216 1172 3284 (Anno
1203 3212 1388 3282 1065.)

688 3304 1010 3377 [hi-amans,
1042 3301 1218 3374 Ampl.
1252 3301 1454 3356 collect.
1492 3300 1558 3368 II,
1591 3303 1706 3370 70.)

437 3395 502 3451 In
527 3393 762 3450 nomine
787 3397 1005 3449 sanctae
1026 3394 1083 3447 et
1104 3389 1420 3444 individua;
1444 3388 1769 3457 Trinitatis,
1792 3391 2020 3448 Hamm-

367 3501 494 3551 cus,
525 3482 722 3539 divina
752 3482 979 3538 favente
1010 3477 1338 3544 clementia,
1375 3494 1489 3533 rex.

437 3571 781 3629 Sublimitas
829 3567 1044 3642 regalis
1097 3565 1420 3639 prudentiae
1472 3571 1582 3623 Deo
1636 3568 2013 3624 servientium

365 3661 493 3734 paci
523 3677 592 3718 ac
621 3658 804 3733 quieti
851 3655 1209 3713 omnimodis
1249 3657 1421 3713 debet
1468 3656 1816 3729 prospicere.
1853 3657 2015 3714 Unde

362 3748 682 3823 comperiat
708 3745 974 3804 omnium
1000 3743 1259 3800 ﬁdelium
1285 3749 1618 3800 nostrorum
1653 3749 1774 3801 tam
1799 3746 2018 3803 futuro-

359 3857 492 3896 rum
519 3853 697 3911 quam
729 3835 1107 3908 praesentium
1136 3833 1451 3902 industria,
1469 3835 1649 3905 quod,
1674 3836 2014 3892 monasterii

358 3925 619 3985 Stabulai
640 3925 754 3982 sub
775 3927 976 3980 nostra
997 3922 1216 3979 ditione
1237 3921 1336 3978 siti
1359 3922 1731 3994 providentes
1757 3923 2010 3992 utilitati,

355 4016 415 4075 id
446 4016 744 4073 obtinente
795 4013 946 4086 apud
1006 4016 1267 4068 nostram
1319 4010 1731 4066 celsitudinem
1784 4013 2012 4071 abbatis

354 4105 621 4180 ejusdem
670 4101 802 4169 loci,
836 4101 1060 4158 scilicet
1107 4099 1473 4167 Theoderici,
1525 4101 1865 4170 reverentia,
1914 4120 2010 4175 pe-

350 4198 510 4253 tente
537 4193 742 4250 eodem
775 4190 985 4246 abbate
1008 4190 1179 4260 juxta
1207 4188 1586 4260 antiquorum
1620 4205 1825 4260 regum
1857 4190 2008 4264 Sigi-

349 4281 524 4349 berti,
556 4277 851 4344 Hilderici,
881 4277 1171 4344 Glodovei,
1212 4277 1544 4350 Dagoberti,
1589 4279 1690 4351 qui
1741 4285 2008 4336 constru-

349 4376 540 4428 ctores
571 4369 808 4425 fuerunt
823 4367 1044 4440 praefati
1068 4365 1202 4435 loci,
1235 4382 1340 4422 nec
1363 4383 1478 4421 non
1507 4371 1563 4422 et
1587 4367 2006 4440 imperatorum

348 4455 560 4525 Caroli,
592 4456 884 4524 Ludovici,
930 4455 1209 4511 Ottonum
1240 4454 1440 4520 trium,
1475 4455 1750 4526 Heinrici,
1800 4457 1900 4512 sed
1951 4462 2008 4512 et

348 4546 724 4607 serenissima
781 4544 1079 4603 memoria;
1123 4543 1457 4600 Chuonradi
1506 4544 1879 4618 imperatoris
1913 4546 2001 4600 avi

2133 618 2301 677 diciis
2330 621 2476 688 suis,
2501 625 2558 677 et
2587 624 2876 695 quidquid
2918 625 2990 680 ad
3019 624 3216 696 ipsum
3247 623 3442 681 locum
3472 623 3636 690 emit,
3658 634 3791 681 sex-

2133 712 2254 763 tam
2285 708 2510 765 scilicet
2539 711 2610 766 de
2649 711 2932 768 Amblava
2960 717 3017 768 et
3048 712 3314 780 Tumbis,
3337 728 3373 769 a
3402 712 3616 770 comite
3647 713 3790 770 Got-

2132 796 2282 852 frido
2313 799 2384 853 de
2433 799 2689 872 Eingeis,
2724 801 2812 856 vel
2845 801 3000 872 quod
3045 801 3116 857 de
3163 801 3316 856 bono
3359 800 3620 858 ecclesiae
3649 818 3791 858 con-

2133 886 2444 942 cambiavit
2473 888 2848 961 Wendegias,
2885 893 2942 945 et
2970 889 3430 946 Corvuoroimon
3461 890 3697 947 abbatis
3728 891 3790 950 S.

2135 974 2457 1044 Maximini,
2491 977 2628 1033 data
2670 977 2810 1033 villa
2850 978 3216 1035 Astebronna
3261 978 3386 1036 loco
3437 979 3790 1046 concambii,

2133 1063 2260 1119 sine
2289 1063 2490 1136 aliqua
2536 1066 2859 1123 infractura
2889 1069 3126 1127 maneat
3173 1065 3608 1124 inconvulsum.
3644 1069 3795 1133 Quo-

2133 1150 2293 1206 niam
2317 1168 2450 1208 vero
2482 1155 2939 1226 praedecessores
2970 1156 3153 1210 nostri
3177 1170 3344 1228 reges
3365 1155 3454 1211 vel
3478 1154 3794 1227 imperato-

2132 1257 2224 1296 res
2253 1258 2373 1296 suae
2403 1244 2768 1300 auctoritatis
2797 1243 3077 1299 ﬁrmitate
3106 1243 3217 1316 ipsi
3257 1243 3384 1301 loco
3415 1245 3792 1301 saneiverunt

2131 1333 2197 1384 ut
2215 1330 2530 1388 advocatus
2551 1333 2814 1404 ejusdem
2837 1331 3093 1389 ecclesiae
3124 1333 3182 1388 in
3207 1332 3471 1389 curtibue
3493 1334 3564 1389 ad
3591 1332 3790 1390 locum

2129 1418 2576 1491 respicientibus
2608 1438 2723 1477 non
2769 1424 3094 1492 praesumat
3124 1437 3436 1478 mansuras
3465 1425 3568 1480 aut
3617 1439 3789 1494 para-

2128 1509 2291 1562 turas
2350 1508 2555 1576 facere,
2609 1509 3027 1566 redhibitiones
3055 1507 3144 1565 vel
3195 1509 3358 1565 freda
3406 1509 3654 1582 exigere,
3687 1515 3792 1571 aut

2127 1594 2407 1666 placitum
2447 1601 2664 1665 tenere,
2699 1603 2798 1654 aut
2845 1599 3182 1671 parefredos
3227 1614 3461 1655 sumere
3491 1599 3625 1666 sibi,
3659 1599 3791 1655 sine

2125 1684 2419 1754 permissu
2446 1687 2675 1742 abbatis
2704 1686 2808 1752 vel.
2836 1686 3157 1755 voluntate,
3190 1687 3395 1743 eadem
3426 1693 3484 1744 et
3533 1705 3640 1744 nos
3674 1688 3790 1760 ipsi

2125 1773 2320 1828 abbati
2344 1774 2632 1831 ﬁrmando
2655 1776 3123 1843 corroboramus,
3150 1776 3447 1848 bannique
3469 1778 3658 1838 nostri
3681 1778 3794 1834 im-

2123 1862 2409 1934 positione
2440 1881 2511 1919 ne
2541 1864 2816 1936 deinceps
2837 1865 3157 1937 quisquam
3191 1864 3314 1920 haec
3340 1866 3553 1922 audeat
3581 1865 3795 1930 infrin-

2121 1963 2256 2020 gere
2293 1949 2652 2021 vigoramus,
2685 1955 2741 2007 et
2793 1951 3080 2024 quidquid
3135 1969 3276 2008 sane
3325 1952 3639 2025 acquisivit
3687 1959 3795 2016 aut

2121 2037 2479 2110 acquisitum
2530 2039 2739 2112 reperit
2769 2039 2830 2095 in
2862 2039 3228 2112 quibuslibet
3278 2041 3454 2099 rebus
3504 2042 3792 2112 ecclesias,

2122 2126 2430 2182 roboratur
2458 2132 2670 2184 nostrae
2693 2129 3061 2186 auctoritatis
3092 2135 3219 2185 rata
3251 2131 3662 2203 praeceptione,
3686 2133 3793 2189 ha-

2123 2215 2266 2272 bens
2311 2216 2744 2279 immunitatem
2776 2218 2850 2272 ab
2891 2217 3050 2273 omni
3085 2219 3508 2276 advocatorum
3547 2220 3794 2278 infesta-

2124 2304 2301 2360 tione.
2326 2306 2392 2360 Et
2414 2305 2692 2377 quoniam
2717 2307 3019 2362 monachis
3047 2307 3302 2363 alterius
3327 2308 3596 2377 cmnobii,
3619 2309 3678 2365 id
3697 2317 3796 2368 est

2125 2393 2560 2460 Malmundarii,
2585 2395 2811 2451 sancita
2836 2396 3218 2468 antiquorum
3249 2412 3459 2469 regum
3481 2397 3571 2454 vel
3602 2398 3791 2471 impe-

2125 2487 2385 2539 ratorum
2418 2501 2535 2539 non
2575 2485 2952 2551 suffecerunt,
2978 2490 3035 2540 et
3064 2485 3174 2541 sub
3209 2485 3283 2544 du
3299 2485 3448 2546 obus
3477 2487 3792 2546 abbatibus

2124 2572 2454 2628 rescindere
2481 2573 2685 2630 eadem
2711 2573 3071 2629 monasteria
3098 2572 3536 2644 laboraverunt,
3564 2577 3720 2647 quod
3756 2595 3790 2632 a

2124 2661 2488 2734 temporibus
2518 2662 2699 2718 sancti
2732 2662 2996 2735 Remain
3012 2663 3227 2719 adhuc
3260 2668 3457 2720 manet
3484 2664 3791 2722 inconvul-

2124 2767 2278 2818 sum,
2305 2754 2538 2822 propter
2559 2751 2700 2819 haec,
2721 2750 2984 2822 inquam,
3010 2755 3076 2807 ut
3100 2768 3172 2808 ne
3203 2769 3324 2824 qua
3342 2752 3614 2826 deinceps
3637 2754 3795 2812 inter

2124 2855 2224 2894 eos
2272 2839 2670 2895 controversia
2727 2841 2848 2906 ﬁat,
2882 2841 3038 2912 quod
3095 2840 3359 2897 evenisse
3415 2843 3788 2915 temporibus

2125 2928 2325 2983 domui
2354 2927 2725 3000 imperatoris
2753 2928 2981 2985 Ottonis
3013 2931 3256 2985 secundi
3287 2935 3537 2999 constat,
3566 2933 3792 2988 statui-

2126 3034 2281 3086 mus,
2323 3018 2648 3073 secundum
2697 3017 2954 3073 edictum
3007 3023 3298 3094 nostrum,
3333 3022 3399 3074 ut
3446 3020 3558 3076 sub
3609 3021 3790 3078 unius

2125 3105 2354 3162 abbatis
2376 3107 2493 3179 regi
2503 3106 2680 3173 mine,
2695 3105 2847 3162 sicut
2858 3106 3085 3178 jugiter
3103 3106 3449 3178 permansit,
3464 3111 3789 3182 utrumque

2125 3196 2205 3250 sit
2233 3196 2566 3267 subjectum
2598 3194 2950 3251 cmnobium.
2976 3196 3045 3250 Et
3067 3200 3132 3252 ut
3159 3196 3281 3254 hac
3311 3201 3521 3253 nostrae
3551 3214 3790 3255 conces-

2045 3265 2089 3335 C
2129 3283 2310 3339 sionis
2340 3300 2406 3339 ac
2438 3283 2899 3340 conﬁrmationis
2919 3285 2994 3340 de
3013 3285 3290 3342 omnibus
3312 3285 3403 3341 his
3424 3285 3655 3358 plenior
3680 3288 3784 3343 ha-

2125 3374 2333 3429 beatur
2375 3371 2716 3438 auctoritas,
2753 3390 2932 3428 manu
2982 3374 3218 3446 propria
3267 3374 3375 3430 hoc
3423 3379 3783 3449 praeceptum

2126 3463 2328 3518 subter
2377 3462 2760 3529 ﬁrmavimus,
2811 3461 3109 3535 sigillique
3162 3465 3343 3519 nostri
3393 3464 3784 3536 impressione

2124 3551 2394 3623 insigniri
2419 3550 2732 3622 jussimus.

2196 3640 2427 3712 Signum
2452 3642 2640 3696 domm'
2668 3641 2911 3697 Heinricz'
2936 3643 3122 3713 quarti
3152 3643 3315 3710 regis.

2196 3730 2554 3802 Sigehardus
2592 3729 2976 3787 cancellarius
3008 3731 3131 3786 vice
3171 3731 3444 3804 Sigefridi
3475 3733 3784 3789 archican-

2124 3820 2344 3876 cellarii
2375 3821 2705 3892 recognovi.

2195 3911 2340 3966 Data
2383 3926 2536 3965 anno
2586 3908 2896 3964 Dominicae
2949 3909 3373 3965 lncarnationis
3430 3911 3591 3978 1115,
3625 3910 3783 3966 indi-

2122 4000 2311 4055 ctione
2341 4016 2424 4064 m,
2458 4014 2613 4054 anno
2645 4001 2838 4054 autem
2882 3997 3266 4054 ordinationis
3299 3998 3552 4055 Heinrici
3586 4001 3786 4072 quarti

2119 4105 2218 4158 xu,
2255 4089 2417 4162 regni
2449 4105 2582 4144 vero
2617 4105 2789 4144 nono.

2189 4182 2395 4236 Actum
2427 4177 2677 4234 Treviris
2709 4177 2766 4233 in
2799 4177 2900 4234 Dei
2932 4178 3170 4234 nomine
3202 4177 3465 4235 feliciter.
3497 4181 3706 4236 Amen.

2912 4267 2980 4321 V.

2339 4357 2703 4428 Privilcgium
2730 4372 2826 4429 pro
2859 4357 3098 4414 Ecclesia
3124 4356 3547 4426 Osnabrugenai.

2745 4447 2934 4518 (Anno
2968 4446 3154 4516 1078.)

2203 4539 2486 4609 [ERHARD,
2513 4535 2637 4591 Cod.
2671 4535 2806 4607 ἀέρι.
2848 4536 3075 4607 ll’estph.
3109 4550 3139 4590 e
3172 4551 3314 4589 mss.
3347 4533 3697 4609 Henseleri.]

345 4636 553 4703 nostri,
573 4652 677 4692 nec
698 4651 810 4691 non
842 4634 1123 4709 genitoris
1150 4634 1336 4691 nostri
1367 4633 1478 4706 piae
1508 4636 1804 4691 memoriae
1831 4635 1998 4690 Hein-
2031 4637 2074 4703 ι)
2178 4629 2240 4683 In
2271 4625 2506 4682 UOmine
2538 4627 2749 4679 sancta?
2792 4629 2851 4680 et
2895 4623 3212 4679 ίηάἱνίάυεθ
3242 4622 3567 4694 Trinitatis,
3600 4623 3775 4680 HBIN-

343 4725 445 4782 rici
478 4724 844 4797 imperatoris
883 4723 1130 4797 Augusti
1165 4721 1390 4779 sancita
1419 4723 1878 4795 appendentium
1909 4723 1996 4778 vel

339 4813 690 4871 traditarum
733 4831 927 4871 rerum
980 4811 1064 4868 illi
1117 4812 1396 4879 ecclesiae,
1431 4829 1464 4867 a
1493 4817 1754 4884 tempore
1786 4811 1992 4868 sancti

339 4903 602 4978 Remain
660 4920 774 4977 per
819 4902 1190 4960 succedentia
1221 4905 1507 4972 tempora,
1540 4907 1726 4955 ratam
1778 4917 1990 4971 praece-

337 4994 593 5067 ptionem
626 4994 990 5050 firmavimus
1040 4991 1218 5064 regali
1257 4988 1600 5045 auctoritate
1643 4992 1861 5044 nostra.
1895 4990 1993 5045 Est

337 5083 516 5158 igitur
535 5087 736 5140 nostra
758 5082 1096 5157 dignatione
1119 5080 1411 5136 sancitum
1437 5079 1519 5144 ut,
1540 5076 1827 5149 quidquid
1854 5093 1992 5148 prae-

334 5173 706 5230 decessorum
731 5187 974 5228 suorum
1008 5165 1374 5238 temporibus
1403 5163 1486 5218 illi
1520 5163 1644 5219 loco
1678 5164 1787 5220 fuit
1810 5167 1990 5220 tradi-

332 5267 458 5318 tum
487 5266 592 5318 aut
632 5261 1053 5324 condonatum,
1079 5271 1180 5311 seu
1213 5252 1369 5324 quod
1420 5254 1831 5324 praedecessori
1884 5271 1989 5311 suo

331 5352 549 5421 abbati,
579 5349 847 5406 videlicet
893 5343 1178 5418 Popponi,
1224 5340 1541 5413 imperator
1577 5342 1885 5399 Heinricus
1915 5345 1986 5400 ob

327 5457 449 5497 suae
481 5440 693 5498 animae
724 5436 1054 5492 mercedem
1086 5433 1156 5487 de
1183 5430 1475 5486 Hasbanio
1523 5432 1776 5488 reddidit
1808 5434 1986 5490 bene-

329 5531 552 5597 ﬁcium,
583 5529 705 5585 sive
735 5525 890 5597 quod
926 5540 959 5578 a
989 5522 1135 5577 divae
1178 5520 1474 5576 memoriae
1506 5539 1608 5578 avo
1639 5527 1840 5578 nostro
1872 5523 1986 5595 ipsi

328 5616 439 5674 fuit
490 5617 825 5674 restitutum
867 5630 900 5667 a
964 5609 1176 5666 comite
1225 5607 1597 5679 Herimanno,
1649 5628 1717 5666 ex
1757 5611 1986 5668 haerede

331 5709 579 5772 mortuo,
609 5719 712 5774 per
753 5700 1050 5773 aliquanta
1082 5703 1346 5771 tempera
1393 5697 1608 5770 injuste
1658 5700 1980 5767 detentum,

2109 4733 2299 4781 RICUS,
2331 4713 2528 4768 divina
2559 4713 2784 4769 favente
2814 4711 3145 4779 clementia,
3182 4729 3298 4769 rex.

2173 4802 2411 4862 Justitia
2440 4805 2528 4858 est
2557 4818 2674 4873 qua
2705 4818 2877 4858 suum
2911 4802 3126 4874 cuique
3147 4803 3250 4873 jus
3281 4801 3626 4872 tribuimus,
3649 4820 3770 4875 qua

2101 4895 2196 4950 via
2227 4893 2273 4948 si
2307 4890 2725 4946 incesserimus
2755 4891 2906 4946 viam
2959 4891 3178 4964 regiam
3211 4891 3323 4947 sub
3356 4892 3504 4946 duce
3553 4908 3770 4964 magno

2098 4983 2239 5039 Jesu
2270 4982 2328 5036 in
2359 4985 2575 5036 terram
2597 4979 3006 5052 promissionis
3031 4979 3417 5053 ingredimur.
3444 4982 3509 5036 At
3541 4981 3592 5036 si
3617 4982 3767 5039 forte

2100 5068 2411 5143 fragilitate
2443 5066 2702 5122 humana
2727 5067 2899 5122 rectis
2925 5067 3228 5139 gressibus
3259 5067 3580 5140 aliquando
3603 5085 3764 5127 exor-

2098 5156 2497 5222 Litaverimus,
2523 5155 2750 5228 legibus
2781 5154 3192 5212 ecclesiasticis
3213 5155 3532 5212 salubriter
3557 5158 3762 5214 admo-

2099 5265 2326 5309 nemur,
2343 5249 2407 5300 ut
2436 5245 2504 5300 ad
2530 5243 2680 5299 viam
2705 5249 3066 5301 revertamur
3082 5244 3350 5317 justitiaa,
3373 5247 3760 5304 emendemus

2097 5337 2155 5392 in
2191 5335 2402 5391 melius
2432 5333 2586 5405 quod
2618 5349 2721 5406 per
2745 5333 3164 5406 negligentiam
3195 5338 3296 5389 aut
3317 5332 3609 5392 malitiose
3631 5353 3760 5408 pec-

2095 5427 2378 5482 cavimus.
2399 5423 2581 5487 Quam
2607 5423 2679 5479 ob
2710 5441 2832 5479 rem
2862 5423 2923 5479 in
2945 5440 3118 5479 omne
3139 5428 3373 5495 tempus
3397 5427 3602 5480 notum
3627 5442 3758 5483 esse

2093 5515 2385 5577 volumus,
2415 5512 2698 5584 quatinus
2727 5513 2920 5569 ﬁdelis
2948 5517 3147 5569 noster
3192 5513 3389 5568 Benno
3432 5515 3754 5582 secundus,

2093 5601 2445 5661 venerabilis
2475 5605 2689 5658 sanctae
2713 5601 3221 5675 Osnebruggensis
3241 5600 3512 5657 Ecclesiae
3534 5603 3758 5675 episco-

2095 5712 2225 5768 pus,
2251 5696 2462 5750 nostras
2485 5690 2849 5764 celsitudinis
2873 5691 3240 5748 clementiam
3269 5689 3434 5760 adiit,
3459 5692 3732 5764 coepisse
