3976 6356
167 366 345 430 illa
1527 367 1923 435 HENRICUS
1964 370 2048 436 IV
2089 370 2254 436 IMP.
3435 368 3596 436 ΗΑΒ

181 512 395 576 porum
406 520 650 562 suorum
662 505 990 580 frequentia
1017 504 1366 584 stipatus,ac
1383 509 1632 564 veterem
1657 515 1833 580 super
1857 506 1915 574 Α
1943 506 2231 578 injustum
2262 510 2537 581 putantes
2567 504 2902 580 aequitatem
2932 501 3228 580 negligere
3256 507 3316 563 e‘t
3345 505 3592 579 justit-iaa

180 592 452 650 Ecclesiae
479 611 599 651 sum
629 595 875 652 decimis
906 596 1332 668 querimoniam
1374 596 1830 670 lacrymabiliter
1938 596 2158 652 diutius
2181 596 2654 669 obniti,petitieni
2676 596 2943 653 ﬁdelium
2964 599 3301 653 nostrorum
3322 599 3380 653 et
3400 597 3591 654 consi-

180 683 242 738 in
273 699 446 739 aures
471 688 702 740 nostras
731 685 1130 742 effuditJdem
1152 703 1286 742 vero
1312 703 1446 743 cum
1471 703 1576 759 per
1594 703 1828 743 omnem
1936 685 2032 741 liis
2047 686 2720 758 acquievimus.Proinde
2743 685 3090 742 auctoritate
3123 685 3305 756 hujus
3321 685 3592 758 praecepti

179 771 363 828 vitam
395 789 563 828 suam
594 791 630 830 a
657 774 828 831 nobis
874 775 1092 847 Optime
1136 774 1468 843 meruisset,
1497 779 1624 832 tum
1665 792 1732 831 ea
1761 776 1831 830 de
1941 774 2126 830 nostri
2156 779 2480 832 statuentes
2510 775 2850 841 statuimus,
2882 778 2950 830 ut
2977 775 3194 830 eaedem
3235 773 3473 831 decimae
3520 775 3593 830 ad

182 877 362 916 causa
391 861 620 934 dignior
641 867 763 918 erat
785 863 970 918 audiri
989 865 1142 935 quod
1159 865 1218 919 in
1231 865 1505 920 omnibus
1523 863 1832 920 necessita-

181 949 594 1008 tibus-nostris
619 951 868 1008 ﬁdeliter
894 952 1066 1008 nobis
1094 957 1152 1008 et
1180 953 1496 1010 irremotus
1515 969 1711 1010 comes
1730 953 1832 1009 ad-

184 1038 541 1118 hesitﬂ‘alis
555 1044 750 1096 autem
773 1041 1036 1112 ejusdem
1049 1040 1239 1097 ﬁdelis
1253 1041 1435 1097 nostri
1457 1041 1834 1114 proclamatio

185 1126 298 1182 fuit
329 1129 484 1200 quod
514 1131 851 1185 antecessor
881 1134 1082 1185 noster
1109 1131 1199 1186 vir
1227 1131 1368 1186 divas
1410 1135 1468 1186 et
1513 1130 1835 1204 imperialis

187 1216 484 1272 memoria:
509 1217 749 1274 Carolus
777 1217 1086 1274 ecclesiam
1113 1219 1224 1275 sibi
1253 1220 1632 1277 commissam
1663 1237 1697 1275 a
1718 1219 1836 1291 pri-

187 1304 304 1360 mis
331 1305 736 1362 fundamentis
764 1307 1104 1364 condiderat
1119 1311 1175 1362 et
1192 1309 1447 1364 decimas
1464 1308 1522 1363 in
1546 1307 1837 1381 episcopio

189 1393 655 1466 circumquaque
678 1395 1025 1452 terminatas
1047 1397 1236 1453 eidem
1261 1397 1515 1454 ecclesiae
1533 1397 1592 1452 in
1643 1398 1837 1453 dotem

189 1482 538 1551 contulerat,
563 1500 630 1541 eo
660 1485 816 1556 quod
846 1485 903 1539 in
936 1485 1167 1558 praediis
1200 1491 1302 1542 aut
1330 1486 1624 1560 regalibus
1647 1486 1837 1542 reddi-

186 1571 350 1627 tibus
381 1572 625 1627 donaria
653 1573 724 1628 ad
758 1575 1045 1629 manusin
1065 1575 1341 1646 primitiis
1373 1575 1506 1631 ﬁdei
1526 1578 1582 1631 et
1602 1575 1837 1631 novella:

188 1659 570 1734 plantationis
585 1665 849 1734 tempore
866 1662 985 1718 illis
1009 1663 1068 1718 in
1088 1663 1354 1735 partibus
1376 1663 1538 1720 nulla
1565 1664 1836 1720 habebat.

188 1751 346 1814 Quas
373 1750 718 1807 donationes
741 1753 902 1823 justo
924 1769 958 1807 a
989 1752 1230 1824 praefato
1257 1754 1516 1825 principe
1541 1753 1730 1810 eidem
1755 1770 1841 1809 ec-

1939 863 2266 919 dominium
2296 863 2553 936 episcopi
2576 865 2820 936 ejusque
2840 863 3306 936 dispositionem,
3326 863 3409 918 uti
3428 863 3597 921 Caro-

1943 950 2037 1007 lus
2054 951 2774 1021 instituit,revertantur.N
2780 967 2926 1023 eque
2949 952 3026 1006 sit
3043 952 3362 1008 advocatus
3379 951 3594 1024 aliquis

1943 1044 2046 1096 aut
2061 1040 2174 1096 alia
2194 1042 2383 1114 major
2403 1041 2491 1098 vel
2513 1042 2708 1098 minor
2722 1039 3097 1114 persona,qui
3118 1040 3421 1113 episcopos
3438 1043 3594 1114 ejus-

1944 1131 2078 1186 dem
2110 1131 2361 1187 civitatis
2392 1131 2584 1187 hacin
2617 1147 2677 1186 re
2709 1129 2966 1202 amplius
2994 1129 3320 1201 inquietare
3362 1131 3593 1200 audeat,

1945 1220 2045 1274 sed
2078 1219 2332 1291 episcopi
2369 1220 2603 1276 easdem
2635 1219 2895 1275 decimas
2926 1218 3122 1289 quieto
3152 1216 3354 1274 ordine
3380 1222 3439 1274 et
3458 1235 3599 1292 pace

1945 1312 2224 1380 perpetua
2245 1308 3284 1380 teneant,possideant,disponant,ea
3311 1325 3414 1381 spe
3443 1313 3500 1364 et
3538 1309 3597 1368 in

1945 1396 2151 1452 divinae
2183 1397 2414 1468 pietatis
2435 1396 2882 1467 conﬁdentia,ut
2903 1396 3024 1452 haec
3055 1396 3418 1452 decimarum
3435 1399 3600 1468 justa

1948 1485 2236 1541 restitutio
2259 1485 2569 1542 animabus
2591 1489 2900 1558 parentum
2925 1485 3348 1551 nostrorum,id
3374 1489 3464 1542 est
3483 1486 3595 1552 avi,

1946 1572 2106 1640 aviae,
2140 1573 2460 1647 matrisque
2486 1580 2700 1630 nostra:
2734 1573 3122 1646 imperatricis
3150 1575 3278 1629 A.et
3309 1572 3470 1629 chari
3503 1589 3598 1646 pa-

1948 1663 2053 1720 tris
2083 1663 2268 1719 nostri
2300 1664 2364 1719 H.
2395 1663 2764 1735 imperatoris
2792 1661 3061 1735 Augusti,
3093 1662 3194 1718 ﬁat
3225 1667 3596 1734 peccatorum

1947 1753 2218 1809 remissio
2240 1757 2297 1808 et
2317 1753 2681 1826 negligentie
2703 1768 2881 1824 quam
2903 1752 3030 1824 ipse
3046 1751 3104 1807 in
3119 1751 3226 1806 hac
3246 1767 3426 1808 causa
3445 1768 3600 1809 com-

189 1838 578 1944 clesimcdatas
607 1843 664 1896 et
693 1841 1095 1913 manuscripto
1127 1843 1285 1914 regio
1317 1843 1427 1899 sub
1458 1843 1839 1915 impressione
1871 1879 1919 1944 B
1949 1841 2112 1897 misit
2143 1843 2294 1914 apud
2333 1847 2511 1898 Deum
2531 1842 2632 1896 ﬁat
2647 1840 2946 1910 oblivio,et
2962 1839 3370 1944 utin‘singulis
3391 1840 3598 1897 diebus

189 1927 396 1984 annuli
425 1944 496 1984 ex
523 1944 684 1984 more
713 1930 1190 1992 conﬁrmatas,ad
1213 1931 1464 1987 multum
1481 1936 1716 2004 tempus
1729 1931 1841 1988 aie-

188 2017 300 2073 bat
318 2015 573 2072 ecclesiae
603 2018 1111 2090 mansisse,usque
1132 2021 1272 2075 dum
1295 2021 1517 2077 bellicis
1541 2022 1840 2093 perturba-

187 2105 452 2162 tionibus
480 2122 614 2179 pars
645 2108 985 2164 earumdem
1017 2109 1378 2165 decimarum
1409 2111 1521 2166 sub
1552 2112 1840 2169 Ludovico

190 2196 448 2252 secundo
480 2211 582 2268 per
601 2212 814 2252 manus
836 2196 1127 2270 Copponis
1139 2199 1212 2254 ab
1228 2199 1430 2255 eadem
1455 2200 1836 2257 scinderetur.

191 2286 273 2342 Ea
299 2285 374 2341 de
403 2301 583 2340 causa
629 2301 763 2340 cum
810 2302 913 2358 per
957 2287 1259 2360 episcopos
1299 2289 1558 2360 ejusdem
1593 2290 1842 2346 civitatis

193 2374 344 2431 actio
368 2377 426 2429 et
453 2372 742 2431 discussio
773 2375 833 2430 in
865 2375 1162 2432 audientia
1183 2378 1516 2450 principum
1549 2384 1723 2451 atque
1743 2397 1842 2435 an-

190 2467 554 2520 tecessorum
567 2467 899 2520 nostrorum
912 2482 1115 2538 regum
1127 2469 1185 2521 et
1198 2466 1614 2538 imperatorum
1629 2470 1842 2540 saepius

191 2552 526 2621 haberetur,
540 2551 861 2624 dijudicata
885 2558 973 2610 est
995 2555 1214 2626 justior
1242 2573 1377 2628 pars
1407 2556 1837 2629 episcoporum,

191 2639 470 2713 injustior
497 2641 982 2699 adversariorum.
1016 2643 1300 2716 Equidem
1344 2646 1618 2717 praefatus
1647 2649 1841 2720 Coppo

191 2729 422 2803 primus
433 2733 1096 2803 nsurpatorearumdem
1109 2733 1470 2790 decimarum
1494 2751 1628 2791 eum
1650 2739 1839 2792 totum

189 2819 492 2876 occasione
513 2819 797 2876 bellorum
818 2821 1044 2892 injusta
1060 2823 1456 2879 dominatione
1467 2841 1606 2881 suos
1623 2825 1682 2880 in
1699 2843 1842 2883 usus

188 2911 438 2981 raperet,
471 2913 696 2981 partem
727 2910 969 2966 Warino
1018 2911 1181 2967 fratri
1231 2929 1337 2968 suo
1384 2929 1664 2985 germano
1703 2915 1840 2971 Cor-

189 2997 421 3053 beiensi
465 2997 685 3064 abbati,
712 3003 937 3070 partem
971 2999 1284 3056 abbatissa:
1333 3001 1524 3057 Adelae
1572 3003 1842 3059 Herefur-

187 3086 356 3142 densi
386 3091 675 3159 germanae
707 3103 825 3144 suae
856 3089 1160 3145 concessit.
1197 3093 1397 3162 Itaque
1426 3091 1679 3164 episcOpi
1705 3109 1840 3148 cau-

190 3191 318 3233 sam
348 3175 500 3232 hanc
529 3176 589 3231 in
616 3177 779 3233 curia
801 3182 1046 3250 agentes
1068 3179 1395 3236 manifestis
1419 3182 1840 3254 comprobatio-

190 3264 368 3320 nibus
399 3265 696 3321 evicerunt
724 3266 980 3322 decimas
1001 3269 1071 3323 ad
1099 3285 1226 3324 sese
1247 3268 1509 3342 legitima
1527 3270 1839 3328 donatione

193 3353 384 3410 redire
413 3354 939 3412 debere.Ventilata
971 3361 1060 3412 est
1089 3373 1182 3413 res
1203 3357 1260 3412 in
1285 3357 1547 3414 conciliis
1567 3364 1839 3431 quatuor,

193 3442 385 3515 primo
417 3443 612 3500 Romae
637 3445 746 3501 sub
777 3463 929 3518 papa
957 3447 1534 3519 Stephano,secundo
1557 3449 1839 3505 Triburias

190 3533 303 3588 sub
332 3532 572 3589 Arnolfo
600 3531 970 3606 imperatore,
1001 3536 1174 3591 tertio
1203 3536 1652 3609 Bunnae,quarto
1676 3538 1839 3610 lnge-

190 3619 541 3677 linheim.Ut
570 3621 628 3676 in
661 3623 936 3680 omnibus
965 3625 1258 3696 possessio
1288 3625 1649 3682 decimarum
1682 3645 1837 3683 com-

191 3709 357 3766 muni
391 3710 682 3766 sententia
712 3712 1004 3784 episcopis
1035 3714 1491 3784 adjudicaretur.
1528 3715 1589 3771 In
1631 3716 1838 3773 ultimo

188 3797 367 3854 etiam
389 3799 775 3871 praesentibus
797 3800 916 3856 fere
937 3801 1212 3858 omnibus
1235 3803 1687 3860 Teutonicarum
1708 3823 1836 3878 par-

183 3885 335 3942 tium
366 3886 680 3960 episcopis,
714 3889 1114 3946 mediantibus
1152 3891 1360 3963 legatis
1409 3893 1706 3962 Romanis,
1727 3895 1838 3952 sub

179 3975 406 4032 Joanne
427 3993 597 4050 papa,
631 3995 766 4034 cum
796 3996 906 4034 xxx
940 3978 1224 4036 librarum
1257 3982 1382 4036 auri
1415 3983 1838 4055 compositione

181 4066 826 4123 restitueretur.Verum
851 4073 914 4124 ut
936 4085 1168 4142 semper
1194 4070 1535 4127 dominatur
1554 4072 1836 4145 iniquitas

181 4153 444 4226 injustis,
468 4171 561 4211 res
610 4156 883 4229 superius
915 4159 1225 4214 emendata
1255 4163 1312 4215 et
1340 4166 1599 4216 correcta
1627 4179 1836 4219 rursus

179 4247 456 4316 corrupta
484 4247 1019 4319 est.Hujuscemodi
1047 4265 1183 4304 vero
1211 4265 1450 4304 causam
1477 4267 1612 4306 cum
1646 4252 1836 4309 ﬁdelis

178 4336 381 4390 noster
407 4335 686 4407 prmfatus
708 4336 1215 4410 Osnebruggensis
1237 4337 1504 4394 Ecclesiae
1525 4340 1836 4414 episcOpus

179 4422 253 4478 ad
283 4439 455 4479 aures
486 4428 718 4481 nostras
748 4427 966 4498 sapius
989 4427 1227 4484 referret
1258 4433 1432 4499 atque
1461 4430 1758 4484 emendari
1781 4434 1838 4486 et

178 4509 391 4584 corrigi
422 4513 763 4583 postularet,
798 4531 928 4582 nos,
961 4519 1016 4570 et
1064 4516 1250 4572 aetatis
1298 4516 1695 4573 imbecillitate
1735 4519 1834 4573 de-

1948 1935 2006 1988 et
2033 1931 2094 1986 in
2124 1931 2524 1987 anniversario
2555 1947 2758 1988 eorum
2790 1929 2891 2002 qui
2922 1930 2982 1984 in
3015 1927 3167 1986 bello
3198 1932 3400 1985 contra
3419 1929 3598 1986 Saxo-

1949 2037 2054 2076 nes
2085 2025 2431 2076 corruerunt
2462 2021 2680 2076 ibidem
2702 2017 2988 2074 memoria
3003 2017 3450 2090 ﬁatetspecialis
3472 2035 3599 2074 ora-

1951 2110 2029 2165 tio
2060 2110 2266 2165 animae
2299 2108 2558 2182 Sigfridi,
2590 2109 2650 2164 in
2684 2109 2888 2164 eodem
2922 2105 3074 2163 bello
3095 2106 3602 2174 occisi,ordi‘n‘etur

1949 2203 2007 2254 et
2037 2200 2156 2266 ﬁat;
2189 2199 2271 2254 ita
2300 2202 2365 2254 ut
2393 2198 2505 2254 sibi
2537 2197 2797 2270 quotidie
2828 2195 3100 2268 specialis
3131 2194 3315 2252 missa
3334 2199 3393 2252 et
3437 2195 3599 2252 omni

1951 2287 2025 2343 Ill
2056 2287 2198 2342 feria
2226 2287 2619 2342 communiter
2641 2303 2675 2341 a
2695 2284 2972 2340 fratribus
2993 2284 3050 2339 in
3075 2284 3252 2340 choro
3273 2301 3392 2340 una
3412 2283 3597 2341 missa

1949 2393 2054 2448 pro
2067 2375 2678 2432 omnibusinterfectis
2691 2373 2908 2430 nostris
2938 2377 2995 2430 et
3022 2371 3298 2429 omnibus
3328 2373 3598 2428 ﬁdelibus

1949 2466 2308 2532 decantetur,
2341 2467 2398 2520 et
2427 2464 2499 2518 ad
2534 2479 2743 2518 cursus
2787 2461 3064 2516 horarum
3103 2477 3192 2532 ps.
3228 2477 3264 2514 ι.
3300 2459 3600 2515 Prehende

1951 2569 2184 2625 quoque
2209 2553 2380 2608 detur
2408 2552 2459 2608 ei
2489 2550 2722 2619 clerico,
2754 2549 2853 2622 qui
2883 2549 3003 2604 haec
3037 2565 3164 2620 quae
3195 2547 3448 2620 Sigfrido
3493 2548 3597 2603 de-

1949 2644 2087 2697 bent
2117 2640 2425 2714 diligenter
2481 2641 2763 2696 observet.
2797 2637 3187 2694 Convenimus
3232 2635 3410 2693 etiam
3455 2654 3593 2693 cum

1948 2731 2219 2803 episcopo
2231 2730 2654 2787 collaudatione
2666 2728 3011 2785 clericorum
3029 2743 3272 2784 suorum
3289 2743 3392 2799 pro
3410 2725 3598 2783 salute

1948 2820 2208 2893 corporis
2249 2825 2306 2875 et
2351 2820 2558 2876 animae
2606 2822 2818 2874 1103th
2867 2816 3028 2873 omni
3073 2815 3444 2872 hebdomade
3486 2832 3597 2870 xxx

1949 2909 2142 2965 missae
2174 2925 2276 2982 pro
2305 2908 2450 2964 vivis
2481 2914 2540 2964 et
2585 2905 2878 2963 defunctis
2921 2906 3143 2962 ibidem
3192 2906 3594 2981 decantentur.

1950 2999 2085 3054 Post
2113 2999 2335 3054 obitum
2369 3002 2565 3054 autem
2594 3000 2858 3053 nostrum
2893 2994 3224 3068 specialiter
3254 3011 3358 3067 pro
3388 2993 3597 3049 anima)

1949 3092 2158 3144 nostrae
2181 3091 2236 3143 et
2261 3091 2570 3160 parentum
2600 3089 2934 3142 nostrorum
2954 3083 3211 3140 remedio
3228 3083 3422 3140 missae.
3444 3086 3500 3139 et
3520 3088 3602 3139 to-

1947 3179 2128 3235 tidem
2163 3177 2437 3252 psalteria
2466 3177 2681 3233 ibidem
2697 3177 3078 3233 decantentur
3097 3191 3250 3230 nunc
3272 3173 3404 3229 etin
3427 3189 3601 3229 omne

1868 3244 1910 3310 C
1948 3244 2182 3339 tempus
2201 3265 2821 3322 futurum.Taliaenim
2843 3268 3110 3336 Optantes
3131 3262 3425 3317 credimus
3442 3262 3597 3333 apud

1951 3357 2386 3412 misericordem
2418 3355 2602 3410 Deum
2617 3358 2675 3408 et
2691 3357 2953 3408 nostram
2980 3351 3158 3407 deleri
3182 3349 3598 3422 negligentiam

1948 3451 2006 3500 et
2035 3450 2461 3501 antecessorem
2503 3442 2714 3499 delicta
2742 3442 2970 3511 redimi,
3003 3440 3103 3512 qui
3155 3441 3264 3495 hac
3310 3439 3371 3494 in
3419 3455 3600 3495 causa

1948 3533 2310 3607 negligenter
2337 3537 2394 3588 et
2423 3531 2713 3588 malitiose
2742 3531 3077 3604 egerunt.Et
3102 3533 3165 3584 ut
3185 3528 3365 3600 hujus
3385 3544 3596 3600 praece-

1949 3623 2030 3695 pti
2065 3623 2246 3678 nostri
2279 3622 2591 3678 auctoritas
2622 3621 2782 3677 omni
2833 3636 2949 3675 azvo
2999 3623 3234 3674 maneat
3281 3616 3512 3672 stabilis
3541 3619 3599 3672 et

1947 3711 2577 3778 inconvulsa,chartam
2591 3710 2743 3765 hanc
2756 3707 2929 3765 scribi
2946 3705 3326 3781 praecepimus
3342 3710 3399 3761 et
3415 3722 3596 3761 manu

1947 3806 2166 3866 nostra,
2202 3807 2266 3856 ut
2294 3805 2383 3856 est
2411 3799 2774 3856 consuetudo
2821 3813 3024 3870 regum
3065 3800 3121 3852 et
3151 3795 3593 3867 imperatorum,

1945 3890 2448 3947 corroboravimus
2478 3893 2536 3944 et
2565 3887 2760 3961 sigillo
2792 3891 2990 3942 nostro
3022 3884 3244 3958 signari
3275 3883 3592 3954 jussimus.

2013 3981 2249 4050 Signum
2279 3980 2466 4035 damni
2510 3978 2753 4034 Heinrici
2799 3977 2942 4047 regis
2990 3975 3175 4047 quarti
3223 3973 3592 4029 invictissimi.

1945 4071 2027 4142 (L.
2062 4071 2162 4141 M.)
2326 4087 2328 4092 -
3583 4079 3588 4083 ·

2015 4159 2394 4216 Gebehardus
2425 4156 2808 4214 cancellarius
2835 4155 2956 4211 vice
3002 4150 3272 4225 Sigslridi
3309 4149 3596 4222 archiepi-

1943 4248 2104 4321 scopi
2135 4247 2492 4320 recognovit.

2014 4340 2159 4394 Data
2185 4356 2241 4393 νι
2273 4337 2397 4393 Kal.
2432 4338 2622 4404 Febr.,
2657 4336 2860 4392 indict.
2896 4348 3126 4399 u,anno
3157 4328 3471 4386 Dominicis
3502 4328 3592 4383 In-

1941 4426 2298 4483 carnationis
2337 4426 2660 4493 lO78;anno
2689 4429 2884 4480 autem
2919 4421 3078 4495 regni
3109 4419 3310 4476 domni
3339 4415 3594 4473 Heinrici

1944 4515 2099 4588 regis
2129 4516 2321 4586 quarti
2354 4531 2516 4569 χχιιι.

177 4599 324 4654 tenti
356 4603 415 4656 et
446 4601 910 4660 adversariorum
942 4605 1070 4676 ejus
1100 4605 1373 4677 precibus
1402 4606 1834 4673 exorati,multo
1869 4615 1914 4680 Ι)
2013 4609 2224 4659 Actum
2258 4602 2574 4674 Moguntic'e
2609 4601 2866 4657 feliciter-
2903 4601 3112 4654 Amen.

177 4691 441 4761 tempore
455 4690 642 4747 facere
659 4691 1315 4765 negleximus.Tandem
1345 4695 1602 4752 assiduis
1626 4697 1754 4768 ejus
1776 4701 1832 4753 et

178 4777 657 4851 coepiscoporum
680 4798 922 4838 suorum
949 4784 1049 4853 jus
1073 4801 1246 4840 suum
1265 4782 1707 4856 agnossentium
1732 4787 1830 4842 ad-

179 4867 606 4925 monitionibus
636 4871 866 4939 devicti,
899 4871 1091 4933 locum
1125 4877 1181 4928 et
1211 4872 1364 4928 diem
1395 4874 1733 4942 statuimus,
1755 4876 1827 4930 ad

175 4971 352 5028 quem
385 4956 695 5032 episcopus
726 4964 783 5016 et
808 4961 1124 5018 adversarii
1157 4963 1285 5034 ejus
1330 4979 1463 5018 cum
1496 4964 1827 5020 manuscri-

173 5045 290 5117 ptis
318 5045 599 5120 utrinque
627 5049 912 5107 venirent.
944 5051 1205 5107 Aderant
1233 5068 1305 5106 xx
1336 5055 1437 5107 aut
1465 5050 1663 5124 plures
1701 5054 1827 5125 epi-

170 5133 354 5206 scopi,
388 5137 518 5191 tum
547 5136 838 5210 principes
869 5139 1031 5212 regni
1063 5143 1239 5211 atque
1271 5138 1520 5195 aliorum
1562 5141 1826 5196 ﬁdelium

173 5227 514 5280 nostrorum
546 5241 864 5284 numerosa
895 5228 1416 5284 multitudo.Lecta
1437 5234 1575 5284 sunt
1595 5230 1652 5284 in
1676 5231 1827 5285 auri-

170 5310 286 5368 bus
305 5314 577 5370 omnium
594 5317 904 5374 amborum
919 5317 1677 5391 chirographa,dictaatque
1698 5325 1829 5375 acta

165 5405 307 5457 sunt
333 5401 675 5476 diligentius
695 5407 1321 5464 omnia.Acclamatum
1345 5410 1433 5463 est
1455 5407 1528 5462 ab
1549 5409 1827 5466 omnibus

154 5489 356 5561 justas
381 5508 510 5549 esse
542 5502 736 5567 partes
774 5496 1528 5570 episcopi,adversariorum
1553 5497 1825 5569 injustas,

167 5584 346 5653 atque
376 5585 443 5636 ut
468 5583 660 5641 eidem
682 5587 958 5659 episcOpo
979 5602 1216 5659 suaeque
1237 5585 1506 5643 Ecclesia:
1531 5587 1826 5659 justitiam

171 5668 498 5728 faceremus
520 5673 841 5731 studiosius
861 5691 1063 5732 omnes
1079 5675 1590 5744 instabant.Quam
1612 5676 1684 5734 ob
1707 5695 1828 5734 rem
1853 5715 1856 5718 ι

2718 4690 2815 4744 VI.

2160 4781 2527 4850 Privilegium
2552 4796 2653 4852 pro
2683 4779 2923 4834 Ecclesia
2954 4773 3377 4844 Osnabrugensi.

2560 4869 2749 4940 (Anno
2782 4865 2964 4935 1079.)

1936 4961 2218 5033 [Eanum
2251 4958 2374 5015 Cod.
2409 4958 2634 5030 diplom.
2677 4955 2930 5028 Westph.,
2978 4971 3009 5009 e
3057 4968 3200 5008 mss.
3245 4949 3590 5023 Henseleri.]

2006 5051 2070 5106 In
2101 5049 2340 5104 nomine
2370 5051 2584 5104 sanctas
2615 5050 2673 5103 et
2702 5044 3017 5102 individua
3047 5039 3373 5108 Trinitatis,
3419 5039 3592 5098 Ham-

1936 5156 2116 5208 mcus,
2152 5137 2346 5194 divina
2375 5137 2600 5193 favente
2631 5133 2959 5200 clementia,
2995 5149 3112 5188 rex.

2008 5228 2065 5284 Si
2100 5225 2500 5295 querimonias
2531 5225 3084 5294 sacerdotum,quas
3115 5218 3287 5277 nobis
3309 5220 3380 5275 de
3403 5235 3595 5276 neces-

1936 5318 2212 5373 sitatibus
2233 5315 2622 5372 Ecclesiarum
2638 5313 2747 5370 sibi
2763 5311 3215 5369 commissarum
3231 5307 3590 5377 obtulerunt,

1937 5406 2429 5474 attenterimus,et
2443 5404 2736 5478 justitiam
2761 5399 3218 5457 misericorditer
3233 5397 3348 5452 illis
3370 5397 3594 5469 impen-

1937 5496 2126 5552 dendo
2157 5495 2226 5551 ad
2266 5496 2440 5553 ﬁnem
2475 5487 3256 5567 perduxerimus,prmsentis
3288 5485 3510 5541 scilicet
3538 5491 3594 5542 et

1939 5591 2161 5641 aeterna;
2195 5584 2490 5640 felicitatis
2538 5583 2778 5658 praemia
2826 5580 3032 5638 exinde
3082 5574 3330 5632 mercari
3367 5573 3590 5647 liquido

1939 5672 2310 5733 conﬁdimus.
2338 5672 2553 5729 Idcirco
2587 5677 2789 5728 notum
2837 5686 2966 5726 esse
3011 5665 3282 5725 volumus
3313 5663 3590 5726 omnibus
