3962 6402
347 405 502 476 ιω

1709 406 2024 476 MONUM.
2071 409 2390 476 DIPLOM.

3599 405 3766 472 1148

341 551 554 606 sanctae
585 544 689 606 Dei
716 542 987 605 Ecclesiae
1014 541 1349 620 nostrisque
1377 543 1670 616 ﬁdelibus,
1686 544 1988 619 praesenti-
2017 545 2075 614 Α
2100 546 2399 604 abbatissa
2409 549 2645 621 propter
2662 544 2773 604 hoc
2795 542 2988 604 solum
3008 543 3162 619 quod
3185 542 3267 601 ibi
3286 542 3595 601 videbatur
3614 541 3769 600 ficti“

337 640 450 696 bus
481 637 705 695 scilicet
750 641 807 693 et
854 635 1088 706 futuris,
1119 635 1372 708 qualiter
1416 634 1606 692 ﬁdelis
1655 638 1855 692 noster
1893 635 1999 692 Os-

339 725 807 801 nenbruggensis
829 725 1140 797 episcopus
1165 725 1464 780 secundus
1485 724 1768 792 Benno,in
1795 728 1996 780 nostro

339 817 572 875 servitio
630 816 800 888 longo
849 819 1112 886 tempore
1162 812 1602 879 devotissimus,
1664 813 1998 870 serenitatis

337 910 550 963 nostra:
581 904 952 960 clementiam
985 902 1154 970 adiit,
1186 902 1450 974 Apostoli
1502 906 1856 975 praeceptum
1906 919 1995 958 se-

337 1011 544 1068 quens,
570 994 888 1065 arguendo,
917 992 1297 1064 increpando,
1327 991 1690 1048 obsecrando
1713 997 1770 1048 et
1791 993 1998 1063 juven-

335 1088 524 1139 tutem
555 1086 819 1138 nostram
852 1080 1638 1153 incusando,querimoniam
1671 1080 1912 1146 faciens,
1936 1097 1997 1137 se

337 1189 594 1245 suosque
625 1175 1028 1228 antecessores
1058 1173 1391 1226 nostrorum
1416 1170 1995 1238 antecessorum,sci-

337 1260 475 1318 licet
493 1260 584 1318 avi
603 1259 786 1316 nostri
818 1258 1117 1315 Khunradi
1140 1263 1196 1314 et
1223 1258 1385 1314 chari
1408 1257 1594 1330 patri‘s
1625 1258 1807 1314 nostri
1831 1259 1995 1314 bonae

338 1349 632 1406 memorias
645 1347 897 1405 Heinrici
912 1349 1331 1420 imperatorum
1342 1390 1355 1415 ,
1367 1347 1608 1404 forsitan
1621 1347 1681 1403 in
1695 1347 1803 1404 hac
1816 1364 1996 1403 causa

329 1453 407 1510 gn
419 1454 487 1492 or
500 1439 666 1491 auter
687 1433 1162 1506 delinquentium
1185 1434 1572 1505 temporibus,
1598 1433 1816 1490 multas
1837 1434 1992 1506 inju-

333 1527 476 1589 irias
495 1529 553 1581 et
569 1524 763 1580 varias
789 1522 1195 1595 oppressiones
1206 1523 1277 1578 de
1288 1523 1624 1594 potentibus
1643 1522 1800 1578 illius
1814 1522 1995 1594 regio-

335 1616 448 1682 nis,
481 1613 733 1670 maxime
754 1617 950 1668 autem
973 1630 1007 1668 a
1030 1612 1381 1669 Corbeiense
1427 1612 1636 1668 abbate
1655 1616 1712 1668 et
1732 1612 1990 1668 Herifur-

333 1706 514 1761 dense
526 1701 826 1760 abbatissa
840 1700 1613 1773 illorumquefautoribus,in
1627 1701 1990 1758 decimarum

332 1793 679 1866 direptione,
703 1792 774 1848 ad
798 1807 967 1847 suam
990 1790 1305 1847 Ecclesiam
1329 1791 1521 1846 debite
1545 1791 1985 1863 pertinentium,

325 1883 453 1954 jam
467 1882 566 1938 diu
580 1878 993 1936 miserabiliter
1005 1877 1488 1949 sustinuisse.Cuj
1499 1895 1567 1934 us
1584 1877 1987 1950 proclamatio-

333 1970 693 2043 ni,quamvis
723 1968 936 2040 saepius
955 1967 1426 2035 iteratae,diutius
1447 1984 1624 2039 quam
1649 1966 1874 2022 felicius
1895 1984 1982 2023 as-

335 2059 553 2117 sentire
599 2061 930 2122 renuentes,
962 2056 1146 2112 aetatis
1175 2056 1481 2112 teneritate
1503 2072 1567 2111 ac
1589 2056 1979 2128 quorumdam

334 2147 800 2206 consiliariorum
839 2149 1174 2202 nostrorum
1211 2149 1350 2201 tunc
1379 2145 1661 2218 temporis
1683 2144 1981 2216 juventuti

331 2241 543 2295 nostris
562 2234 989 2310 providentium
1028 2234 1426 2290 dissuassione
1466 2234 1539 2289 ad
1565 2234 1686 2289 haec
1708 2233 1979 2289 determi-

331 2326 733 2383 mandavariis
745 2323 1148 2380 occasionibus
1161 2323 1413 2396 praeﬁxis
1427 2339 1532 2378 nos
1549 2320 1977 2378 excusavimus.

330 2416 438 2473 Sed
462 2416 700 2472 tandem
721 2413 942 2469 crebris
964 2417 1021 2469 et
1039 2411 1287 2469 inﬁnitis
1308 2412 1483 2469 etiam
1505 2429 1608 2484 pro
1630 2410 1981 2467 Christiani-

327 2505 466 2561 tatis
488 2503 808 2561 miserabili
821 2503 1048 2558 defectu
1065 2501 1453 2575 querimoniis
1465 2499 1854 2556 etmultorum
1871 2499 1981 2556 cle-

329 2595 583 2651 ricorum
607 2596 664 2649 et
685 2591 965 2648 laicorum
982 2590 1085 2662 jus
1108 2607 1282 2646 suum
1305 2588 1751 2662 agnoscentium
1774 2593 1980 2662 rogatu

328 2687 387 2741 et
407 2682 648 2739 consilio
664 2680 873 2737 devicti
893 2679 1291 2735 Wormaciam
1316 2677 1509 2734 eidem
1532 2677 1805 2751 episcopo
1827 2678 1980 2735 suis-

329 2789 441 2846 que
454 2768 930 2838 adversariis,ubi
945 2767 1309 2841 principibus
1325 2767 1542 2822 nostris
1555 2767 1888 2838 procaeteris
1898 2783 1983 2823 re-

328 2862 430 2935 gni
445 2860 692 2934 negotiis
707 2859 1015 2916 convenire
1036 2860 1324 2913 statutum
1339 2858 1518 2922 est,ut
1529 2854 1709 2928 etipsi
1722 2855 1984 2912 venirent

329 2949 731 3024 praecepimus.
749 2947 831 3004 Ibi
854 2963 988 3003 vero
1008 2963 1045 3001 κ
1066 2943 1377 3018 episcopis,
1407 2961 1444 2999 χ
1481 2944 1792 3000 abbatibus
1815 2948 1981 3000 caete-

327 3040 526 3112 risque
569 3035 1026 3112 quamplurimis
1066 3032 1293 3090 clericis
1316 3048 1380 3088 ac
1401 3031 1565 3089 laicis
1596 3033 1983 3105 praesentibus

328 3129 637 3200 utriusque
652 3127 836 3201 partis
853 3123 1073 3196 scripta
1091 3121 1404 3194 episcopus
1415 3125 1472 3178 et
1487 3121 1580 3178 sui
1594 3121 1908 3178 adversarii
1922 3123 1982 3178 in

333 3217 593 3273 medium
617 3214 1009 3290 proferebant.
1041 3209 1312 3283 Episcopi
1361 3227 1516 3278 vero,
1549 3210 1786 3283 scriptis
1816 3209 1982 3267 lectis

2107 634 2256 692 tium
2289 635 2510 709 aliquid
2528 653 2641 709 quo
2653 634 2826 692 inniti
2838 638 3077 709 possent
3105 651 3222 691 non
3251 633 3610 690 habentibus
3631 631 3762 706 epi-

2107 740 2320 797 scopus
2332 725 2725 798 plurimorum
2736 728 3175 782 antecessorum
3197 727 3532 780 nostrorum
3551 738 3766 796 regum

2105 817 2163 869 et
2190 814 2636 886 imperatorum,
2665 813 2888 870 scilicet
2913 811 3133 870 Arnolﬁ
3165 811 3388 885 ﬁliique
3417 812 3546 884 ejus
3572 811 3772 867 Ludo-

2102 900 2234 971 vici,
2267 903 2521 960 Heinrici
2551 903 2748 976 primi,
2780 902 2960 958 trium
2991 902 3272 958 Ottonum
3319 900 3554 957 chartas
3593 899 3765 973 ipso-

2105 1008 2237 1047 rum
2269 992 2542 1048 manibus
2572 992 2872 1048 raboratas
2899 995 2958 1048 et
2986 989 3197 1064 sigillis
3221 988 3767 1064 assignatas,eccle-

2105 1081 2204 1138 sia)
2233 1097 2352 1138 sum
2380 1081 2616 1138 easdem
2665 1080 2924 1136 decimas
2971 1078 3338 1136 stabilientes
3387 1076 3762 1149 praesentavit

2104 1167 2402 1242 legendas.
2437 1169 2520 1225 Ibi
2550 1186 2684 1226 vero
2714 1172 3032 1241 utrumque
3078 1167 3386 1225 sententiis
3431 1167 3652 1224 auditis
3697 1170 3760 1224 et

2103 1257 2396 1314 subtiliter
2437 1257 2798 1330 dijudicatis,
2829 1255 3272 1329 archiepiscopi,
3307 1254 3565 1328 episcopi
3613 1271 3756 1312 cum

2103 1347 2262 1404 omni
2291 1347 2466 1419 clero,
2493 1349 2672 1403 duces
2701 1351 2761 1404 et
2785 1347 3049 1412 comites,
3079 1345 3259 1402 etiam
3291 1344 3438 1417 ipsis
3469 1343 3636 1417 prius
3664 1344 3760 1400 fa-

2099 1436 2705 1508 ventes,petitionibus
2727 1434 2984 1508 episcOpi
3004 1434 3334 1491 consentire
3355 1433 3563 1490 debere
3576 1432 3756 1505 justi-

2099 1525 2183 1580 tia
2211 1525 2476 1598 exigente
2505 1524 2769 1580 unamini
2791 1523 3100 1581 concordia
3119 1537 3324 1579 omnes
3347 1522 3750 1580 afﬁrmabant.

2100 1613 2378 1670 Promisit
2404 1613 2581 1670 etiam
2625 1613 2794 1669 nobis
2843 1612 3118 1686 praefatus
3163 1611 3496 1684 episcopus,
3529 1611 3755 1668 decano

2098 1703 2440 1774 casterisque
2469 1702 2733 1774 ejusdem
2751 1699 3017 1757 Ecclesia:
3030 1699 3253 1757 clericis
3269 1697 3756 1772 astipulantibus,

2097 1791 2239 1846 dum
2270 1790 2434 1847 locus
2465 1793 2729 1846 maneret
2745 1789 2970 1862 integer
2997 1793 3055 1846 et
3082 1789 3616 1860 indestructus,pro
3634 1787 3764 1846 vita

2095 1883 2297 1936 nostra
2315 1883 2588 1952 statuque
2617 1878 2780 1951 regni
2811 1879 2954 1934 dum
2982 1878 3330 1945 viveremus,
3362 1881 3496 1950 post
3522 1876 3760 1934 obitum

2093 1972 2287 2024 autem
2301 1985 2404 2040 pro
2422 1967 2606 2024 nostri
2619 1972 2675 2024 et
2686 1967 2845 2024 chari
2861 1967 3044 2040 patris
3058 1967 3244 2023 nostri
3271 1965 3525 2022 Heinrici
3569 1965 3758 2039 impe-

2091 2057 2475 2130 ratorisAugu
2484 2056 2913 2129 sti,matrisque
2933 2059 3148 2112 nostrae
3167 2054 3405 2128 Agnetis
3418 2054 3756 2128 imperatri-

2091 2146 2312 2214 cis,avi,
2332 2146 2588 2219 aviaeque
2609 2147 2943 2202 animarum
2965 2145 3358 2211 remedio,xxx
3378 2143 3595 2201 missas
3613 2143 3754 2200 toti-

2089 2235 2344 2308 demque
2364 2233 2641 2307 psalteria
2652 2251 2756 2307 per
2765 2234 3030 2308 singulas
3047 2234 3408 2290 hebomadas
3422 2233 3642 2290 ibidem
3656 2233 3757 2290 de-

2088 2328 2217 2380 vote
2229 2324 2519 2381 decantari
2535 2327 2591 2380 et
2604 2325 2676 2379 ad
2699 2339 2904 2380 omnes
2915 2341 3126 2380 cursus
3144 2323 3426 2379 horarum
3449 2321 3751 2396 psalmum

2091 2429 2297 2469 unum.
2321 2413 2566 2486 Insuper
2587 2417 2874 2470 statutum
2895 2418 2984 2470 est
3003 2417 3072 2469 ut
3090 2413 3150 2468 in
3173 2428 3360 2469 aevum
3382 2411 3544 2468 omni
3575 2411 3754 2468 tertia

2090 2502 2235 2559 feria
2255 2502 2681 2559 communitera
2706 2501 3059 2558 fratribusin
3072 2502 3247 2558 choro
3264 2517 3368 2574 pro
3385 2499 3584 2557 anima
3595 2500 3757 2574 Sige-

2090 2590 2225 2647 fridi
2236 2591 2397 2648 chari
2410 2591 2717 2648 servientis
2735 2591 2921 2648 nostri
2935 2594 3394 2663 ceterorumque
3407 2588 3506 2663 qui
3524 2605 3631 2662 pro
3645 2606 3752 2646 no-

2091 2685 2211 2738 stro
2233 2681 2452 2738 honore
2473 2681 2839 2738 defendendo
2861 2681 2921 2736 in
2944 2679 3179 2753 publico
3202 2678 3352 2736 bello
3373 2682 3760 2746 corruerunt,"

2094 2769 2365 2843 specialis
2380 2769 2564 2826 missa
2575 2771 3306 2842 decantetur.Quapr0pter
3315 2767 3547 2824 Domini
3561 2767 3753 2824 nostri

2089 2859 2121 2916 J
2127 2875 2232 2915 esu
2253 2858 2470 2916 Christi
2490 2863 2548 2916 et
2568 2858 2722 2916 beati
2760 2858 2916 2916 Petri
2956 2857 3236 2932 principis
3269 2857 3672 2931 apostolorum
3693 2861 3751 2914 et

2091 2947 2654 3021 pretiosissimorum
2681 2951 3005 3020 martyrum
3027 2944 3279 3018 Crispini
3290 2949 3347 3003 et
3365 2945 3745 3019 Crispiniani,

2091 3051 2197 3092 nec
2218 3052 2334 3092 non
2359 3052 2463 3108 pro
2483 3035 2852 3092 veneratione
2871 3034 3058 3092 Caroli
3096 3034 3466 3108 imperatoris
3494 3034 3747 3108 Augusti

2092 3125 2291 3198 magni
2321 3129 2380 3181 et
2417 3123 2645 3198 paciﬁci
2692 3128 2750 3180 et
2794 3125 3058 3197 ejusdem
3107 3123 3362 3181 ecclesias
3417 3122 3749 3180 fundatoris

2092 3213 2452 3271 devotissimi
2483 3217 2542 3270 et
2570 3216 2910 3270 caaterorum
2933 3217 3371 3270 antecessorum
3402 3216 3744 3269 nostrorum

329 3310 386 3362 et
414 3285 744 3372 intellectis,
777 3301 1325 3375 Osnebruggensem
1373 3297 1700 3369 ecclesiam,
1739 3298 1980 3356 Adriani
2012 3285 2056 3353 C
2093 3303 2362 3360 eamdem
2373 3301 2678 3360 ecclesiam
2692 3301 2814 3359 suis
2832 3302 3068 3376 scriptis
3079 3307 3137 3360 et
3147 3302 3452 3376 praeceptis
3473 3302 3750 3360 roboran-

330 3411 491 3468 papas
519 3393 764 3450 consilio
816 3395 875 3444 et
904 3404 1192 3444 consensu
1223 3405 1257 3444 a
1286 3404 1500 3461 magno
1530 3392 1587 3444 et
1611 3388 1827 3444 illustri
1857 3389 1980 3445 viro

329 3482 532 3540 Carolo
562 3479 836 3554 primitus
856 3477 914 3552 in
947 3475 1242 3548 provincia
1270 3476 1551 3534 Westfala
1581 3477 1982 3547 fundatam,et

330 3591 364 3630 a
389 3569 706 3630 venerabili
728 3566 1007 3640 Egilfrido
1030 3565 1368 3623 Leodicensi
1388 3565 1660 3639 episcopo
1683 3583 1982 3624 consecra-

327 3666 530 3728 tam,et
547 3659 686 3730 quia
707 3655 818 3712 sibi
837 3659 978 3712 tunc
998 3655 1278 3728 temporis
1318 3655 1536 3728 pradia
1553 3654 1640 3711 vel
1662 3654 1778 3711 alia
1797 3655 1855 3711 in
1879 3655 1981 3713 illa

329 3751 565 3823 regione
585 3764 700 3804 non
719 3749 884 3802 erant
903 3744 1165 3812 donaria,
1197 3745 1354 3800 unde
1402 3743 1713 3817 episcOpus
1748 3744 1838 3801 vel
1860 3744 1981 3802 cle-

330 3839 435 3896 rici
464 3836 545 3894 ibi
574 3835 690 3892 Deo
721 3834 1041 3891 militantes
1072 3833 1815 3902 sustentarentur,decimis
1846 3851 1982 3890 cun-

331 3931 560 3984 ctorum
583 3925 737 3980 infra
766 3924 1051 3980 terminos
1072 3922 1339 3994 ejusdem
1360 3921 1731 3995 episcopatus
1766 3924 1980 3996 degen-

329 4016 479 4072 tium
497 4019 554 4070 et
571 4015 791 4070 noviter
808 4013 879 4068 ad
901 4010 1400 4069 Christianitatem
1418 4028 1829 4069 conversorum
1850 4029 1983 4069 con-

333 4103 674 4161 secrationis
705 4103 832 4175 ejus
864 4101 958 4156 die
987 4101 1268 4169 dotatam,
1287 4103 1346 4156 et
1375 4104 1576 4172 postea
1604 4117 1672 4156 nu
1703 4101 1980 4174 apostoli-

332 4210 533 4250 corum
564 4193 825 4247 virorum
855 4188 1426 4263 privilegiis,scilicet
1447 4190 1980 4258 Leonis,Paschalis

332 4281 574 4355 Eugenii
608 4285 666 4337 et
695 4279 977 4352 Gregorii,
1000 4277 1318 4334 stabilitam
1368 4295 1518 4345 esse,
1544 4283 1602 4336 et
1620 4296 1854 4336 omnem
1875 4280 1981 4336 ho-

333 4371 552 4427 minem
582 4370 804 4425 eisdem
834 4366 1154 4441 privilegiis
1175 4371 1310 4424 ante
1327 4385 1434 4424 nos
1455 4368 1704 4436 reiectis,
1727 4369 1828 4440 qui
1860 4369 1981 4425 haec

333 4457 556 4516 sancita
600 4457 796 4528 aliquo
844 4456 1016 4512 modo
1063 4455 1390 4523 irritaverit,
1424 4455 1982 4514 anathematizatum

333 4546 845 4617 constare,absque
868 4544 987 4600 ulla
1008 4545 1392 4619 ambiguitate
1413 4543 1750 4601 didicimus.
1773 4545 1854 4602 Ex
1880 4548 1980 4604 ab-

2087 3392 2370 3459 tium,nec
2399 3407 2514 3448 non
2539 3390 2629 3447 avi
2649 3391 2954 3464 patrisque
2983 3391 3171 3449 nostri
3203 3395 3380 3464 atque
3407 3394 3611 3448 nostra
3631 3407 3748 3447 caa—

2087 3484 2464 3553 terorumque
2493 3479 2761 3560 videlicet
2781 3497 2987 3555 regum
3035 3481 3136 3553 qui
3173 3481 3233 3536 in
3256 3479 3524 3536 eamdem
3549 3478 3742 3536 Eccle-

2089 3569 2238 3628 siam
2262 3569 2563 3642 justitiam
2594 3569 2708 3626 sibi
2738 3569 3079 3643 denegando
3111 3573 3494 3642 peccaverunt
3513 3568 3747 3625 anima-

2089 3675 2222 3715 rum
2268 3657 2524 3714 remedio
2568 3661 2626 3714 et
2669 3657 3036 3724 liberatione,
3065 3661 3123 3714 et
3173 3658 3440 3729 ejusdem
3480 3657 3745 3731 episcopi

2090 3747 2296 3804 sedula
2313 3750 2371 3804 et
2388 3747 2671 3803 diuturna
2687 3745 3379 3819 proclamatione,nostm
3397 3746 3745 3803 immunita-

2088 3836 2166 3892 tis
2183 3840 2239 3892 et
2250 3835 2535 3894 libertatis
2559 3839 2912 3910 praeceptum
2926 3852 3104 3908 super
3115 3835 3336 3892 eisdem
3357 3835 3604 3892 decimis
3619 3834 3744 3908 epi-

2089 3942 2263 3999 scopo
2277 3941 2514 3998 suaeque
2533 3924 2801 3981 Ecclesiae
2823 3924 3188 3982 stabiliendis
3209 3923 3334 3980 ﬁeri
3355 3923 3736 3981 decrevimus.

2092 4014 2494 4087 Prsecipientes
2505 4031 2641 4088 ergo
2661 4015 2942 4086 jubemus
2953 4017 3020 4070 ut
3031 4013 3182 4070 sicut
3202 4011 3462 4086 reliquiae
3483 4013 3544 4070 in
3560 4029 3739 4086 regno

2089 4107 2289 4160 nostro
2303 4107 2532 4160 ‘sanctae
2550 4103 2652 4160 Dei
2673 4102 2942 4160 Ecclesia
2964 4103 3037 4160 ab
3059 4107 3496 4160 antecessorum
3518 4105 3744 4159 nostro-

2090 4208 2223 4247 rum
2263 4208 2468 4265 regum
2516 4195 2573 4248 et
2619 4192 3040 4265 imperatorum
3066 4191 3373 4264 praeceptis
3420 4193 3478 4247 et
3504 4190 3744 4264 scriptis

2091 4279 2422 4337 stabilitatas
2452 4281 2805 4347 consistunt,
2837 4280 2920 4337 ita
2947 4285 3006 4338 et
3030 4280 3152 4336 haec
3192 4281 3436 4337 Osnebr.
3483 4278 3748 4337 Ecclesia

2090 4386 2194 4441 per
2237 4369 2346 4426 hoc
2391 4373 2660 4427 nostrum
2691 4373 3064 4442 praeceptum,
3100 4369 3344 4426 Domino
3393 4367 3742 4442 opitulante,

2089 4457 2349 4515 stabilita
2360 4457 3054 4516 consistat.Concedimus
3073 4458 3250 4515 etiam
3263 4458 3454 4514 eidem
3469 4457 3746 4530 episcopo

2089 4551 2146 4604 et
2191 4546 2487 4604 licentiam
2538 4547 2771 4616 damus,
2808 4547 2927 4604 imo
2975 4546 3372 4620 praecipimus,
3413 4546 3744 4603 secundum

334 4636 486 4692 batis
513 4638 709 4691 autem
740 4633 955 4706 scripto
986 4635 1141 4706 quod
1173 4633 1370 4689 attulit
1406 4631 1588 4705 regali
1610 4634 1981 4722 auctoritate
2009 4655 2060 4722 Β
2089 4636 2276 4694 Caroli
2306 4635 2737 4692 institutionem
2789 4636 3050 4694 decimas
3083 4640 3431 4693 cunctorum
3462 4634 3619 4690 infra
3649 4635 3742 4691 sui

333 4725 676 4780 conﬁrmato
697 4723 994 4795 juniorem
1026 4722 1383 4779 Ludovicum
1406 4721 1725 4791 quamdam
1775 4723 1981 4781 cellam

333 4812 663 4871 Corbeiensi
693 4811 968 4883 ecclesia},
992 4811 1230 4867 nomine
1261 4808 1979 4880 Meppiam,Herifurdensi

335 4908 528 4959 autem
557 4902 884 4967 ecclesiam,
918 4901 1156 4957 nomine
1186 4897 1582 4966 Bunede,cum
1603 4900 1847 4957 decimis
1868 4901 1978 4958 sibi

335 4992 761 5066 pertinentibus
791 4991 851 5046 in
875 4990 1214 5062 episcopatu
1246 4986 1472 5042 Osnebr
1502 4989 1860 5046 concessisse
1889 4990 1978 5046 in-

332 5080 771 5138 telleximus.Ad
795 5079 917 5133 haec
938 5074 1311 5147 infringenda
1337 5079 1394 5130 et
1424 5075 1799 5134 adnihilanda
1823 5080 1978 5150 ejus-

334 5171 465 5228 dem
489 5168 745 5242 junioris
780 5164 1050 5221 Ludovici
1067 5162 1529 5234 chartamipsius
1545 5167 1781 5237 propria
1801 5184 1978 5224 manu

333 5261 666 5316 roboratam
698 5259 755 5311 et
786 5253 979 5326 sigillo
1011 5253 1139 5324 ejus
1168 5251 1526 5323 assignatam
1575 5255 1882 5329 episcopus
1919 5257 1979 5314 in

335 5348 528 5421 palam
560 5342 973 5420 proferebat,in
1005 5357 1121 5412 qua
1143 5340 1298 5397 idem
1320 5343 1644 5401 Ludovicus
1664 5346 1753 5402 avi
1776 5348 1982 5419 patris-

335 5455 447 5509 que
480 5434 572 5492 sui
603 5436 824 5491 statuta
841 5447 1018 5502 super
1029 5430 1246 5486 eisdem
1261 5431 1501 5489 decimis
1523 5436 1774 5506 praefatae
1796 5436 1980 5494 Osna-

336 5523 654 5598 bruggensi
688 5519 942 5577 ecclesiae
967 5519 1248 5575 stabilivit
1295 5524 1352 5576 et
1379 5521 1439 5576 in
1465 5526 1803 5581 earumdem
1827 5527 1980 5583 deci-

338 5629 566 5668 marum
591 5609 1002 5666 traditionibus
1023 5608 1346 5681 quidquam
1380 5610 1781 5685 derogasse,ut
1811 5616 1983 5672 abba-

337 5701 416 5758 tis
465 5700 684 5772 scripta
729 5698 1006 5768 referunt,
1055 5697 1381 5772 denegavit.
1417 5699 1642 5759 Abbate
1689 5706 1885 5762 autem
1925 5710 1984 5763 et

2093 4724 2464 4798 episcopatus
2493 4724 2776 4782 terminos
2807 4725 3223 4795 habitantium,
3249 4724 3466 4797 quibus
3491 4724 3618 4797 jam
3640 4723 3745 4780 diu

2091 4813 2312 4886 injuste
2336 4813 2608 4885 caruit,in
2627 4831 2796 4871 suam
2827 4815 3217 4888 episcopalem
3238 4815 3586 4886 potestatem
3606 4811 3746 4869 reci-

2093 4920 2248 4977 pere,
2281 4902 2512 4960 nemine
2541 4904 3107 4961 contradicente.Sed
3137 4903 3310 4960 liceat
3338 4901 3575 4976 praefato
3615 4901 3746 4975 epi—

2090 5010 2264 5066 scopo
2286 4993 2522 5049 easdem
2553 4993 2813 5050 decimas
2834 4997 3191 5066 ceterasque
3211 5009 3303 5049 res
3326 5009 3445 5048 suae
3469 4989 3743 5048 Ecclesia

2090 5099 2238 5158 quas
2269 5081 2441 5137 modo
2472 5081 2732 5154 possidet
2759 5080 2847 5137 vel
2877 5082 3153 5154 deinceps
3183 5079 3522 5154 acquisierit
3543 5079 3742 5152 quieto

2090 5170 2294 5226 ordine
2323 5169 2641 5242 possidere,
2675 5187 2930 5242 suasque
2967 5169 3274 5238 Ecclesiae,
3309 5169 3482 5226 sicuti
3502 5172 3745 5249 cataro-

2089 5276 2222 5315 rum
2248 5260 2348 5330 jus
2370 5262 2458 5314 est
2488 5257 3210 5333 episcoporum,corrigere
3231 5263 3289 5315 et
3306 5274 3508 5315 earum
3531 5273 3742 5314 causas

2089 5349 2311 5421 absque
2343 5346 2465 5404 ulla
2493 5348 2948 5406 contradictione
2978 5347 3527 5422 disponere.Sicque
3551 5344 3742 5402 ﬁrmi-

2089 5438 2262 5494 miter
2291 5436 2616 5494 stabilitum
2647 5441 2738 5494 est
2768 5441 2834 5494 ut
2861 5439 3055 5495 cuncti
3077 5439 3205 5510 ejus
3229 5451 3599 5494 successores
3621 5433 3743 5491 haec

2089 5527 2293 5585 eadem
2323 5543 2358 5582 a
2386 5526 2555 5584 nobis
2578 5526 2802 5584 sancite
2831 5527 2958 5600 pari
2988 5528 3162 5584 modo
3192 5526 3536 5584 sortiantur.
3568 5524 3640 5580 Et
3678 5527 3744 5579 ut

2089 5615 2210 5673 haec
2239 5615 2554 5672 auctoritas
2583 5619 2784 5672 nostra
2807 5616 3125 5675 ﬁrmiorem
3147 5616 3209 5674 in
3229 5615 3330 5674 Dei
3353 5614 3592 5672 nomine
3637 5612 3745 5670 ha-

2087 5705 2222 5765 beat
2245 5705 2647 5776 stabilitatem,
2681 5721 2860 5765 manu
2892 5709 3094 5766 nostra
3138 5704 3376 5780 propria
3420 5707 3487 5762 ut
3527 5702 3742 5762 subtus
