  <div class='ocr_page' id='page_1' title='image "/cluster/home/n/w/nwhite01/storage/ocr_20150623/151/umn.31951002477444s/693.png"; bbox 0 0 3962 6394; ppageno 0'>
   <div class='ocr_carea' id='block_1_1' title="bbox 344 411 493 480">
    <p class='ocr_par' dir='ltr' id='par_1_1' title="bbox 344 411 493 480">
     <span class='ocr_line' id='line_1_1' title="bbox 344 411 493 480; baseline 0.007 -1"><span class='ocrx_word' id='word_1_1' title='bbox 344 411 493 480; x_wconf 76' lang='grc'><strong>1181</strong></span> 
     </span>
    </p>
   </div>
   <div class='ocr_carea' id='block_1_2' title="bbox 1715 408 2396 480">
    <p class='ocr_par' dir='ltr' id='par_1_2' title="bbox 1715 408 2396 480">
     <span class='ocr_line' id='line_1_2' title="bbox 1715 408 2396 480; baseline -0.004 -2"><span class='ocrx_word' id='word_1_2' title='bbox 1715 411 2029 480; x_wconf 87' lang='lat' dir='ltr'><strong>MONUM.</strong></span> <span class='ocrx_word' id='word_1_3' title='bbox 2073 408 2396 476; x_wconf 85' lang='lat' dir='ltr'><strong>DlPLOM.</strong></span> 
     </span>
    </p>
   </div>
   <div class='ocr_carea' id='block_1_3' title="bbox 3607 411 3773 480">
    <p class='ocr_par' dir='ltr' id='par_1_3' title="bbox 3607 411 3773 480">
     <span class='ocr_line' id='line_1_3' title="bbox 3607 411 3773 480; baseline 0.018 -3"><span class='ocrx_word' id='word_1_4' title='bbox 3607 411 3773 480; x_wconf 70' lang='grc'><strong>1152</strong></span> 
     </span>
    </p>
   </div>
   <div class='ocr_carea' id='block_1_4' title="bbox 342 542 3771 621">
    <p class='ocr_par' dir='ltr' id='par_1_4' title="bbox 342 542 3771 621">
     <span class='ocr_line' id='line_1_4' title="bbox 342 542 3771 621; baseline 0 -14"><span class='ocrx_word' id='word_1_5' title='bbox 342 549 402 607; x_wconf 93' lang='lat' dir='ltr'><strong>in</strong></span> <span class='ocrx_word' id='word_1_6' title='bbox 433 547 690 616; x_wconf 89' lang='lat' dir='ltr'><strong>Caleina,</strong></span> <span class='ocrx_word' id='word_1_7' title='bbox 720 551 780 606; x_wconf 88' lang='lat' dir='ltr'><strong>et</strong></span> <span class='ocrx_word' id='word_1_8' title='bbox 809 549 971 606; x_wconf 90' lang='lat' dir='ltr'><strong>curte</strong></span> <span class='ocrx_word' id='word_1_9' title='bbox 999 545 1284 616; x_wconf 77' lang='lat' dir='ltr'><strong>Vescona,</strong></span> <span class='ocrx_word' id='word_1_10' title='bbox 1314 547 1374 605; x_wconf 93' lang='lat' dir='ltr'><strong>in</strong></span> <span class='ocrx_word' id='word_1_11' title='bbox 1406 547 1686 618; x_wconf 87' lang='lat' dir='ltr'><strong>Taverna,</strong></span> <span class='ocrx_word' id='word_1_12' title='bbox 1719 553 1778 606; x_wconf 88' lang='lat' dir='ltr'><strong>et</strong></span> <span class='ocrx_word' id='word_1_13' title='bbox 1804 548 1864 605; x_wconf 92' lang='lat' dir='ltr'><strong>in</strong></span> <span class='ocrx_word' id='word_1_14' title='bbox 1891 551 1997 606; x_wconf 83' lang='lat' dir='ltr'><strong>Ar-</strong></span> <span class='ocrx_word' id='word_1_15' title='bbox 2028 551 2084 621; x_wconf 76' lang='grc' dir='ltr'><strong>Α</strong></span> <span class='ocrx_word' id='word_1_16' title='bbox 2113 550 2170 604; x_wconf 89' lang='lat' dir='ltr'><strong>et</strong></span> <span class='ocrx_word' id='word_1_17' title='bbox 2197 543 2448 603; x_wconf 80' lang='lat' dir='ltr'><strong>ﬁrmiter</strong></span> <span class='ocrx_word' id='word_1_18' title='bbox 2493 542 2831 618; x_wconf 78' lang='lat' dir='ltr'><strong>statuimus,</strong></span> <span class='ocrx_word' id='word_1_19' title='bbox 2873 561 3234 620; x_wconf 87' lang='lat' dir='ltr'><strong>quemquam</strong></span> <span class='ocrx_word' id='word_1_20' title='bbox 3283 544 3597 606; x_wconf 86' lang='lat' dir='ltr'><strong>hominum</strong></span> <span class='ocrx_word' id='word_1_21' title='bbox 3648 547 3771 608; x_wconf 85' lang='lat' dir='ltr'><strong>nisi</strong></span> 
     </span>
    </p>
   </div>
   <div class='ocr_carea' id='block_1_5' title="bbox 340 638 1990 711">
    <p class='ocr_par' dir='ltr' id='par_1_5' title="bbox 340 638 1990 711">
     <span class='ocr_line' id='line_1_5' title="bbox 340 638 1990 711; baseline -0.001 -16"><span class='ocrx_word' id='word_1_22' title='bbox 340 639 518 709; x_wconf 87' lang='lat' dir='ltr'><strong>biola,</strong></span> <span class='ocrx_word' id='word_1_23' title='bbox 546 638 854 695; x_wconf 83' lang='lat' dir='ltr'><strong>ecclesiam</strong></span> <span class='ocrx_word' id='word_1_24' title='bbox 886 640 1114 695; x_wconf 66' lang='lat' dir='ltr'><strong>Sanctae</strong></span> <span class='ocrx_word' id='word_1_25' title='bbox 1159 639 1421 711; x_wconf 84' lang='lat' dir='ltr'><strong>Agnetis,</strong></span> <span class='ocrx_word' id='word_1_26' title='bbox 1453 638 1761 696; x_wconf 82' lang='lat' dir='ltr'><strong>ecclesiam</strong></span> <span class='ocrx_word' id='word_1_27' title='bbox 1792 638 1990 695; x_wconf 86' lang='lat' dir='ltr'><strong>Sancti</strong></span> 
     </span>
    </p>
   </div>
   <div class='ocr_carea' id='block_1_6' title="bbox 343 727 1989 795">
    <p class='ocr_par' dir='ltr' id='par_1_6' title="bbox 343 727 1989 795">
     <span class='ocr_line' id='line_1_6' title="bbox 343 727 1989 795; baseline -0.001 -11"><span class='ocrx_word' id='word_1_28' title='bbox 343 728 497 785; x_wconf 87' lang='lat' dir='ltr'><strong>Petri</strong></span> <span class='ocrx_word' id='word_1_29' title='bbox 527 729 586 783; x_wconf 91' lang='lat' dir='ltr'><strong>in</strong></span> <span class='ocrx_word' id='word_1_30' title='bbox 620 729 812 784; x_wconf 86' lang='lat' dir='ltr'><strong>Monte</strong></span> <span class='ocrx_word' id='word_1_31' title='bbox 859 727 1110 795; x_wconf 89' lang='lat' dir='ltr'><strong>Sinderi,</strong></span> <span class='ocrx_word' id='word_1_32' title='bbox 1145 731 1202 783; x_wconf 91' lang='lat' dir='ltr'><strong>et</strong></span> <span class='ocrx_word' id='word_1_33' title='bbox 1233 732 1395 784; x_wconf 90' lang='lat' dir='ltr'><strong>curte</strong></span> <span class='ocrx_word' id='word_1_34' title='bbox 1441 727 1590 784; x_wconf 89' lang='lat' dir='ltr'><strong>delle</strong></span> <span class='ocrx_word' id='word_1_35' title='bbox 1639 727 1820 794; x_wconf 90' lang='lat' dir='ltr'><strong>Stine,</strong></span> <span class='ocrx_word' id='word_1_36' title='bbox 1855 745 1989 784; x_wconf 92' lang='lat' dir='ltr'><strong>cum</strong></span> 
     </span>
    </p>
   </div>
   <div class='ocr_carea' id='block_1_7' title="bbox 341 815 1990 889">
    <p class='ocr_par' dir='ltr' id='par_1_7' title="bbox 341 815 1990 889">
     <span class='ocr_line' id='line_1_7' title="bbox 341 815 1990 889; baseline -0.001 -16"><span class='ocrx_word' id='word_1_37' title='bbox 341 818 471 889; x_wconf 90' lang='lat' dir='ltr'><strong>ipso</strong></span> <span class='ocrx_word' id='word_1_38' title='bbox 503 815 763 883; x_wconf 84' lang='lat' dir='ltr'><strong>castello,</strong></span> <span class='ocrx_word' id='word_1_39' title='bbox 797 815 1104 872; x_wconf 85' lang='lat' dir='ltr'><strong>ecclesiam</strong></span> <span class='ocrx_word' id='word_1_40' title='bbox 1135 816 1331 872; x_wconf 86' lang='lat' dir='ltr'><strong>Sancti</strong></span> <span class='ocrx_word' id='word_1_41' title='bbox 1359 817 1653 873; x_wconf 85' lang='lat' dir='ltr'><strong>Anastasii</strong></span> <span class='ocrx_word' id='word_1_42' title='bbox 1687 817 1744 872; x_wconf 94' lang='lat' dir='ltr'><strong>in</strong></span> <span class='ocrx_word' id='word_1_43' title='bbox 1779 817 1990 872; x_wconf 86' lang='lat' dir='ltr'><strong>Hania-</strong></span> 
     </span>
    </p>
   </div>
   <div class='ocr_carea' id='block_1_8' title="bbox 341 905 1990 977">
    <p class='ocr_par' dir='ltr' id='par_1_8' title="bbox 341 905 1990 977">
     <span class='ocr_line' id='line_1_8' title="bbox 341 905 1990 977; baseline -0.001 -15"><span class='ocrx_word' id='word_1_44' title='bbox 341 907 447 974; x_wconf 89' lang='lat' dir='ltr'><strong>ria,</strong></span> <span class='ocrx_word' id='word_1_45' title='bbox 481 912 538 962; x_wconf 88' lang='lat' dir='ltr'><strong>et</strong></span> <span class='ocrx_word' id='word_1_46' title='bbox 578 909 740 961; x_wconf 89' lang='lat' dir='ltr'><strong>curte</strong></span> <span class='ocrx_word' id='word_1_47' title='bbox 793 921 922 977; x_wconf 74' lang='lat' dir='ltr'><strong>quae</strong></span> <span class='ocrx_word' id='word_1_48' title='bbox 967 909 1058 960; x_wconf 81' lang='lat' dir='ltr'><strong>est</strong></span> <span class='ocrx_word' id='word_1_49' title='bbox 1101 905 1158 959; x_wconf 93' lang='lat' dir='ltr'><strong>in</strong></span> <span class='ocrx_word' id='word_1_50' title='bbox 1191 905 1358 977; x_wconf 89' lang='lat' dir='ltr'><strong>plebe</strong></span> <span class='ocrx_word' id='word_1_51' title='bbox 1388 906 1461 960; x_wconf 89' lang='lat' dir='ltr'><strong>de</strong></span> <span class='ocrx_word' id='word_1_52' title='bbox 1489 907 1700 961; x_wconf 88' lang='lat' dir='ltr'><strong>Sancto</strong></span> <span class='ocrx_word' id='word_1_53' title='bbox 1731 907 1898 962; x_wconf 91' lang='lat' dir='ltr'><strong>Petro</strong></span> <span class='ocrx_word' id='word_1_54' title='bbox 1930 906 1990 961; x_wconf 91' lang='lat' dir='ltr'><strong>in</strong></span> 
     </span>
    </p>
   </div>
   <div class='ocr_carea' id='block_1_9' title="bbox 337 993 1988 1066">
    <p class='ocr_par' dir='ltr' id='par_1_9' title="bbox 337 993 1988 1066">
     <span class='ocr_line' id='line_1_9' title="bbox 337 993 1988 1066; baseline 0 -16"><span class='ocrx_word' id='word_1_55' title='bbox 337 993 522 1060; x_wconf 82' lang='lat' dir='ltr'><strong>Valle,</strong></span> <span class='ocrx_word' id='word_1_56' title='bbox 551 993 860 1050; x_wconf 88' lang='lat' dir='ltr'><strong>ecclesiam</strong></span> <span class='ocrx_word' id='word_1_57' title='bbox 891 993 1092 1048; x_wconf 88' lang='lat' dir='ltr'><strong>Sancti</strong></span> <span class='ocrx_word' id='word_1_58' title='bbox 1124 993 1349 1066; x_wconf 91' lang='lat' dir='ltr'><strong>Angeli,</strong></span> <span class='ocrx_word' id='word_1_59' title='bbox 1376 1010 1506 1066; x_wconf 67' lang='lat' dir='ltr'><strong>quas</strong></span> <span class='ocrx_word' id='word_1_60' title='bbox 1533 998 1622 1050; x_wconf 89' lang='lat' dir='ltr'><strong>est</strong></span> <span class='ocrx_word' id='word_1_61' title='bbox 1653 995 1713 1050; x_wconf 92' lang='lat' dir='ltr'><strong>in</strong></span> <span class='ocrx_word' id='word_1_62' title='bbox 1742 994 1988 1066; x_wconf 88' lang='lat' dir='ltr'><strong>Vajano.</strong></span> 
     </span>
    </p>
   </div>
   <div class='ocr_carea' id='block_1_10' title="bbox 337 1080 1988 1153">
    <p class='ocr_par' dir='ltr' id='par_1_10' title="bbox 337 1080 1988 1153">
     <span class='ocr_line' id='line_1_10' title="bbox 337 1080 1988 1153; baseline 0 -15"><span class='ocrx_word' id='word_1_63' title='bbox 337 1081 646 1139; x_wconf 88' lang='lat' dir='ltr'><strong>ecclesiam</strong></span> <span class='ocrx_word' id='word_1_64' title='bbox 705 1080 905 1136; x_wconf 81' lang='lat' dir='ltr'><strong>Sancti</strong></span> <span class='ocrx_word' id='word_1_65' title='bbox 962 1080 1163 1153; x_wconf 88' lang='lat' dir='ltr'><strong>Angeli</strong></span> <span class='ocrx_word' id='word_1_66' title='bbox 1232 1081 1291 1136; x_wconf 89' lang='lat' dir='ltr'><strong>in</strong></span> <span class='ocrx_word' id='word_1_67' title='bbox 1350 1081 1620 1150; x_wconf 89' lang='lat' dir='ltr'><strong>Certano,</strong></span> <span class='ocrx_word' id='word_1_68' title='bbox 1680 1082 1988 1138; x_wconf 85' lang='lat' dir='ltr'><strong>ecclesiam</strong></span> 
     </span>
    </p>
   </div>
   <div class='ocr_carea' id='block_1_11' title="bbox 338 1169 1987 1243">
    <p class='ocr_par' dir='ltr' id='par_1_11' title="bbox 338 1169 1987 1243">
     <span class='ocr_line' id='line_1_11' title="bbox 338 1169 1987 1243; baseline -0.001 -16"><span class='ocrx_word' id='word_1_69' title='bbox 338 1172 539 1227; x_wconf 88' lang='lat' dir='ltr'><strong>Sancti</strong></span> <span class='ocrx_word' id='word_1_70' title='bbox 569 1171 723 1226; x_wconf 90' lang='lat' dir='ltr'><strong>Petri</strong></span> <span class='ocrx_word' id='word_1_71' title='bbox 755 1170 814 1225; x_wconf 91' lang='lat' dir='ltr'><strong>in</strong></span> <span class='ocrx_word' id='word_1_72' title='bbox 845 1169 1324 1236; x_wconf 89' lang='lat' dir='ltr'><strong>Baruntulo,cum</strong></span> <span class='ocrx_word' id='word_1_73' title='bbox 1357 1170 1484 1241; x_wconf 90' lang='lat' dir='ltr'><strong>ipso</strong></span> <span class='ocrx_word' id='word_1_74' title='bbox 1515 1171 1652 1243; x_wconf 89' lang='lat' dir='ltr'><strong>Pojo</strong></span> <span class='ocrx_word' id='word_1_75' title='bbox 1682 1171 1742 1226; x_wconf 90' lang='lat' dir='ltr'><strong>in</strong></span> <span class='ocrx_word' id='word_1_76' title='bbox 1775 1171 1987 1227; x_wconf 88' lang='lat' dir='ltr'><strong>Cerial-</strong></span> 
     </span>
    </p>
   </div>
   <div class='ocr_carea' id='block_1_12' title="bbox 337 1258 1990 1331">
    <p class='ocr_par' dir='ltr' id='par_1_12' title="bbox 337 1258 1990 1331">
     <span class='ocr_line' id='line_1_12' title="bbox 337 1258 1990 1331; baseline -0.001 -15"><span class='ocrx_word' id='word_1_77' title='bbox 337 1264 418 1326; x_wconf 88' lang='lat' dir='ltr'><strong>ta,</strong></span> <span class='ocrx_word' id='word_1_78' title='bbox 452 1258 757 1316; x_wconf 86' lang='lat' dir='ltr'><strong>ecclesiam</strong></span> <span class='ocrx_word' id='word_1_79' title='bbox 784 1258 980 1315; x_wconf 86' lang='lat' dir='ltr'><strong>Sancti</strong></span> <span class='ocrx_word' id='word_1_80' title='bbox 1013 1259 1176 1315; x_wconf 88' lang='lat' dir='ltr'><strong>Pauli</strong></span> <span class='ocrx_word' id='word_1_81' title='bbox 1208 1258 1267 1314; x_wconf 92' lang='lat' dir='ltr'><strong>in</strong></span> <span class='ocrx_word' id='word_1_82' title='bbox 1318 1259 1502 1331; x_wconf 88' lang='lat' dir='ltr'><strong>burgo</strong></span> <span class='ocrx_word' id='word_1_83' title='bbox 1532 1260 1604 1314; x_wconf 92' lang='lat' dir='ltr'><strong>de</strong></span> <span class='ocrx_word' id='word_1_84' title='bbox 1636 1260 1990 1325; x_wconf 89' lang='lat' dir='ltr'><strong>Sena,eccle-</strong></span> 
     </span>
    </p>
   </div>
   <div class='ocr_carea' id='block_1_13' title="bbox 337 1347 1990 1420">
    <p class='ocr_par' dir='ltr' id='par_1_13' title="bbox 337 1347 1990 1420">
     <span class='ocr_line' id='line_1_13' title="bbox 337 1347 1990 1420; baseline 0 -16"><span class='ocrx_word' id='word_1_85' title='bbox 337 1350 486 1404; x_wconf 86' lang='lat' dir='ltr'><strong>siam</strong></span> <span class='ocrx_word' id='word_1_86' title='bbox 535 1347 730 1404; x_wconf 89' lang='lat' dir='ltr'><strong>Sancti</strong></span> <span class='ocrx_word' id='word_1_87' title='bbox 780 1347 1001 1415; x_wconf 90' lang='lat' dir='ltr'><strong>Minati,</strong></span> <span class='ocrx_word' id='word_1_88' title='bbox 1056 1347 1366 1403; x_wconf 87' lang='lat' dir='ltr'><strong>ecclesiam</strong></span> <span class='ocrx_word' id='word_1_89' title='bbox 1417 1348 1613 1403; x_wconf 90' lang='lat' dir='ltr'><strong>Sancti</strong></span> <span class='ocrx_word' id='word_1_90' title='bbox 1664 1348 1886 1420; x_wconf 88' lang='lat' dir='ltr'><strong>Angeli,</strong></span> <span class='ocrx_word' id='word_1_91' title='bbox 1932 1354 1990 1404; x_wconf 91' lang='lat' dir='ltr'><strong>et</strong></span> 
     </span>
    </p>
   </div>
   <div class='ocr_carea' id='block_1_14' title="bbox 335 1435 1988 1494">
    <p class='ocr_par' dir='ltr' id='par_1_14' title="bbox 335 1435 1988 1494">
     <span class='ocr_line' id='line_1_14' title="bbox 335 1435 1988 1494; baseline 0.001 -2"><span class='ocrx_word' id='word_1_92' title='bbox 335 1436 709 1492; x_wconf 86' lang='lat' dir='ltr'><strong>medietatem</strong></span> <span class='ocrx_word' id='word_1_93' title='bbox 733 1435 992 1493; x_wconf 75' lang='lat' dir='ltr'><strong>ecclesias</strong></span> <span class='ocrx_word' id='word_1_94' title='bbox 1022 1436 1218 1492; x_wconf 87' lang='lat' dir='ltr'><strong>Sancti</strong></span> <span class='ocrx_word' id='word_1_95' title='bbox 1251 1436 1488 1492; x_wconf 83' lang='lat' dir='ltr'><strong>Romuli</strong></span> <span class='ocrx_word' id='word_1_96' title='bbox 1538 1454 1670 1492; x_wconf 91' lang='lat' dir='ltr'><strong>cum</strong></span> <span class='ocrx_word' id='word_1_97' title='bbox 1711 1437 1988 1494; x_wconf 91' lang='lat' dir='ltr'><strong>omnibus</strong></span> 
     </span>
    </p>
   </div>
   <div class='ocr_carea' id='block_1_15' title="bbox 334 1523 1985 1598">
    <p class='ocr_par' dir='ltr' id='par_1_15' title="bbox 334 1523 1985 1598">
     <span class='ocr_line' id='line_1_15' title="bbox 334 1523 1985 1598; baseline -0.001 -16"><span class='ocrx_word' id='word_1_98' title='bbox 334 1525 702 1598; x_wconf 89' lang='lat' dir='ltr'><strong>pertinentiis</strong></span> <span class='ocrx_word' id='word_1_99' title='bbox 719 1529 777 1582; x_wconf 90' lang='lat' dir='ltr'><strong>et</strong></span> <span class='ocrx_word' id='word_1_100' title='bbox 808 1525 1015 1582; x_wconf 88' lang='lat' dir='ltr'><strong>usibus</strong></span> <span class='ocrx_word' id='word_1_101' title='bbox 1035 1529 1323 1592; x_wconf 90' lang='lat' dir='ltr'><strong>earum,et</strong></span> <span class='ocrx_word' id='word_1_102' title='bbox 1347 1523 1542 1582; x_wconf 91' lang='lat' dir='ltr'><strong>locum</strong></span> <span class='ocrx_word' id='word_1_103' title='bbox 1574 1526 1769 1582; x_wconf 87' lang='lat' dir='ltr'><strong>Sancti</strong></span> <span class='ocrx_word' id='word_1_104' title='bbox 1790 1528 1985 1598; x_wconf 90' lang='lat' dir='ltr'><strong>Augu-</strong></span> 
     </span>
    </p>
   </div>
   <div class='ocr_carea' id='block_1_16' title="bbox 335 1614 1986 1687">
    <p class='ocr_par' dir='ltr' id='par_1_16' title="bbox 335 1614 1986 1687">
     <span class='ocr_line' id='line_1_16' title="bbox 335 1614 1986 1687; baseline 0 -16"><span class='ocrx_word' id='word_1_105' title='bbox 335 1614 500 1683; x_wconf 87' lang='lat' dir='ltr'><strong>stini,</strong></span> <span class='ocrx_word' id='word_1_106' title='bbox 533 1615 593 1669; x_wconf 92' lang='lat' dir='ltr'><strong>in</strong></span> <span class='ocrx_word' id='word_1_107' title='bbox 618 1631 736 1687; x_wconf 89' lang='lat' dir='ltr'><strong>quo</strong></span> <span class='ocrx_word' id='word_1_108' title='bbox 767 1618 1026 1670; x_wconf 87' lang='lat' dir='ltr'><strong>castrum</strong></span> <span class='ocrx_word' id='word_1_109' title='bbox 1057 1614 1410 1671; x_wconf 74' lang='lat' dir='ltr'><strong>aedificatum</strong></span> <span class='ocrx_word' id='word_1_110' title='bbox 1464 1619 1573 1683; x_wconf 89' lang='lat' dir='ltr'><strong>est,</strong></span> <span class='ocrx_word' id='word_1_111' title='bbox 1605 1619 1662 1670; x_wconf 91' lang='lat' dir='ltr'><strong>et</strong></span> <span class='ocrx_word' id='word_1_112' title='bbox 1712 1618 1868 1670; x_wconf 90' lang='lat' dir='ltr'><strong>terra</strong></span> <span class='ocrx_word' id='word_1_113' title='bbox 1915 1616 1986 1671; x_wconf 91' lang='lat' dir='ltr'><strong>de</strong></span> 
     </span>
    </p>
   </div>
   <div class='ocr_carea' id='block_1_17' title="bbox 336 1703 1984 1776">
    <p class='ocr_par' dir='ltr' id='par_1_17' title="bbox 336 1703 1984 1776">
     <span class='ocr_line' id='line_1_17' title="bbox 336 1703 1984 1776; baseline 0 -16"><span class='ocrx_word' id='word_1_114' title='bbox 336 1703 771 1770; x_wconf 87' lang='lat' dir='ltr'><strong>Cursiniano,et</strong></span> <span class='ocrx_word' id='word_1_115' title='bbox 795 1703 942 1759; x_wconf 92' lang='lat' dir='ltr'><strong>duos</strong></span> <span class='ocrx_word' id='word_1_116' title='bbox 973 1720 1213 1759; x_wconf 87' lang='lat' dir='ltr'><strong>mansos</strong></span> <span class='ocrx_word' id='word_1_117' title='bbox 1245 1703 1304 1758; x_wconf 91' lang='lat' dir='ltr'><strong>in</strong></span> <span class='ocrx_word' id='word_1_118' title='bbox 1336 1703 1775 1776; x_wconf 88' lang='lat' dir='ltr'><strong>Campriano,et</strong></span> <span class='ocrx_word' id='word_1_119' title='bbox 1803 1703 1984 1760; x_wconf 79' lang='lat' dir='ltr'><strong>eccle-</strong></span> 
     </span>
    </p>
   </div>
   <div class='ocr_carea' id='block_1_18' title="bbox 333 1791 1984 1865">
    <p class='ocr_par' dir='ltr' id='par_1_18' title="bbox 333 1791 1984 1865">
     <span class='ocr_line' id='line_1_18' title="bbox 333 1791 1984 1865; baseline 0 -17"><span class='ocrx_word' id='word_1_120' title='bbox 333 1793 484 1850; x_wconf 89' lang='lat' dir='ltr'><strong>siam</strong></span> <span class='ocrx_word' id='word_1_121' title='bbox 513 1793 705 1856; x_wconf 82' lang='lat' dir='ltr'><strong>Sancti</strong></span> <span class='ocrx_word' id='word_1_122' title='bbox 739 1793 905 1848; x_wconf 89' lang='lat' dir='ltr'><strong>Pauli</strong></span> <span class='ocrx_word' id='word_1_123' title='bbox 957 1793 1018 1848; x_wconf 92' lang='lat' dir='ltr'><strong>in</strong></span> <span class='ocrx_word' id='word_1_124' title='bbox 1071 1791 1310 1849; x_wconf 89' lang='lat' dir='ltr'><strong>castello</strong></span> <span class='ocrx_word' id='word_1_125' title='bbox 1353 1794 1423 1848; x_wconf 90' lang='lat' dir='ltr'><strong>de</strong></span> <span class='ocrx_word' id='word_1_126' title='bbox 1467 1792 1664 1865; x_wconf 88' lang='lat' dir='ltr'><strong>Origia</strong></span> <span class='ocrx_word' id='word_1_127' title='bbox 1692 1810 1827 1849; x_wconf 89' lang='lat' dir='ltr'><strong>cum</strong></span> <span class='ocrx_word' id='word_1_128' title='bbox 1859 1793 1984 1848; x_wconf 91' lang='lat' dir='ltr'><strong>suis</strong></span> 
     </span>
    </p>
   </div>
   <div class='ocr_carea' id='block_1_19' title="bbox 332 1880 2064 1988">
    <p class='ocr_par' dir='ltr' id='par_1_19' title="bbox 332 1880 2064 1988">
     <span class='ocr_line' id='line_1_19' title="bbox 332 1880 2064 1988; baseline 0 -50"><span class='ocrx_word' id='word_1_129' title='bbox 332 1881 726 1954; x_wconf 85' lang='lat' dir='ltr'><strong>pertinentiis,</strong></span> <span class='ocrx_word' id='word_1_130' title='bbox 760 1886 818 1936; x_wconf 91' lang='lat' dir='ltr'><strong>et</strong></span> <span class='ocrx_word' id='word_1_131' title='bbox 845 1880 1150 1937; x_wconf 89' lang='lat' dir='ltr'><strong>ecclesiam</strong></span> <span class='ocrx_word' id='word_1_132' title='bbox 1181 1881 1382 1937; x_wconf 89' lang='lat' dir='ltr'><strong>Sancti</strong></span> <span class='ocrx_word' id='word_1_133' title='bbox 1416 1881 1654 1953; x_wconf 90' lang='lat' dir='ltr'><strong>Eugenii</strong></span> <span class='ocrx_word' id='word_1_134' title='bbox 1694 1899 1828 1936; x_wconf 90' lang='lat' dir='ltr'><strong>cum</strong></span> <span class='ocrx_word' id='word_1_135' title='bbox 1861 1881 1985 1938; x_wconf 88' lang='lat' dir='ltr'><strong>suis</strong></span> <span class='ocrx_word' id='word_1_136' title='bbox 2015 1923 2064 1988; x_wconf 79' lang='grc' dir='ltr'><strong>Β</strong></span> 
     </span>
    </p>
   </div>
   <div class='ocr_carea' id='block_1_20' title="bbox 332 1969 1983 2043">
    <p class='ocr_par' dir='ltr' id='par_1_20' title="bbox 332 1969 1983 2043">
     <span class='ocr_line' id='line_1_20' title="bbox 332 1969 1983 2043; baseline -0.001 -17"><span class='ocrx_word' id='word_1_137' title='bbox 332 1969 696 2043; x_wconf 90' lang='lat' dir='ltr'><strong>appendiciis</strong></span> <span class='ocrx_word' id='word_1_138' title='bbox 729 1970 788 2024; x_wconf 90' lang='lat' dir='ltr'><strong>in</strong></span> <span class='ocrx_word' id='word_1_139' title='bbox 814 1969 1074 2040; x_wconf 88' lang='lat' dir='ltr'><strong>Poliano,</strong></span> <span class='ocrx_word' id='word_1_140' title='bbox 1107 1973 1166 2026; x_wconf 91' lang='lat' dir='ltr'><strong>et</strong></span> <span class='ocrx_word' id='word_1_141' title='bbox 1192 1972 1408 2025; x_wconf 87' lang='lat' dir='ltr'><strong>terram</strong></span> <span class='ocrx_word' id='word_1_142' title='bbox 1441 1970 1498 2025; x_wconf 91' lang='lat' dir='ltr'><strong>in</strong></span> <span class='ocrx_word' id='word_1_143' title='bbox 1531 1969 1904 2036; x_wconf 89' lang='lat' dir='ltr'><strong>Saturniano,</strong></span> <span class='ocrx_word' id='word_1_144' title='bbox 1925 1975 1983 2026; x_wconf 92' lang='lat' dir='ltr'><strong>et</strong></span> 
     </span>
    </p>
   </div>
   <div class='ocr_carea' id='block_1_21' title="bbox 333 2057 1980 2131">
    <p class='ocr_par' dir='ltr' id='par_1_21' title="bbox 333 2057 1980 2131">
     <span class='ocr_line' id='line_1_21' title="bbox 333 2057 1980 2131; baseline 0.001 -17"><span class='ocrx_word' id='word_1_145' title='bbox 333 2065 558 2115; x_wconf 86' lang='lat' dir='ltr'><strong>curtem</strong></span> <span class='ocrx_word' id='word_1_146' title='bbox 590 2059 661 2114; x_wconf 88' lang='lat' dir='ltr'><strong>de</strong></span> <span class='ocrx_word' id='word_1_147' title='bbox 694 2057 957 2125; x_wconf 90' lang='lat' dir='ltr'><strong>Serdille,</strong></span> <span class='ocrx_word' id='word_1_148' title='bbox 982 2062 1326 2131; x_wconf 81' lang='lat' dir='ltr'><strong>partemque</strong></span> <span class='ocrx_word' id='word_1_149' title='bbox 1357 2058 1578 2116; x_wconf 88' lang='lat' dir='ltr'><strong>castelli</strong></span> <span class='ocrx_word' id='word_1_150' title='bbox 1611 2059 1682 2114; x_wconf 92' lang='lat' dir='ltr'><strong>de</strong></span> <span class='ocrx_word' id='word_1_151' title='bbox 1713 2059 1980 2126; x_wconf 89' lang='lat' dir='ltr'><strong>Barcula,</strong></span> 
     </span>
    </p>
   </div>
   <div class='ocr_carea' id='block_1_22' title="bbox 333 2146 1982 2220">
    <p class='ocr_par' dir='ltr' id='par_1_22' title="bbox 333 2146 1982 2220">
     <span class='ocr_line' id='line_1_22' title="bbox 333 2146 1982 2220; baseline 0.001 -17"><span class='ocrx_word' id='word_1_152' title='bbox 333 2151 390 2204; x_wconf 87' lang='lat' dir='ltr'><strong>et</strong></span> <span class='ocrx_word' id='word_1_153' title='bbox 432 2151 660 2220; x_wconf 87' lang='lat' dir='ltr'><strong>partem</strong></span> <span class='ocrx_word' id='word_1_154' title='bbox 692 2148 763 2202; x_wconf 92' lang='lat' dir='ltr'><strong>de</strong></span> <span class='ocrx_word' id='word_1_155' title='bbox 813 2146 1051 2204; x_wconf 90' lang='lat' dir='ltr'><strong>castello</strong></span> <span class='ocrx_word' id='word_1_156' title='bbox 1098 2147 1428 2216; x_wconf 87' lang='lat' dir='ltr'><strong>Leciniano,</strong></span> <span class='ocrx_word' id='word_1_157' title='bbox 1462 2165 1567 2204; x_wconf 90' lang='lat' dir='ltr'><strong>nec</strong></span> <span class='ocrx_word' id='word_1_158' title='bbox 1617 2164 1733 2203; x_wconf 90' lang='lat' dir='ltr'><strong>non</strong></span> <span class='ocrx_word' id='word_1_159' title='bbox 1785 2153 1982 2220; x_wconf 90' lang='lat' dir='ltr'><strong>partes</strong></span> 
     </span>
    </p>
   </div>
   <div class='ocr_carea' id='block_1_23' title="bbox 333 2235 1980 2310">
    <p class='ocr_par' dir='ltr' id='par_1_23' title="bbox 333 2235 1980 2310">
     <span class='ocr_line' id='line_1_23' title="bbox 333 2235 1980 2310; baseline 0 -18"><span class='ocrx_word' id='word_1_160' title='bbox 333 2235 714 2293; x_wconf 83' lang='lat' dir='ltr'><strong>ecclesiarum</strong></span> <span class='ocrx_word' id='word_1_161' title='bbox 745 2240 802 2290; x_wconf 90' lang='lat' dir='ltr'><strong>et</strong></span> <span class='ocrx_word' id='word_1_162' title='bbox 846 2239 1034 2302; x_wconf 77' lang='lat' dir='ltr'><strong>terrae,</strong></span> <span class='ocrx_word' id='word_1_163' title='bbox 1066 2239 1123 2292; x_wconf 89' lang='lat' dir='ltr'><strong>et</strong></span> <span class='ocrx_word' id='word_1_164' title='bbox 1171 2235 1406 2292; x_wconf 82' lang='lat' dir='ltr'><strong>tertiam</strong></span> <span class='ocrx_word' id='word_1_165' title='bbox 1450 2240 1677 2310; x_wconf 89' lang='lat' dir='ltr'><strong>partem</strong></span> <span class='ocrx_word' id='word_1_166' title='bbox 1726 2235 1980 2294; x_wconf 62' lang='lat' dir='ltr'><strong>ecclesiae</strong></span> 
     </span>
    </p>
   </div>
   <div class='ocr_carea' id='block_1_24' title="bbox 333 2324 1978 2398">
    <p class='ocr_par' dir='ltr' id='par_1_24' title="bbox 333 2324 1978 2398">
     <span class='ocr_line' id='line_1_24' title="bbox 333 2324 1978 2398; baseline -0.001 -17"><span class='ocrx_word' id='word_1_167' title='bbox 333 2324 529 2381; x_wconf 86' lang='lat' dir='ltr'><strong>Sancti</strong></span> <span class='ocrx_word' id='word_1_168' title='bbox 561 2324 713 2381; x_wconf 88' lang='lat' dir='ltr'><strong>Petri</strong></span> <span class='ocrx_word' id='word_1_169' title='bbox 746 2324 806 2380; x_wconf 89' lang='lat' dir='ltr'><strong>in</strong></span> <span class='ocrx_word' id='word_1_170' title='bbox 835 2324 1149 2394; x_wconf 83' lang='lat' dir='ltr'><strong>Malenino,</strong></span> <span class='ocrx_word' id='word_1_171' title='bbox 1182 2342 1248 2380; x_wconf 91' lang='lat' dir='ltr'><strong>ac</strong></span> <span class='ocrx_word' id='word_1_172' title='bbox 1293 2327 1442 2382; x_wconf 90' lang='lat' dir='ltr'><strong>duas</strong></span> <span class='ocrx_word' id='word_1_173' title='bbox 1491 2329 1690 2398; x_wconf 89' lang='lat' dir='ltr'><strong>partes</strong></span> <span class='ocrx_word' id='word_1_174' title='bbox 1721 2324 1978 2381; x_wconf 68' lang='lat' dir='ltr'><strong>ecclesias</strong></span> 
     </span>
    </p>
   </div>
   <div class='ocr_carea' id='block_1_25' title="bbox 330 2412 1976 2487">
    <p class='ocr_par' dir='ltr' id='par_1_25' title="bbox 330 2412 1976 2487">
     <span class='ocr_line' id='line_1_25' title="bbox 330 2412 1976 2487; baseline 0.001 -18"><span class='ocrx_word' id='word_1_175' title='bbox 330 2414 553 2470; x_wconf 69' lang='lat' dir='ltr'><strong>Sanctae</strong></span> <span class='ocrx_word' id='word_1_176' title='bbox 583 2413 778 2469; x_wconf 71' lang='lat' dir='ltr'><strong>Marias</strong></span> <span class='ocrx_word' id='word_1_177' title='bbox 811 2412 871 2468; x_wconf 90' lang='lat' dir='ltr'><strong>in</strong></span> <span class='ocrx_word' id='word_1_178' title='bbox 922 2412 1211 2469; x_wconf 85' lang='lat' dir='ltr'><strong>Malenina</strong></span> <span class='ocrx_word' id='word_1_179' title='bbox 1241 2431 1376 2469; x_wconf 91' lang='lat' dir='ltr'><strong>cum</strong></span> <span class='ocrx_word' id='word_1_180' title='bbox 1427 2414 1552 2470; x_wconf 91' lang='lat' dir='ltr'><strong>suis</strong></span> <span class='ocrx_word' id='word_1_181' title='bbox 1583 2413 1976 2487; x_wconf 86' lang='lat' dir='ltr'><strong>pertinentiis.</strong></span> 
     </span>
    </p>
   </div>
   <div class='ocr_carea' id='block_1_26' title="bbox 333 2501 1982 2575">
    <p class='ocr_par' dir='ltr' id='par_1_26' title="bbox 333 2501 1982 2575">
     <span class='ocr_line' id='line_1_26' title="bbox 333 2501 1982 2575; baseline -0.001 -17"><span class='ocrx_word' id='word_1_182' title='bbox 333 2503 574 2575; x_wconf 89' lang='lat' dir='ltr'><strong>Insuper</strong></span> <span class='ocrx_word' id='word_1_183' title='bbox 615 2501 991 2558; x_wconf 90' lang='lat' dir='ltr'><strong>concedimus</strong></span> <span class='ocrx_word' id='word_1_184' title='bbox 1041 2502 1178 2570; x_wconf 89' lang='lat' dir='ltr'><strong>illis,</strong></span> <span class='ocrx_word' id='word_1_185' title='bbox 1211 2507 1269 2559; x_wconf 89' lang='lat' dir='ltr'><strong>et</strong></span> <span class='ocrx_word' id='word_1_186' title='bbox 1297 2504 1536 2560; x_wconf 89' lang='lat' dir='ltr'><strong>omnino</strong></span> <span class='ocrx_word' id='word_1_187' title='bbox 1565 2503 1886 2560; x_wconf 87' lang='lat' dir='ltr'><strong>annuimus</strong></span> <span class='ocrx_word' id='word_1_188' title='bbox 1918 2505 1982 2557; x_wconf 91' lang='lat' dir='ltr'><strong>ut</strong></span> 
     </span>
    </p>
   </div>
   <div class='ocr_carea' id='block_1_27' title="bbox 332 2591 1981 2664">
    <p class='ocr_par' dir='ltr' id='par_1_27' title="bbox 332 2591 1981 2664">
     <span class='ocr_line' id='line_1_27' title="bbox 332 2591 1981 2664; baseline 0 -17"><span class='ocrx_word' id='word_1_189' title='bbox 332 2591 670 2648; x_wconf 88' lang='lat' dir='ltr'><strong>monasterii</strong></span> <span class='ocrx_word' id='word_1_190' title='bbox 685 2591 1068 2664; x_wconf 89' lang='lat' dir='ltr'><strong>suprascripti</strong></span> <span class='ocrx_word' id='word_1_191' title='bbox 1080 2591 1280 2648; x_wconf 68' lang='lat' dir='ltr'><strong>incola:</strong></span> <span class='ocrx_word' id='word_1_192' title='bbox 1304 2593 1722 2649; x_wconf 87' lang='lat' dir='ltr'><strong>decimationes</strong></span> <span class='ocrx_word' id='word_1_193' title='bbox 1738 2593 1808 2648; x_wconf 90' lang='lat' dir='ltr'><strong>de</strong></span> <span class='ocrx_word' id='word_1_194' title='bbox 1821 2608 1981 2647; x_wconf 88' lang='lat' dir='ltr'><strong>man-</strong></span> 
     </span>
    </p>
   </div>
   <div class='ocr_carea' id='block_1_28' title="bbox 332 2681 1978 2753">
    <p class='ocr_par' dir='ltr' id='par_1_28' title="bbox 332 2681 1978 2753">
     <span class='ocr_line' id='line_1_28' title="bbox 332 2681 1978 2753; baseline -0.001 -16"><span class='ocrx_word' id='word_1_195' title='bbox 332 2681 435 2747; x_wconf 88' lang='lat' dir='ltr'><strong>sis,</strong></span> <span class='ocrx_word' id='word_1_196' title='bbox 452 2681 643 2748; x_wconf 90' lang='lat' dir='ltr'><strong>terris,</strong></span> <span class='ocrx_word' id='word_1_197' title='bbox 657 2681 863 2747; x_wconf 88' lang='lat' dir='ltr'><strong>vineis,</strong></span> <span class='ocrx_word' id='word_1_198' title='bbox 881 2685 937 2737; x_wconf 90' lang='lat' dir='ltr'><strong>et</strong></span> <span class='ocrx_word' id='word_1_199' title='bbox 956 2681 1028 2737; x_wconf 90' lang='lat' dir='ltr'><strong>de</strong></span> <span class='ocrx_word' id='word_1_200' title='bbox 1049 2681 1323 2737; x_wconf 89' lang='lat' dir='ltr'><strong>omnibus</strong></span> <span class='ocrx_word' id='word_1_201' title='bbox 1341 2683 1516 2738; x_wconf 89' lang='lat' dir='ltr'><strong>rebus</strong></span> <span class='ocrx_word' id='word_1_202' title='bbox 1533 2682 1611 2738; x_wconf 87' lang='lat' dir='ltr'><strong>ad</strong></span> <span class='ocrx_word' id='word_1_203' title='bbox 1633 2681 1978 2753; x_wconf 67' lang='lat' dir='ltr'><strong>praedictum</strong></span> 
     </span>
    </p>
   </div>
   <div class='ocr_carea' id='block_1_29' title="bbox 332 2769 1976 2842">
    <p class='ocr_par' dir='ltr' id='par_1_29' title="bbox 332 2769 1976 2842">
     <span class='ocr_line' id='line_1_29' title="bbox 332 2769 1976 2842; baseline -0.001 -16"><span class='ocrx_word' id='word_1_204' title='bbox 332 2770 754 2826; x_wconf 85' lang='lat' dir='ltr'><strong>monasterium</strong></span> <span class='ocrx_word' id='word_1_205' title='bbox 785 2769 1231 2842; x_wconf 87' lang='lat' dir='ltr'><strong>pertinentibus,</strong></span> <span class='ocrx_word' id='word_1_206' title='bbox 1257 2771 1410 2826; x_wconf 91' lang='lat' dir='ltr'><strong>sicut</strong></span> <span class='ocrx_word' id='word_1_207' title='bbox 1440 2770 1726 2826; x_wconf 89' lang='lat' dir='ltr'><strong>hactenus</strong></span> <span class='ocrx_word' id='word_1_208' title='bbox 1757 2771 1976 2842; x_wconf 72' lang='lat' dir='ltr'><strong>praede-</strong></span> 
     </span>
    </p>
   </div>
   <div class='ocr_carea' id='block_1_30' title="bbox 332 2859 1978 2917">
    <p class='ocr_par' dir='ltr' id='par_1_30' title="bbox 332 2859 1978 2917">
     <span class='ocr_line' id='line_1_30' title="bbox 332 2859 1978 2917; baseline -0.001 -1"><span class='ocrx_word' id='word_1_209' title='bbox 332 2875 595 2916; x_wconf 88' lang='lat' dir='ltr'><strong>cessores</strong></span> <span class='ocrx_word' id='word_1_210' title='bbox 643 2876 866 2916; x_wconf 90' lang='lat' dir='ltr'><strong>eorum.</strong></span> <span class='ocrx_word' id='word_1_211' title='bbox 895 2903 908 2916; x_wconf 96' lang='lat'><strong>.</strong></span> <span class='ocrx_word' id='word_1_212' title='bbox 939 2901 951 2914; x_wconf 93' lang='lat'><strong>.</strong></span> <span class='ocrx_word' id='word_1_213' title='bbox 984 2902 996 2914; x_wconf 93' lang='lat'><strong>.</strong></span> <span class='ocrx_word' id='word_1_214' title='bbox 1025 2903 1038 2915; x_wconf 93' lang='lat'><strong>.</strong></span> <span class='ocrx_word' id='word_1_215' title='bbox 1067 2901 1079 2914; x_wconf 93' lang='lat'><strong>.</strong></span> <span class='ocrx_word' id='word_1_216' title='bbox 1110 2903 1121 2915; x_wconf 94' lang='lat'><strong>.</strong></span> <span class='ocrx_word' id='word_1_217' title='bbox 1146 2898 1160 2917; x_wconf 92' lang='lat'><strong>.</strong></span> <span class='ocrx_word' id='word_1_218' title='bbox 1189 2901 1202 2914; x_wconf 93' lang='lat'><strong>.</strong></span> <span class='ocrx_word' id='word_1_219' title='bbox 1231 2902 1244 2914; x_wconf 94' lang='lat'><strong>.</strong></span> <span class='ocrx_word' id='word_1_220' title='bbox 1271 2859 1729 2916; x_wconf 67' lang='lat' dir='ltr'><strong>Prascessoribus</strong></span> <span class='ocrx_word' id='word_1_221' title='bbox 1761 2859 1978 2915; x_wconf 86' lang='lat' dir='ltr'><strong>nostris</strong></span> 
     </span>
    </p>
   </div>
   <div class='ocr_carea' id='block_1_31' title="bbox 331 2947 1977 3021">
    <p class='ocr_par' dir='ltr' id='par_1_31' title="bbox 331 2947 1977 3021">
     <span class='ocr_line' id='line_1_31' title="bbox 331 2947 1977 3021; baseline -0.001 -18"><span class='ocrx_word' id='word_1_222' title='bbox 331 2947 783 3021; x_wconf 88' lang='lat' dir='ltr'><strong>imperatoribus</strong></span> <span class='ocrx_word' id='word_1_223' title='bbox 830 2947 922 3005; x_wconf 88' lang='lat' dir='ltr'><strong>usi</strong></span> <span class='ocrx_word' id='word_1_224' title='bbox 973 2952 1115 3004; x_wconf 91' lang='lat' dir='ltr'><strong>sunt</strong></span> <span class='ocrx_word' id='word_1_225' title='bbox 1161 2949 1395 3014; x_wconf 88' lang='lat' dir='ltr'><strong>habere,</strong></span> <span class='ocrx_word' id='word_1_226' title='bbox 1429 2965 1532 3020; x_wconf 90' lang='lat' dir='ltr'><strong>per</strong></span> <span class='ocrx_word' id='word_1_227' title='bbox 1580 2948 1736 3002; x_wconf 92' lang='lat' dir='ltr'><strong>hunc</strong></span> <span class='ocrx_word' id='word_1_228' title='bbox 1765 2952 1977 3004; x_wconf 65' lang='lat' dir='ltr'><strong>nostra;</strong></span> 
     </span>
    </p>
   </div>
   <div class='ocr_carea' id='block_1_32' title="bbox 333 3036 1977 3110">
    <p class='ocr_par' dir='ltr' id='par_1_32' title="bbox 333 3036 1977 3110">
     <span class='ocr_line' id='line_1_32' title="bbox 333 3036 1977 3110; baseline -0.001 -17"><span class='ocrx_word' id='word_1_229' title='bbox 333 3037 696 3094; x_wconf 88' lang='lat' dir='ltr'><strong>auctoritatis</strong></span> <span class='ocrx_word' id='word_1_230' title='bbox 726 3041 1080 3110; x_wconf 70' lang='lat' dir='ltr'><strong>praeceptum</strong></span> <span class='ocrx_word' id='word_1_231' title='bbox 1114 3036 1390 3108; x_wconf 91' lang='lat' dir='ltr'><strong>deinceps</strong></span> <span class='ocrx_word' id='word_1_232' title='bbox 1422 3036 1758 3106; x_wconf 90' lang='lat' dir='ltr'><strong>habeant,et</strong></span> <span class='ocrx_word' id='word_1_233' title='bbox 1783 3036 1977 3108; x_wconf 89' lang='lat' dir='ltr'><strong>quiete</strong></span> 
     </span>
    </p>
   </div>
   <div class='ocr_carea' id='block_1_33' title="bbox 331 3123 1978 3199">
    <p class='ocr_par' dir='ltr' id='par_1_33' title="bbox 331 3123 1978 3199">
     <span class='ocr_line' id='line_1_33' title="bbox 331 3123 1978 3199; baseline -0.001 -17"><span class='ocrx_word' id='word_1_234' title='bbox 331 3126 688 3199; x_wconf 85' lang='lat' dir='ltr'><strong>possideant.</strong></span> <span class='ocrx_word' id='word_1_235' title='bbox 719 3125 1006 3182; x_wconf 90' lang='lat' dir='ltr'><strong>Jubemus</strong></span> <span class='ocrx_word' id='word_1_236' title='bbox 1037 3125 1212 3181; x_wconf 87' lang='lat' dir='ltr'><strong>etiam</strong></span> <span class='ocrx_word' id='word_1_237' title='bbox 1245 3123 1510 3193; x_wconf 80' lang='lat' dir='ltr'><strong>firmiter,</strong></span> <span class='ocrx_word' id='word_1_238' title='bbox 1530 3128 1596 3179; x_wconf 91' lang='lat' dir='ltr'><strong>ut</strong></span> <span class='ocrx_word' id='word_1_239' title='bbox 1623 3124 1747 3180; x_wconf 70' lang='lat' dir='ltr'><strong>haec</strong></span> <span class='ocrx_word' id='word_1_240' title='bbox 1778 3129 1978 3180; x_wconf 87' lang='lat' dir='ltr'><strong>nostra</strong></span> 
     </span>
    </p>
   </div>
   <div class='ocr_carea' id='block_1_34' title="bbox 332 3211 1977 3287">
    <p class='ocr_par' dir='ltr' id='par_1_34' title="bbox 332 3211 1977 3287">
     <span class='ocr_line' id='line_1_34' title="bbox 332 3211 1977 3287; baseline -0.001 -16"><span class='ocrx_word' id='word_1_241' title='bbox 332 3215 696 3271; x_wconf 84' lang='lat' dir='ltr'><strong>conﬁrmatio</strong></span> <span class='ocrx_word' id='word_1_242' title='bbox 728 3215 784 3270; x_wconf 89' lang='lat' dir='ltr'><strong>in</strong></span> <span class='ocrx_word' id='word_1_243' title='bbox 822 3216 1086 3271; x_wconf 79' lang='lat' dir='ltr'><strong>futurum</strong></span> <span class='ocrx_word' id='word_1_244' title='bbox 1117 3211 1346 3270; x_wconf 87' lang='lat' dir='ltr'><strong>stabilis</strong></span> <span class='ocrx_word' id='word_1_245' title='bbox 1394 3216 1451 3269; x_wconf 90' lang='lat' dir='ltr'><strong>et</strong></span> <span class='ocrx_word' id='word_1_246' title='bbox 1481 3213 1825 3270; x_wconf 89' lang='lat' dir='ltr'><strong>inconvulsa</strong></span> <span class='ocrx_word' id='word_1_247' title='bbox 1852 3231 1977 3287; x_wconf 90' lang='lat' dir='ltr'><strong>per-</strong></span> 
     </span>
    </p>
   </div>
   <div class='ocr_carea' id='block_1_35' title="bbox 332 3302 1973 3376">
    <p class='ocr_par' dir='ltr' id='par_1_35' title="bbox 332 3302 1973 3376">
     <span class='ocr_line' id='line_1_35' title="bbox 332 3302 1973 3376; baseline 0.001 -18"><span class='ocrx_word' id='word_1_248' title='bbox 332 3304 659 3360; x_wconf 89' lang='lat' dir='ltr'><strong>maneat.Et</strong></span> <span class='ocrx_word' id='word_1_249' title='bbox 671 3308 734 3359; x_wconf 93' lang='lat' dir='ltr'><strong>ut</strong></span> <span class='ocrx_word' id='word_1_250' title='bbox 750 3303 948 3359; x_wconf 89' lang='lat' dir='ltr'><strong>nullus</strong></span> <span class='ocrx_word' id='word_1_251' title='bbox 963 3303 1441 3376; x_wconf 87' lang='lat' dir='ltr'><strong>episcopus,dux,</strong></span> <span class='ocrx_word' id='word_1_252' title='bbox 1458 3302 1740 3368; x_wconf 88' lang='lat' dir='ltr'><strong>marchio,</strong></span> <span class='ocrx_word' id='word_1_253' title='bbox 1757 3319 1973 3371; x_wconf 90' lang='lat' dir='ltr'><strong>comes,</strong></span> 
     </span>
    </p>
   </div>
   <div class='ocr_carea' id='block_1_36' title="bbox 329 3391 1974 3464">
    <p class='ocr_par' dir='ltr' id='par_1_36' title="bbox 329 3391 1974 3464">
     <span class='ocr_line' id='line_1_36' title="bbox 329 3391 1974 3464; baseline -0.001 -16"><span class='ocrx_word' id='word_1_254' title='bbox 329 3392 669 3461; x_wconf 83' lang='lat' dir='ltr'><strong>vicecomes,</strong></span> <span class='ocrx_word' id='word_1_255' title='bbox 702 3392 982 3463; x_wconf 90' lang='lat' dir='ltr'><strong>nullaque</strong></span> <span class='ocrx_word' id='word_1_256' title='bbox 1013 3406 1229 3462; x_wconf 88' lang='lat' dir='ltr'><strong>magna</strong></span> <span class='ocrx_word' id='word_1_257' title='bbox 1253 3391 1340 3446; x_wconf 90' lang='lat' dir='ltr'><strong>vel</strong></span> <span class='ocrx_word' id='word_1_258' title='bbox 1364 3407 1540 3464; x_wconf 88' lang='lat' dir='ltr'><strong>parva</strong></span> <span class='ocrx_word' id='word_1_259' title='bbox 1568 3408 1818 3464; x_wconf 89' lang='lat' dir='ltr'><strong>persona</strong></span> <span class='ocrx_word' id='word_1_260' title='bbox 1840 3391 1974 3448; x_wconf 90' lang='lat' dir='ltr'><strong>illos</strong></span> 
     </span>
    </p>
   </div>
   <div class='ocr_carea' id='block_1_37' title="bbox 328 3478 1974 3554">
    <p class='ocr_par' dir='ltr' id='par_1_37' title="bbox 328 3478 1974 3554">
     <span class='ocr_line' id='line_1_37' title="bbox 328 3478 1974 3554; baseline 0.001 -17"><span class='ocrx_word' id='word_1_261' title='bbox 328 3481 634 3554; x_wconf 57' lang='lat' dir='ltr'><strong>praedictos</strong></span> <span class='ocrx_word' id='word_1_262' title='bbox 649 3481 963 3538; x_wconf 76' lang='lat' dir='ltr'><strong>coenobitas</strong></span> <span class='ocrx_word' id='word_1_263' title='bbox 982 3478 1328 3550; x_wconf 88' lang='lat' dir='ltr'><strong>inquietare,</strong></span> <span class='ocrx_word' id='word_1_264' title='bbox 1345 3479 1671 3547; x_wconf 86' lang='lat' dir='ltr'><strong>molestare,</strong></span> <span class='ocrx_word' id='word_1_265' title='bbox 1694 3480 1781 3538; x_wconf 88' lang='lat' dir='ltr'><strong>vel</strong></span> <span class='ocrx_word' id='word_1_266' title='bbox 1795 3480 1974 3538; x_wconf 90' lang='lat' dir='ltr'><strong>ullam</strong></span> 
     </span>
    </p>
   </div>
   <div class='ocr_carea' id='block_1_38' title="bbox 329 3566 1973 3642">
    <p class='ocr_par' dir='ltr' id='par_1_38' title="bbox 329 3566 1973 3642">
     <span class='ocr_line' id='line_1_38' title="bbox 329 3566 1973 3642; baseline 0.001 -18"><span class='ocrx_word' id='word_1_267' title='bbox 329 3569 604 3642; x_wconf 86' lang='lat' dir='ltr'><strong>injuriam</strong></span> <span class='ocrx_word' id='word_1_268' title='bbox 637 3571 709 3625; x_wconf 91' lang='lat' dir='ltr'><strong>de</strong></span> <span class='ocrx_word' id='word_1_269' title='bbox 742 3566 1180 3641; x_wconf 66' lang='lat' dir='ltr'><strong>prmnominatis</strong></span> <span class='ocrx_word' id='word_1_270' title='bbox 1211 3568 1385 3624; x_wconf 87' lang='lat' dir='ltr'><strong>rebus</strong></span> <span class='ocrx_word' id='word_1_271' title='bbox 1424 3569 1641 3642; x_wconf 85' lang='lat' dir='ltr'><strong>injuste</strong></span> <span class='ocrx_word' id='word_1_272' title='bbox 1693 3569 1973 3642; x_wconf 80' lang='lat' dir='ltr'><strong>injuriam</strong></span> 
     </span>
    </p>
   </div>
   <div class='ocr_carea' id='block_1_39' title="bbox 330 3656 1973 3732">
    <p class='ocr_par' dir='ltr' id='par_1_39' title="bbox 330 3656 1973 3732">
     <span class='ocr_line' id='line_1_39' title="bbox 330 3656 1973 3732; baseline 0.001 -18"><span class='ocrx_word' id='word_1_273' title='bbox 330 3659 541 3716; x_wconf 85' lang='lat' dir='ltr'><strong>inferre</strong></span> <span class='ocrx_word' id='word_1_274' title='bbox 570 3661 910 3732; x_wconf 83' lang='lat' dir='ltr'><strong>praesumat.</strong></span> <span class='ocrx_word' id='word_1_275' title='bbox 944 3657 1002 3713; x_wconf 90' lang='lat' dir='ltr'><strong>Si</strong></span> <span class='ocrx_word' id='word_1_276' title='bbox 1034 3656 1165 3730; x_wconf 90' lang='lat' dir='ltr'><strong>quis</strong></span> <span class='ocrx_word' id='word_1_277' title='bbox 1194 3674 1326 3714; x_wconf 90' lang='lat' dir='ltr'><strong>vero</strong></span> <span class='ocrx_word' id='word_1_278' title='bbox 1358 3658 1466 3715; x_wconf 91' lang='lat' dir='ltr'><strong>hoc</strong></span> <span class='ocrx_word' id='word_1_279' title='bbox 1515 3663 1727 3716; x_wconf 84' lang='lat' dir='ltr'><strong>nostrae</strong></span> <span class='ocrx_word' id='word_1_280' title='bbox 1777 3664 1973 3716; x_wconf 89' lang='lat' dir='ltr'><strong>aucto-</strong></span> 
     </span>
    </p>
   </div>
   <div class='ocr_carea' id='block_1_40' title="bbox 330 3746 1974 3820">
    <p class='ocr_par' dir='ltr' id='par_1_40' title="bbox 330 3746 1974 3820">
     <span class='ocr_line' id='line_1_40' title="bbox 330 3746 1974 3820; baseline 0.001 -16"><span class='ocrx_word' id='word_1_281' title='bbox 330 3748 518 3806; x_wconf 91' lang='lat' dir='ltr'><strong>ritatis</strong></span> <span class='ocrx_word' id='word_1_282' title='bbox 549 3751 902 3820; x_wconf 85' lang='lat' dir='ltr'><strong>praeceptum</strong></span> <span class='ocrx_word' id='word_1_283' title='bbox 933 3746 1147 3804; x_wconf 86' lang='lat' dir='ltr'><strong>violare</strong></span> <span class='ocrx_word' id='word_1_284' title='bbox 1174 3749 1505 3818; x_wconf 86' lang='lat' dir='ltr'><strong>tentaverit,</strong></span> <span class='ocrx_word' id='word_1_285' title='bbox 1536 3750 1684 3806; x_wconf 89' lang='lat' dir='ltr'><strong>sciat</strong></span> <span class='ocrx_word' id='word_1_286' title='bbox 1722 3765 1784 3805; x_wconf 90' lang='lat' dir='ltr'><strong>se</strong></span> <span class='ocrx_word' id='word_1_287' title='bbox 1814 3766 1974 3805; x_wconf 84' lang='lat' dir='ltr'><strong>com-</strong></span> 
     </span>
    </p>
   </div>
   <div class='ocr_carea' id='block_1_41' title="bbox 328 3834 1974 3910">
    <p class='ocr_par' dir='ltr' id='par_1_41' title="bbox 328 3834 1974 3910">
     <span class='ocr_line' id='line_1_41' title="bbox 328 3834 1974 3910; baseline 0 -16"><span class='ocrx_word' id='word_1_288' title='bbox 328 3838 661 3910; x_wconf 87' lang='lat' dir='ltr'><strong>positurum</strong></span> <span class='ocrx_word' id='word_1_289' title='bbox 692 3834 818 3892; x_wconf 88' lang='lat' dir='ltr'><strong>auri</strong></span> <span class='ocrx_word' id='word_1_290' title='bbox 851 3835 1056 3909; x_wconf 88' lang='lat' dir='ltr'><strong>optimi</strong></span> <span class='ocrx_word' id='word_1_291' title='bbox 1087 3841 1323 3893; x_wconf 87' lang='lat' dir='ltr'><strong>centum</strong></span> <span class='ocrx_word' id='word_1_292' title='bbox 1363 3836 1566 3905; x_wconf 90' lang='lat' dir='ltr'><strong>libras,</strong></span> <span class='ocrx_word' id='word_1_293' title='bbox 1601 3838 1974 3894; x_wconf 87' lang='lat' dir='ltr'><strong>medietatem</strong></span> 
     </span>
    </p>
   </div>
   <div class='ocr_carea' id='block_1_42' title="bbox 327 3925 1971 3999">
    <p class='ocr_par' dir='ltr' id='par_1_42' title="bbox 327 3925 1971 3999">
     <span class='ocr_line' id='line_1_42' title="bbox 327 3925 1971 3999; baseline 0.001 -16"><span class='ocrx_word' id='word_1_294' title='bbox 327 3931 538 3983; x_wconf 71' lang='lat' dir='ltr'><strong>nostrae</strong></span> <span class='ocrx_word' id='word_1_295' title='bbox 569 3925 1211 3991; x_wconf 68' lang='lat' dir='ltr'><strong>cameraa,medietatem</strong></span> <span class='ocrx_word' id='word_1_296' title='bbox 1241 3927 1438 3983; x_wconf 89' lang='lat' dir='ltr'><strong>abbati</strong></span> <span class='ocrx_word' id='word_1_297' title='bbox 1462 3926 1810 3983; x_wconf 86' lang='lat' dir='ltr'><strong>etfratribus</strong></span> <span class='ocrx_word' id='word_1_298' title='bbox 1822 3928 1971 3999; x_wconf 87' lang='lat' dir='ltr'><strong>ejus.</strong></span> 
     </span>
    </p>
   </div>
   <div class='ocr_carea' id='block_1_43' title="bbox 327 4012 1973 4087">
    <p class='ocr_par' dir='ltr' id='par_1_43' title="bbox 327 4012 1973 4087">
     <span class='ocr_line' id='line_1_43' title="bbox 327 4012 1973 4087; baseline 0.001 -16"><span class='ocrx_word' id='word_1_299' title='bbox 327 4016 395 4072; x_wconf 91' lang='lat' dir='ltr'><strong>Et</strong></span> <span class='ocrx_word' id='word_1_300' title='bbox 422 4018 492 4069; x_wconf 79' lang='lat' dir='ltr'><strong>ut</strong></span> <span class='ocrx_word' id='word_1_301' title='bbox 513 4012 709 4068; x_wconf 85' lang='lat' dir='ltr'><strong>verius</strong></span> <span class='ocrx_word' id='word_1_302' title='bbox 741 4014 1034 4085; x_wconf 89' lang='lat' dir='ltr'><strong>credatur,</strong></span> <span class='ocrx_word' id='word_1_303' title='bbox 1065 4014 1524 4087; x_wconf 87' lang='lat' dir='ltr'><strong>diligentiusque</strong></span> <span class='ocrx_word' id='word_1_304' title='bbox 1574 4016 1645 4071; x_wconf 90' lang='lat' dir='ltr'><strong>ab</strong></span> <span class='ocrx_word' id='word_1_305' title='bbox 1697 4016 1973 4072; x_wconf 83' lang='lat' dir='ltr'><strong>omnibus</strong></span> 
     </span>
    </p>
   </div>
   <div class='ocr_carea' id='block_1_44' title="bbox 325 4102 1972 4178">
    <p class='ocr_par' dir='ltr' id='par_1_44' title="bbox 325 4102 1972 4178">
     <span class='ocr_line' id='line_1_44' title="bbox 325 4102 1972 4178; baseline 0.003 -20"><span class='ocrx_word' id='word_1_306' title='bbox 325 4102 868 4168; x_wconf 89' lang='lat' dir='ltr'><strong>observetur,manu</strong></span> <span class='ocrx_word' id='word_1_307' title='bbox 901 4102 1137 4175; x_wconf 90' lang='lat' dir='ltr'><strong>propria</strong></span> <span class='ocrx_word' id='word_1_308' title='bbox 1165 4104 1527 4171; x_wconf 89' lang='lat' dir='ltr'><strong>roborantes,</strong></span> <span class='ocrx_word' id='word_1_309' title='bbox 1549 4104 1743 4178; x_wconf 91' lang='lat' dir='ltr'><strong>sigillo</strong></span> <span class='ocrx_word' id='word_1_310' title='bbox 1774 4110 1972 4163; x_wconf 89' lang='lat' dir='ltr'><strong>nostro</strong></span> 
     </span>
    </p>
   </div>
   <div class='ocr_carea' id='block_1_45' title="bbox 317 4191 940 4264">
    <p class='ocr_par' dir='ltr' id='par_1_45' title="bbox 317 4191 940 4264">
     <span class='ocr_line' id='line_1_45' title="bbox 317 4191 940 4264; baseline -0.002 -16"><span class='ocrx_word' id='word_1_311' title='bbox 317 4191 616 4263; x_wconf 87' lang='lat' dir='ltr'><strong>jussimus</strong></span> <span class='ocrx_word' id='word_1_312' title='bbox 645 4191 940 4264; x_wconf 83' lang='lat' dir='ltr'><strong>insigniri.</strong></span> 
     </span>
    </p>
   </div>
   <div class='ocr_carea' id='block_1_46' title="bbox 395 4281 1895 4354">
    <p class='ocr_par' dir='ltr' id='par_1_46' title="bbox 395 4281 1895 4354">
     <span class='ocr_line' id='line_1_46' title="bbox 395 4281 1895 4354; baseline 0.003 -18"><span class='ocrx_word' id='word_1_313' title='bbox 395 4281 627 4352; x_wconf 80' lang='lat' dir='ltr'><strong>Signum</strong></span> <span class='ocrx_word' id='word_1_314' title='bbox 654 4281 844 4336; x_wconf 86' lang='lat' dir='ltr'><strong>domni</strong></span> <span class='ocrx_word' id='word_1_315' title='bbox 873 4281 1120 4337; x_wconf 81' lang='lat' dir='ltr'><strong>Heinrici</strong></span> <span class='ocrx_word' id='word_1_316' title='bbox 1147 4284 1332 4353; x_wconf 79' lang='lat' dir='ltr'><strong>quarti</strong></span> <span class='ocrx_word' id='word_1_317' title='bbox 1353 4284 1495 4354; x_wconf 83' lang='lat' dir='ltr'><strong>regis</strong></span> <span class='ocrx_word' id='word_1_318' title='bbox 1527 4283 1895 4341; x_wconf 77' lang='lat' dir='ltr'><strong>invictissimi.</strong></span> 
     </span>
    </p>
   </div>
   <div class='ocr_carea' id='block_1_47' title="bbox 395 4369 1968 4448">
    <p class='ocr_par' dir='ltr' id='par_1_47' title="bbox 395 4369 1968 4448">
     <span class='ocr_line' id='line_1_47' title="bbox 395 4369 1968 4448; baseline 0.004 -24"><span class='ocrx_word' id='word_1_319' title='bbox 395 4370 770 4425; x_wconf 89' lang='lat' dir='ltr'><strong>Burchardus</strong></span> <span class='ocrx_word' id='word_1_320' title='bbox 800 4369 1111 4442; x_wconf 89' lang='lat' dir='ltr'><strong>episcopus</strong></span> <span class='ocrx_word' id='word_1_321' title='bbox 1142 4374 1198 4426; x_wconf 91' lang='lat' dir='ltr'><strong>et</strong></span> <span class='ocrx_word' id='word_1_322' title='bbox 1225 4371 1609 4430; x_wconf 87' lang='lat' dir='ltr'><strong>cancellarius</strong></span> <span class='ocrx_word' id='word_1_323' title='bbox 1639 4375 1968 4448; x_wconf 82' lang='lat' dir='ltr'><strong>recognovi.</strong></span> 
     </span>
    </p>
   </div>
   <div class='ocr_carea' id='block_1_48' title="bbox 391 4457 1970 4536">
    <p class='ocr_par' dir='ltr' id='par_1_48' title="bbox 391 4457 1970 4536">
     <span class='ocr_line' id='line_1_48' title="bbox 391 4457 1970 4536; baseline 0.003 -24"><span class='ocrx_word' id='word_1_324' title='bbox 391 4459 558 4513; x_wconf 87' lang='lat' dir='ltr'><strong>Anno</strong></span> <span class='ocrx_word' id='word_1_325' title='bbox 581 4457 895 4514; x_wconf 76' lang='lat' dir='ltr'><strong>Dominicae</strong></span> <span class='ocrx_word' id='word_1_326' title='bbox 917 4459 1336 4517; x_wconf 83' lang='lat' dir='ltr'><strong>Incarnationis</strong></span> <span class='ocrx_word' id='word_1_327' title='bbox 1354 4461 1668 4519; x_wconf 89' lang='lat' dir='ltr'><strong>millesimo</strong></span> <span class='ocrx_word' id='word_1_328' title='bbox 1683 4463 1970 4536; x_wconf 89' lang='lat' dir='ltr'><strong>octogesi-</strong></span> 
     </span>
    </p>
   </div>
   <div class='ocr_carea' id='block_1_49' title="bbox 325 4546 1970 4621">
    <p class='ocr_par' dir='ltr' id='par_1_49' title="bbox 325 4546 1970 4621">
     <span class='ocr_line' id='line_1_49' title="bbox 325 4546 1970 4621; baseline 0.002 -17"><span class='ocrx_word' id='word_1_329' title='bbox 325 4563 420 4604; x_wconf 90' lang='lat' dir='ltr'><strong>mo</strong></span> <span class='ocrx_word' id='word_1_330' title='bbox 447 4546 987 4618; x_wconf 89' lang='lat' dir='ltr'><strong>primo,indictione</strong></span> <span class='ocrx_word' id='word_1_331' title='bbox 1019 4565 1090 4616; x_wconf 89' lang='lat' dir='ltr'><strong>Iv,</strong></span> <span class='ocrx_word' id='word_1_332' title='bbox 1113 4551 1369 4607; x_wconf 91' lang='lat' dir='ltr'><strong>secundo</strong></span> <span class='ocrx_word' id='word_1_333' title='bbox 1395 4550 1590 4608; x_wconf 91' lang='lat' dir='ltr'><strong>Nonas</strong></span> <span class='ocrx_word' id='word_1_334' title='bbox 1610 4551 1794 4621; x_wconf 90' lang='lat' dir='ltr'><strong>Junii,</strong></span> <span class='ocrx_word' id='word_1_335' title='bbox 1817 4569 1970 4608; x_wconf 89' lang='lat' dir='ltr'><strong>anno</strong></span> 
     </span>
    </p>
   </div>
   <div class='ocr_carea' id='block_1_50' title="bbox 323 4635 1754 4714">
    <p class='ocr_par' dir='ltr' id='par_1_50' title="bbox 323 4635 1754 4714">
     <span class='ocr_line' id='line_1_50' title="bbox 323 4635 1754 4714; baseline 0.003 -22"><span class='ocrx_word' id='word_1_336' title='bbox 323 4639 518 4692; x_wconf 86' lang='lat' dir='ltr'><strong>autem</strong></span> <span class='ocrx_word' id='word_1_337' title='bbox 546 4635 747 4691; x_wconf 91' lang='lat' dir='ltr'><strong>domni</strong></span> <span class='ocrx_word' id='word_1_338' title='bbox 780 4636 1030 4693; x_wconf 90' lang='lat' dir='ltr'><strong>Heinrici</strong></span> <span class='ocrx_word' id='word_1_339' title='bbox 1060 4656 1233 4706; x_wconf 82' lang='lat' dir='ltr'><strong>xxvu,</strong></span> <span class='ocrx_word' id='word_1_340' title='bbox 1267 4640 1430 4714; x_wconf 82' lang='lat' dir='ltr'><strong>regni</strong></span> <span class='ocrx_word' id='word_1_341' title='bbox 1459 4657 1593 4697; x_wconf 90' lang='lat' dir='ltr'><strong>vero</strong></span> <span class='ocrx_word' id='word_1_342' title='bbox 1625 4658 1754 4696; x_wconf 85' lang='lat' dir='ltr'><strong>xxv.</strong></span> 
     </span>
    </p>
   </div>
   <div class='ocr_carea' id='block_1_51' title="bbox 393 4725 1965 4787">
    <p class='ocr_par' dir='ltr' id='par_1_51' title="bbox 393 4725 1965 4787">
     <span class='ocr_line' id='line_1_51' title="bbox 393 4725 1965 4787; baseline 0.003 -7"><span class='ocrx_word' id='word_1_343' title='bbox 393 4726 603 4781; x_wconf 86' lang='lat' dir='ltr'><strong>Actum</strong></span> <span class='ocrx_word' id='word_1_344' title='bbox 636 4725 832 4783; x_wconf 72' lang='lat' dir='ltr'><strong>Roma:</strong></span> <span class='ocrx_word' id='word_1_345' title='bbox 862 4725 920 4782; x_wconf 90' lang='lat' dir='ltr'><strong>in</strong></span> <span class='ocrx_word' id='word_1_346' title='bbox 953 4725 1166 4785; x_wconf 86' lang='lat' dir='ltr'><strong>Christi</strong></span> <span class='ocrx_word' id='word_1_347' title='bbox 1197 4730 1432 4786; x_wconf 91' lang='lat' dir='ltr'><strong>nomine</strong></span> <span class='ocrx_word' id='word_1_348' title='bbox 1464 4729 1727 4787; x_wconf 83' lang='lat' dir='ltr'><strong>feliciter.</strong></span> <span class='ocrx_word' id='word_1_349' title='bbox 1760 4731 1965 4786; x_wconf 87' lang='lat' dir='ltr'><strong>Amen.</strong></span> 
     </span>
    </p>
   </div>
   <div class='ocr_carea' id='block_1_52' title="bbox 1096 4835 1186 4890">
    <p class='ocr_par' dir='ltr' id='par_1_52' title="bbox 1096 4835 1186 4890">
     <span class='ocr_line' id='line_1_52' title="bbox 1096 4835 1186 4890; baseline -0.011 0"><span class='ocrx_word' id='word_1_350' title='bbox 1096 4835 1186 4890; x_wconf 83' lang='lat' dir='ltr'><strong>IX.</strong></span> 
     </span>
    </p>
   </div>
   <div class='ocr_carea' id='block_1_53' title="bbox 326 4921 1970 4996">
    <p class='ocr_par' dir='ltr' id='par_1_53' title="bbox 326 4921 1970 4996">
     <span class='ocr_line' id='line_1_53' title="bbox 326 4921 1970 4996; baseline 0.001 -19"><span class='ocrx_word' id='word_1_351' title='bbox 326 4921 626 4978; x_wconf 76' lang='lat' dir='ltr'><strong>Concordia</strong></span> <span class='ocrx_word' id='word_1_352' title='bbox 654 4923 798 4996; x_wconf 72' lang='lat' dir='ltr'><strong>inter</strong></span> <span class='ocrx_word' id='word_1_353' title='bbox 826 4925 1127 4980; x_wconf 82' lang='lat' dir='ltr'><strong>Henricum</strong></span> <span class='ocrx_word' id='word_1_354' title='bbox 1157 4927 1225 4981; x_wconf 86' lang='lat' dir='ltr'><strong><em>IV</em></strong></span> <span class='ocrx_word' id='word_1_355' title='bbox 1249 4941 1450 4996; x_wconf 84' lang='lat' dir='ltr'><strong>regem,</strong></span> <span class='ocrx_word' id='word_1_356' title='bbox 1483 4931 1534 4978; x_wconf 80' lang='lat' dir='ltr'><strong>et</strong></span> <span class='ocrx_word' id='word_1_357' title='bbox 1565 4924 1836 4994; x_wconf 83' lang='lat' dir='ltr'><strong>populum</strong></span> <span class='ocrx_word' id='word_1_358' title='bbox 1876 4925 1970 4979; x_wconf 88' lang='lat' dir='ltr'><strong>Pi-</strong></span> 
     </span>
    </p>
   </div>
   <div class='ocr_carea' id='block_1_54' title="bbox 449 4995 1834 5068">
    <p class='ocr_par' dir='ltr' id='par_1_54' title="bbox 449 4995 1834 5068">
     <span class='ocr_line' id='line_1_54' title="bbox 449 4995 1834 5068; baseline -0.001 -19"><span class='ocrx_word' id='word_1_359' title='bbox 449 5010 664 5062; x_wconf 76' lang='lat' dir='ltr'><strong>sanum,</strong></span> <span class='ocrx_word' id='word_1_360' title='bbox 695 4995 790 5050; x_wconf 83' lang='lat' dir='ltr'><strong>ubi</strong></span> <span class='ocrx_word' id='word_1_361' title='bbox 813 5003 975 5068; x_wconf 80' lang='lat' dir='ltr'><strong>pacta</strong></span> <span class='ocrx_word' id='word_1_362' title='bbox 993 4997 1142 5052; x_wconf 79' lang='lat' dir='ltr'><strong>inter</strong></span> <span class='ocrx_word' id='word_1_363' title='bbox 1168 5011 1254 5052; x_wconf 84' lang='lat' dir='ltr'><strong>eos</strong></span> <span class='ocrx_word' id='word_1_364' title='bbox 1285 4995 1431 5050; x_wconf 82' lang='lat' dir='ltr'><strong>inita</strong></span> <span class='ocrx_word' id='word_1_365' title='bbox 1460 4997 1834 5050; x_wconf 75' lang='lat' dir='ltr'><strong>recensentur.</strong></span> 
     </span>
    </p>
   </div>
   <div class='ocr_carea' id='block_1_55' title="bbox 947 5084 1348 5156">
    <p class='ocr_par' dir='ltr' id='par_1_55' title="bbox 947 5084 1348 5156">
     <span class='ocr_line' id='line_1_55' title="bbox 947 5084 1348 5156; baseline -0.012 -15"><span class='ocrx_word' id='word_1_366' title='bbox 947 5085 1134 5156; x_wconf 87' lang='lat' dir='ltr'><strong>(Anno</strong></span> <span class='ocrx_word' id='word_1_367' title='bbox 1168 5084 1348 5154; x_wconf 74' lang='lat'><strong>1081).</strong></span> 
     </span>
    </p>
   </div>
   <div class='ocr_carea' id='block_1_56' title="bbox 643 5170 1651 5246">
    <p class='ocr_par' dir='ltr' id='par_1_56' title="bbox 643 5170 1651 5246">
     <span class='ocr_line' id='line_1_56' title="bbox 643 5170 1651 5246; baseline -0.007 -16"><span class='ocrx_word' id='word_1_368' title='bbox 643 5174 997 5246; x_wconf 55' lang='lat' dir='ltr'><strong>[Munaronn</strong></span> <span class='ocrx_word' id='word_1_369' title='bbox 1030 5174 1213 5243; x_wconf 82' lang='lat' dir='ltr'><strong>Antiq.</strong></span> <span class='ocrx_word' id='word_1_370' title='bbox 1253 5172 1405 5236; x_wconf 62' lang='grc' dir='ltr'><strong>Μαίη</strong></span> <span class='ocrx_word' id='word_1_371' title='bbox 1439 5170 1505 5237; x_wconf 88' lang='lat' dir='ltr'><strong>V,</strong></span> <span class='ocrx_word' id='word_1_372' title='bbox 1538 5171 1651 5242; x_wconf 82' lang='lat'><strong>19.]</strong></span> 
     </span>
    </p>
   </div>
   <div class='ocr_carea' id='block_1_57' title="bbox 392 5259 1970 5330">
    <p class='ocr_par' dir='ltr' id='par_1_57' title="bbox 392 5259 1970 5330">
     <span class='ocr_line' id='line_1_57' title="bbox 392 5259 1970 5330; baseline -0.001 -11"><span class='ocrx_word' id='word_1_373' title='bbox 392 5263 456 5319; x_wconf 94' lang='lat' dir='ltr'><strong>In</strong></span> <span class='ocrx_word' id='word_1_374' title='bbox 487 5263 723 5320; x_wconf 88' lang='lat' dir='ltr'><strong>nomine</strong></span> <span class='ocrx_word' id='word_1_375' title='bbox 757 5267 968 5318; x_wconf 63' lang='lat' dir='ltr'><strong>sanctae</strong></span> <span class='ocrx_word' id='word_1_376' title='bbox 1001 5267 1058 5317; x_wconf 90' lang='lat' dir='ltr'><strong>et</strong></span> <span class='ocrx_word' id='word_1_377' title='bbox 1091 5259 1398 5314; x_wconf 68' lang='lat' dir='ltr'><strong>individuac</strong></span> <span class='ocrx_word' id='word_1_378' title='bbox 1428 5259 1970 5330; x_wconf 75' lang='lat' dir='ltr'><strong>Trinitatis,HENnI-</strong></span> 
     </span>
    </p>
   </div>
   <div class='ocr_carea' id='block_1_58' title="bbox 322 5349 1455 5421">
    <p class='ocr_par' dir='ltr' id='par_1_58' title="bbox 322 5349 1455 5421">
     <span class='ocr_line' id='line_1_58' title="bbox 322 5349 1455 5421; baseline -0.003 -13"><span class='ocrx_word' id='word_1_379' title='bbox 322 5369 448 5421; x_wconf 84' lang='lat' dir='ltr'><strong>cus,</strong></span> <span class='ocrx_word' id='word_1_380' title='bbox 483 5353 683 5408; x_wconf 90' lang='lat' dir='ltr'><strong>divina</strong></span> <span class='ocrx_word' id='word_1_381' title='bbox 712 5353 942 5407; x_wconf 85' lang='lat' dir='ltr'><strong>favente</strong></span> <span class='ocrx_word' id='word_1_382' title='bbox 971 5349 1304 5415; x_wconf 90' lang='lat' dir='ltr'><strong>clementia,</strong></span> <span class='ocrx_word' id='word_1_383' title='bbox 1337 5366 1455 5406; x_wconf 84' lang='lat' dir='ltr'><strong>rex.</strong></span> 
     </span>
    </p>
   </div>
   <div class='ocr_carea' id='block_1_59' title="bbox 391 5435 1972 5509">
    <p class='ocr_par' dir='ltr' id='par_1_59' title="bbox 391 5435 1972 5509">
     <span class='ocr_line' id='line_1_59' title="bbox 391 5435 1972 5509; baseline 0 -12"><span class='ocrx_word' id='word_1_384' title='bbox 391 5442 607 5497; x_wconf 87' lang='lat' dir='ltr'><strong>Notum</strong></span> <span class='ocrx_word' id='word_1_385' title='bbox 639 5440 716 5496; x_wconf 88' lang='lat' dir='ltr'><strong>sit</strong></span> <span class='ocrx_word' id='word_1_386' title='bbox 745 5439 1021 5495; x_wconf 88' lang='lat' dir='ltr'><strong>omnibus</strong></span> <span class='ocrx_word' id='word_1_387' title='bbox 1051 5435 1265 5493; x_wconf 88' lang='lat' dir='ltr'><strong>Christi</strong></span> <span class='ocrx_word' id='word_1_388' title='bbox 1299 5437 1590 5509; x_wconf 83' lang='lat' dir='ltr'><strong>ﬁdelibus,</strong></span> <span class='ocrx_word' id='word_1_389' title='bbox 1611 5442 1732 5497; x_wconf 89' lang='lat' dir='ltr'><strong>tam</strong></span> <span class='ocrx_word' id='word_1_390' title='bbox 1755 5441 1972 5498; x_wconf 88' lang='lat' dir='ltr'><strong>futuris</strong></span> 
     </span>
    </p>
   </div>
   <div class='ocr_carea' id='block_1_60' title="bbox 323 5526 1972 5602">
    <p class='ocr_par' dir='ltr' id='par_1_60' title="bbox 323 5526 1972 5602">
     <span class='ocr_line' id='line_1_60' title="bbox 323 5526 1972 5602; baseline 0.002 -19"><span class='ocrx_word' id='word_1_391' title='bbox 323 5547 500 5601; x_wconf 91' lang='lat' dir='ltr'><strong>quam</strong></span> <span class='ocrx_word' id='word_1_392' title='bbox 533 5526 1207 5602; x_wconf 84' lang='lat' dir='ltr'><strong>praesentibus,qualitcr</strong></span> <span class='ocrx_word' id='word_1_393' title='bbox 1237 5543 1342 5582; x_wconf 90' lang='lat' dir='ltr'><strong>nos</strong></span> <span class='ocrx_word' id='word_1_394' title='bbox 1372 5528 1618 5586; x_wconf 90' lang='lat' dir='ltr'><strong>consilio</strong></span> <span class='ocrx_word' id='word_1_395' title='bbox 1635 5535 1972 5587; x_wconf 89' lang='lat' dir='ltr'><strong>nostrorum</strong></span> 
     </span>
    </p>
   </div>
   <div class='ocr_carea' id='block_1_61' title="bbox 324 5615 1970 5691">
    <p class='ocr_par' dir='ltr' id='par_1_61' title="bbox 324 5615 1970 5691">
     <span class='ocr_line' id='line_1_61' title="bbox 324 5615 1970 5691; baseline 0.003 -20"><span class='ocrx_word' id='word_1_396' title='bbox 324 5618 680 5690; x_wconf 85' lang='lat' dir='ltr'><strong>principum,</strong></span> <span class='ocrx_word' id='word_1_397' title='bbox 713 5616 987 5672; x_wconf 82' lang='lat' dir='ltr'><strong>ﬁdelibus</strong></span> <span class='ocrx_word' id='word_1_398' title='bbox 1021 5615 1237 5672; x_wconf 87' lang='lat' dir='ltr'><strong>nostris</strong></span> <span class='ocrx_word' id='word_1_399' title='bbox 1268 5616 1490 5673; x_wconf 84' lang='lat' dir='ltr'><strong>Pisanae</strong></span> <span class='ocrx_word' id='word_1_400' title='bbox 1532 5620 1694 5676; x_wconf 90' lang='lat' dir='ltr'><strong>urbis</strong></span> <span class='ocrx_word' id='word_1_401' title='bbox 1725 5620 1970 5691; x_wconf 88' lang='lat' dir='ltr'><strong>civibus,</strong></span> 
     </span>
    </p>
   </div>
   <div class='ocr_carea' id='block_1_62' title="bbox 325 5705 1974 5786">
    <p class='ocr_par' dir='ltr' id='par_1_62' title="bbox 325 5705 1974 5786">
     <span class='ocr_line' id='line_1_62' title="bbox 325 5705 1974 5786; baseline 0.004 -26"><span class='ocrx_word' id='word_1_402' title='bbox 325 5707 480 5786; x_wconf 82' lang='lat' dir='ltr'><strong>quod</strong></span> <span class='ocrx_word' id='word_1_403' title='bbox 511 5710 860 5778; x_wconf 83' lang='lat' dir='ltr'><strong>rogaverunt</strong></span> <span class='ocrx_word' id='word_1_404' title='bbox 891 5705 1618 5781; x_wconf 87' lang='lat' dir='ltr'><strong>concessimus.Siquidem</strong></span> <span class='ocrx_word' id='word_1_405' title='bbox 1651 5710 1974 5768; x_wconf 87' lang='lat' dir='ltr'><strong>annuimus</strong></span> 
     </span>
    </p>
   </div>
   <div class='ocr_carea' id='block_1_63' title="bbox 2101 637 3765 711">
    <p class='ocr_par' dir='ltr' id='par_1_63' title="bbox 2101 637 3765 711">
     <span class='ocr_line' id='line_1_63' title="bbox 2101 637 3765 711; baseline 0.003 -19"><span class='ocrx_word' id='word_1_406' title='bbox 2101 637 2400 692; x_wconf 90' lang='lat' dir='ltr'><strong>communi</strong></span> <span class='ocrx_word' id='word_1_407' title='bbox 2432 652 2720 692; x_wconf 89' lang='lat' dir='ltr'><strong>consensu</strong></span> <span class='ocrx_word' id='word_1_408' title='bbox 2737 652 3074 705; x_wconf 89' lang='lat' dir='ltr'><strong>eorum,nec</strong></span> <span class='ocrx_word' id='word_1_409' title='bbox 3097 654 3266 698; x_wconf 81' lang='lat' dir='ltr'><strong>rasas</strong></span> <span class='ocrx_word' id='word_1_410' title='bbox 3293 639 3765 711; x_wconf 88' lang='lat' dir='ltr'><strong>apprehendere,</strong></span> 
     </span>
    </p>
   </div>
   <div class='ocr_carea' id='block_1_64' title="bbox 2101 725 3766 799">
    <p class='ocr_par' dir='ltr' id='par_1_64' title="bbox 2101 725 3766 799">
     <span class='ocr_line' id='line_1_64' title="bbox 2101 725 3766 799; baseline 0.002 -18"><span class='ocrx_word' id='word_1_411' title='bbox 2101 742 2206 782; x_wconf 91' lang='lat' dir='ltr'><strong>nec</strong></span> <span class='ocrx_word' id='word_1_412' title='bbox 2236 725 2542 798; x_wconf 88' lang='lat' dir='ltr'><strong>dissipare,</strong></span> <span class='ocrx_word' id='word_1_413' title='bbox 2577 742 2682 781; x_wconf 91' lang='lat' dir='ltr'><strong>nec</strong></span> <span class='ocrx_word' id='word_1_414' title='bbox 2727 725 2987 799; x_wconf 90' lang='lat' dir='ltr'><strong>sigillare</strong></span> <span class='ocrx_word' id='word_1_415' title='bbox 3037 726 3195 783; x_wconf 87' lang='lat' dir='ltr'><strong>infra</strong></span> <span class='ocrx_word' id='word_1_416' title='bbox 3244 727 3540 784; x_wconf 86' lang='lat' dir='ltr'><strong>civitatem</strong></span> <span class='ocrx_word' id='word_1_417' title='bbox 3591 729 3766 796; x_wconf 70' lang='lat' dir='ltr'><strong>Pisae,</strong></span> 
     </span>
    </p>
   </div>
   <div class='ocr_carea' id='block_1_65' title="bbox 2102 813 3770 888">
    <p class='ocr_par' dir='ltr' id='par_1_65' title="bbox 2102 813 3770 888">
     <span class='ocr_line' id='line_1_65' title="bbox 2102 813 3770 888; baseline 0.002 -20"><span class='ocrx_word' id='word_1_418' title='bbox 2102 830 2291 886; x_wconf 90' lang='lat' dir='ltr'><strong>neque</strong></span> <span class='ocrx_word' id='word_1_419' title='bbox 2319 814 2379 869; x_wconf 93' lang='lat' dir='ltr'><strong>in</strong></span> <span class='ocrx_word' id='word_1_420' title='bbox 2405 813 2861 886; x_wconf 86' lang='lat' dir='ltr'><strong>burgis,siforas</strong></span> <span class='ocrx_word' id='word_1_421' title='bbox 2891 814 3146 871; x_wconf 89' lang='lat' dir='ltr'><strong>civitatis</strong></span> <span class='ocrx_word' id='word_1_422' title='bbox 3177 815 3292 888; x_wconf 91' lang='lat' dir='ltr'><strong>ipsi</strong></span> <span class='ocrx_word' id='word_1_423' title='bbox 3315 816 3770 874; x_wconf 82' lang='lat' dir='ltr'><strong>habu&#39;erinteni-</strong></span> 
     </span>
    </p>
   </div>
   <div class='ocr_carea' id='block_1_66' title="bbox 2101 904 3764 976">
    <p class='ocr_par' dir='ltr' id='par_1_66' title="bbox 2101 904 3764 976">
     <span class='ocr_line' id='line_1_66' title="bbox 2101 904 3764 976; baseline 0.002 -17"><span class='ocrx_word' id='word_1_424' title='bbox 2101 906 2431 970; x_wconf 89' lang='lat' dir='ltr'><strong>menta,nec</strong></span> <span class='ocrx_word' id='word_1_425' title='bbox 2462 919 2668 958; x_wconf 89' lang='lat' dir='ltr'><strong>muros</strong></span> <span class='ocrx_word' id='word_1_426' title='bbox 2695 904 3111 976; x_wconf 65' lang='lat' dir='ltr'><strong>suprascripta</strong></span> <span class='ocrx_word' id='word_1_427' title='bbox 3145 904 3399 962; x_wconf 84' lang='lat' dir='ltr'><strong>civitatis</strong></span> <span class='ocrx_word' id='word_1_428' title='bbox 3431 906 3764 974; x_wconf 89' lang='lat' dir='ltr'><strong>destruere,</strong></span> 
     </span>
    </p>
   </div>
   <div class='ocr_carea' id='block_1_67' title="bbox 2100 993 3767 1070">
    <p class='ocr_par' dir='ltr' id='par_1_67' title="bbox 2100 993 3767 1070">
     <span class='ocr_line' id='line_1_67' title="bbox 2100 993 3767 1070; baseline 0.004 -24"><span class='ocrx_word' id='word_1_429' title='bbox 2100 1009 2205 1048; x_wconf 91' lang='lat' dir='ltr'><strong>nec</strong></span> <span class='ocrx_word' id='word_1_430' title='bbox 2231 996 2577 1064; x_wconf 86' lang='lat' dir='ltr'><strong>optatecare,</strong></span> <span class='ocrx_word' id='word_1_431' title='bbox 2596 1007 2785 1064; x_wconf 89' lang='lat' dir='ltr'><strong>neque</strong></span> <span class='ocrx_word' id='word_1_432' title='bbox 2816 993 3282 1066; x_wconf 90' lang='lat' dir='ltr'><strong>suprascriptam</strong></span> <span class='ocrx_word' id='word_1_433' title='bbox 3313 994 3606 1052; x_wconf 87' lang='lat' dir='ltr'><strong>civitatem</strong></span> <span class='ocrx_word' id='word_1_434' title='bbox 3624 995 3767 1070; x_wconf 88' lang='lat' dir='ltr'><strong>igne</strong></span> 
     </span>
    </p>
   </div>
   <div class='ocr_carea' id='block_1_68' title="bbox 2098 1081 3762 1154">
    <p class='ocr_par' dir='ltr' id='par_1_68' title="bbox 2098 1081 3762 1154">
     <span class='ocr_line' id='line_1_68' title="bbox 2098 1081 3762 1154; baseline 0.002 -18"><span class='ocrx_word' id='word_1_435' title='bbox 2098 1097 2378 1150; x_wconf 89' lang='lat' dir='ltr'><strong>cremare,</strong></span> <span class='ocrx_word' id='word_1_436' title='bbox 2404 1096 2510 1136; x_wconf 90' lang='lat' dir='ltr'><strong>nec</strong></span> <span class='ocrx_word' id='word_1_437' title='bbox 2535 1081 2798 1137; x_wconf 86' lang='lat' dir='ltr'><strong>foderare</strong></span> <span class='ocrx_word' id='word_1_438' title='bbox 2816 1081 3262 1154; x_wconf 88' lang='lat' dir='ltr'><strong>jubebimus.Et</strong></span> <span class='ocrx_word' id='word_1_439' title='bbox 3290 1083 3341 1138; x_wconf 92' lang='lat' dir='ltr'><strong>si</strong></span> <span class='ocrx_word' id='word_1_440' title='bbox 3371 1084 3762 1142; x_wconf 79' lang='lat' dir='ltr'><strong>offensionem</strong></span> 
     </span>
    </p>
   </div>
   <div class='ocr_carea' id='block_1_69' title="bbox 2099 1169 3764 1243">
    <p class='ocr_par' dir='ltr' id='par_1_69' title="bbox 2099 1169 3764 1243">
     <span class='ocr_line' id='line_1_69' title="bbox 2099 1169 3764 1243; baseline 0.004 -19"><span class='ocrx_word' id='word_1_441' title='bbox 2099 1169 2440 1226; x_wconf 88' lang='lat' dir='ltr'><strong>miserimus</strong></span> <span class='ocrx_word' id='word_1_442' title='bbox 2467 1169 2723 1240; x_wconf 90' lang='lat' dir='ltr'><strong>aliquam</strong></span> <span class='ocrx_word' id='word_1_443' title='bbox 2755 1186 2933 1243; x_wconf 90' lang='lat' dir='ltr'><strong>super</strong></span> <span class='ocrx_word' id='word_1_444' title='bbox 2961 1169 3218 1243; x_wconf 86' lang='lat' dir='ltr'><strong>aliquem</strong></span> <span class='ocrx_word' id='word_1_445' title='bbox 3236 1171 3536 1230; x_wconf 76' lang='lat' dir='ltr'><strong>hominem</strong></span> <span class='ocrx_word' id='word_1_446' title='bbox 3552 1173 3674 1230; x_wconf 89' lang='lat' dir='ltr'><strong>sive</strong></span> <span class='ocrx_word' id='word_1_447' title='bbox 3686 1176 3764 1230; x_wconf 92' lang='lat' dir='ltr'><strong>de</strong></span> 
     </span>
    </p>
   </div>
   <div class='ocr_carea' id='block_1_70' title="bbox 2097 1248 3760 1330">
    <p class='ocr_par' dir='ltr' id='par_1_70' title="bbox 2097 1248 3760 1330">
     <span class='ocr_line' id='line_1_70' title="bbox 2097 1248 3760 1330; baseline 0.003 -17"><span class='ocrx_word' id='word_1_448' title='bbox 2097 1259 2401 1328; x_wconf 88' lang='lat' dir='ltr'><strong>terra,sive</strong></span> <span class='ocrx_word' id='word_1_449' title='bbox 2431 1259 2502 1314; x_wconf 90' lang='lat' dir='ltr'><strong>de</strong></span> <span class='ocrx_word' id='word_1_450' title='bbox 2531 1257 2730 1330; x_wconf 87' lang='lat' dir='ltr'><strong>aliquo</strong></span> <span class='ocrx_word' id='word_1_451' title='bbox 2761 1258 3026 1325; x_wconf 88' lang='lat' dir='ltr'><strong>crimine,</strong></span> <span class='ocrx_word' id='word_1_452' title='bbox 3049 1276 3182 1316; x_wconf 92' lang='lat' dir='ltr'><strong>cum</strong></span> <span class='ocrx_word' id='word_1_453' title='bbox 3217 1261 3526 1318; x_wconf 89' lang='lat' dir='ltr'><strong>duodecim</strong></span> <span class='ocrx_word' id='word_1_454' title='bbox 3553 1248 3760 1320; x_wconf 70' lang='lat' dir='ltr'><strong>Sacra-</strong></span> 
     </span>
    </p>
   </div>
   <div class='ocr_carea' id='block_1_71' title="bbox 2099 1346 3762 1422">
    <p class='ocr_par' dir='ltr' id='par_1_71' title="bbox 2099 1346 3762 1422">
     <span class='ocr_line' id='line_1_71' title="bbox 2099 1346 3762 1422; baseline 0.002 -20"><span class='ocrx_word' id='word_1_455' title='bbox 2099 1346 2456 1403; x_wconf 88' lang='lat' dir='ltr'><strong>mentalibus</strong></span> <span class='ocrx_word' id='word_1_456' title='bbox 2469 1346 2694 1419; x_wconf 89' lang='lat' dir='ltr'><strong>absque</strong></span> <span class='ocrx_word' id='word_1_457' title='bbox 2723 1363 2940 1420; x_wconf 89' lang='lat' dir='ltr'><strong>pugna,</strong></span> <span class='ocrx_word' id='word_1_458' title='bbox 2965 1353 3205 1422; x_wconf 84' lang='lat' dir='ltr'><strong>excepto</strong></span> <span class='ocrx_word' id='word_1_459' title='bbox 3219 1351 3290 1404; x_wconf 93' lang='lat' dir='ltr'><strong>de</strong></span> <span class='ocrx_word' id='word_1_460' title='bbox 3305 1349 3444 1417; x_wconf 87' lang='lat' dir='ltr'><strong>vita,</strong></span> <span class='ocrx_word' id='word_1_461' title='bbox 3465 1354 3566 1406; x_wconf 88' lang='lat' dir='ltr'><strong>aut</strong></span> <span class='ocrx_word' id='word_1_462' title='bbox 3579 1351 3762 1408; x_wconf 91' lang='lat' dir='ltr'><strong>mori-</strong></span> 
     </span>
    </p>
   </div>
   <div class='ocr_carea' id='block_1_72' title="bbox 2099 1435 3763 1513">
    <p class='ocr_par' dir='ltr' id='par_1_72' title="bbox 2099 1435 3763 1513">
     <span class='ocr_line' id='line_1_72' title="bbox 2099 1435 3763 1513; baseline 0.003 -22"><span class='ocrx_word' id='word_1_463' title='bbox 2099 1436 2229 1502; x_wconf 89' lang='lat' dir='ltr'><strong>bus,</strong></span> <span class='ocrx_word' id='word_1_464' title='bbox 2253 1440 2355 1491; x_wconf 89' lang='lat' dir='ltr'><strong>aut</strong></span> <span class='ocrx_word' id='word_1_465' title='bbox 2368 1435 2587 1492; x_wconf 90' lang='lat' dir='ltr'><strong>honore</strong></span> <span class='ocrx_word' id='word_1_466' title='bbox 2602 1439 2825 1501; x_wconf 89' lang='lat' dir='ltr'><strong>nostro,</strong></span> <span class='ocrx_word' id='word_1_467' title='bbox 2843 1435 2889 1491; x_wconf 90' lang='lat' dir='ltr'><strong>si</strong></span> <span class='ocrx_word' id='word_1_468' title='bbox 2906 1437 3231 1510; x_wconf 83' lang='lat' dir='ltr'><strong>approbare</strong></span> <span class='ocrx_word' id='word_1_469' title='bbox 3243 1438 3763 1513; x_wconf 83' lang='lat' dir='ltr'><strong>volueritille,qui-</strong></span> 
     </span>
    </p>
   </div>
   <div class='ocr_carea' id='block_1_73' title="bbox 2098 1523 3762 1584">
    <p class='ocr_par' dir='ltr' id='par_1_73' title="bbox 2098 1523 3762 1584">
     <span class='ocr_line' id='line_1_73' title="bbox 2098 1523 3762 1584; baseline 0.002 -4"><span class='ocrx_word' id='word_1_470' title='bbox 2098 1524 2209 1580; x_wconf 89' lang='lat' dir='ltr'><strong>bus</strong></span> <span class='ocrx_word' id='word_1_471' title='bbox 2227 1523 2538 1580; x_wconf 89' lang='lat' dir='ltr'><strong>consilium</strong></span> <span class='ocrx_word' id='word_1_472' title='bbox 2557 1541 2692 1578; x_wconf 90' lang='lat' dir='ltr'><strong>cum</strong></span> <span class='ocrx_word' id='word_1_473' title='bbox 2726 1539 2792 1579; x_wconf 90' lang='lat' dir='ltr'><strong>eo</strong></span> <span class='ocrx_word' id='word_1_474' title='bbox 2821 1523 3124 1580; x_wconf 89' lang='lat' dir='ltr'><strong>invenerit.</strong></span> <span class='ocrx_word' id='word_1_475' title='bbox 3150 1525 3266 1580; x_wconf 90' lang='lat' dir='ltr'><strong>Nec</strong></span> <span class='ocrx_word' id='word_1_476' title='bbox 3293 1525 3557 1583; x_wconf 87' lang='lat' dir='ltr'><strong>bannum</strong></span> <span class='ocrx_word' id='word_1_477' title='bbox 3591 1526 3762 1584; x_wconf 91' lang='lat' dir='ltr'><strong>tolle—</strong></span> 
     </span>
    </p>
   </div>
   <div class='ocr_carea' id='block_1_74' title="bbox 2097 1610 3764 1685">
    <p class='ocr_par' dir='ltr' id='par_1_74' title="bbox 2097 1610 3764 1685">
     <span class='ocr_line' id='line_1_74' title="bbox 2097 1610 3764 1685; baseline 0.004 -19"><span class='ocrx_word' id='word_1_478' title='bbox 2097 1628 2252 1679; x_wconf 89' lang='lat' dir='ltr'><strong>mus,</strong></span> <span class='ocrx_word' id='word_1_479' title='bbox 2271 1610 2383 1667; x_wconf 89' lang='lat' dir='ltr'><strong>nisi</strong></span> <span class='ocrx_word' id='word_1_480' title='bbox 2397 1629 2500 1684; x_wconf 90' lang='lat' dir='ltr'><strong>per</strong></span> <span class='ocrx_word' id='word_1_481' title='bbox 2514 1610 2724 1685; x_wconf 87' lang='lat' dir='ltr'><strong>legem.</strong></span> <span class='ocrx_word' id='word_1_482' title='bbox 2743 1611 2857 1667; x_wconf 91' lang='lat' dir='ltr'><strong>Nec</strong></span> <span class='ocrx_word' id='word_1_483' title='bbox 2871 1612 3047 1668; x_wconf 90' lang='lat' dir='ltr'><strong>homo</strong></span> <span class='ocrx_word' id='word_1_484' title='bbox 3060 1613 3323 1685; x_wconf 88' lang='lat' dir='ltr'><strong>capietur</strong></span> <span class='ocrx_word' id='word_1_485' title='bbox 3336 1630 3369 1669; x_wconf 93' lang='lat' dir='ltr'><strong>a</strong></span> <span class='ocrx_word' id='word_1_486' title='bbox 3383 1614 3554 1671; x_wconf 89' lang='lat' dir='ltr'><strong>nobis</strong></span> <span class='ocrx_word' id='word_1_487' title='bbox 3566 1613 3638 1670; x_wconf 92' lang='lat' dir='ltr'><strong>de</strong></span> <span class='ocrx_word' id='word_1_488' title='bbox 3654 1633 3764 1672; x_wconf 88' lang='lat' dir='ltr'><strong>su-</strong></span> 
     </span>
    </p>
   </div>
   <div class='ocr_carea' id='block_1_75' title="bbox 2096 1700 3762 1776">
    <p class='ocr_par' dir='ltr' id='par_1_75' title="bbox 2096 1700 3762 1776">
     <span class='ocr_line' id='line_1_75' title="bbox 2096 1700 3762 1776; baseline 0.004 -21"><span class='ocrx_word' id='word_1_489' title='bbox 2096 1701 2424 1773; x_wconf 90' lang='lat' dir='ltr'><strong>prascripta</strong></span> <span class='ocrx_word' id='word_1_490' title='bbox 2452 1700 2685 1757; x_wconf 87' lang='lat' dir='ltr'><strong>civitate</strong></span> <span class='ocrx_word' id='word_1_491' title='bbox 2715 1700 2802 1756; x_wconf 88' lang='lat' dir='ltr'><strong>vel</strong></span> <span class='ocrx_word' id='word_1_492' title='bbox 2835 1701 3182 1774; x_wconf 88' lang='lat' dir='ltr'><strong>burgis,nisi</strong></span> <span class='ocrx_word' id='word_1_493' title='bbox 3215 1719 3318 1774; x_wconf 90' lang='lat' dir='ltr'><strong>per</strong></span> <span class='ocrx_word' id='word_1_494' title='bbox 3344 1703 3534 1776; x_wconf 88' lang='lat' dir='ltr'><strong>legem</strong></span> <span class='ocrx_word' id='word_1_495' title='bbox 3566 1703 3762 1761; x_wconf 89' lang='lat' dir='ltr'><strong>facere</strong></span> 
     </span>
    </p>
   </div>
   <div class='ocr_carea' id='block_1_76' title="bbox 2095 1788 3758 1862">
    <p class='ocr_par' dir='ltr' id='par_1_76' title="bbox 2095 1788 3758 1862">
     <span class='ocr_line' id='line_1_76' title="bbox 2095 1788 3758 1862; baseline 0.004 -18"><span class='ocrx_word' id='word_1_496' title='bbox 2095 1789 2480 1862; x_wconf 90' lang='lat' dir='ltr'><strong>prohibuerit,</strong></span> <span class='ocrx_word' id='word_1_497' title='bbox 2507 1795 2564 1846; x_wconf 89' lang='lat' dir='ltr'><strong>et</strong></span> <span class='ocrx_word' id='word_1_498' title='bbox 2595 1788 2878 1846; x_wconf 91' lang='lat' dir='ltr'><strong>allodium</strong></span> <span class='ocrx_word' id='word_1_499' title='bbox 2927 1790 2988 1845; x_wconf 91' lang='lat' dir='ltr'><strong>in</strong></span> <span class='ocrx_word' id='word_1_500' title='bbox 3036 1791 3269 1846; x_wconf 89' lang='lat' dir='ltr'><strong>civitate</strong></span> <span class='ocrx_word' id='word_1_501' title='bbox 3315 1791 3404 1848; x_wconf 91' lang='lat' dir='ltr'><strong>vel</strong></span> <span class='ocrx_word' id='word_1_502' title='bbox 3449 1792 3593 1848; x_wconf 89' lang='lat' dir='ltr'><strong>foris</strong></span> <span class='ocrx_word' id='word_1_503' title='bbox 3637 1810 3758 1850; x_wconf 91' lang='lat' dir='ltr'><strong>non</strong></span> 
     </span>
    </p>
   </div>
   <div class='ocr_carea' id='block_1_77' title="bbox 2097 1877 3758 1954">
    <p class='ocr_par' dir='ltr' id='par_1_77' title="bbox 2097 1877 3758 1954">
     <span class='ocr_line' id='line_1_77' title="bbox 2097 1877 3758 1954; baseline 0.004 -22"><span class='ocrx_word' id='word_1_504' title='bbox 2097 1877 2506 1934; x_wconf 87' lang='lat' dir='ltr'><strong>habuerit.Nec</strong></span> <span class='ocrx_word' id='word_1_505' title='bbox 2520 1877 2862 1935; x_wconf 90' lang='lat' dir='ltr'><strong>hominibus</strong></span> <span class='ocrx_word' id='word_1_506' title='bbox 2879 1879 3222 1952; x_wconf 65' lang='lat' dir='ltr'><strong>praeparatis</strong></span> <span class='ocrx_word' id='word_1_507' title='bbox 3243 1880 3315 1936; x_wconf 91' lang='lat' dir='ltr'><strong>ad</strong></span> <span class='ocrx_word' id='word_1_508' title='bbox 3349 1881 3758 1954; x_wconf 86' lang='lat' dir='ltr'><strong>navigandum</strong></span> 
     </span>
    </p>
   </div>
   <div class='ocr_carea' id='block_1_78' title="bbox 2094 1965 3762 2044">
    <p class='ocr_par' dir='ltr' id='par_1_78' title="bbox 2094 1965 3762 2044">
     <span class='ocr_line' id='line_1_78' title="bbox 2094 1965 3762 2044; baseline 0.005 -23"><span class='ocrx_word' id='word_1_509' title='bbox 2094 1965 2206 2022; x_wconf 90' lang='lat' dir='ltr'><strong>iter</strong></span> <span class='ocrx_word' id='word_1_510' title='bbox 2235 1966 2639 2040; x_wconf 89' lang='lat' dir='ltr'><strong>prohibemus,</strong></span> <span class='ocrx_word' id='word_1_511' title='bbox 2674 1967 2788 2022; x_wconf 89' lang='lat' dir='ltr'><strong>nisi</strong></span> <span class='ocrx_word' id='word_1_512' title='bbox 2819 1969 3079 2025; x_wconf 87' lang='lat' dir='ltr'><strong>studiose</strong></span> <span class='ocrx_word' id='word_1_513' title='bbox 3108 1968 3219 2024; x_wconf 91' lang='lat' dir='ltr'><strong>hoc</strong></span> <span class='ocrx_word' id='word_1_514' title='bbox 3254 1969 3498 2026; x_wconf 85' lang='lat' dir='ltr'><strong>fecerint</strong></span> <span class='ocrx_word' id='word_1_515' title='bbox 3513 1976 3762 2044; x_wconf 88' lang='lat' dir='ltr'><strong>propter</strong></span> 
     </span>
    </p>
   </div>
   <div class='ocr_carea' id='block_1_79' title="bbox 2093 2055 3756 2130">
    <p class='ocr_par' dir='ltr' id='par_1_79' title="bbox 2093 2055 3756 2130">
     <span class='ocr_line' id='line_1_79' title="bbox 2093 2055 3756 2130; baseline 0.003 -19"><span class='ocrx_word' id='word_1_516' title='bbox 2093 2055 2524 2128; x_wconf 88' lang='lat' dir='ltr'><strong>querimoniam</strong></span> <span class='ocrx_word' id='word_1_517' title='bbox 2555 2056 2626 2111; x_wconf 91' lang='lat' dir='ltr'><strong>de</strong></span> <span class='ocrx_word' id='word_1_518' title='bbox 2657 2057 2741 2111; x_wconf 91' lang='lat' dir='ltr'><strong>eis</strong></span> <span class='ocrx_word' id='word_1_519' title='bbox 2772 2057 3082 2112; x_wconf 88' lang='lat' dir='ltr'><strong>factam.Et</strong></span> <span class='ocrx_word' id='word_1_520' title='bbox 3109 2057 3158 2112; x_wconf 91' lang='lat' dir='ltr'><strong>si</strong></span> <span class='ocrx_word' id='word_1_521' title='bbox 3192 2057 3756 2130; x_wconf 84' lang='lat' dir='ltr'><strong>culpaverimusali-</strong></span> 
     </span>
    </p>
   </div>
   <div class='ocr_carea' id='block_1_80' title="bbox 2093 2143 3752 2219">
    <p class='ocr_par' dir='ltr' id='par_1_80' title="bbox 2093 2143 3752 2219">
     <span class='ocr_line' id='line_1_80' title="bbox 2093 2143 3752 2219; baseline 0.004 -19"><span class='ocrx_word' id='word_1_522' title='bbox 2093 2161 2268 2217; x_wconf 88' lang='lat' dir='ltr'><strong>quem</strong></span> <span class='ocrx_word' id='word_1_523' title='bbox 2297 2143 2630 2216; x_wconf 90' lang='lat' dir='ltr'><strong>eorum,qui</strong></span> <span class='ocrx_word' id='word_1_524' title='bbox 2663 2144 2857 2201; x_wconf 90' lang='lat' dir='ltr'><strong>obhoc</strong></span> <span class='ocrx_word' id='word_1_525' title='bbox 2891 2161 2953 2202; x_wconf 88' lang='lat' dir='ltr'><strong>se</strong></span> <span class='ocrx_word' id='word_1_526' title='bbox 2986 2147 3752 2219; x_wconf 65' lang='lat' dir='ltr'><strong>praepararet,utjustitiam</strong></span> 
     </span>
    </p>
   </div>
   <div class='ocr_carea' id='block_1_81' title="bbox 2089 2233 3752 2306">
    <p class='ocr_par' dir='ltr' id='par_1_81' title="bbox 2089 2233 3752 2306">
     <span class='ocr_line' id='line_1_81' title="bbox 2089 2233 3752 2306; baseline 0.003 -17"><span class='ocrx_word' id='word_1_527' title='bbox 2089 2235 2277 2306; x_wconf 89' lang='lat' dir='ltr'><strong>possit</strong></span> <span class='ocrx_word' id='word_1_528' title='bbox 2305 2233 2538 2302; x_wconf 85' lang='lat' dir='ltr'><strong>evitare,</strong></span> <span class='ocrx_word' id='word_1_529' title='bbox 2555 2234 2965 2306; x_wconf 88' lang='lat' dir='ltr'><strong>permittemus</strong></span> <span class='ocrx_word' id='word_1_530' title='bbox 2995 2251 3130 2291; x_wconf 88' lang='lat' dir='ltr'><strong>cum</strong></span> <span class='ocrx_word' id='word_1_531' title='bbox 3165 2241 3532 2293; x_wconf 89' lang='lat' dir='ltr'><strong>sacramento</strong></span> <span class='ocrx_word' id='word_1_532' title='bbox 3549 2254 3660 2294; x_wconf 88' lang='lat' dir='ltr'><strong>suo</strong></span> <span class='ocrx_word' id='word_1_533' title='bbox 3684 2253 3752 2294; x_wconf 87' lang='lat' dir='ltr'><strong>se</strong></span> 
     </span>
    </p>
   </div>
   <div class='ocr_carea' id='block_1_82' title="bbox 2089 2321 3746 2394">
    <p class='ocr_par' dir='ltr' id='par_1_82' title="bbox 2089 2321 3746 2394">
     <span class='ocr_line' id='line_1_82' title="bbox 2089 2321 3746 2394; baseline 0.002 -16"><span class='ocrx_word' id='word_1_534' title='bbox 2089 2323 2494 2379; x_wconf 87' lang='lat' dir='ltr'><strong>defendere.Et</strong></span> <span class='ocrx_word' id='word_1_535' title='bbox 2523 2321 2572 2378; x_wconf 91' lang='lat' dir='ltr'><strong>si</strong></span> <span class='ocrx_word' id='word_1_536' title='bbox 2604 2321 2818 2394; x_wconf 87' lang='lat' dir='ltr'><strong>aliquis</strong></span> <span class='ocrx_word' id='word_1_537' title='bbox 2844 2339 3044 2379; x_wconf 91' lang='lat' dir='ltr'><strong>eorum</strong></span> <span class='ocrx_word' id='word_1_538' title='bbox 3078 2323 3138 2382; x_wconf 89' lang='lat' dir='ltr'><strong>in</strong></span> <span class='ocrx_word' id='word_1_539' title='bbox 3171 2323 3378 2380; x_wconf 90' lang='lat' dir='ltr'><strong>itinere</strong></span> <span class='ocrx_word' id='word_1_540' title='bbox 3407 2324 3746 2394; x_wconf 87' lang='lat' dir='ltr'><strong>fuerit;mu-</strong></span> 
     </span>
    </p>
   </div>
   <div class='ocr_carea' id='block_1_83' title="bbox 2089 2410 3750 2484">
    <p class='ocr_par' dir='ltr' id='par_1_83' title="bbox 2089 2410 3750 2484">
     <span class='ocr_line' id='line_1_83' title="bbox 2089 2410 3750 2484; baseline 0.004 -19"><span class='ocrx_word' id='word_1_541' title='bbox 2089 2410 2293 2468; x_wconf 90' lang='lat' dir='ltr'><strong>lierem</strong></span> <span class='ocrx_word' id='word_1_542' title='bbox 2323 2413 2453 2484; x_wconf 83' lang='lat' dir='ltr'><strong>ejus</strong></span> <span class='ocrx_word' id='word_1_543' title='bbox 2484 2411 2542 2466; x_wconf 93' lang='lat' dir='ltr'><strong>in</strong></span> <span class='ocrx_word' id='word_1_544' title='bbox 2575 2410 3002 2468; x_wconf 89' lang='lat' dir='ltr'><strong>districtionem</strong></span> <span class='ocrx_word' id='word_1_545' title='bbox 3053 2431 3169 2469; x_wconf 89' lang='lat' dir='ltr'><strong>non</strong></span> <span class='ocrx_word' id='word_1_546' title='bbox 3213 2415 3540 2471; x_wconf 88' lang='lat' dir='ltr'><strong>mittemus.</strong></span> <span class='ocrx_word' id='word_1_547' title='bbox 3575 2416 3646 2470; x_wconf 93' lang='lat' dir='ltr'><strong>Et</strong></span> <span class='ocrx_word' id='word_1_548' title='bbox 3674 2416 3750 2472; x_wconf 87' lang='lat' dir='ltr'><strong>de</strong></span> 
     </span>
    </p>
   </div>
   <div class='ocr_carea' id='block_1_84' title="bbox 2089 2499 3746 2576">
    <p class='ocr_par' dir='ltr' id='par_1_84' title="bbox 2089 2499 3746 2576">
     <span class='ocr_line' id='line_1_84' title="bbox 2089 2499 3746 2576; baseline 0.003 -20"><span class='ocrx_word' id='word_1_549' title='bbox 2089 2499 2427 2570; x_wconf 86' lang='lat' dir='ltr'><strong>tenimento,</strong></span> <span class='ocrx_word' id='word_1_550' title='bbox 2459 2499 2614 2572; x_wconf 89' lang='lat' dir='ltr'><strong>quod</strong></span> <span class='ocrx_word' id='word_1_551' title='bbox 2654 2499 2869 2573; x_wconf 90' lang='lat' dir='ltr'><strong>aliquis</strong></span> <span class='ocrx_word' id='word_1_552' title='bbox 2915 2501 3166 2558; x_wconf 90' lang='lat' dir='ltr'><strong>tenuerit</strong></span> <span class='ocrx_word' id='word_1_553' title='bbox 3212 2518 3316 2575; x_wconf 91' lang='lat' dir='ltr'><strong>per</strong></span> <span class='ocrx_word' id='word_1_554' title='bbox 3362 2503 3746 2576; x_wconf 86' lang='lat' dir='ltr'><strong>beneﬁcium,</strong></span> 
     </span>
    </p>
   </div>
   <div class='ocr_carea' id='block_1_85' title="bbox 2088 2587 3746 2662">
    <p class='ocr_par' dir='ltr' id='par_1_85' title="bbox 2088 2587 3746 2662">
     <span class='ocr_line' id='line_1_85' title="bbox 2088 2587 3746 2662; baseline 0.002 -17"><span class='ocrx_word' id='word_1_555' title='bbox 2088 2591 2242 2662; x_wconf 91' lang='lat' dir='ltr'><strong>quod</strong></span> <span class='ocrx_word' id='word_1_556' title='bbox 2274 2607 2309 2645; x_wconf 86' lang='lat' dir='ltr'><strong>a</strong></span> <span class='ocrx_word' id='word_1_557' title='bbox 2337 2587 2507 2646; x_wconf 90' lang='lat' dir='ltr'><strong>nobis</strong></span> <span class='ocrx_word' id='word_1_558' title='bbox 2537 2589 2812 2656; x_wconf 89' lang='lat' dir='ltr'><strong>tenuerit,</strong></span> <span class='ocrx_word' id='word_1_559' title='bbox 2845 2605 2982 2646; x_wconf 90' lang='lat' dir='ltr'><strong>eum</strong></span> <span class='ocrx_word' id='word_1_560' title='bbox 3013 2608 3129 2646; x_wconf 91' lang='lat' dir='ltr'><strong>non</strong></span> <span class='ocrx_word' id='word_1_561' title='bbox 3163 2590 3580 2649; x_wconf 88' lang='lat' dir='ltr'><strong>disvestiemus</strong></span> <span class='ocrx_word' id='word_1_562' title='bbox 3627 2593 3746 2652; x_wconf 87' lang='lat' dir='ltr'><strong>nisi</strong></span> 
     </span>
    </p>
   </div>
   <div class='ocr_carea' id='block_1_86' title="bbox 2087 2678 3746 2752">
    <p class='ocr_par' dir='ltr' id='par_1_86' title="bbox 2087 2678 3746 2752">
     <span class='ocr_line' id='line_1_86' title="bbox 2087 2678 3746 2752; baseline 0.002 -18"><span class='ocrx_word' id='word_1_563' title='bbox 2087 2694 2190 2752; x_wconf 87' lang='lat' dir='ltr'><strong>per</strong></span> <span class='ocrx_word' id='word_1_564' title='bbox 2216 2678 2422 2752; x_wconf 89' lang='lat' dir='ltr'><strong>legem.</strong></span> <span class='ocrx_word' id='word_1_565' title='bbox 2448 2680 2516 2733; x_wconf 90' lang='lat' dir='ltr'><strong>Et</strong></span> <span class='ocrx_word' id='word_1_566' title='bbox 2544 2679 3021 2748; x_wconf 89' lang='lat' dir='ltr'><strong>consuetudines,</strong></span> <span class='ocrx_word' id='word_1_567' title='bbox 3039 2695 3186 2751; x_wconf 89' lang='lat' dir='ltr'><strong>quas</strong></span> <span class='ocrx_word' id='word_1_568' title='bbox 3221 2679 3440 2737; x_wconf 82' lang='lat' dir='ltr'><strong>habent</strong></span> <span class='ocrx_word' id='word_1_569' title='bbox 3468 2681 3540 2737; x_wconf 89' lang='lat' dir='ltr'><strong>de</strong></span> <span class='ocrx_word' id='word_1_570' title='bbox 3571 2681 3746 2751; x_wconf 87' lang='lat' dir='ltr'><strong>Mari,</strong></span> 
     </span>
    </p>
   </div>
   <div class='ocr_carea' id='block_1_87' title="bbox 2088 2765 3742 2834">
    <p class='ocr_par' dir='ltr' id='par_1_87' title="bbox 2088 2765 3742 2834">
     <span class='ocr_line' id='line_1_87' title="bbox 2088 2765 3742 2834; baseline 0.002 -11"><span class='ocrx_word' id='word_1_571' title='bbox 2088 2767 2172 2824; x_wconf 91' lang='lat' dir='ltr'><strong>sic</strong></span> <span class='ocrx_word' id='word_1_572' title='bbox 2198 2769 2282 2824; x_wconf 89' lang='lat' dir='ltr'><strong>eis</strong></span> <span class='ocrx_word' id='word_1_573' title='bbox 2310 2765 2936 2834; x_wconf 86' lang='lat' dir='ltr'><strong>observabimus,sicut</strong></span> <span class='ocrx_word' id='word_1_574' title='bbox 2966 2767 3201 2824; x_wconf 91' lang='lat' dir='ltr'><strong>illorum</strong></span> <span class='ocrx_word' id='word_1_575' title='bbox 3235 2771 3325 2824; x_wconf 87' lang='lat' dir='ltr'><strong>est</strong></span> <span class='ocrx_word' id='word_1_576' title='bbox 3353 2770 3742 2826; x_wconf 86' lang='lat' dir='ltr'><strong>consuetudo.</strong></span> 
     </span>
    </p>
   </div>
   <div class='ocr_carea' id='block_1_88' title="bbox 2087 2855 3740 2928">
    <p class='ocr_par' dir='ltr' id='par_1_88' title="bbox 2087 2855 3740 2928">
     <span class='ocr_line' id='line_1_88' title="bbox 2087 2855 3740 2928; baseline 0.001 -15"><span class='ocrx_word' id='word_1_577' title='bbox 2087 2858 2155 2913; x_wconf 86' lang='lat' dir='ltr'><strong>Et</strong></span> <span class='ocrx_word' id='word_1_578' title='bbox 2184 2856 2376 2924; x_wconf 89' lang='lat' dir='ltr'><strong>illum,</strong></span> <span class='ocrx_word' id='word_1_579' title='bbox 2411 2873 2592 2928; x_wconf 91' lang='lat' dir='ltr'><strong>super</strong></span> <span class='ocrx_word' id='word_1_580' title='bbox 2617 2872 2792 2928; x_wconf 89' lang='lat' dir='ltr'><strong>quem</strong></span> <span class='ocrx_word' id='word_1_581' title='bbox 2825 2855 3161 2912; x_wconf 90' lang='lat' dir='ltr'><strong>reclamatio</strong></span> <span class='ocrx_word' id='word_1_582' title='bbox 3205 2857 3430 2914; x_wconf 89' lang='lat' dir='ltr'><strong>venerit</strong></span> <span class='ocrx_word' id='word_1_583' title='bbox 3457 2858 3529 2914; x_wconf 90' lang='lat' dir='ltr'><strong>de</strong></span> <span class='ocrx_word' id='word_1_584' title='bbox 3559 2861 3740 2927; x_wconf 88' lang='lat' dir='ltr'><strong>terra,</strong></span> 
     </span>
    </p>
   </div>
   <div class='ocr_carea' id='block_1_89' title="bbox 2087 2944 3745 3019">
    <p class='ocr_par' dir='ltr' id='par_1_89' title="bbox 2087 2944 3745 3019">
     <span class='ocr_line' id='line_1_89' title="bbox 2087 2944 3745 3019; baseline 0.001 -17"><span class='ocrx_word' id='word_1_585' title='bbox 2087 2945 2138 3002; x_wconf 90' lang='lat' dir='ltr'><strong>si</strong></span> <span class='ocrx_word' id='word_1_586' title='bbox 2182 2949 2530 3019; x_wconf 88' lang='lat' dir='ltr'><strong>guarentem</strong></span> <span class='ocrx_word' id='word_1_587' title='bbox 2580 2945 2795 3001; x_wconf 87' lang='lat' dir='ltr'><strong>habere</strong></span> <span class='ocrx_word' id='word_1_588' title='bbox 2841 2945 3114 3018; x_wconf 90' lang='lat' dir='ltr'><strong>potuerit,</strong></span> <span class='ocrx_word' id='word_1_589' title='bbox 3163 2944 3252 3001; x_wconf 87' lang='lat' dir='ltr'><strong>vel</strong></span> <span class='ocrx_word' id='word_1_590' title='bbox 3304 2946 3745 3018; x_wconf 88' lang='lat' dir='ltr'><strong>possessionem</strong></span> 
     </span>
    </p>
   </div>
   <div class='ocr_carea' id='block_1_90' title="bbox 2077 3033 3741 3108">
    <p class='ocr_par' dir='ltr' id='par_1_90' title="bbox 2077 3033 3741 3108">
     <span class='ocr_line' id='line_1_90' title="bbox 2077 3033 3741 3108; baseline 0.002 -18"><span class='ocrx_word' id='word_1_591' title='bbox 2077 3036 2280 3107; x_wconf 86' lang='lat' dir='ltr'><strong>jurare</strong></span> <span class='ocrx_word' id='word_1_592' title='bbox 2307 3033 2574 3101; x_wconf 91' lang='lat' dir='ltr'><strong>voluerit,</strong></span> <span class='ocrx_word' id='word_1_593' title='bbox 2607 3050 2711 3106; x_wconf 91' lang='lat' dir='ltr'><strong>per</strong></span> <span class='ocrx_word' id='word_1_594' title='bbox 2740 3050 2999 3108; x_wconf 83' lang='lat' dir='ltr'><strong>pugnam</strong></span> <span class='ocrx_word' id='word_1_595' title='bbox 3031 3035 3264 3108; x_wconf 87' lang='lat' dir='ltr'><strong>fatigari</strong></span> <span class='ocrx_word' id='word_1_596' title='bbox 3291 3052 3410 3091; x_wconf 90' lang='lat' dir='ltr'><strong>non</strong></span> <span class='ocrx_word' id='word_1_597' title='bbox 3450 3035 3741 3093; x_wconf 86' lang='lat' dir='ltr'><strong>sinemus.</strong></span> 
     </span>
    </p>
   </div>
   <div class='ocr_carea' id='block_1_91' title="bbox 2087 3123 3742 3194">
    <p class='ocr_par' dir='ltr' id='par_1_91' title="bbox 2087 3123 3742 3194">
     <span class='ocr_line' id='line_1_91' title="bbox 2087 3123 3742 3194; baseline 0.002 -15"><span class='ocrx_word' id='word_1_598' title='bbox 2087 3124 2154 3179; x_wconf 87' lang='lat' dir='ltr'><strong>Et</strong></span> <span class='ocrx_word' id='word_1_599' title='bbox 2182 3123 2522 3180; x_wconf 91' lang='lat' dir='ltr'><strong>hominibus</strong></span> <span class='ocrx_word' id='word_1_600' title='bbox 2553 3124 2626 3179; x_wconf 92' lang='lat' dir='ltr'><strong>de</strong></span> <span class='ocrx_word' id='word_1_601' title='bbox 2659 3123 2774 3179; x_wconf 88' lang='lat' dir='ltr'><strong>alia</strong></span> <span class='ocrx_word' id='word_1_602' title='bbox 2799 3123 3049 3192; x_wconf 89' lang='lat' dir='ltr'><strong>civitate,</strong></span> <span class='ocrx_word' id='word_1_603' title='bbox 3081 3127 3184 3178; x_wconf 87' lang='lat' dir='ltr'><strong>aut</strong></span> <span class='ocrx_word' id='word_1_604' title='bbox 3224 3124 3296 3179; x_wconf 89' lang='lat' dir='ltr'><strong>de</strong></span> <span class='ocrx_word' id='word_1_605' title='bbox 3327 3123 3440 3180; x_wconf 93' lang='lat' dir='ltr'><strong>alio</strong></span> <span class='ocrx_word' id='word_1_606' title='bbox 3473 3124 3742 3194; x_wconf 86' lang='lat' dir='ltr'><strong>castello,</strong></span> 
     </span>
    </p>
   </div>
   <div class='ocr_carea' id='block_1_92' title="bbox 2086 3211 3740 3286">
    <p class='ocr_par' dir='ltr' id='par_1_92' title="bbox 2086 3211 3740 3286">
     <span class='ocr_line' id='line_1_92' title="bbox 2086 3211 3740 3286; baseline 0.002 -19"><span class='ocrx_word' id='word_1_607' title='bbox 2086 3213 2174 3269; x_wconf 89' lang='lat' dir='ltr'><strong>vel</strong></span> <span class='ocrx_word' id='word_1_608' title='bbox 2203 3214 2272 3269; x_wconf 91' lang='lat' dir='ltr'><strong>de</strong></span> <span class='ocrx_word' id='word_1_609' title='bbox 2297 3212 2413 3269; x_wconf 89' lang='lat' dir='ltr'><strong>alia</strong></span> <span class='ocrx_word' id='word_1_610' title='bbox 2440 3211 2601 3281; x_wconf 88' lang='lat' dir='ltr'><strong>villa,</strong></span> <span class='ocrx_word' id='word_1_611' title='bbox 2631 3212 2719 3268; x_wconf 91' lang='lat' dir='ltr'><strong>vel</strong></span> <span class='ocrx_word' id='word_1_612' title='bbox 2753 3213 2825 3269; x_wconf 91' lang='lat' dir='ltr'><strong>de</strong></span> <span class='ocrx_word' id='word_1_613' title='bbox 2856 3212 2969 3268; x_wconf 91' lang='lat' dir='ltr'><strong>alio</strong></span> <span class='ocrx_word' id='word_1_614' title='bbox 2997 3213 3374 3286; x_wconf 86' lang='lat' dir='ltr'><strong>signoratico,</strong></span> <span class='ocrx_word' id='word_1_615' title='bbox 3396 3212 3588 3286; x_wconf 88' lang='lat' dir='ltr'><strong>legem</strong></span> <span class='ocrx_word' id='word_1_616' title='bbox 3621 3232 3740 3270; x_wconf 90' lang='lat' dir='ltr'><strong>non</strong></span> 
     </span>
    </p>
   </div>
   <div class='ocr_carea' id='block_1_93' title="bbox 2007 3288 3741 3376">
    <p class='ocr_par' dir='ltr' id='par_1_93' title="bbox 2007 3288 3741 3376">
     <span class='ocr_line' id='line_1_93' title="bbox 2007 3288 3741 3376; baseline 0.001 -18"><span class='ocrx_word' id='word_1_617' title='bbox 2007 3288 2053 3358; x_wconf 84' lang='lat' dir='ltr'><strong>C</strong></span> <span class='ocrx_word' id='word_1_618' title='bbox 2090 3301 2373 3359; x_wconf 76' lang='lat' dir='ltr'><strong>faciemus</strong></span> <span class='ocrx_word' id='word_1_619' title='bbox 2404 3302 2476 3358; x_wconf 92' lang='lat' dir='ltr'><strong>de</strong></span> <span class='ocrx_word' id='word_1_620' title='bbox 2507 3302 2733 3358; x_wconf 90' lang='lat' dir='ltr'><strong>Pisanis</strong></span> <span class='ocrx_word' id='word_1_621' title='bbox 2766 3301 3128 3370; x_wconf 91' lang='lat' dir='ltr'><strong>hominibus,</strong></span> <span class='ocrx_word' id='word_1_622' title='bbox 3161 3301 3276 3357; x_wconf 91' lang='lat' dir='ltr'><strong>nisi</strong></span> <span class='ocrx_word' id='word_1_623' title='bbox 3307 3301 3391 3356; x_wconf 90' lang='lat' dir='ltr'><strong>illi</strong></span> <span class='ocrx_word' id='word_1_624' title='bbox 3425 3302 3498 3357; x_wconf 93' lang='lat' dir='ltr'><strong>de</strong></span> <span class='ocrx_word' id='word_1_625' title='bbox 3527 3319 3741 3376; x_wconf 79' lang='lat' dir='ltr'><strong>supra-</strong></span> 
     </span>
    </p>
   </div>
   <div class='ocr_carea' id='block_1_94' title="bbox 2085 3390 3738 3464">
    <p class='ocr_par' dir='ltr' id='par_1_94' title="bbox 2085 3390 3738 3464">
     <span class='ocr_line' id='line_1_94' title="bbox 2085 3390 3738 3464; baseline 0.001 -16"><span class='ocrx_word' id='word_1_626' title='bbox 2085 3391 2318 3464; x_wconf 90' lang='lat' dir='ltr'><strong>scriptis</strong></span> <span class='ocrx_word' id='word_1_627' title='bbox 2349 3391 2512 3459; x_wconf 88' lang='lat' dir='ltr'><strong>locis,</strong></span> <span class='ocrx_word' id='word_1_628' title='bbox 2545 3390 2633 3447; x_wconf 87' lang='lat' dir='ltr'><strong>vel</strong></span> <span class='ocrx_word' id='word_1_629' title='bbox 2663 3408 2867 3447; x_wconf 90' lang='lat' dir='ltr'><strong>eorum</strong></span> <span class='ocrx_word' id='word_1_630' title='bbox 2899 3391 3180 3459; x_wconf 88' lang='lat' dir='ltr'><strong>seniores,</strong></span> <span class='ocrx_word' id='word_1_631' title='bbox 3215 3392 3317 3464; x_wconf 87' lang='lat' dir='ltr'><strong>qui</strong></span> <span class='ocrx_word' id='word_1_632' title='bbox 3349 3390 3738 3450; x_wconf 77' lang='lat' dir='ltr'><strong>offensionem</strong></span> 
     </span>
    </p>
   </div>
   <div class='ocr_carea' id='block_1_95' title="bbox 2086 3478 3736 3554">
    <p class='ocr_par' dir='ltr' id='par_1_95' title="bbox 2086 3478 3736 3554">
     <span class='ocr_line' id='line_1_95' title="bbox 2086 3478 3736 3554; baseline 0.001 -18"><span class='ocrx_word' id='word_1_633' title='bbox 2086 3481 2346 3547; x_wconf 85' lang='lat' dir='ltr'><strong>fecerint,</strong></span> <span class='ocrx_word' id='word_1_634' title='bbox 2379 3480 2568 3554; x_wconf 89' lang='lat' dir='ltr'><strong>legem</strong></span> <span class='ocrx_word' id='word_1_635' title='bbox 2612 3478 2832 3536; x_wconf 82' lang='lat' dir='ltr'><strong>faciant</strong></span> <span class='ocrx_word' id='word_1_636' title='bbox 2879 3480 3045 3552; x_wconf 89' lang='lat' dir='ltr'><strong>prius</strong></span> <span class='ocrx_word' id='word_1_637' title='bbox 3091 3479 3321 3536; x_wconf 88' lang='lat' dir='ltr'><strong>Pisanis</strong></span> <span class='ocrx_word' id='word_1_638' title='bbox 3368 3480 3736 3538; x_wconf 90' lang='lat' dir='ltr'><strong>hominibus.</strong></span> 
     </span>
    </p>
   </div>
   <div class='ocr_carea' id='block_1_96' title="bbox 2086 3567 3740 3640">
    <p class='ocr_par' dir='ltr' id='par_1_96' title="bbox 2086 3567 3740 3640">
     <span class='ocr_line' id='line_1_96' title="bbox 2086 3567 3740 3640; baseline 0.001 -14"><span class='ocrx_word' id='word_1_639' title='bbox 2086 3571 2339 3626; x_wconf 91' lang='lat' dir='ltr'><strong>Fodrum</strong></span> <span class='ocrx_word' id='word_1_640' title='bbox 2371 3570 2442 3625; x_wconf 88' lang='lat' dir='ltr'><strong>de</strong></span> <span class='ocrx_word' id='word_1_641' title='bbox 2472 3567 2730 3625; x_wconf 88' lang='lat' dir='ltr'><strong>castellis</strong></span> <span class='ocrx_word' id='word_1_642' title='bbox 2753 3568 2947 3626; x_wconf 88' lang='lat' dir='ltr'><strong>Pisani</strong></span> <span class='ocrx_word' id='word_1_643' title='bbox 2963 3569 3279 3626; x_wconf 89' lang='lat' dir='ltr'><strong>comitatus</strong></span> <span class='ocrx_word' id='word_1_644' title='bbox 3302 3585 3418 3625; x_wconf 90' lang='lat' dir='ltr'><strong>non</strong></span> <span class='ocrx_word' id='word_1_645' title='bbox 3436 3568 3740 3640; x_wconf 88' lang='lat' dir='ltr'><strong>tollemus,</strong></span> 
     </span>
    </p>
   </div>
   <div class='ocr_carea' id='block_1_97' title="bbox 2085 3656 3740 3732">
    <p class='ocr_par' dir='ltr' id='par_1_97' title="bbox 2085 3656 3740 3732">
     <span class='ocr_line' id='line_1_97' title="bbox 2085 3656 3740 3732; baseline 0.002 -19"><span class='ocrx_word' id='word_1_646' title='bbox 2085 3659 2198 3714; x_wconf 91' lang='lat' dir='ltr'><strong>nisi</strong></span> <span class='ocrx_word' id='word_1_647' title='bbox 2229 3659 2521 3731; x_wconf 93' lang='lat' dir='ltr'><strong>quomodo</strong></span> <span class='ocrx_word' id='word_1_648' title='bbox 2553 3656 2664 3713; x_wconf 89' lang='lat' dir='ltr'><strong>fuit</strong></span> <span class='ocrx_word' id='word_1_649' title='bbox 2692 3658 3056 3714; x_wconf 87' lang='lat' dir='ltr'><strong>consuetudo</strong></span> <span class='ocrx_word' id='word_1_650' title='bbox 3073 3661 3334 3731; x_wconf 89' lang='lat' dir='ltr'><strong>tempore</strong></span> <span class='ocrx_word' id='word_1_651' title='bbox 3348 3658 3571 3732; x_wconf 90' lang='lat' dir='ltr'><strong>Ugonis</strong></span> <span class='ocrx_word' id='word_1_652' title='bbox 3587 3677 3740 3717; x_wconf 88' lang='lat' dir='ltr'><strong>mar-</strong></span> 
     </span>
    </p>
   </div>
   <div class='ocr_carea' id='block_1_98' title="bbox 2084 3746 3739 3806">
    <p class='ocr_par' dir='ltr' id='par_1_98' title="bbox 2084 3746 3739 3806">
     <span class='ocr_line' id='line_1_98' title="bbox 2084 3746 3739 3806; baseline 0.002 -3"><span class='ocrx_word' id='word_1_653' title='bbox 2084 3747 2328 3804; x_wconf 91' lang='lat' dir='ltr'><strong>chionis.</strong></span> <span class='ocrx_word' id='word_1_654' title='bbox 2357 3746 2706 3804; x_wconf 88' lang='lat' dir='ltr'><strong>Hominibus</strong></span> <span class='ocrx_word' id='word_1_655' title='bbox 2736 3748 2796 3803; x_wconf 91' lang='lat' dir='ltr'><strong>in</strong></span> <span class='ocrx_word' id='word_1_656' title='bbox 2826 3746 2984 3804; x_wconf 90' lang='lat' dir='ltr'><strong>villis</strong></span> <span class='ocrx_word' id='word_1_657' title='bbox 3013 3747 3420 3804; x_wconf 89' lang='lat' dir='ltr'><strong>habitantibus</strong></span> <span class='ocrx_word' id='word_1_658' title='bbox 3441 3749 3514 3805; x_wconf 93' lang='lat' dir='ltr'><strong>de</strong></span> <span class='ocrx_word' id='word_1_659' title='bbox 3532 3764 3739 3806; x_wconf 89' lang='lat' dir='ltr'><strong>eorum</strong></span> 
     </span>
    </p>
   </div>
   <div class='ocr_carea' id='block_1_99' title="bbox 2084 3836 3745 3910">
    <p class='ocr_par' dir='ltr' id='par_1_99' title="bbox 2084 3836 3745 3910">
     <span class='ocr_line' id='line_1_99' title="bbox 2084 3836 3745 3910; baseline 0.002 -17"><span class='ocrx_word' id='word_1_660' title='bbox 2084 3838 2363 3893; x_wconf 89' lang='lat' dir='ltr'><strong>comitatu</strong></span> <span class='ocrx_word' id='word_1_661' title='bbox 2393 3837 2626 3892; x_wconf 86' lang='lat' dir='ltr'><strong>fodrum</strong></span> <span class='ocrx_word' id='word_1_662' title='bbox 2651 3853 2766 3894; x_wconf 92' lang='lat' dir='ltr'><strong>non</strong></span> <span class='ocrx_word' id='word_1_663' title='bbox 2791 3836 3207 3893; x_wconf 87' lang='lat' dir='ltr'><strong>tollemus.Nec</strong></span> <span class='ocrx_word' id='word_1_664' title='bbox 3221 3837 3482 3910; x_wconf 89' lang='lat' dir='ltr'><strong>aliquam</strong></span> <span class='ocrx_word' id='word_1_665' title='bbox 3496 3854 3745 3896; x_wconf 85' lang='lat' dir='ltr'><strong>consue-</strong></span> 
     </span>
    </p>
   </div>
   <div class='ocr_carea' id='block_1_100' title="bbox 2083 3925 3741 3998">
    <p class='ocr_par' dir='ltr' id='par_1_100' title="bbox 2083 3925 3741 3998">
     <span class='ocr_line' id='line_1_100' title="bbox 2083 3925 3741 3998; baseline 0.002 -17"><span class='ocrx_word' id='word_1_666' title='bbox 2083 3925 2347 3982; x_wconf 90' lang='lat' dir='ltr'><strong>tudinem</strong></span> <span class='ocrx_word' id='word_1_667' title='bbox 2363 3941 2429 3981; x_wconf 90' lang='lat' dir='ltr'><strong>su</strong></span> <span class='ocrx_word' id='word_1_668' title='bbox 2436 3925 2936 3998; x_wconf 86' lang='lat' dir='ltr'><strong>perimponemus,</strong></span> <span class='ocrx_word' id='word_1_669' title='bbox 2962 3925 3073 3982; x_wconf 91' lang='lat' dir='ltr'><strong>nisi</strong></span> <span class='ocrx_word' id='word_1_670' title='bbox 3098 3929 3385 3998; x_wconf 89' lang='lat' dir='ltr'><strong>quantum</strong></span> <span class='ocrx_word' id='word_1_671' title='bbox 3398 3929 3520 3983; x_wconf 90' lang='lat' dir='ltr'><strong>tres</strong></span> <span class='ocrx_word' id='word_1_672' title='bbox 3534 3927 3741 3985; x_wconf 89' lang='lat' dir='ltr'><strong>melio-</strong></span> 
     </span>
    </p>
   </div>
   <div class='ocr_carea' id='block_1_101' title="bbox 2082 4013 3741 4088">
    <p class='ocr_par' dir='ltr' id='par_1_101' title="bbox 2082 4013 3741 4088">
     <span class='ocr_line' id='line_1_101' title="bbox 2082 4013 3741 4088; baseline 0.001 -17"><span class='ocrx_word' id='word_1_673' title='bbox 2082 4032 2173 4071; x_wconf 89' lang='lat' dir='ltr'><strong>res</strong></span> <span class='ocrx_word' id='word_1_674' title='bbox 2187 4015 2456 4071; x_wconf 92' lang='lat' dir='ltr'><strong>homines</strong></span> <span class='ocrx_word' id='word_1_675' title='bbox 2468 4019 2573 4088; x_wconf 92' lang='lat' dir='ltr'><strong>ppt</strong></span> <span class='ocrx_word' id='word_1_676' title='bbox 2584 4015 2704 4087; x_wconf 78' lang='lat' dir='ltr'><strong>(sic)</strong></span> <span class='ocrx_word' id='word_1_677' title='bbox 2718 4013 2976 4070; x_wconf 89' lang='lat' dir='ltr'><strong>seniores</strong></span> <span class='ocrx_word' id='word_1_678' title='bbox 2995 4031 3097 4088; x_wconf 91' lang='lat' dir='ltr'><strong>per</strong></span> <span class='ocrx_word' id='word_1_679' title='bbox 3106 4013 3308 4070; x_wconf 86' lang='lat' dir='ltr'><strong>villam</strong></span> <span class='ocrx_word' id='word_1_680' title='bbox 3322 4019 3380 4071; x_wconf 90' lang='lat' dir='ltr'><strong>et</strong></span> <span class='ocrx_word' id='word_1_681' title='bbox 3392 4015 3662 4088; x_wconf 86' lang='lat' dir='ltr'><strong>castellaj</strong></span> <span class='ocrx_word' id='word_1_682' title='bbox 3672 4035 3741 4073; x_wconf 88' lang='lat' dir='ltr'><strong>u-</strong></span> 
     </span>
    </p>
   </div>
   <div class='ocr_carea' id='block_1_102' title="bbox 2083 4103 3739 4180">
    <p class='ocr_par' dir='ltr' id='par_1_102' title="bbox 2083 4103 3739 4180">
     <span class='ocr_line' id='line_1_102' title="bbox 2083 4103 3739 4180; baseline 0.002 -20"><span class='ocrx_word' id='word_1_683' title='bbox 2083 4103 2354 4172; x_wconf 86' lang='lat' dir='ltr'><strong>raverint,</strong></span> <span class='ocrx_word' id='word_1_684' title='bbox 2371 4105 2525 4176; x_wconf 92' lang='lat' dir='ltr'><strong>quod</strong></span> <span class='ocrx_word' id='word_1_685' title='bbox 2539 4120 2741 4160; x_wconf 90' lang='lat' dir='ltr'><strong>eorum</strong></span> <span class='ocrx_word' id='word_1_686' title='bbox 2755 4105 3113 4161; x_wconf 85' lang='lat' dir='ltr'><strong>consuetudo</strong></span> <span class='ocrx_word' id='word_1_687' title='bbox 3127 4103 3238 4160; x_wconf 87' lang='lat' dir='ltr'><strong>fuit</strong></span> <span class='ocrx_word' id='word_1_688' title='bbox 3251 4107 3513 4177; x_wconf 87' lang='lat' dir='ltr'><strong>tempore</strong></span> <span class='ocrx_word' id='word_1_689' title='bbox 3527 4123 3739 4180; x_wconf 88' lang='lat' dir='ltr'><strong>supra-</strong></span> 
     </span>
    </p>
   </div>
   <div class='ocr_carea' id='block_1_103' title="bbox 2082 4191 3741 4268">
    <p class='ocr_par' dir='ltr' id='par_1_103' title="bbox 2082 4191 3741 4268">
     <span class='ocr_line' id='line_1_103' title="bbox 2082 4191 3741 4268; baseline 0.001 -18"><span class='ocrx_word' id='word_1_690' title='bbox 2082 4192 2284 4266; x_wconf 90' lang='lat' dir='ltr'><strong>scripti</strong></span> <span class='ocrx_word' id='word_1_691' title='bbox 2334 4192 2571 4266; x_wconf 89' lang='lat' dir='ltr'><strong>Ugonis.</strong></span> <span class='ocrx_word' id='word_1_692' title='bbox 2639 4191 2747 4260; x_wconf 88' lang='lat' dir='ltr'><strong>Qui</strong></span> <span class='ocrx_word' id='word_1_693' title='bbox 2809 4192 2860 4249; x_wconf 90' lang='lat' dir='ltr'><strong>si</strong></span> <span class='ocrx_word' id='word_1_694' title='bbox 2898 4194 3102 4265; x_wconf 89' lang='lat' dir='ltr'><strong>jurare</strong></span> <span class='ocrx_word' id='word_1_695' title='bbox 3161 4192 3480 4263; x_wconf 91' lang='lat' dir='ltr'><strong>noluerint,</strong></span> <span class='ocrx_word' id='word_1_696' title='bbox 3535 4197 3741 4268; x_wconf 83' lang='lat' dir='ltr'><strong>jurare</strong></span> 
     </span>
    </p>
   </div>
   <div class='ocr_carea' id='block_1_104' title="bbox 2082 4280 3736 4355">
    <p class='ocr_par' dir='ltr' id='par_1_104' title="bbox 2082 4280 3736 4355">
     <span class='ocr_line' id='line_1_104' title="bbox 2082 4280 3736 4355; baseline 0.001 -17"><span class='ocrx_word' id='word_1_697' title='bbox 2082 4280 3136 4355; x_wconf 87' lang='lat' dir='ltr'><strong>constringemus.Castaldionem,vel</strong></span> <span class='ocrx_word' id='word_1_698' title='bbox 3169 4281 3429 4355; x_wconf 89' lang='lat' dir='ltr'><strong>aliquem</strong></span> <span class='ocrx_word' id='word_1_699' title='bbox 3461 4287 3736 4340; x_wconf 90' lang='lat' dir='ltr'><strong>nostrum</strong></span> 
     </span>
    </p>
   </div>
   <div class='ocr_carea' id='block_1_105' title="bbox 2081 4369 3736 4443">
    <p class='ocr_par' dir='ltr' id='par_1_105' title="bbox 2081 4369 3736 4443">
     <span class='ocr_line' id='line_1_105' title="bbox 2081 4369 3736 4443; baseline 0.001 -17"><span class='ocrx_word' id='word_1_700' title='bbox 2081 4371 2335 4427; x_wconf 90' lang='lat' dir='ltr'><strong>missum</strong></span> <span class='ocrx_word' id='word_1_701' title='bbox 2347 4369 2406 4424; x_wconf 92' lang='lat' dir='ltr'><strong>in</strong></span> <span class='ocrx_word' id='word_1_702' title='bbox 2421 4388 2488 4426; x_wconf 89' lang='lat' dir='ltr'><strong>su</strong></span> <span class='ocrx_word' id='word_1_703' title='bbox 2495 4370 2714 4443; x_wconf 87' lang='lat' dir='ltr'><strong>prascri</strong></span> <span class='ocrx_word' id='word_1_704' title='bbox 2722 4374 2824 4443; x_wconf 88' lang='lat' dir='ltr'><strong>pta</strong></span> <span class='ocrx_word' id='word_1_705' title='bbox 2847 4370 3079 4427; x_wconf 90' lang='lat' dir='ltr'><strong>civitate</strong></span> <span class='ocrx_word' id='word_1_706' title='bbox 3100 4370 3189 4427; x_wconf 90' lang='lat' dir='ltr'><strong>vel</strong></span> <span class='ocrx_word' id='word_1_707' title='bbox 3211 4370 3492 4427; x_wconf 88' lang='lat' dir='ltr'><strong>comitatu</strong></span> <span class='ocrx_word' id='word_1_708' title='bbox 3507 4387 3711 4428; x_wconf 92' lang='lat' dir='ltr'><strong>eorum</strong></span> <span class='ocrx_word' id='word_1_709' title='bbox 3723 4415 3736 4440; x_wconf 93' lang='lat'><strong>,</strong></span> 
     </span>
    </p>
   </div>
   <div class='ocr_carea' id='block_1_106' title="bbox 2083 4459 3739 4533">
    <p class='ocr_par' dir='ltr' id='par_1_106' title="bbox 2083 4459 3739 4533">
     <span class='ocr_line' id='line_1_106' title="bbox 2083 4459 3739 4533; baseline 0.001 -17"><span class='ocrx_word' id='word_1_710' title='bbox 2083 4461 2154 4516; x_wconf 87' lang='lat' dir='ltr'><strong>ad</strong></span> <span class='ocrx_word' id='word_1_711' title='bbox 2169 4459 2450 4532; x_wconf 90' lang='lat' dir='ltr'><strong>placitum</strong></span> <span class='ocrx_word' id='word_1_712' title='bbox 2464 4459 2687 4517; x_wconf 88' lang='lat' dir='ltr'><strong>faciend</strong></span> <span class='ocrx_word' id='word_1_713' title='bbox 2700 4477 2797 4515; x_wconf 93' lang='lat' dir='ltr'><strong>um</strong></span> <span class='ocrx_word' id='word_1_714' title='bbox 2810 4459 2895 4516; x_wconf 90' lang='lat' dir='ltr'><strong>eis</strong></span> <span class='ocrx_word' id='word_1_715' title='bbox 2918 4477 3224 4533; x_wconf 89' lang='lat' dir='ltr'><strong>superesse</strong></span> <span class='ocrx_word' id='word_1_716' title='bbox 3247 4477 3362 4516; x_wconf 92' lang='lat' dir='ltr'><strong>non</strong></span> <span class='ocrx_word' id='word_1_717' title='bbox 3385 4460 3653 4518; x_wconf 89' lang='lat' dir='ltr'><strong>sinemus</strong></span> <span class='ocrx_word' id='word_1_718' title='bbox 3665 4462 3739 4518; x_wconf 89' lang='lat' dir='ltr'><strong>de</strong></span> 
     </span>
    </p>
   </div>
   <div class='ocr_carea' id='block_1_107' title="bbox 2082 4547 3737 4616">
    <p class='ocr_par' dir='ltr' id='par_1_107' title="bbox 2082 4547 3737 4616">
     <span class='ocr_line' id='line_1_107' title="bbox 2082 4547 3737 4616; baseline 0.002 -14"><span class='ocrx_word' id='word_1_719' title='bbox 2082 4547 2194 4603; x_wconf 90' lang='lat' dir='ltr'><strong>alio</strong></span> <span class='ocrx_word' id='word_1_720' title='bbox 2225 4547 2525 4605; x_wconf 90' lang='lat' dir='ltr'><strong>comitatu.</strong></span> <span class='ocrx_word' id='word_1_721' title='bbox 2556 4548 2793 4616; x_wconf 89' lang='lat' dir='ltr'><strong>Puellis,</strong></span> <span class='ocrx_word' id='word_1_722' title='bbox 2819 4567 2924 4605; x_wconf 90' lang='lat' dir='ltr'><strong>nec</strong></span> <span class='ocrx_word' id='word_1_723' title='bbox 2958 4549 3148 4605; x_wconf 90' lang='lat' dir='ltr'><strong>viduis</strong></span> <span class='ocrx_word' id='word_1_724' title='bbox 3181 4549 3463 4606; x_wconf 88' lang='lat' dir='ltr'><strong>maritum</strong></span> <span class='ocrx_word' id='word_1_725' title='bbox 3493 4549 3737 4607; x_wconf 84' lang='lat' dir='ltr'><strong>interdi-</strong></span> 
     </span>
    </p>
   </div>
   <div class='ocr_carea' id='block_1_108' title="bbox 2002 4637 3739 4726">
    <p class='ocr_par' dir='ltr' id='par_1_108' title="bbox 2002 4637 3739 4726">
     <span class='ocr_line' id='line_1_108' title="bbox 2002 4637 3739 4726; baseline 0.003 -34"><span class='ocrx_word' id='word_1_726' title='bbox 2002 4661 2049 4726; x_wconf 71' lang='grc' dir='ltr'>Β</span> <span class='ocrx_word' id='word_1_727' title='bbox 2083 4653 2283 4693; x_wconf 91' lang='lat' dir='ltr'><strong>cemus</strong></span> <span class='ocrx_word' id='word_1_728' title='bbox 2312 4637 2373 4693; x_wconf 89' lang='lat' dir='ltr'><strong>in</strong></span> <span class='ocrx_word' id='word_1_729' title='bbox 2404 4637 2687 4694; x_wconf 90' lang='lat' dir='ltr'><strong>comitatu</strong></span> <span class='ocrx_word' id='word_1_730' title='bbox 2719 4638 2958 4695; x_wconf 88' lang='lat' dir='ltr'><strong>Pisano:</strong></span> <span class='ocrx_word' id='word_1_731' title='bbox 2984 4639 3100 4696; x_wconf 90' lang='lat' dir='ltr'><strong>Nec</strong></span> <span class='ocrx_word' id='word_1_732' title='bbox 3125 4640 3739 4712; x_wconf 87' lang='lat' dir='ltr'><strong>pretiumindeinvite</strong></span> 
     </span>
    </p>
   </div>
   <div class='ocr_carea' id='block_1_109' title="bbox 2080 4724 3738 4801">
    <p class='ocr_par' dir='ltr' id='par_1_109' title="bbox 2080 4724 3738 4801">
     <span class='ocr_line' id='line_1_109' title="bbox 2080 4724 3738 4801; baseline 0.003 -20"><span class='ocrx_word' id='word_1_733' title='bbox 2080 4724 2488 4794; x_wconf 89' lang='lat' dir='ltr'><strong>tollemus,nec</strong></span> <span class='ocrx_word' id='word_1_734' title='bbox 2521 4726 2700 4782; x_wconf 87' lang='lat' dir='ltr'><strong>invite</strong></span> <span class='ocrx_word' id='word_1_735' title='bbox 2729 4727 2904 4785; x_wconf 89' lang='lat' dir='ltr'><strong>alicui</strong></span> <span class='ocrx_word' id='word_1_736' title='bbox 2929 4728 3738 4801; x_wconf 85' lang='lat' dir='ltr'><strong>conjugabimus.Mercatum</strong></span> 
     </span>
    </p>
   </div>
   <div class='ocr_carea' id='block_1_110' title="bbox 2085 4813 3740 4876">
    <p class='ocr_par' dir='ltr' id='par_1_110' title="bbox 2085 4813 3740 4876">
     <span class='ocr_line' id='line_1_110' title="bbox 2085 4813 3740 4876; baseline 0.004 -7"><span class='ocrx_word' id='word_1_737' title='bbox 2085 4815 2171 4870; x_wconf 93' lang='lat' dir='ltr'><strong>i...</strong></span> <span class='ocrx_word' id='word_1_738' title='bbox 2195 4813 2437 4871; x_wconf 89' lang='lat' dir='ltr'><strong>calciam</strong></span> <span class='ocrx_word' id='word_1_739' title='bbox 2479 4815 2538 4870; x_wconf 93' lang='lat' dir='ltr'><strong>in</strong></span> <span class='ocrx_word' id='word_1_740' title='bbox 2559 4815 2716 4872; x_wconf 89' lang='lat' dir='ltr'><strong>villis</strong></span> <span class='ocrx_word' id='word_1_741' title='bbox 2741 4818 3053 4876; x_wconf 90' lang='lat' dir='ltr'><strong>comitatus</strong></span> <span class='ocrx_word' id='word_1_742' title='bbox 3084 4834 3288 4874; x_wconf 89' lang='lat' dir='ltr'><strong>eorum</strong></span> <span class='ocrx_word' id='word_1_743' title='bbox 3301 4817 3426 4874; x_wconf 87' lang='lat' dir='ltr'><strong>ﬁeri</strong></span> <span class='ocrx_word' id='word_1_744' title='bbox 3450 4833 3569 4874; x_wconf 88' lang='lat' dir='ltr'><strong>non</strong></span> <span class='ocrx_word' id='word_1_745' title='bbox 3588 4819 3740 4876; x_wconf 86' lang='lat' dir='ltr'><strong>sine-</strong></span> 
     </span>
    </p>
   </div>
   <div class='ocr_carea' id='block_1_111' title="bbox 2086 4903 3739 4982">
    <p class='ocr_par' dir='ltr' id='par_1_111' title="bbox 2086 4903 3739 4982">
     <span class='ocr_line' id='line_1_111' title="bbox 2086 4903 3739 4982; baseline 0.002 -22"><span class='ocrx_word' id='word_1_746' title='bbox 2086 4903 2361 4974; x_wconf 85' lang='lat' dir='ltr'><strong>mus,nisi</strong></span> <span class='ocrx_word' id='word_1_747' title='bbox 2381 4905 2704 4962; x_wconf 88' lang='lat' dir='ltr'><strong>secundum</strong></span> <span class='ocrx_word' id='word_1_748' title='bbox 2728 4907 3220 4963; x_wconf 89' lang='lat' dir='ltr'><strong>consuetudinem</strong></span> <span class='ocrx_word' id='word_1_749' title='bbox 3239 4910 3572 4979; x_wconf 88' lang='lat' dir='ltr'><strong>temporum</strong></span> <span class='ocrx_word' id='word_1_750' title='bbox 3591 4907 3739 4982; x_wconf 90' lang='lat' dir='ltr'><strong>Ugo-</strong></span> 
     </span>
    </p>
   </div>
   <div class='ocr_carea' id='block_1_112' title="bbox 2083 4993 3736 5069">
    <p class='ocr_par' dir='ltr' id='par_1_112' title="bbox 2083 4993 3736 5069">
     <span class='ocr_line' id='line_1_112' title="bbox 2083 4993 3736 5069; baseline 0.003 -20"><span class='ocrx_word' id='word_1_751' title='bbox 2083 4993 2614 5063; x_wconf 87' lang='lat' dir='ltr'><strong>nis,sacramentis,</strong></span> <span class='ocrx_word' id='word_1_752' title='bbox 2639 4996 2792 5053; x_wconf 89' lang='lat' dir='ltr'><strong>sicut</strong></span> <span class='ocrx_word' id='word_1_753' title='bbox 2821 4995 3229 5069; x_wconf 87' lang='lat' dir='ltr'><strong>supradictum</strong></span> <span class='ocrx_word' id='word_1_754' title='bbox 3260 4999 3370 5065; x_wconf 90' lang='lat' dir='ltr'><strong>est,</strong></span> <span class='ocrx_word' id='word_1_755' title='bbox 3394 4996 3736 5054; x_wconf 81' lang='lat' dir='ltr'><strong>difﬁnitam.</strong></span> 
     </span>
    </p>
   </div>
   <div class='ocr_carea' id='block_1_113' title="bbox 2080 5082 3736 5158">
    <p class='ocr_par' dir='ltr' id='par_1_113' title="bbox 2080 5082 3736 5158">
     <span class='ocr_line' id='line_1_113' title="bbox 2080 5082 3736 5158; baseline 0.002 -19"><span class='ocrx_word' id='word_1_756' title='bbox 2080 5082 2480 5158; x_wconf 81' lang='lat' dir='ltr'><strong>Albergariam</strong></span> <span class='ocrx_word' id='word_1_757' title='bbox 2493 5084 2551 5140; x_wconf 90' lang='lat' dir='ltr'><strong>in</strong></span> <span class='ocrx_word' id='word_1_758' title='bbox 2567 5084 2918 5158; x_wconf 90' lang='lat' dir='ltr'><strong>proprietate</strong></span> <span class='ocrx_word' id='word_1_759' title='bbox 2935 5085 3188 5158; x_wconf 88' lang='lat' dir='ltr'><strong>alicujus</strong></span> <span class='ocrx_word' id='word_1_760' title='bbox 3200 5086 3424 5158; x_wconf 87' lang='lat' dir='ltr'><strong>absque</strong></span> <span class='ocrx_word' id='word_1_761' title='bbox 3434 5085 3736 5144; x_wconf 85' lang='lat' dir='ltr'><strong>voluntate</strong></span> 
     </span>
    </p>
   </div>
   <div class='ocr_carea' id='block_1_114' title="bbox 2081 5172 3734 5249">
    <p class='ocr_par' dir='ltr' id='par_1_114' title="bbox 2081 5172 3734 5249">
     <span class='ocr_line' id='line_1_114' title="bbox 2081 5172 3734 5249; baseline 0.003 -21"><span class='ocrx_word' id='word_1_762' title='bbox 2081 5172 2437 5244; x_wconf 88' lang='lat' dir='ltr'><strong>illius,cujus</strong></span> <span class='ocrx_word' id='word_1_763' title='bbox 2465 5175 2791 5247; x_wconf 87' lang='lat' dir='ltr'><strong>proprietas</strong></span> <span class='ocrx_word' id='word_1_764' title='bbox 2822 5179 2930 5244; x_wconf 90' lang='lat' dir='ltr'><strong>est,</strong></span> <span class='ocrx_word' id='word_1_765' title='bbox 2948 5193 3064 5231; x_wconf 91' lang='lat' dir='ltr'><strong>non</strong></span> <span class='ocrx_word' id='word_1_766' title='bbox 3096 5175 3400 5232; x_wconf 83' lang='lat' dir='ltr'><strong>faciemus.</strong></span> <span class='ocrx_word' id='word_1_767' title='bbox 3426 5173 3488 5232; x_wconf 91' lang='lat' dir='ltr'><strong>In</strong></span> <span class='ocrx_word' id='word_1_768' title='bbox 3520 5193 3734 5249; x_wconf 87' lang='lat' dir='ltr'><strong>supra-</strong></span> 
     </span>
    </p>
   </div>
   <div class='ocr_carea' id='block_1_115' title="bbox 2083 5262 3733 5339">
    <p class='ocr_par' dir='ltr' id='par_1_115' title="bbox 2083 5262 3733 5339">
     <span class='ocr_line' id='line_1_115' title="bbox 2083 5262 3733 5339; baseline 0.001 -21"><span class='ocrx_word' id='word_1_769' title='bbox 2083 5263 2299 5335; x_wconf 87' lang='lat' dir='ltr'><strong>scripta</strong></span> <span class='ocrx_word' id='word_1_770' title='bbox 2328 5263 2578 5331; x_wconf 90' lang='lat' dir='ltr'><strong>civitate,</strong></span> <span class='ocrx_word' id='word_1_771' title='bbox 2605 5262 2693 5319; x_wconf 89' lang='lat' dir='ltr'><strong>vel</strong></span> <span class='ocrx_word' id='word_1_772' title='bbox 2738 5281 2916 5337; x_wconf 89' lang='lat' dir='ltr'><strong>prope</strong></span> <span class='ocrx_word' id='word_1_773' title='bbox 2953 5281 3081 5322; x_wconf 88' lang='lat' dir='ltr'><strong>eam</strong></span> <span class='ocrx_word' id='word_1_774' title='bbox 3127 5282 3315 5339; x_wconf 88' lang='lat' dir='ltr'><strong>usque</strong></span> <span class='ocrx_word' id='word_1_775' title='bbox 3362 5265 3437 5321; x_wconf 88' lang='lat' dir='ltr'><strong>ad</strong></span> <span class='ocrx_word' id='word_1_776' title='bbox 3470 5265 3733 5322; x_wconf 90' lang='lat' dir='ltr'><strong>medium</strong></span> 
     </span>
    </p>
   </div>
   <div class='ocr_carea' id='block_1_116' title="bbox 2085 5351 3733 5428">
    <p class='ocr_par' dir='ltr' id='par_1_116' title="bbox 2085 5351 3733 5428">
     <span class='ocr_line' id='line_1_116' title="bbox 2085 5351 3733 5428; baseline 0.002 -22"><span class='ocrx_word' id='word_1_777' title='bbox 2085 5351 2446 5424; x_wconf 88' lang='lat' dir='ltr'><strong>milliarium,</strong></span> <span class='ocrx_word' id='word_1_778' title='bbox 2479 5357 2686 5422; x_wconf 89' lang='lat' dir='ltr'><strong>terras,</strong></span> <span class='ocrx_word' id='word_1_779' title='bbox 2720 5371 2848 5426; x_wconf 84' lang='lat' dir='ltr'><strong>quae</strong></span> <span class='ocrx_word' id='word_1_780' title='bbox 2879 5354 3041 5411; x_wconf 88' lang='lat' dir='ltr'><strong>fuere</strong></span> <span class='ocrx_word' id='word_1_781' title='bbox 3085 5372 3308 5428; x_wconf 90' lang='lat' dir='ltr'><strong>pascua</strong></span> <span class='ocrx_word' id='word_1_782' title='bbox 3334 5353 3424 5411; x_wconf 91' lang='lat' dir='ltr'><strong>vel</strong></span> <span class='ocrx_word' id='word_1_783' title='bbox 3464 5354 3733 5427; x_wconf 89' lang='lat' dir='ltr'><strong>paludes,</strong></span> 
     </span>
    </p>
   </div>
   <div class='ocr_carea' id='block_1_117' title="bbox 2085 5441 3733 5515">
    <p class='ocr_par' dir='ltr' id='par_1_117' title="bbox 2085 5441 3733 5515">
     <span class='ocr_line' id='line_1_117' title="bbox 2085 5441 3733 5515; baseline 0.001 -18"><span class='ocrx_word' id='word_1_784' title='bbox 2085 5441 2226 5497; x_wconf 87' lang='lat' dir='ltr'><strong>sitas</strong></span> <span class='ocrx_word' id='word_1_785' title='bbox 2252 5445 2386 5498; x_wconf 90' lang='lat' dir='ltr'><strong>ante</strong></span> <span class='ocrx_word' id='word_1_786' title='bbox 2409 5442 2626 5515; x_wconf 60' lang='lat' dir='ltr'><strong>praedia</strong></span> <span class='ocrx_word' id='word_1_787' title='bbox 2655 5441 2914 5510; x_wconf 91' lang='lat' dir='ltr'><strong>illorum,</strong></span> <span class='ocrx_word' id='word_1_788' title='bbox 2940 5442 3030 5500; x_wconf 90' lang='lat' dir='ltr'><strong>vel</strong></span> <span class='ocrx_word' id='word_1_789' title='bbox 3060 5443 3464 5515; x_wconf 89' lang='lat' dir='ltr'><strong>ecclesiarum,</strong></span> <span class='ocrx_word' id='word_1_790' title='bbox 3487 5447 3545 5499; x_wconf 88' lang='lat' dir='ltr'><strong>et</strong></span> <span class='ocrx_word' id='word_1_791' title='bbox 3574 5459 3733 5499; x_wconf 91' lang='lat' dir='ltr'><strong>com-</strong></span> 
     </span>
    </p>
   </div>
   <div class='ocr_carea' id='block_1_118' title="bbox 2085 5530 3736 5606">
    <p class='ocr_par' dir='ltr' id='par_1_118' title="bbox 2085 5530 3736 5606">
     <span class='ocr_line' id='line_1_118' title="bbox 2085 5530 3736 5606; baseline 0.002 -21"><span class='ocrx_word' id='word_1_792' title='bbox 2085 5530 2288 5586; x_wconf 87' lang='lat' dir='ltr'><strong>munia</strong></span> <span class='ocrx_word' id='word_1_793' title='bbox 2306 5547 2668 5603; x_wconf 88' lang='lat' dir='ltr'><strong>pascua,non</strong></span> <span class='ocrx_word' id='word_1_794' title='bbox 2697 5535 2896 5589; x_wconf 91' lang='lat' dir='ltr'><strong>tamen</strong></span> <span class='ocrx_word' id='word_1_795' title='bbox 2928 5532 3232 5590; x_wconf 87' lang='lat' dir='ltr'><strong>occasione</strong></span> <span class='ocrx_word' id='word_1_796' title='bbox 3251 5548 3539 5606; x_wconf 88' lang='lat' dir='ltr'><strong>pascuum</strong></span> <span class='ocrx_word' id='word_1_797' title='bbox 3568 5548 3736 5589; x_wconf 88' lang='lat' dir='ltr'><strong>occu-</strong></span> 
     </span>
    </p>
   </div>
   <div class='ocr_carea' id='block_1_119' title="bbox 2082 5619 3736 5694">
    <p class='ocr_par' dir='ltr' id='par_1_119' title="bbox 2082 5619 3736 5694">
     <span class='ocr_line' id='line_1_119' title="bbox 2082 5619 3736 5694; baseline -0.001 -17"><span class='ocrx_word' id='word_1_798' title='bbox 2082 5625 2240 5694; x_wconf 90' lang='lat' dir='ltr'><strong>pata,</strong></span> <span class='ocrx_word' id='word_1_799' title='bbox 2271 5621 2356 5678; x_wconf 90' lang='lat' dir='ltr'><strong>eis</strong></span> <span class='ocrx_word' id='word_1_800' title='bbox 2386 5638 2502 5678; x_wconf 92' lang='lat' dir='ltr'><strong>non</strong></span> <span class='ocrx_word' id='word_1_801' title='bbox 2533 5619 2830 5694; x_wconf 89' lang='lat' dir='ltr'><strong>tollemus,</strong></span> <span class='ocrx_word' id='word_1_802' title='bbox 2859 5639 2966 5679; x_wconf 90' lang='lat' dir='ltr'><strong>nec</strong></span> <span class='ocrx_word' id='word_1_803' title='bbox 3013 5623 3278 5680; x_wconf 90' lang='lat' dir='ltr'><strong>laborare</strong></span> <span class='ocrx_word' id='word_1_804' title='bbox 3323 5621 3648 5690; x_wconf 84' lang='lat' dir='ltr'><strong>faciemus;</strong></span> <span class='ocrx_word' id='word_1_805' title='bbox 3681 5624 3736 5678; x_wconf 87' lang='lat' dir='ltr'><strong>et</strong></span> 
     </span>
    </p>
   </div>
   <div class='ocr_carea' id='block_1_120' title="bbox 2085 5710 3737 5784">
    <p class='ocr_par' dir='ltr' id='par_1_120' title="bbox 2085 5710 3737 5784">
     <span class='ocr_line' id='line_1_120' title="bbox 2085 5710 3737 5784; baseline -0.001 -16"><span class='ocrx_word' id='word_1_806' title='bbox 2085 5726 2187 5784; x_wconf 87' lang='lat' dir='ltr'><strong>per</strong></span> <span class='ocrx_word' id='word_1_807' title='bbox 2217 5728 2316 5769; x_wconf 85' lang='lat' dir='ltr'><strong>eos</strong></span> <span class='ocrx_word' id='word_1_808' title='bbox 2345 5710 2609 5769; x_wconf 87' lang='lat' dir='ltr'><strong>laborare</strong></span> <span class='ocrx_word' id='word_1_809' title='bbox 2640 5727 2755 5767; x_wconf 89' lang='lat' dir='ltr'><strong>non</strong></span> <span class='ocrx_word' id='word_1_810' title='bbox 2788 5710 3328 5783; x_wconf 88' lang='lat' dir='ltr'><strong>contendemus,vel</strong></span> <span class='ocrx_word' id='word_1_811' title='bbox 3357 5727 3460 5784; x_wconf 89' lang='lat' dir='ltr'><strong>per</strong></span> <span class='ocrx_word' id='word_1_812' title='bbox 3489 5727 3600 5769; x_wconf 86' lang='lat' dir='ltr'><strong>nos</strong></span> <span class='ocrx_word' id='word_1_813' title='bbox 3629 5711 3737 5767; x_wconf 78' lang='lat' dir='ltr'><strong>ali-</strong></span> 
     </span>
    </p>
   </div>
  </div>
