3962 6358
206 383 376 449 115⁸1

1559 376 1951 448 HENRIGUS
1994 378 2078 446 IV
2118 379 2282 448 IMP.

3422 408 3425 413 ·
3467 385 3624 449 H58

215 521 468 578 Reatino
498 520 816 595 Repastu’m
847 523 1141 589 castrum;
1169 519 1231 575 in
1262 518 1542 575 comitatu
1575 519 1865 586 Firmano,
1897 519 1952 586 Α
1983 518 2377 575 instrumenta
2405 518 2763 589 chartarum,
2791 517 3146 589 utdiximus,
3169 517 3255 575 illi
3278 519 3506 594 largita,
3524 524 3624 577 aut

213 613 443 667 curtem
476 610 673 667 Sancti
705 610 1022 668 Salvatoris
1053 609 1165 666 sub
1187 624 1357 665 muro
1378 607 1628 664 civitatis
1646 608 1865 663 Firma-

212 716 324 768 naa,
358 704 416 756 et
454 704 678 756 curtem
727 699 925 757 Sancti
970 697 1249 765 Gervasii,
1299 701 1357 754 et
1398 700 1621 753 curtem
1671 696 1867 752 Sancti

212 788 606 861 Sigismundi,
641 791 698 845 et
718 791 933 844 terram
968 788 1039 845 dc
1066 786 1378 855 Paratinis,
1412 789 1631 841 curtem
1671 784 1868 840 Sancti

208 875 417 949 Angeli
450 877 521 932 de
548 875 702 931 Villa
730 893 966 949 magna,
999 879 1221 931 curtem
1256 874 1455 931 Sancti
1488 873 1871 943 Desiderii,et

210 968 440 1021 curtem
475 965 547 1020 de
574 964 945 1037 Cupresseto,
977 967 1035 1020 et
1064 967 1290 1019 curtem
1322 963 1520 1019 Sancti
1562 960 1767 1034 Angeli
1807 961 1868 1017 in

210 1052 481 1120 Niviano,
516 1057 573 1108 et
602 1057 825 1109 curtem
857 1051 1053 1108 Sancti
1084 1051 1377 1118 Venantii,
1419 1055 1477 1106 et
1525 1056 1750 1106 curtem
1799 1050 1870 1105 de

210 1140 540 1211 Columelli,
575 1146 634 1198 et
663 1144 891 1197 curtem
918 1144 1139 1196 Sanctae
1172 1138 1513 1206 Felicitatis,
1544 1142 1761 1194 terram
1800 1138 1872 1194 de

214 1228 543 1299 Raviliano,
577 1234 635 1287 et
663 1234 884 1286 curtem
915 1230 1106 1285 Sancti
1138 1227 1429 1296 Venantii,
1460 1232 1518 1282 et
1538 1228 1608 1283 de
1624 1226 1869 1292 Solario,

213 1323 275 1375 et
305 1323 531 1374 curtem
561 1318 784 1374 Sanctae
815 1318 1012 1374 Mariae
1040 1317 1099 1373 in
1132 1317 1406 1385 Motiano,
1443 1320 1501 1372 et
1531 1319 1753 1371 curtem
1799 1315 1870 1370 de

212 1407 538 1464 Caminatis
568 1407 628 1463 in
659 1406 786 1463 loco
818 1406 919 1479 qui
949 1409 1189 1461 vocatur
1215 1405 1503 1472 Murrum,
1537 1408 1761 1460 curtem
1801 1404 1873 1459 de

212 1496 505 1552 Brezzano
535 1494 731 1552 inloco
744 1494 845 1567 qui
866 1498 1105 1551 vocatur
1125 1493 1536 1559 Serranianus,
1564 1492 1871 1549 castellum

214 1584 478 1641 ﬁliorum
510 1583 869 1653 Guinizonis,
907 1588 1131 1639 curtem
1182 1583 1406 1639 Sanctae
1438 1581 1634 1638 Mariae
1665 1582 1873 1638 matris

214 1673 477 1743 Domini,
512 1677 735 1729 curtem
766 1673 959 1728 Sancti
988 1672 1218 1737 Maroti,
1253 1676 1311 1727 et
1338 1675 1563 1727 curtem
1595 1671 1665 1726 de
1687 1669 1871 1738 Valle,

215 1768 447 1820 curtem
480 1763 705 1819 Sancta)
737 1762 930 1818 Maria:
962 1761 1022 1817 in
1052 1761 1370 1827 Ortatiano,
1405 1764 1462 1816 et
1477 1763 1700 1815 curtem
1731 1764 1873 1815 San-

217 1851 298 1907 cti
327 1851 646 1909 Salvatoris
676 1852 734 1906 in
777 1850 1094 1919 Memoriis,
1135 1853 1359 1906 curtem
1415 1850 1485 1904 de
1534 1848 1871 1917 Blotenano,

218 1945 448 1996 curtem
498 1939 693 1996 Sancti
719 1940 964 2005 Antimi,
986 1943 1043 1994 et
1063 1942 1282 1994 curtem
1300 1938 1371 1994 de
1393 1941 1591 1993 monte
1611 1936 1876 2003 Falcone,

220 2034 281 2085 et
309 2032 537 2086 curtem
566 2029 787 2085 Sanctis
818 2027 1011 2084 Mariae
1042 2028 1102 2082 in
1135 2027 1352 2096 Murra,
1404 2030 1629 2081 curtem
1684 2025 1880 2082 Sancti

219 2117 430 2191 Angeli
461 2118 616 2174 inter
643 2118 792 2173 duas
822 2121 1033 2187 terras,
1074 2120 1131 2172 et
1170 2115 1343 2171 aliam
1403 2119 1630 2171 curtem
1682 2114 1880 2171 Sancti

223 2204 434 2279 Angeli
465 2207 525 2261 in
558 2206 884 2278 Murgiano,
917 2209 1143 2261 curtem
1169 2203 1367 2261 Sancti
1396 2203 1599 2276 Angeli
1644 2203 1704 2259 in
1762 2206 1879 2259 An-

226 2296 414 2364 tiano,
447 2295 587 2351 item
618 2298 841 2351 curtem
891 2295 963 2349 de
1011 2292 1365 2350 monasterio
1413 2294 1685 2349 Lumerto
1743 2310 1877 2349 cum

225 2383 492 2441 ecclesiis
522 2384 771 2451 duabus,
819 2383 880 2439 id
927 2387 1017 2439 est
1072 2383 1295 2438 Sanctae
1347 2382 1541 2437 Mariae
1579 2385 1636 2437 et
1682 2381 1879 2438 Sancti

226 2473 524 2530 Benedicti
555 2489 689 2529 cum
722 2471 996 2529 omnibus
1029 2487 1232 2526 earum
1263 2470 1654 2543 pertinentiis.

300 2562 433 2619 Haec
463 2565 658 2618 autem
688 2560 1023 2634 supradicta
1054 2560 1269 2628 omnia,
1294 2577 1420 2632 quae
1444 2559 1516 2615 ad
1537 2558 1878 2632 pradictum

228 2649 658 2708 monasterium
691 2650 982 2723 pertinere
1011 2649 1302 2717 videntur,
1328 2665 1433 2704 seu
1455 2652 1511 2704 et
1530 2650 1590 2703 in
1614 2648 1879 2703 futurum

229 2742 307 2798 ab
339 2739 473 2797 aliis
501 2738 840 2796 hominibus
864 2740 1026 2810 juste
1057 2742 1114 2793 et
1141 2737 1405 2810 legaliter
1432 2738 1483 2794 ei
1540 2736 1875 2805 acciderint,

230 2846 340 2886 nec
370 2846 487 2885 non
518 2833 576 2885 et
603 2846 671 2885 ea
687 2845 814 2900 quae
832 2828 1051 2899 injuste
1071 2828 1144 2882 ab
1157 2826 1455 2898 aliquibus
1478 2826 1878 2899 possidentur,

232 2922 337 2975 aut
364 2919 426 2973 in
457 2918 601 2974 urbe
631 2917 833 2985 Roma,
864 2917 953 2971 vel
976 2917 1035 2971 in
1060 2915 1280 2972 caeteris
1301 2916 1483 2972 totius
1504 2916 1668 2988 regni
1694 2916 1881 2972 nostri

233 3006 423 3063 Italici
444 3006 711 3080 partibus
729 3006 944 3061 habere
966 3005 1349 3078 dignoscitur,
1367 3021 1469 3077 per
1489 3005 1598 3060 hoc
1612 3009 1879 3061 nostrum

230 3099 590 3169 praceptum
629 3095 817 3151 eidem
850 3099 1051 3150 sancto
1082 3093 1207 3150 loco
1238 3094 1677 3162 conﬁrmamus,
1697 3098 1753 3149 et
1781 3110 1884 3166 per

231 3185 523 3251 bannum,
555 3188 613 3240 et
642 3200 745 3257 per
765 3184 1095 3254 jussionem
1120 3188 1402 3251 nostram,
1427 3186 1881 3254 nostrorumque

1975 606 2277 679 largienda
2306 612 2447 663 sunt
2478 608 2852 671 monasterio.
2883 625 3019 665 cum
3051 609 3327 667 omnibus
3357 610 3481 665 suis
3504 626 3626 681 per-

1975 695 2260 752 tinentiis.
2294 697 2374 753 De
2402 696 2648 753 teloneis
2677 714 2810 754 vero
2841 702 3256 769 mercatorum,
3279 703 3336 754 et
3356 698 3625 771 pontium

1976 785 2234 841 decimas
2264 786 2335 840 ad
2370 789 2599 858 portam
2632 787 2971 851 monasterii
2998 788 3452 859 darejubemus.
3476 786 3625 842 Prae-

1978 873 2259 945 cipientes
2289 874 2726 946 ergojubemus
2767 878 2831 929 ut
2878 875 3077 930 nullus
3130 874 3625 947 archiepiscopus,

1977 962 2312 1034 episcopus,
2343 963 2481 1030 dux,
2535 963 2816 1030 marchio,
2868 980 3083 1031 comes,
3137 964 3478 1031 vicecomes,
3536 963 3627 1020 vel

1978 1049 2195 1121 aliquis
2219 1051 2438 1106 missus
2473 1054 2671 1107 noster
2683 1050 3402 1118 discurrens,sculdasius,
3425 1050 3631 1108 castel-

1979 1139 2136 1206 dius,
2170 1138 2448 1211 nullaque
2479 1139 2706 1211 imperii
2739 1140 2924 1195 nostri
2956 1156 3167 1212 magna
3190 1156 3481 1211 parvaque
3501 1156 3629 1211 per-

1981 1240 2127 1279 sona
2152 1226 2411 1296 praedicti
2438 1226 2775 1281 monasterii
2807 1227 3100 1292 abbatem,
3151 1225 3241 1282 vel
3289 1226 3629 1293 monachos,

1980 1330 2083 1369 seu
2098 1313 2351 1386 aliquem
2365 1313 2599 1370 fidelem
2614 1314 2965 1386 inquietare,
2982 1315 3310 1384 molestare,
3330 1316 3527 1383 aut,de
3539 1314 3632 1371 his

1982 1418 2108 1473 quae
2135 1402 2530 1474 suprascripta
2558 1407 2715 1469 sunt,
2750 1403 2877 1457 sine
2906 1402 3078 1473 legali
3102 1402 3328 1473 judicio
3358 1403 3633 1460 divestire

1980 1496 2319 1563 praesumat,
2343 1495 2444 1546 aut
2465 1491 2722 1562 aliquam
2751 1491 3197 1546 minorationem
3219 1492 3406 1547 facere
3425 1496 3631 1548 tentet.

2054 1579 2214 1634 Unde
2246 1595 2555 1634 monemus
2587 1579 2921 1635 ﬁdelitatem
2958 1585 3231 1649 vestram,
3261 1584 3328 1636 ut
3356 1581 3631 1651 cumjam

1984 1668 2139 1722 fatus
2173 1667 2377 1737 abbas,
2408 1667 2497 1723 vel
2535 1669 2827 1733 monachi,
2860 1672 2962 1722 aut
3009 1670 3325 1725 advocatus
3368 1669 3633 1740 ejusdem

1985 1755 2326 1811 monasterii
2349 1756 2407 1810 in
2424 1760 2616 1812 vestra
2633 1756 2959 1812 ministeria
2968 1756 3234 1827 justitias
3250 1760 3633 1829 requirendas

1986 1843 2223 1914 venerit,
2257 1844 2453 1912 duces,
2487 1860 2590 1899 seu
2611 1844 2873 1912 comites,
2908 1846 3007 1916 qui
3042 1861 3144 1917 pro
3197 1850 3455 1917 tempore
3511 1848 3635 1902 fue-

1988 1931 2126 1999 rint,
2161 1931 2219 1986 in
2252 1949 2505 2003 quorum
2536 1933 2753 1988 ducatu
2777 1932 2861 1987 vel
2884 1933 3166 1988 comitatu
3189 1933 3496 2005 praefatum
3523 1951 3635 1990 coe-

1989 2020 2230 2075 nobium
2262 2020 2481 2093 aliquid
2516 2021 2816 2093 possidere
2858 2021 3244 2094 dignoscitur,
3277 2022 3635 2091 defensores,

1990 2113 2165 2181 atque
2204 2110 2500 2181 adjutores
2530 2111 2781 2165 existant
2810 2111 2869 2165 in
2901 2109 3197 2176 omnibus,
3247 2115 3366 2166 tam
3402 2112 3638 2184 prmfato

1989 2198 2185 2253 abbati
2200 2214 2377 2269 quam
2393 2198 2831 2254 successoribus
2849 2199 2997 2270 ejus,
3016 2204 3081 2253 ut
3097 2198 3317 2256 nullius
3329 2200 3639 2271 potestatis

1989 2303 2298 2358 personam
2330 2287 2447 2341 vim
2477 2291 2579 2341 aut
2608 2286 2963 2342 invasionem
3002 2288 3179 2343 aliam
3238 2288 3452 2344 inferre
3507 2306 3637 2361 per-

1989 2376 2227 2431 mittant
2254 2374 2315 2430 in
2348 2374 2461 2443 his,
2491 2391 2618 2446 quae
2642 2375 2713 2430 ad
2736 2380 3120 2431 memoratam
3143 2376 3447 2432 ecclesiam
3467 2377 3641 2449 perti-

1990 2468 2149 2519 nent.
2184 2464 2253 2519 Et
2278 2462 2480 2518 nullus
2512 2479 2693 2520 ausus
2712 2463 2787 2519 sit
2817 2464 3071 2536 recipere
3100 2465 3210 2519 sub
3228 2465 3636 2536 suajussione,

1989 2556 2090 2607 aut
2119 2551 2368 2607 tuitione
2393 2552 2659 2623 ejusdem
2692 2552 3032 2608 monasterii
3058 2552 3351 2625 fugitivos,
3381 2553 3638 2610 velmalo

1989 2641 2184 2696 animo
2215 2641 2602 2697 discedentes.
2638 2641 2932 2697 Precarias
2962 2657 3117 2708 vero,
3150 2646 3206 2697 et
3235 2643 3641 2699 commutatio-

1990 2746 2092 2785 nes
2123 2728 2339 2801 injuste
2370 2730 2574 2800 factas,
2606 2728 2694 2785 vel
2740 2729 2959 2800 injuste
2993 2730 3335 2802 acquisitas,
3364 2730 3637 2787 volumus

1988 2818 2206 2886 irritas,
2224 2822 2282 2873 et
2299 2818 2524 2890 absque
2540 2836 2710 2890 poena
2726 2818 3100 2891 obligationis
3113 2818 3357 2887 solutas,
3373 2820 3634 2876 offertos-

1992 2924 2105 2979 que
2136 2907 2394 2980 praedicti
2422 2908 2763 2963 monasterii
2796 2907 3073 2964 nolumus
3104 2907 3163 2962 in
3186 2908 3396 2965 saeculo
3416 2908 3634 2982 vagari,

1990 2998 2091 3052 sed
2124 2997 2462 3069 ubicunque
2484 2997 2705 3052 inventi
2738 2997 2975 3066 fuerint,
2998 2997 3167 3053 liceat
3183 2997 3515 3069 abbati,qui
3533 3014 3635 3071 pro

1990 3090 2251 3157 tempore
2268 3086 2459 3152 fuerit,
2484 3085 2571 3141 vel
2589 3086 2765 3141 etiam
2802 3086 3105 3141 monachis
3122 3087 3191 3141 ad
3214 3086 3635 3142 monasterium

1991 3178 2342 3240 revocare,et
2372 3174 2421 3228 si
2452 3191 2602 3246 opus
2634 3175 2830 3240 fuerit,
2861 3175 2998 3240 dux,
3032 3178 3131 3229 aut
3152 3190 3346 3229 comes
3373 3176 3637 3246 ejusdem

224 3253 669 3329 antecessorum
702 3253 927 3343 regum,
960 3270 1048 3326 vel
1073 3270 1492 3343 imperatorum
1511 3253 1873 3339 auctoritate,
1909 3253 1952 3319 C
1987 3263 2265 3333 temporis
2312 3278 2412 3318 eos
2452 3262 2525 3317 ad
2575 3262 3002 3318 monasterium
3055 3263 3262 3318 reverti
3319 3263 3552 3318 faciant.
3578 3264 3638 3319 Si

222 3379 345 3418 una
373 3377 508 3417 cum
540 3361 734 3429 terris,
766 3360 971 3425 vineis,
1006 3358 1375 3415 monasteriis
1407 3359 1519 3415 sibi
1570 3359 1871 3431 subjectis,

221 3449 510 3517 ecclesiis,
542 3449 815 3517 castellis,
859 3449 1145 3515 curtibus,
1165 3448 1461 3515 domibus,
1484 3447 1660 3518 villis,
1684 3448 1875 3521 capel-

222 3538 323 3604 lis,
355 3537 549 3611 aquis,
568 3553 881 3609 aquarum,
904 3536 1272 3604 decursibus,
1298 3536 1742 3608 piscationibus,
1760 3553 1878 3591 mo-

223 3626 503 3695 lendinis,
537 3626 828 3693 mercatis,
844 3625 1017 3681 cultis
1032 3624 1117 3681 vel
1139 3625 1396 3691 incultis,
1416 3624 1658 3696 colonis,
1684 3624 1874 3694 aldiis,

227 3715 524 3784 aldiabus,
549 3715 944 3781 manentibus,
991 3713 1385 3785 omnibusque
1433 3730 1611 3785 supra
1661 3718 1877 3769 terram

227 3803 422 3877 ipsius
453 3803 793 3860 monasterii
824 3802 1238 3869 residentibus,
1261 3801 1462 3871 servis,
1486 3802 1876 3869 ancillis,om-

228 3893 412 3965 nique
442 3891 1000 3963 familia'utriusque
1019 3908 1215 3960 sexus,
1240 3891 1584 3963 cunctisque
1610 3891 1877 3947 animali-

228 3983 364 4038 bus.
397 3984 584 4053 Atque
610 3998 715 4053 pro
745 3980 846 4037 Dei
867 3995 1065 4036 amore
1087 3985 1414 4053 nostraeque
1436 3979 1645 4037 animae
1667 3980 1876 4050 salute,

225 4072 420 4127 eidem
452 4069 808 4126 monasterio
840 4069 1313 4125 ministrantibus
1352 4069 1770 4140 perdonamus,
1815 4074 1881 4126 ut

221 4158 425 4215 nullus
455 4175 679 4227 eorum,
696 4162 797 4213 aut
818 4174 1061 4213 suorum
1083 4156 1369 4213 hominun
1392 4157 1666 4230 deinceps
1688 4158 1869 4227 freda,

146 4319 152 4326 Ι
222 4265 331 4305 seu
380 4246 601 4303 tributa
630 4248 1020 4319 undecunque
1048 4246 1345 4316 exigenda,
1387 4251 1491 4302 aut
1519 4246 1875 4315 mansiones,

222 4336 314 4393 vel
354 4340 588 4409 paratas
606 4335 925 4401 faciendas,
940 4334 1028 4391 vel
1050 4335 1424 4405 ﬁdejussores
1443 4334 1752 4403 tollendos,
1778 4340 1880 4391 aut

225 4423 500 4482 homines
522 4426 786 4488 eiusdem
818 4423 1176 4499 monasterii,
1210 4427 1330 4479 tam
1360 4422 1665 4497 ingenuos,
1699 4441 1878 4496 quam

226 4530 449 4581 servos,
480 4513 818 4581 libellarios,
852 4514 973 4569 sive
1018 4513 1277 4578 clericos,
1328 4513 1415 4569 vel
1467 4512 1875 4581 cbartularios,

139 4673 149 4676 _
225 4605 333 4659 aut
361 4603 615 4673 otl'ertos,
650 4619 971 4675 omnesque
1002 4603 1110 4658 sub
1143 4601 1361 4658 ditione
1394 4601 1570 4671 hujus
1589 4606 1879 4658 monaste-
1908 4620 1956 4685 Ι)

226 4691 299 4747 rii
331 4696 791 4760 commanentes,
825 4691 1282 4763 distringendos,
1301 4691 1387 4746 vel
1417 4692 1487 4746 ad
1508 4691 1871 4764 publicasex-

225 4780 433 4836 cubias
465 4779 920 4853 compellendos,
953 4783 1056 4835 aut
1072 4777 1224 4833 ullas
1274 4777 1716 4845 redhibitiones,
1776 4783 1877 4835 aut

225 4868 525 4941 quaslibet
548 4869 884 4924 occasiones
915 4867 1323 4940 requirendas,
1355 4867 1539 4922 nostri
1569 4867 1656 4922 vel
1695 4868 1876 4923 futuri

223 4958 511 5031 temporis
540 4957 765 5026 diebus,
800 4956 1027 5031 ingredi
1057 4956 1287 5021 audeat,
1312 4959 1413 5010 aut
1432 4955 1492 5010 in
1515 4954 1712 5028 aliquo
1756 4957 1878 5014 loco

225 5048 326 5104 det
349 5047 800 5120 portonaticum,
832 5050 933 5103 aut
961 5044 1294 5117 ripaticum,
1328 5049 1428 5100 aut
1457 5044 1876 5116 glandaticum,

223 5135 318 5192 vel
330 5135 820 5205 herbaticum,vel
847 5133 1311 5208 pontonaticum,
1344 5136 1466 5188 tam
1485 5135 1555 5189 de
1577 5135 1879 5190 monachis

228 5242 411 5298 quam
443 5226 515 5281 de
546 5224 964 5289 monachabus,
1000 5239 1178 5296 quam
1196 5221 1440 5291 clericis,
1466 5238 1641 5295 quam
1666 5223 1736 5279 de
1762 5241 1884 5279 οω-

228 5314 411 5373 nibus
424 5331 604 5387 supra
628 5318 813 5371 terras
825 5330 1028 5370 eorum
1041 5311 1456 5368 residentibus.
1473 5311 1881 5370 Conﬁrmanus

228 5404 421 5461 eidem
434 5403 791 5461 monasterio
809 5400 1111 5475 privilegia
1128 5400 1523 5457 Romanorum
1538 5401 1880 5473 pontiﬁcum

228 5492 478 5550 Adriani
500 5497 559 5550 et
587 5492 750 5550 Pauli
781 5496 839 5549 et
866 5507 1071 5548 eorum
1105 5505 1533 5559 successorum,
1552 5488 1881 5547 simulcum

227 5581 507 5639 omnibus
535 5582 713 5639 rebus
744 5580 857 5640 sibi
882 5578 1110 5637 collatis
1140 5596 1175 5636 a
1217 5577 1461 5636 diversis
1517 5577 1882 5653 hominibus,

227 5672 741 5745 commutationes,
772 5670 1249 5742 donationes,seu
1280 5672 1337 5729 et
1366 5668 1566 5733 omnia
1608 5684 1736 5745 quae
1781 5685 1886 5751 per

1985 3368 2120 3407 vero
2150 3351 2221 3407 de
2238 3350 2501 3422 qualibet
2515 3368 2693 3407 causa
2711 3368 2744 3405 a
2757 3354 2920 3421 parte
2939 3349 3126 3422 ipsius
3141 3350 3481 3407 monasterii
3514 3356 3641 3408 orta

1985 3439 2161 3495 fuerit
2192 3439 2459 3506 intentio,
2493 3456 2609 3495 non
2640 3457 2743 3512 per
2767 3438 2912 3494 viles
2942 3456 3248 3511 personas,
3274 3440 3376 3495 sed
3409 3457 3514 3512 per
3534 3458 3636 3496 no-

1986 3527 2219 3583 biliores
2251 3528 2518 3583 homines
2536 3532 2595 3583 et
2612 3528 3122 3594 veraciores,sicut
3154 3528 3226 3583 ad
3266 3529 3636 3599 praesentiam

1987 3620 2270 3683 nostram,
2302 3616 2385 3671 rei
2412 3617 2626 3672 veritas
2670 3617 3003 3687 inquiratur
3052 3619 3107 3671 et
3158 3615 3415 3672 ﬁniatur.
3462 3616 3637 3673 Nulla

1987 3704 2237 3776 denique
2260 3704 2571 3760 mallatura
2614 3705 2686 3760 ab
2726 3705 3001 3760 advocato
3046 3704 3233 3775 ipsius
3289 3705 3631 3761 monasterii

1988 3792 2220 3866 penitus
2242 3793 2592 3864 requiratur,
2629 3810 2735 3849 nec
2766 3792 2941 3848 etiam
2992 3793 3225 3849 bannus
3280 3798 3477 3851 noster
3531 3811 3636 3867 pro

1989 3882 2249 3955 qualibet
2304 3899 2480 3939 causa
2527 3899 2561 3938 a
2606 3885 2769 3954 parte
2823 3883 3126 3939 memorati
3172 3881 3509 3938 monasterii
3532 3882 3638 3938 ali-

1989 3973 2222 4045 quando
2253 3971 2537 4044 exigatur,
2570 3973 2673 4027 sed
2704 3970 2876 4027 liceat
2907 3971 3102 4027 abbati
3127 3975 3183 4026 et
3199 3971 3638 4028 successoribus

1988 4062 2117 4134 ejus
2147 4078 2237 4118 res
2270 4066 2327 4118 et
2356 4060 2762 4133 possessiones
2777 4062 2900 4132 jam
2945 4060 3081 4115 dicti
3135 4060 3473 4117 monasterii
3525 4062 3636 4116 sub

1987 4151 2381 4207 immunitatis
2410 4155 2584 4223 atque
2615 4150 2882 4206 tuitionis
2900 4149 3104 4205 ordine
3134 4150 3454 4222 possidere.
3476 4150 3545 4205 Et
3584 4149 3636 4205 si

1988 4242 2243 4308 fodrum,
2275 4240 2362 4297 vel
2394 4240 2616 4313 aliquid
2648 4241 2719 4296 de
2747 4240 3011 4310 ejusdem
3036 4237 3371 4294 monasterii
3403 4254 3636 4311 posses-

1988 4331 2252 4387 sionibus
2283 4331 2463 4386 ﬁscus
2496 4333 2693 4386 noster
2723 4345 2956 4402 sperare
2987 4327 3260 4400 potuerit,
3296 4330 3484 4383 totum
3533 4344 3636 4400 pro

1988 4423 2211 4474 aeternas
2269 4419 2761 4474 remunerationis
2825 4418 3063 4490 praemio
3116 4418 3229 4490 ipsi
3283 4417 3636 4473 monasterio

1987 4508 2365 4563 concedimus
2386 4507 2444 4561 in
2485 4507 2824 4563 alimoniam
2874 4524 3222 4579 pauperum,
3253 4510 3311 4561 et
3344 4506 3639 4577 stipendia

1990 4594 2411 4651 monachorum
2443 4596 2659 4651 ibidem
2691 4596 2805 4651 Deo
2834 4595 3241 4662 militantium,
3286 4597 3348 4647 ut
3391 4594 3632 4662 nostris,

1988 4683 2317 4755 futurisque
2334 4684 2696 4755 temporibus
2714 4685 2979 4755 proﬁciat
2994 4682 3051 4737 in
3071 4681 3422 4754 augmentis,
3438 4686 3638 4753 quate-

1987 4791 2099 4829 nus
2129 4777 2482 4827 memoratos
2508 4773 2607 4828 Dei
2638 4789 2833 4827 servos
2881 4771 3122 4826 liberius
3181 4786 3285 4841 pro
3336 4768 3527 4837 nobis,
3576 4775 3635 4826 et

1987 4861 2301 4920 stabilitate
2332 4860 2512 4916 nostri
2546 4860 2797 4932 imperii,
2842 4859 3075 4915 Domini
3124 4858 3494 4915 clementiam
3537 4875 3635 4914 ex-

1988 4970 2153 5009 orare
2175 4950 2433 5017 delectet.
2451 4950 2520 5005 Et
2537 4949 3006 5021 quandocunqne
3026 4948 3208 5005 abbas
3228 4948 3492 5019 ejusdem
3516 4964 3635 5003 mo-

1989 5040 2229 5098 nasterii
2261 5040 2331 5094 de
2361 5039 2467 5094 hac
2503 5037 2629 5093 luce
2660 5038 3014 5110 migraverit,
3050 5037 3191 5109 ipsis
3222 5036 3372 5093 inter
3402 5054 3464 5092 se
3510 5054 3634 5094 mo-

1990 5128 2561 5186 nachisunanimiter
2577 5127 3103 5196 consentientibus,
3120 5127 3444 5182 secundum
3461 5143 3633 5200 regu—

1987 5219 2105 5276 lam
2147 5218 2332 5275 sancti
2352 5215 2670 5284 Benedicti,
2705 5215 2860 5271 sicut
2889 5232 3090 5272 eorum
3116 5217 3317 5272 edocet
3365 5216 3527 5284 ordo,
3577 5220 3636 5271 et

1989 5312 2213 5364 rectum
2241 5311 2349 5375 est,
2383 5322 2557 5378 quem
2581 5304 2904 5377 digniorem
2936 5304 3051 5360 sibi
3080 5305 3410 5361 invenerint
3450 5304 3636 5359 licen-

1989 5397 2133 5452 tiam
2164 5393 2678 5467 habeanteligendi
2699 5393 2991 5450 abbatem.
3014 5394 3071 5449 Si
3096 5394 3229 5465 quis
3253 5393 3433 5466 igitur
3454 5392 3633 5464 hujus

1992 5488 2203 5541 nostra;
2241 5483 2705 5539 conﬁrmationis
2726 5481 2997 5555 praecepti
3020 5482 3371 5553 quandoque
3391 5480 3636 5537 violator

1991 5572 2297 5641 exstiterit,
2327 5571 2417 5628 vel
2446 5571 2750 5646 quidpiam
2779 5587 3002 5638 eorum,
3022 5587 3150 5644 quae
3168 5570 3291 5625 ﬁeri
3326 5568 3636 5642 prohibui~

1992 5681 2148 5735 mus,
2181 5664 2386 5722 contra
2429 5661 2922 5736 praenominatum
2980 5659 3405 5721 monasterium
3447 5658 3634 5731 facere
