3962 6394
791 20 798 24 '
823 20 964 34 *νγ-τ’ἳ-ι
1007 24 1022 28 ν
1049 24 1069 32 1

353 423 508 499 H59

1726 421 2035 494 MONUM‘.
2084 423 2403 493 DliPLOM.

3605 429 3636 491 1
3647 429 3773 493 reo

351 559 835 635 tentaverit,sciat
844 579 909 621 se
921 555 1244 620 secundum
1258 562 1736 620 constitutionem
1749 563 1890 618 Dom
1901 563 2002 630 ini,
2034 567 2083 633 Α
2115 564 2478 635 Quapropter
2489 562 2771 633 jubemus
2784 564 2958 634 atque
2973 557 3350 620 decernimus
3361 565 3427 618 ut
3444 565 3776 634 quantum-

352 661 411 711 et
440 653 720 727 genitoris
737 652 919 708 nostri
939 651 1167 707 Henrici
1192 651 1566 724 imperatoris
1579 651 1847 724 Augusti,
1867 651 2006 707 alio-

351 760 603 816 rumque
633 741 1180 814 imperatorum,qui
1215 741 1390 812 hujus
1419 740 2004 796 monasteriirobora-

349 835 556 887 verunt
588 833 896 903 praecepta,
913 833 969 884 et
986 846 1089 900 per
1107 828 1260 884 hanc
1274 833 1536 884 nostram
1555 827 2002 900 praeceptionem

352 919 512 976 mille
543 919 722 974 libras
756 918 882 974 auri
907 919 1209 991 purissimi
1242 934 1370 973 esse
1388 917 2002 989 compositurum,me-

350 1010 628 1065 dietatem
659 1011 1131 1064 cameraznostrze
1177 1012 1234 1062 et
1291 1007 1668 1063 medietatem
1727 1006 2001 1078 praedicto

350 1095 731 1163 monasterio,
764 1095 1081 1168 ipsumque
1113 1095 1469 1167 regentibus.

421 1187 634 1241 Datum
667 1201 820 1240 anno
851 1185 1170 1241 Dominian
1203 1183 1625 1240 Incarnationis
1659 1184 1816 1249 1084,
1846 1201 1999 1239 anno

351 1278 550 1328 autem
579 1271 810 1327 Domini
843 1271 1074 1326 Henrici
1108 1271 1178 1327 IV
1208 1271 1361 1343 regis
1409 1271 1560 1326 tertii
1601 1271 1998 1327 Romanorum

349 1361 722 1434 imperatoris
752 1361 1004 1433 Augusti
1033 1359 1418 1417 ordinationis
1446 1377 1577 1426 xxx,
1605 1359 1767 1431 regni
1799 1377 1995 1415 xxvm.

352 1449 583 1520 imperii
616 1449 822 1521 primo.

1132 1547 1230 1604 ΧῙ.

351 1638 707 1709 Conﬁrmatio
727 1637 974 1692 omnium
998 1637 1260 1709 bonorum
1288 1639 1339 1691 et
1355 1637 1579 1709 jurium
1615 1639 1760 1707 facta
1815 1652 2001 1691 mona-

418 1707 581 1764 sterio
611 1708 686 1791 .S.
739 1709 969 1763 Zenonis
1025 1707 1447 1790 Veronensis'ab
1512 1709 1741 1762 Henrico
1807 1715 1999 1779 quarto

425 1796 574 1850 rege,
599 1787 928 1851 imperatore
956 1787 1140 1836 tertio.

969 1869 1164 1940 (Anno
1192 1867 1380 1938 1084.)

659 1957 1026 2028 [MURATORI,
1058 1958 1238 2030 Antiq.
1272 1957 1423 2023 Ital.,
1446 1959 1487 2026 Ι,
1515 1957 1681 2027 739.]

420 2075 482 2129 In
515 2073 977 2129 nominesanctae
1021 2075 1078 2127 et
1104 2071 1416 2128 individua:
1473 2072 1797 2139 Trinitatis,
1824 2072 1993 2127 Hein-

346 2165 504 2219 ricus
533 2162 728 2218 divina
749 2162 972 2217 favente
1002 2160 1312 2217 clementia
1340 2161 1996 2232 Romanorumimpera-

347 2255 768 2324 torAugustus.
783 2249 1152 2322 Imperialem
1167 2249 1594 2307 sublimitatem
1611 2250 1904 2318 condecet,
1933 2255 1996 2305 ut

350 2345 572 2413 quanto
601 2339 823 2395 cateris
853 2338 1241 2412 dignitatibus
1271 2338 1552 2396 excelsior
1586 2339 1815 2407 colitur,
1833 2343 1996 2395 tanto

341 2429 525 2500 justis
555 2427 935 2501 petitionibus
968 2433 1078 2483 Deo
1101 2428 1480 2484 servientium
1522 2428 1832 2501 benignior
1888 2445 1992 2483 nec

348 2535 464 2574 non
485 2517 823 2573 clementior
847 2516 1192 2572 inveniatur.
1221 2519 1584 2589 Quapropter
1613 2521 1816 2572 notum
1865 2533 1992 2572 esse

345 2605 620 2662 volumus
637 2604 912 2661 omnibus
930 2609 1142 2660 sanctae
1157 2605 1257 2662 Dei
1273 2605 1560 2674 Ecclesiae,
1576 2605 1910 2677 nostrisque
1926 2606 1990 2659 fi-

346 2695 598 2762 delibus,
614 2698 736 2749 tam
763 2693 976 2749 futuris
989 2711 1283 2768 quamque
1309 2694 1718 2766 praesentibus,
1739 2693 1994 2765 qualiter

347 2785 601 2840 domnus
614 2783 958 2856 Sigebodus,
975 2787 1185 2838 sanctze
1201 2782 1555 2839 Veronensis
1574 2780 1838 2838 Ecclesiae
1875 2781 1992 2854 epi-

347 2890 581 2944 scopus,
633 2888 750 2928 una
797 2888 930 2927 cum
975 2872 1337 2928 Werinherio
1385 2873 1592 2928 abbate
1651 2870 1989 2926 monasterii

344 2964 538 3019 Sancti
580 2961 823 3017 Zenonis
873 2961 1246 3028 confessoris,
1308 2966 1570 3016 nostram
1618 2959 1985 3016 clementiam

346 3049 691 3126 suppliciter
717 3051 1007 3106 exorando
1038 3050 1199 3117 adiit,
1220 3053 1283 3105 ut
1301 3049 1374 3104 ob
1393 3065 1654 3104 amorem
1679 3051 1775 3104 Dei
1798 3049 1986 3104 omni-

345 3139 897 3214 potentis,bcatique
912 3139 1156 3194 Zenonis
1171 3139 1575 3205 reverentiam,
1603 3138 1856 3195 multum
1884 3155 1986 3195 nos

345 3233 684 3304 deprecans,
719 3234 785 3284 ut
813 3245 1017 3284 omnes
1064 3226 1449 3299 preprietatcs
1489 3233 1541 3282 et
1585 3229 1983 3300 possessiones

2115 669 2346 724 cunque
2395 656 2718 708 memorata
2760 650 3008 709 ecclesia
3063 652 3262 708 Sancti
3309 651 3578 719 Zenonis,
3623 656 3767 721 -etc.,

2104 742 2268 811 juste
2297 745 2354 796 et
2375 740 2635 813 legaliter
2662 740 2875 797 habere
2906 740 3290 814 dignoscitur,
3319 745 3456 807 etc.,
3481 741 3773 797 securiter

2111 834 2325 898 teneat,
2359 834 2467 885 etc.
2502 829 2742 885 Nullum
2764 846 3030 898 censum,
3083 847 3275 902 neque
3311 828 3768 897 thelonaticum,

2110 917 2198 974 vel
2232 919 2302 974 de
2334 918 2496 974 silvis
2528 917 2804 992 capulum
2849 918 3180 991 persolvere
3237 923 3496 992 cogatur.
3551 919 3770 977 Nullus

2109 1005 2262 1062 infra
2293 1023 2494 1064 eorum
2525 1007 2692 1063 villas
2723 1011 2823 1063 aut
2842 1006 3080 1064 castella
3096 1007 3347 1081 ingredi,
3379 1008 3768 1081 placitumte-

2110 1111 2268 1158 nere,
2293 1099 2393 1150 aut
2422 1111 2624 1151 eorum
2655 1095 2889 1164 liberos,
2923 1095 3044 1152 sive
3098 1095 3349 1152 famulos
3409 1097 3768 1171 distringere

2107 1183 2196 1238 vel
2228 1184 2554 1256 pignorare,
2581 1201 2770 1257 neque
2813 1185 3118 1256 hospitari,
3167 1203 3270 1241 seu
3315 1185 3574 1258 aliquam
3628 1187 3766 1242 fun-

2108 1271 2359 1328 ctionem
2406 1277 2506 1328 aut
2553 1271 2910 1329 exactionem
2960 1273 3189 1346 exigere
3233 1275 3466 1331 audeat.
3514 1276 3573 1332 Si
3626 1275 3766 1348 quis

2106 1375 2258 1427 vero,
2277 1364 2387 1415 etc.

2179 1449 2412 1518 Signum
2439 1451 2628 1506 damni
2651 1452 2898 1506 Heinrici
2927 1453 3082 1506 tertii
3112 1453 3482 1508 Romanorum
3520 1453 3763 1525 impera-

2107 1538 2240 1592 toris
2272 1538 2523 1608 Augusti.

2178 1625 2552 1682 Burchardus
2584 1627 2970 1684 cancellarius
2999 1629 3122 1684 vice
3147 1627 3426 1702 Sigewini
3455 1629 3766 1686 archican-

2107 1712 2326 1770 cellarii
2360 1718 2685 1789 recognovi.

2179 1803 2324 1859 Data
2354 1821 2428 1860 xv
2457 1805 2747 1862 Kalendas
2775 1807 3107 1875 Julii,anno
3130 1806 3444 1864 Dominicis
3485 1809 3767 1865 Incarna-

2107 1891 2283 1948 tionis
2315 1893 2474 1960 4084,
2509 1895 2826 1951 indictione
2848 1913 2922 1965 γι,
2957 1913 3109 1952 anno
3139 1901 3334 1953 autem
3355 1896 3556 1953 domni
3589 1896 3767 1953 Hein-

2105 1980 2208 2034 rici
2267 1983 2420 2036 tertii
2470 1983 2868 2040 Romanorum
2916 1985 3305 2056 imperatoris,
3369 1986 3532 2059 regni
3600 2003 3761 2052 xxxx,

2105 2067 2336 2141 imperii
2368 2086 2500 2126 vero
2523 2089 2560 2126 ι.

2173 2159 2382 2212 Actum
2415 2158 2650 2216 Veronae
2682 2161 2741 2216 in
2773 2161 2986 2217 Christi
3008 2163 3481 2218 nomine.Amen.

2344 2253 2510 2305 Locus
2538 2251 2718 2322 sigilli
2745 2252 2890 2306 cerei
2913 2259 2976 2322 ›ι‹
3013 2254 3283 2307 exstantis
3335 2267 3460 2307 eum
3518 2253 3762 2322 impera-

2407 2328 2518 2376 tore
2541 2321 2774 2394 sedente,
2797 2330 2848 2378 et
2879 2321 3089 2377 manun
3140 2322 3337 2379 dextra
3355 2321 3760 2394 globum,sini-

2407 2400 2522 2448 stra
2546 2392 2761 2449 hastam
2782 2397 3014 2459 tenente,
3037 2411 3162 2450 cum
3203 2392 3497 2467 epigraphe
3554 2393 3761 2450 HEIN-

2404 2483 2536 2539 CUS
2569 2483 2641 2538 DI
2675 2481 2940 2536 GRATIA
2970 2481 3754 2538 TERCIUS..............

2402 2555 2548 2610 TOR
2577 2552 2742 2609 AUG.

2101 2719 2356 2784 Diploma
2387 2717 2608 2772 Henrici
2637 2715 2714 2769 III
2741 2713 3088 2784 imperatoris
3127 2713 3359 2784 Red-utro
3392 2713 3584 2768 abbati
3627 2712 3754 2768 Sta-

2175 2745 2178 2747 ‘
2210 2735 2356 2772 toma
2387 2735 2605 2772 uenrzcz
2637 2735 2707 2769 ΙΙΙ
2741 2735 3088 2784 imperatoris
3127 2735 3359 2784 nouum)
3392 2735 3580 2768 aaaau
3627 2735 3754 2768 ow-

2169 2735 2384 2844 ii-ulensi
2411 2802 2737 2843 emicessum.
2774 2816 2841 2825 —
2881 2785 3177 2854 Conﬁrmat
3210 2799 3394 2839 omnes
3431 2786 3759 2840 monasterii

2164 2862 2541 2932 possessiones,
2567 2859 2966 2932 immunitates.
2987 2860 3046 2932 _e_t
3069 2857 3543 2932 commutationes,
3585 2856 3752 2932 aduo-

2167 2927 2412 2987 catorum
2450 2933 2595 3003 jura,
2627 2930 2849 2995 limitat,
2899 2935 2950 2983 et
2979 2927 3566 3000 Matmundarieusium
3579 2927 3754 2984 auda-

2168 3005 2310 3058 ciam
2337 3002 2638 3074 compescit.

2708 3071 2902 3142 (Anno
2936 3071 3129 3141 1086.)

2398 3140 2726 3216 [Murrst
2749 3143 2927 3213 Ampi.
2953 3142 3194 3208 Cotlect.,
3219 3141 3286 3210 II,
3313 3142 3404 3196 75.
3441 3140 3458 3214 ]

2172 3235 2232 3291 In
2267 3233 2504 3289 nomine
2525 3236 2737 3287 sanctae
2772 3229 3492 3286 etindividuaeTrinitatis.
3535 3231 3748 3302 Respe-

346 3319 686 3376 monasterii
719 3317 1112 3389 prmdicti,etc.
1133 3358 1146 3383 ,
1171 3314 1360 3371 eidem
1382 3317 1641 3371 coenobio
1659 3318 1990 3372 corrobora-
2023 3305 2066 3372 C
2100 3328 2196 3379 ctu
2236 3322 2444 3378 divinae
2471 3320 2866 3376 miserationis
2896 3319 3116 3375 electus
3136 3319 3343 3376 tertius
3391 3319 3736 3385 Hammone,

344 3426 559 3466 remus.
593 3409 710 3464 Nos
737 3403 1094 3476 verosjustis
1108 3421 1311 3460 eorum
1341 3405 1720 3477 petitionibus
1742 3423 1984 3462 consen-

342 3499 552 3554 tientes
583 3513 687 3569 pro
714 3495 972 3551 remedio
1002 3493 1209 3548 anima:
1241 3498 1543 3562 nostra,et
1575 3496 1648 3550 ob
1696 3495 1984 3551 interven-

341 3594 470 3644 tum
501 3583 894 3642 dilectissimre
925 3582 1191 3654 conjugis
1216 3588 1426 3639 nostra;
1449 3584 1881 3657 Berthagatque
1913 3585 1985 3640 ob

341 3679 732 3733 interventum
767 3669 1095 3727 charissimi
1129 3672 1233 3727 filii
1265 3674 1450 3728 nostri
1467 3673 1984 3746 Chuonradi,prze-

343 3768 496 3822 dicto
513 3759 867 3819 monasterio
886 3761 1252 3817 concedendo
1268 3762 1708 3831 confirmamus,
1758 3768 1889 3833 etc.,
1928 3765 1984 3818 id

342 3861 429 3912 est
459 3856 517 3910 in
540 3851 852 3926 judiciaria
880 3849 1175 3910 Gardense
1205 3852 1701 3924 castellum,quod
1726 3853 1986 3909 nomina-

342 3950 440 3999 tur
478 3943 846 4016 Pasturingo,
880 3945 1034 4017 quod
1087 3941 1440 3998 monasterio
1489 3941 1684 3997 Sancti
1741 3942 1986 3998 Zenonis

342 4035 506 4088 bona:
541 4033 834 4088 memorias
865 4032 1164 4088 Arduinus
1195 4047 1389 4086 comes
1421 4033 1477 4085 et
1506 4029 1663 4085 ﬁlius
1685 4030 1811 4102 ejus
1859 4031 1983 4086 Eri-

339 4123 602 4194 prandus
624 4140 725 4195 pro
740 4122 993 4178 remedio
1011 4122 1342 4177 animarum
1356 4135 1595 4175 suarum
1608 4134 1711 4192 per
1721 4119 1984 4176 chartam

341 4212 669 4268 offersionis
711 4212 1102 4278 contulerunt,
1136 4214 1242 4265 etc.
1269 4209 1384 4264 Nec
1409 4226 1524 4264 non
1556 4213 1614 4265 et
1656 4210 1981 4280 castellum,

341 4301 497 4372 quod
517 4305 754 4356 vocatur
774 4301 971 4356 Insula
991 4300 1277 4366 Nonense,
1303 4299 1456 4370 quod
1480 4298 1552 4353 ad
1575 4299 1768 4371 ipsum
1787 4316 1985 4356 mona-

341 4391 585 4447 sterium
617 4406 720 4462 per
747 4389 1137 4457 offersionem,
1163 4387 1558 4454 donationem,
1596 4393 1770 4461 atque
1824 4406 1982 4444 com-

341 4479 702 4552 parationem
735 4477 985 4544 devenit,
1013 4493 1144 4532 cum
1172 4475 1331 4532 omni
1349 4476 1577 4532 redditu
1593 4480 1650 4533 et
1691 4474 1982 4544 districta,

341 4567 428 4623 vel
462 4569 715 4634 fodrum,
749 4568 903 4640 quod
949 4584 1102 4622 nunc
1143 4566 1355 4622 habere
1395 4565 1645 4622 videtur.
1683 4566 1982 4623 Donamus

2096 3411 2285 3485 gratia
2315 3411 2436 3476 Dei,
2465 3411 2858 3466 Romanorum
2885 3409 3204 3481 imperator
3221 3411 3522 3481 Augustus
3543 3413 3600 3465 et
3639 3426 3750 3482 pa-

2095 3501 2318 3557 tricius.

2166 3589 2450 3654 Quoniam
2501 3586 2894 3659 comperimus
2939 3587 3283 3643 auctoritate
3333 3589 3545 3643 sanctae
3589 3587 3744 3642 Scri-

2095 3682 2276 3752 ptura:
2291 3693 2525 3733 omnem
2542 3674 2841 3732 hominem
2859 3676 2929 3730 de
2944 3675 3112 3731 bonis
3130 3675 3467 3748 exemplum
3486 3675 3746 3748 accipere

2095 3768 2324 3833 debere,
2358 3767 2603 3840 dignum
2631 3765 2932 3835 etjustum
2955 3765 3228 3833 fatemur,
3261 3765 3320 3820 id
3353 3764 3543 3837 magis
3563 3764 3742 3837 impe-

2095 3857 2296 3913 rialem
2311 3854 2718 3912 celsitudinem
2739 3852 3047 3909 sollicitius
3073 3855 3273 3909 decere
3297 3870 3524 3910 servare
3543 3855 3744 3923 ;debet

2094 3947 2248 4002 enim
2283 3945 2598 4001 auctoritas
2629 3946 2802 3998 tantae
2827 3942 3209 3998 sublimitatis
3225 3942 3539 4015 aliquando
3553 3943 3737 3999 revol-

2092 4053 2223 4092 vere
2253 4033 2505 4106 qualiter
2536 4048 2627 4087 res
2658 4031 3036 4088 ecclesiarum
3069 4032 3166 4087 Dei
3197 4032 3322 4087 sitae
3341 4032 3478 4100 sint,
3498 4037 3739 4104 etquaea

2093 4122 2555 4198 praecedentibus
2589 4121 2922 4193 regibusve]
2947 4121 3399 4193 imperatoribus
3423 4121 3481 4176 in
3509 4121 3594 4177 eis
3617 4138 3739 4177 ser-

2090 4213 2384 4269 vientibus
2413 4210 2629 4266 tradita
2657 4209 2795 4279 sint,
2811 4214 2870 4265 et
2892 4211 2963 4265 ab
2987 4211 3069 4266 eis
3092 4210 3307 4265 tradita
3329 4209 3414 4265 vel
3461 4227 3741 4266 concessa

2093 4300 2454 4359 auctoritatis
2486 4316 2604 4356 suae
2636 4315 2912 4354 renovare
2943 4315 3008 4354 ac
3039 4299 3741 4356 roborarelitteris.Unde

2093 4391 2313 4448 noverit
2343 4389 2736 4445 numerositas
2769 4387 3028 4444 fidelium
3056 4393 3419 4457 nostrorum,
3439 4393 3562 4445 tam
3595 4406 3741 4461 prse-

2091 4479 2344 4534 sentium
2379 4493 2555 4549 quam
2576 4477 2927 4546 futurorum,
2947 4477 3238 4533 illustrem
3256 4478 3449 4534 virum
3470 4477 3740 4534 abbatem

2092 4567 2466 4640 Rodulphum
2480 4568 2550 4621 de
2565 4566 2958 4635 monasteriis,
2974 4566 3294 4624 Stabulaus
3317 4566 3437 4624 sive
3454 4566 3745 4623 Malmun-

341 4658 580 4728 insuper
609 4662 782 4730 atque
805 4657 1177 4713 concedimus
1194 4657 1380 4713 eidem
1405 4656 1760 4712 monasterio
1785 4655 1979 4711 Sancti
2013 4676 2059 4741 Ι)
2091 4657 2320 4712 darium
2337 4654 2786 4728 cognominatis,
2809 4672 2935 4727 qua:
2953 4659 3200 4728 utraque
3213 4657 3511 4728 quondam
3530 4673 3740 4728 corpo-

339 4747 584 4804 Zenonis
634 4747 849 4803 liberos
897 4746 1184 4814 homines,
1225 4763 1375 4820 quos
1415 4744 1588 4816 vulgo
1631 4743 1981 4800 Arimannos

338 4841 564 4904 vocant,
597 4837 927 4892 habitantes
960 4836 1019 4891 in
1051 4835 1288 4892 castello
1320 4833 1517 4890 Sancti
1550 4832 1750 4900 Viti,et
1771 4833 1830 4887 in
1852 4834 1980 4903 ejus

340 4925 650 4992 territorio,
671 4941 774 4981 nec
798 4941 908 4981 non
936 4929 992 4981 et
1022 4925 1407 4981 Herimannos
1437 4920 1837 4976 habitantesin
1855 4921 1978 4979 vico

341 5014 537 5071 Sancti
563 5015 809 5070 Zenonis
826 5016 898 5069 ab
928 5013 1171 5069 ecclesia
1213 5009 1408 5066 Sancti
1432 5009 1660 5063 Martini
1693 5008 1754 5063 in
1799 5027 1979 5083 aqua-

341 5104 425 5159 rio
444 5120 628 5177 usque
684 5104 754 5160 ad
795 5103 1030 5171 clivum,
1079 5096 1388 5156 cumomni
1432 5095 1649 5164 debito,
1688 5096 1976 5169 districtu,

340 5193 584 5261 actione,
605 5197 778 5265 atque
804 5191 1039 5264 placitu.
1059 5192 1165 5245 Seu
1199 5185 1486 5259 quidquid
1519 5202 1553 5240 a
1579 5186 1740 5241 bonae
1761 5204 1980 5245 memo~

339 5283 435 5337 riae
456 5283 908 5352 Otberto,atque
933 5277 1238 5335 Adalberio
1285 5274 1708 5330 Veronensium
1757 5277 1980 5350 episco-

339 5372 430 5444 pis
461 5387 803 5426 concessum
827 5368 1028 5436 fuit,id
1051 5369 1140 5421 est
1161 5365 1400 5433 furtum,
1425 5363 1982 5440 adulterium,atque

339 5460 653 5531 ripaticum
692 5477 726 5514 a
756 5457 995 5530 praefata
1025 5453 1267 5510 ecclesia
1291 5470 1478 5526 usque
1509 5456 1578 5510 ad
1612 5455 1852 5526 clivum,
1877 5474 1982 5513 nec

344 5566 456 5603 non
479 5553 534 5604 et
563 5566 698 5604 cum
731 5545 1006 5602 omnibus
1027 5543 1202 5598 rebus
1225 5543 1296 5598 ad
1333 5543 1638 5615 praefatum
1687 5551 1984 5602 monaste-

342 5637 495 5694 rium
527 5637 978 5710 pertinentibus,
1003 5649 1136 5690 cum
1184 5633 1466 5701 ecclesiis,
1500 5635 1775 5702 castellis,
1815 5635 1980 5705 vicis,

343 5726 586 5798 colonis,
637 5725 965 5802 mancipiis,
1016 5723 1528 5795 commendatitiis,
1567 5726 1825 5797 factitiis,
1871 5717 1981 5788 etc.

2091 4744 2290 4800 raliter
2311 4744 2512 4800 vivens
2543 4748 2782 4799 sanctus
2816 4744 3124 4800 Remaclus
3147 4749 3386 4817 sumptu
3432 4749 3489 4801 et
3527 4744 3742 4801 auxilio

2091 4832 2368 4906 Sigiberti
2399 4833 2575 4905 regis,
2619 4833 2771 4888 infra
2801 4834 3072 4891 forestem
3106 4834 3441 4890 nostramin
3458 4833 3612 4890 saltu
3636 4834 3742 4889 Ar—

2089 4923 2354 4991 duennae,
2377 4921 2681 4978 fabricavit
2711 4926 2768 4978 et
2793 4923 3173 4990 consecravit,
3209 4924 3266 4979 in
3286 4940 3537 4997 quorum
3564 4924 3740 4980 etiam

2090 5011 2418 5085 principali,
2441 5012 2495 5067 id
2519 5016 2606 5068 est
2625 5011 3207 5086 Stabulaus,corpore
3227 5017 3400 5070 tenus
3422 5013 3741 5085 sibiquies-

2090 5119 2218 5159 cere
2250 5101 2744 5174 complacuit,nos
2763 5119 2895 5156 cum
2919 5103 3222 5160 monachis
3255 5103 3380 5158 suis
3426 5101 3640 5170 adisse,
3685 5107 3743 5158 et

2091 5192 2309 5264 scripta
2337 5191 2463 5246 vitae
2495 5190 2682 5262 ipsius
2709 5191 2823 5264 agii
2854 5191 3205 5249 confessoris
3221 5192 3440 5249 Christi
3456 5191 3738 5260 Remacli,

2092 5298 2197 5336 nec
2247 5298 2359 5336 non
2407 5284 2465 5336 et
2506 5285 2791 5352 praecepta
2847 5297 3052 5354 regum
3120 5283 3413 5355 Sigiberti,
3477 5281 3741 5346 Hildrici,

2088 5368 2445 5439 Theoderici,
2488 5369 2587 5441 qui
2611 5369 2888 5442 petitione
2910 5371 3038 5442 ejus
3059 5375 3116 5428 et
3157 5370 3558 5428 admonitione
3597 5389 3742 5428 con-

2093 5463 2408 5514 structores
2442 5459 2678 5514 fuerunt
2709 5460 2972 5531 ipsorum
2997 5461 3279 5529 locorum,
3305 5466 3362 5518 et
3386 5461 3612 5517 sancita
3631 5461 3742 5517 im-

2092 5553 2427 5620 peratorum
2457 5546 2667 5613 Caroli,
2687 5548 2983 5616 Ludovici,
3003 5550 3182 5606 trium
3203 5550 3506 5618 Ottonum,
3541 5550 3643 5606 sed
3688 5554 3747 5606 et

2094 5637 2482 5693 serenissima
2502 5637 3062 5695 memoriae-Heinrici
3081 5640 3452 5712 imperatoris
3465 5638 3746 5712 genitoris

2092 5727 2279 5788 nostri
2300 5725 2585 5786 detulisse
2607 5730 2664 5784 et
2685 5727 3015 5802 postulasse
3029 5734 3295 5791 nostram
3333 5726 3744 5790 celsitudinem
