3962 6358
135 374 294 463 tu?!

1578 395 1973 464 HENRIGUS
2016 399 2117 463 IV.

3386 348 3571 470 iiii-

133 538 198 588 ut
226 531 431 599 omnia
457 532 868 606 appendentia,
899 531 988 594 vel
1020 534 1234 591 tradita
1261 534 1413 606 ipsis.
1438 532 1719 602 ecclesiis,
1754 550 1789 591 a
1818 539 1867 601 Α
1900 534 2156 606 injuste;
2186 534 2440 591 fatemur
2466 532 2571 592 nos
2596 536 2756 609 justo
2786 520 2899 593 sibi
2920 518 3219 595 redditum
3238 524 3546 617 perpetua-

131 622 399 693 tempore
430 621 617 678 sancti
651 620 909 678 Remacli
943 639 1046 694 per
1095 623 1471 679 succedentia
1500 625 1782 693 tempora,

131 708 352 767 nostra:
373 708 696 783 imperialis
717 710 1125 784 prxceptionis
1147 713 1520 767 ﬁrmaremus
1542 709 1790 766 auctori-

127 802 269 854 tate.
305 800 406 855 Est
433 798 614 871 igitur
644 804 844 855 nostra
861 798 1200 872 dignatione
1219 800 1515 856 sancitum
1535 802 1598 855 ut
1622 798 1786 872 quid-

126 888 274 960 quid
288 884 785 959 prmdecessorum
801 882 1044 945 suorum
1061 889 1423 961 temporibus
1437 888 1495 944 in
1510 887 1628 943 illis
1640 887 1784 944 locis

128 974 539 1033 fuittraditum
568 981 668 1035 aut
684 978 1104 1045 condonatum,
1125 994 1226 1033 seu
1245 965 1400 1050 quod
1422 962 1618 1033 abbati
1639 976 1784 1049 Pop-

126 1065 268 1137 poni
291 1056 616 1138 imperator
638 1054 964 1134 Heinricu's,
989 1056 1061 1122 ob
1085 1056 1201 1122 suae
1225 1065 1432 1123 animae
1456 1066 1781 1122 mercedem

127 1155 184 1210 in
218 1152 520 1221 Hasbanio
553 1152 807 1210 reddidit
836 1154 1209 1219 beneficium,
1238 1154 1385 1231 sivet
1415 1155 1621 1226 quoda
1641 1154 1782 1209 divae

127 1242 431 1311 memoria;
462 1259 567 1298 avo
593 1247 791 1298 nostro
819 1240 930 1315 ipsi
963 1241 1073 1297 fuit
1115 1243 1450 1298 restitutum
1498 1261 1533 1299 a
1572 1242 1783 1299 comite

66 1346 75 1355 ’
127 1330 510 1397 Herimanno,
543 1322 1122 1387 ex'hazre'demortuo
1153 1349 1256 1404 per
1289 1331 1591 1403 aliquanta
1628 1335 1782 1387 tem-

126 1437 273 1493 pora
289 1421 508 1493 injuste
525 1416 852 1487 detentum,
874 1419 1170 1477 Scalentin
1186 1419 1451 1476 videlicet
1469 1424 1526 1476 et
1546 1419 1781 1476 Palisiol

127 1526 267 1567 cum
300 1507 580 1565 omnibus
611 1507 977 1581 appendiciis
998 1508 1143 1576 suis,
1178 1525 1283 1564 nec
1309 1526 1425 1564 non
1448 1512 1504 1564 et
1525 1507 1780 1564 decimas

127 1596 536 1665 ecclesiarum,
553 1614 701 1671 quas
722 1590 1248 1670 praidecessoribus
1264 1597 1449 1669 ipsius
1470 1597 1782 1669 praedeces-

127 1703 292 1743 sores
323 1684 511 1741 nostri
543 1680 927 1757 imperatores
958 1684 1265 1752 dederunt,
1298 1689 1354 1741 et
1399 1685 1780 1740 conﬁrmave-

130 1781 291 1840 runt,
308 1778 364 1830 et
387 1770 674 1846 quidquid
693 1772 765 1829 ad
785 1773 912 1845 ipsa
928 1772 1056 1830 loca
1076 1766 1239 1839 emit,
1264 1777 1485 1830 sextam
1516 1773 1781 1830 videlicet

1897 622 2030 678 liter
2051 624 2498 697 redintegrasse.
2522 625 2592 681 Et
2612 624 2739 682 ideo
2757 625 3072 683 statuimus
3085 626 3443 696 ﬁrmissime,
3461 644 3546 683 se-

1897 711 2157 767 cundum
2189 716 2456 768 nostrum
2489 708 2791 786 imperiale
2817 713 3106 799 edictum,
3128 719 3199 797 ut
3231 715 3546 793 subunius

1896 799 2124 883 abbatis
2155 800 2457 874 regimine,
2492 800 2644 857 sicut
2662 794 2890 875 jugiter
2918 788 3285 886 permansit,
3314 788 3545 886 utrum-

1895 878 2009 959 que
2039 889 2116 943 sit
2145 888 2418 962 deinceps
2449 888 2781 962 subjectum
2813 882 3165 973 coenobium.
3422 875 3546 969 haec

1824 1012 1831 1018 -
1894 980 2105 1032 nostra:
2129 977 2524 1045 concessionis
2546 996 2610 1034 ac
2630 972 3023 1038 renovationis
3048 968 3546 1061 atqueconiirma-

1892 1062 2069 1120 tionis
2101 1066 2172 1122 de
2202 1066 2479 1123 omnibus
2508 1064 2602 1123 his
2632 1064 2861 1140 plenior
2889 1067 3175 1151 habeatur
3205 1058 3541 1150 auctoritas,

1896 1170 2073 1209 manu
2104 1154 2343 1227 propria
2358 1155 2467 1212 hoc
2485 1160 2841 1228 praeceptum
2864 1157 3543 1235 subterﬁrmavimushet

1893 1240 2070 1314 sigilli
2104 1243 2287 1298 nostri
2320 1242 2705 1315 impressione
2737 1244 3010 1317 insigniri
3029 1245 3344 1318 jussimus.

1964 1330 2193 1401 Signum
2218 1332 2406 1388 damni
2435 1334 2683 1389 Heinrici
2708 1335 2861 1389 tertii
2888 1335 3259 1391 Romanorum
3299 1336 3540 1406 impera-

1892 1421 2023 1475 toris
2052 1420 2297 1491 Augusti.
3358 1485 3369 1493 ν
3486 1490 3491 1497 ί

1962 1506 2320 1565 Humbertus
2349 1508 2733 1566 cancellarius
2754 1510 2876 1566 vice
2896 1498 3219 1567 Ru'othardi
3242 1509 3540 1569 archican-

1891 1595 2107 1652 cellarii
2140 1598 2464 1671 recognovi.
2904 1664 2907 1671 1
3486 1582 3493 1588 ’

1962 1685 2108 1741 Data
2138 1690 2226 1742 est
2253 1704 2289 1741 x
2316 1686 2556 1742 Kalend.
2583 1686 2942 1752 Decembris,
2977 1704 3131 1744 anno
3160 1689 3233 1745 ab
3266 1687 3538 1745 Incarna-

1888 1774 2047 1829 tione
2060 1774 2288 1830 Domini
2304 1775 2462 1841 1089,
2478 1775 2795 1832 indictione
2812 1783 2893 1831 im
2914 1794 2932 1844 ;
2954 1792 3109 1832 anno
3126 1772 3321 1831 autem
3335 1777 3539 1832 domui

129 1849 520 1964 deAmb‘lava
548 1860 873 1918 etTumbis
904 1880 938 1917 a
965 1863 1175 1919 comite
1205 1862 1517 1919 Godeirido
1548 1863 1620 1917 de
1664 1863 1778 1917 En-
1810 1899 1857 1964 Β
1894 1862 2144 1917 lleinrici
2195 1863 2349 1919 tertii
2397 1863 2796 1920 Romanorum
2849 1862 3219 1937 imperatoris
3266 1863 3540 1937 Augusti,

128 1948 277 2025 geis,
307 1946 399 2007 vel
430 1951 586 2023 quod
609 1951 679 2007 de
701 1951 851 2008 bono
878 1950 1132 2007 ecclesiae
1154 1951 1581 2008 concambiavit
1601 1951 1776 2007 Wen-

126 2039 378 2114 dengias
407 2044 464 2096 et
492 2041 765 2096 Corworo
793 2056 950 2096 mon.
984 2039 1215 2096 abbatis
1247 2040 1443 2096 Sancti
1478 2039 1777 2095 Maximini

125 2131 264 2186 data
290 2126 450 2196 villa,
472 2124 858 2185 Asteleburna
879 2129 1005 2185 loco
1028 2129 1373 2195 concambii,
1401 2146 1501 2185 seu
1529 2129 1682 2203 quod
1704 2128 1777 2185 ab

125 2216 439 2276 Hathelino
458 2218 535 2290 (9)
559 2218 828 2290 episcopo
860 2217 1279 2291 Bantborgensi
1312 2221 1368 2273 et
1398 2219 1525 2288 ejus
1556 2234 1777 2289 praepo-

127 2306 239 2363 sito
254 2304 542 2380 Liupoldo
554 2305 1240 2379 concambiavit,pra3diol
1252 2323 1348 2361 um
1362 2306 1585 2362 scilicet
1598 2307 1780 2361 Luke-

134 2412 347 2469 senges
372 2412 476 2467 pro
505 2390 885 2467 Wendengus
903 2401 960 2450 et
983 2395 1216 2451 duobus
1237 2395 1460 2451 mansis
1477 2396 1631 2468 apud
1658 2400 1778 2449 An-

130 2483 498 2551 dernaicum,
530 2488 589 2540 et
611 2500 715 2556 pro
747 2501 895 2540 nova
923 2484 994 2539 de
1038 2482 1363 2549 Buobarde,
1413 2483 1539 2540 sine
1581 2483 1780 2556 aliqua

131 2572 458 2630 infractura
479 2576 712 2630 maneat
733 2571 1157 2628 inconvulsum.
1185 2572 1466 2637 Quoniam
1491 2589 1625 2627 vero
1642 2589 1779 2644 prte-

135 2660 472 2719 decessores
492 2660 674 2718 nostri
698 2677 861 2734 reges
878 2659 964 2716 vel
987 2652 1367 2733 imperatores
1390 2677 1510 2716 suae
1533 2660 1780 2716 auctori-

127 2746 270 2807 tatis
304 2744 579 2806 firmitate
610 2746 753 2823 ipsis
782 2746 926 2807 locis
958 2749 1330 2805 sanciverunt
1353 2754 1418 2804 ut
1464 2750 1778 2805 advocatus

129 2832 399 2912 ipsoru'm
431 2838 920 2897 monasteriorum
954 2839 1014 2893 in
1046 2838 1325 2904 cortibus,
1372 2839 1445 2895 ad
1494 2838 1624 2910 ipsa
1654 2838 1779 2893 loca

128 2924 603 3002 respicientibus,
636 2940 749 2984 non
781 2924 1101 3000 praesumat
1124 2943 1435 2983 mansuras
1467 2931 1570 2982 aut
1610 2914 1776 2999 para-

122 3014 291 3073 tdras
324 3017 531 3083 facere,
566 3008 987 3073 redhibitiones
1026 3014 1115 3072 vel
1167 3014 1332 3072 freda
1382 3016 1631 3088 exigere,
1676 3020 1779 3072 aut

124 3103 410 3178 placitum
442 3109 655 3175 tenere,
688 3110 789 3158 aut
835 3102 1168 3177 parefredos
1223 3121 1453 3159 sumere
1492 3104 1603 3160 sibi
1654 3104 1780 3161 sine

127 3193 425 3269 permissu
458 3192 684 3250 abbatis
716 3193 802 3249 vel
840 3193 1155 3262 voluntate,
1206 3194 1407 3249 eadem
1441 3198 1499 3248 et
1528 3210 1634 3248 nos
1665 3193 1778 3265 ipsi

1891 1950 2055 2021 regni
2087 1951 2328 2024 quidem
2360 1970 2550 2020 xxxvr,
2584 1950 2813 2025 imperii
2841 1970 2976 2010 vero
2998 1970 3075 2009 γι.
3498 2018 3499 2025 γ
3561 2024 3566 2029 _

1956 2041 2168 2095 Actum
2216 2041 2520 2114 Magontiaa
2580 2042 2638 2096 in
2696 2039 2914 2098 Christi
2978 2041 3213 2098 nomine
3269 2028 3529 2099 feliciter.
3562 2028 3611 2111 ρ

1888 2130 2093 2183 Amen.

2629 2228 2784 2284 XIII.

1888 2315 2136 2370 Heinrici
2159 2316 2307 2390 regis
2338 2317 2542 2390 quarti,
2570 2318 2916 2390 imperatoris
2944 2319 3113 2386 tertii,
3146 2317 3412 2390 diploma,
3426 2333 3536 2390 quo

1956 2386 2242 2511 ἓογέηαιια.
2258 2386 2481 2442 castella
2528 2386 2814 2457 conﬁrmat
2860 2386 3217 2444 monasteria
3248 2386 3537 2445 Veronémi

2002 2500 2013 2511 .
2075 2472 2286 2512 enoms.

2506 2545 2694 2619 (Anno
2728 2546 2913 2616 1090.)
2994 2608 2999 2613 _
3132 2610 3137 2621 ν

2200 2633 2545 2707 [MURATORI,
2579 2636 2761 2707 Antiq.
2793 2636 2940 2703 lial.,
2968 2633 3037 2703 V,
3070 2631 3221 2707 623.]

1960 2750 2022 2806 In
2055 2750 2288 2806 nomine
2319 2756 2530 2806 sancire
2561 2755 2619 2807 et
2648 2750 2963 2808 individua
3015 2738 3341 2829 Trinitatis,
3371 2738 3532 2829 exin-

1890 2834 2078 2905 incus,
2112 2836 2309 2894 divina
2342 2839 2566 2895 favente
2587 2835 2917 2910 clementia,
2937 2826 3334 2895 Romanorum
3356 2826 3535 2912 impe-
3562 2871 3567 2877 -

1892 2932 2050 2983 rator
2077 2929 2399 3001 Augustus.
3168 2990 3169 2995 η
3246 2956 3252 2961 ·
3352 2972 3355 3003 ;
3466 2990 3495 3001 ,.

1960 3016 2326 3089 Imperialem
2354 3015 2780 3073 sublimitatem
2812 3015 3109 3084 condecet,
3132 3019 3240 3073 etc.
3264 3014 3379 3072 Hac
3393 3031 3533 3091 ergo

1882 3108 2051 3178 justa
2080 3110 2135 3162 et
2163 3106 2329 3178 aequa
2358 3104 2825 3162 consideratione
2856 3110 3091 3178 propter
3109 3104 3340 3163 Domini
3362 3104 3538 3163 timo-

1891 3211 2035 3263 rem,
2058 3198 2125 3249 'et
2153 3194 2360 3249 animae
2393 3198 2624 3262 nostrae,
2646 3192 2731 3248 vel
2750 3182 3063 3265 parentum
3085 3197 3421 3271 nostrorum
3443 3208 3533 3249 re-

129 3267 329 3341 abbati
346 3283 542 3354 etejus
556 3282 997 3338 successoribus
1015 3281 1300 3337 ﬁrmando
1314 3283 1782 3351 corroboramus,
1813 3267 1855 3332 C
1893 3283 2152 3338 medium
2173 3282 2527 3338 monasterio
2547 3281 2699 3337 beati
2717 3280 2963 3336 Zenonis
2986 3297 3089 3353 per
3103 3267 3256 3336 hanc
3277 3297 3531 3361 praesen-

128 3372 428 3445 bannique
458 3371 640 3427 nostri
674 3370 1045 3443 impositione
1078 3388 1147 3426 ne
1167 3370 1440 3443 deinceps
1459 3370 1776 3443 quisquam

130 3463 252 3517 haec
283 3460 497 3515 audeat
523 3457 840 3531 infringere
871 3458 1226 3530 vigoramus,
1251 3462 1308 3514 et
1325 3458 1615 3530 quidquid
1638 3475 1779 3514 sane

130 3548 493 3623 acquisitum
528 3547 740 3621 reperit
771 3548 830 3603 in
863 3546 1226 3619 quibuslibet
1267 3548 1441 3603 rebus
1488 3546 1776 3615 Ecclesiae,

129 3638 441 3696 roboratur
467 3641 679 3693 nostrae
712 3636 1118 3709 praeceptionis
1144 3636 1507 3703 auctoritate,
1555 3635 1779 3691 habens

128 3727 519 3795 emunitatem
549 3725 619 3799 ab
650 3726 809 3781 omni
840 3726 1253 3781 advocatorum
1285 3724 1677 3779 infestatione.
1711 3723 1781 3778 Et

130 3816 412 3890 quoniam
426 3814 730 3871 monachis
749 3811 1162 3870 Malmundarii
1180 3813 1531 3880 constitutis,
1552 3813 1781 3869 sancito.

128 3905 509 3978 antiquorum
540 3919 746 3975 regum
786 3901 875 3958 vel
909 3903 1329 3976 imperatorum
1371 3918 1485 3957 non
1529 3902 1778 3957 sutl’ece-

123 3994 407 4060 runt,sed
441 3992 551 4048 sub
583 3990 812 4047 duobus
850 3990 1161 4047 abbatibus
1198 3989 1530 4046 rescindere
1575 3991 1780 4046 eadem

127 4082 489 4139 monasteria
509 4079 940 4150 laboraverunt,
966 4079 1121 4153 quod
1145 4097 1180 4134 a
1197 4076 1558 4152 temporibus
1592 4078 1781 4135 sancti

123 4171 386 4229 Remacli
411 4170 603 4226 adhuc
622 4171 818 4225 manet
837 4168 1268 4237 inconvulsum,
1295 4173 1529 4241 propter
1546 4168 1678 4236 hoc,
1696 4168 1779 4224 in-

120 4278 422 4334 quam,ne
452 4258 655 4333 aliqua
700 4258 975 4331 deinceps
1024 4258 1176 4313 inter
1228 4274 1329 4313 eos
1384 4258 1783 4313 controversia

120 4352 245 4417 ﬁat,
280 4349 439 4422 quod
469 4347 733 4404 evenisse
765 4347 1128 4420 temporibus
1160 4346 1358 4402 domni
1408 4346 1781 4419 imperatoris

120 4439 356 4496 Ottonis
388 4422 629 4495 secundi
665 4440 913 4503 constat,
937 4436 1209 4509 quodque
1262 4434 1416 4490 infra
1438 4452 1623 4491 annos
1646 4452 1783 4507 pue-

118 4529 271 4584 ritia
300 4531 509 4583 nostrae
544 4542 646 4599 per
678 4543 786 4582 nos
818 4524 1214 4598 quorumdam
1246 4542 1362 4580 non
1395 4540 1536 4580 sano
1572 4524 1780 4595 depra-

1888 3377 2006 3428 tem
2026 3375 2235 3426 nostrae
2254 3370 2666 3426 munificentiae
2686 3369 3093 3447 auctoritatem
3106 3372 3385 3447 perpetuo
3402 3384 3536 3443 con-

1889 3462 2218 3526 firmamus,
2252 3458 2558 3532 modisque
2580 3457 2854 3514 omnibus
2874 3457 3345 3523 corroboramus,
3363 3456 3424 3512 id
3440 3460 3537 3531 est
3578 3504 3581 3507 γ

1890 3552 1945 3605 in
1972 3548 2267 3622 judiciara
2288 3548 2583 3604 Gardense
2615 3544 2942 3614 castellum,
2990 3545 3145 3623 quod
3191 3544 3533 3619 nominatur
3576 3572 3579 3575 -

1890 3637 2438 3711 Pastoringo,.quod
2473 3635 2825 3691 monasterio
2851 3634 3045 3690 Sancti
3074 3633 3321 3691 Zenonis
3365 3634 3539 3709 bqng.

1889 3725 2183 3782 memoriae
2214 3725 2518 3780 Arduinus
2537 3740 2754 3792 comes,
2773 3727 2830 3779 et
2846 3722 3004 3779 ﬁlius
3024 3722 3151 3795 ejus
3168 3716 3545 3801 Eriprandus'

1892 3833 1995 3888 pro
2028 3813 2283 3870 remedio
2317 3812 2649 3868 animarum
2681 3827 2926 3868 suarum
2956 3828 3060 3883 per
3088 3796 3537 3887 chartamvoﬁ'er-
3574 3838 3579 3849 ε

1890 3903 2076 3959 sionis
2110 3901 2488 3959 contulerunt
2517 3918 2651 3957 cum
2685 3899 2963 3957 omnibus
2992 3897 3361 3979 pertinentiis
3392 3897 3543 3973 suis,
3574 3940 3579 3945 η

1892 3998 2030 4061 etc.,
2062 4009 2167 4049 nec
2198 4008 2312 4047 non
2334 3995 2391 4046 et
2418 3986 2725 4047 castellum
2753 3989 2907 4061 quod
2934 3986 3406 4047 vocaturlusula
3432 3986 3545 4067 N9-

1895 4076 2095 4148 nense,
2112 4080 2268 4154 quod
2286 4081 2355 4136 ad
2370 4079 2567 4153 ipsum
2585 4077 3012 4136 monasterium
3033 4094 3135 4153 per
3146 4076 3541 4157 oﬁ‘ersionem,

1892 4172 2291 4235 donationem,
2353 4173 2528 4241 atque
2573 4166 3069 4239 comparationem
3112 4163 3364 4246 devenit,
3395 4179 3545 4235 cum

1892 4258 2051 4315 omni
2068 4258 2317 4328 redditu,
2333 4261 2388 4312 et
2409 4255 2699 4324 districtu,
2717 4260 2775 4311 et
2792 4255 2981 4325 fodru,
3004 4257 3112 4311 etc.
3128 4252 3354 4335 Placuit
3364 4252 3543 4327 etiam

1892 4351 2104 4403 nostrae
2136 4346 2433 4403 serenitati
2465 4345 2536 4401 ob
2571 4349 2845 4400 aeternam
2869 4341 3409 4419 remunerationem
3427 4344 3542 4411 stag-

1890 4437 2127 4491 tuendo.
2166 4477 2179 4490 .
2218 4477 2229 4490 .
2268 4478 2279 4489 .
2320 4478 2332 4490 .
2370 4478 2382 4489 .
2414 4473 2431 4491 .
2469 4477 2480 4489 .
2519 4476 2531 4489 .
2568 4476 2580 4488 .
2620 4476 2631 4487 .
2666 4438 2731 4489 ut
2780 4438 3063 4500 castrum,
3115 4432 3273 4503 quod
3324 4430 3540 4487 dicitur

1890 4524 2204 4596 Capavum,
2235 4523 2390 4595 quod
2422 4540 2456 4576 a
2484 4538 2662 4594 puero
2694 4519 2906 4577 Uberto
2927 4534 3029 4592 pro
3051 4519 3306 4577 remedio
3329 4518 3538 4574 anima

120 4622 292 4674 vatos
308 4614 551 4691 consilio
572 4631 675 4690 per
695 4614 1167 4687 quinquennium
1191 4621 1248 4668 et
1265 4631 1330 4669 eo
1357 4612 1614 4686 amplius
1635 4616 1779 4667 tem-
1808 4634 1856 4698 D
1890 4630 2030 4681 suae,
2064 4627 2424 4682 suorumque
2456 4613 2787 4681 parentum,
2822 4606 3178 4664 monasterio
3211 4604 3408 4662 Sancti
3431 4604 3540 4660 Ze-

121 4724 269 4781 pore
296 4703 543 4781 contigit
574 4702 854 4771 evenisse,
887 4703 987 4759 sed
1038 4702 1192 4776 apud
1243 4702 1469 4759 curiam
1519 4705 1777 4758 nostram

117 4796 350 4871 Leggiaa
396 4794 746 4855 celebratam
793 4794 853 4849 in
904 4794 1124 4850 Pascha
1153 4810 1307 4848 anno
1337 4791 1605 4847 videlicet
1639 4792 1770 4846 1071

119 4884 551 4944 Incaruationis
581 4883 922 4949 Dominicae,
945 4883 1057 4955 ipsi
1082 4885 1282 4938 sancto
1302 4880 1573 4937 Remaclo
1601 4879 1771 4936 nobis

120 4971 583 5050 praesentialiter
606 4972 719 5044 (10)
742 4970 934 5043 oblato
958 4984 1138 5027 causa
1156 4970 1486 5042 expetenda:
1505 4969 1773 5041 justitiie,

122 5062 230 5137 qui
264 5068 650 5133 utrorumque
680 5060 1075 5121 ccnnobiorum
1102 5060 1377 5114 fundator
1404 5056 1525 5113 illic
1547 5075 1648 5129 per
1669 5057 1778 5112 mi-

124 5146 356 5223 racula,
389 5164 514 5223 quas
548 5147 701 5206 Deus
734 5150 1106 5221 omnipotens
1136 5164 1239 5220 per
1268 5163 1401 5201 eum
1435 5146 1604 5203 nobis
1628 5150 1684 5201 et
1713 5145 1779 5200 fi-

121 5238 363 5298 delibus
394 5238 611 5295 nostris
632 5238 1021 5313 praesentibus
1043 5237 1320 5309 dignatus
1344 5240 1431 5290 est
1454 5235 1781 5307 ostendere,

119 5328 483 5387 claruitesse
494 5327 867 5384 veracissime
882 5318 1093 5399 quod'a
1103 5325 1272 5381 nobis
1294 5326 1449 5379 errat
1467 5323 1783 5379 discissum

198 5467 663 5545 (9)_,Hatheli_nus
693 5468 1061 5545 desideratur
1091 5467 1150 5523 in
1182 5464 1346 5545 serie.
1379 5464 1788 5545 episcoporum

123 5535 659 5614 Ba'm'bergensium
677 5541 838 5614 apud
852 5539 1220 5614 Bucelinum,
1237 5535 1616 5614 collocandus
1638 5537 1793 5593 inter

121 5607 533 5685 Hermanﬁufn
544 5607 909 5685 Aanno‘.1075,
930 5628 997 5685 ,a_
1025 5609 1314 5685 Gregorio
1332 5607 1583 5685 septimo
1615 5625 1791 5681 exau-

123 5680 425 5749 ctoratum
454 5680 512 5740 et
539 5682 869 5757 Rupertum
895 5678 1000 5759 Qui
1032 5678 1185 5740 anno
1218 5678 1359 5740 1089
1382 5678 1686 5759 praefuisse
1708 5678 1791 5739 re-

457 5809 732 5879 Parant.
776 5808 919 5879 GLI.

1889 4701 2059 4758 nonis
2077 4699 2431 4772 judicatum,
2465 4701 2639 4770 atque
2670 4696 2954 4753 traditum
2985 4712 3115 4751 esse
3144 4691 3538 4767 cognoscitur,

1888 4809 2025 4847 cum
2057 4787 2334 4846 omnibus
2364 4787 2539 4843 rebus
2562 4787 2689 4857 jam
2721 4783 2861 4841 dicti
2888 4783 3063 4839 castri
3084 4780 3542 4855 pertinentibus,

1886 4898 1990 4937 seu
2018 4877 2273 4943 famulis,
2302 4875 2564 4943 facticiis,
2593 4890 2727 4930 cum
2751 4874 2910 4931 omni
2942 4872 3138 4931 debita
3157 4869 3541 4939 districtione.

1884 4970 2048 5033 Quod
2081 4968 2333 5039 denique
2356 4965 2780 5021 confirmamus
2799 4962 2973 5019 etiam
2997 4961 3151 5017 dicto
3178 4957 3542 5016 monasterio

1887 5058 2084 5113 Sancti
2112 5055 2357 5112 Zenonis
2379 5054 2448 5110 ad
2482 5068 2726 5109 suorum
2761 5051 3075 5124 praebenda
3119 5048 3545 5106 monachorum

1891 5146 2321 5219 eleemosynam
2342 5142 2768 5217 pr0prietamus
2798 5156 2933 5195 cum
2964 5138 3242 5196 omnibus
3263 5137 3389 5195 suis
3409 5153 3547 5210 per-

1892 5235 2182 5300 tinentiis,
2216 5230 2517 5300 districtis,
2546 5235 2655 5287 etc.
2698 5228 2757 5285 Si
2802 5228 2936 5301 quis
2988 5227 3168 5301 igitur
3213 5227 3353 5294 dux,
3387 5243 3543 5284 mar-

1896 5323 2051 5389 chio,
2073 5327 2183 5379 etc.

1897 5470 2408 5607 pefiglréuomodo
2440 5532 2494 5587 id
2529 5527 3543 5607 factumfueritfusiusdescriptum

1901 5596 2083 5666 habes
2114 5596 2173 5662 in
2190 5603 2407 5676 libello.
2436 5608 2514 5676 De
2529 5602 2829 5676 triumpho
2850 5608 2906 5659 S.
2930 5600 3206 5676 Bemacli,
3231 5596 3406 5674 quem
3429 5596 3547 5658 edi-

1904 5682 1989 5740 dit
2017 5674 2387 5755 Chapeavilla
2418 5675 2490 5732 ad
2520 5674 2737 5747 calcem
2766 5679 2910 5735 tom.
2946 5675 3014 5733 II.

3146 5800 3224 5869 37
