3962 6430
415 453 574 516 HG?

1784 461 2094 526 MONUM.
2139 461 2454 530 DIPLOM.

3664 475 3812 540 HE

411 591 808 648 antecessores
837 591 932 648 sui
964 592 1173 650 melius
1198 593 1483 661 fecerunt,
1505 599 1716 652 etcum
1742 613 1807 652 eo
1838 597 2056 669 pariter
2083 599 2138 664 Α
2238 600 2329 655 VI.
2353 603 2421 657 Et
2432 601 2812 674 prohibemus
2829 620 3062 662 omnem
3079 605 3372 662 reboriam
3389 607 3549 664 omni
3567 608 3810 666 homini.

408 675 724 736 defendant
745 696 990 753 regnum
1011 699 1206 737 suum.
1223 684 1293 738 Et
1307 684 1742 741 constituerunt
1766 685 1824 741 in
1849 685 2054 758 primis

402 763 505 822 Dei
538 767 1001 826 misericordiam
1041 775 1100 826 et
1157 771 1443 828 auxilium
1476 773 1743 830 invocare
1781 775 2051 846 jejuniis,

405 852 810 929 eleemosynis,
841 859 1203 916 confessione
1231 865 1290 916 et
1321 861 1701 932 abstinentia,
1733 869 1792 918 et
1823 862 2055 919 malefa-

405 942 537 1012 ctis,
570 947 629 1000 et
654 945 950 1017 injustitia
979 949 1290 1006 abstinere.
1319 951 1389 1006 Et
1433 955 1497 1006 ut
1547 952 1722 1007 detur.
1769 953 1841 1006 de
1892 952 2050 1007 omni

402 1047 648 1114 carruca
677 1035 957 1094 denarius
975 1037 1063 1093 vel
1117 1038 1427 1094 denarium
1481 1039 1704 1108 valens,
1756 1044 1812 1095 et
1861 1041 2052 1094 omnis

403 1119 506 1200 qui
535 1119 822 1188 familiam
850 1123 1047 1193 habet,
1079 1127 1295 1183 efficiat
1346 1131 1410 1182 ut
1461 1128 1653 1184 omnis
1698 1128 2052 1184 hirmannus

407 1225 554 1266 suus
585 1212 683 1268 det
706 1230 891 1270 unum
923 1214 1250 1271 denarium.
1285 1217 1448 1282 Quod
1479 1217 1529 1272 si
1562 1235 1678 1273 non
1700 1217 1933 1285 habeat,
1957 1218 2054 1273 det

406 1287 682 1368 dominus
719 1302 849 1375 ejus
896 1321 1001 1378 pro
1049 1321 1138 1361 eo.
1172 1306 1242 1361 Et
1278 1305 1472 1361 omnis
1518 1306 1774 1378 thaynus
1823 1307 2054 1362 detenet

406 1387 469 1459 [f.
505 1388 775 1466 decimet]
806 1395 995 1449 totum
1026 1395 1181 1465 quod
1213 1394 1409 1450 habet.
2017 1455 2021 1460 ,

474 1477 545 1533 ΙΙ.
578 1478 646 1534 Et
675 1479 1043 1539 instituimus
1075 1487 1140 1539 ut
1161 1484 1352 1540 omnis
1381 1483 1750 1540 Christianus
1782 1484 1883 1555 qui
1915 1488 2050 1539 aeta-

401 1567 524 1622 tem
556 1566 978 1642 habetjejunet
1007 1571 1199 1628 tribus
1230 1572 1460 1638 diebus,
1483 1573 1714 1643 jejunet
1745 1573 1804 1628 in
1827 1590 1975 1645 pane
1996 1578 2053 1629 et

407 1669 579 1726 aqua,
612 1661 669 1712 et
699 1657 789 1713 bis
821 1657 958 1732 [lege
978 1659 1197 1732 herbis]
1221 1661 1596 1730 crudis,ante
1614 1662 1829 1717 festum
1864 1662 2050 1717 sancti

410 1741 731 1801 Michaelis.
765 1747 834 1802 Et
864 1747 1054 1803 omnis
1086 1749 1261 1804 homo
1293 1750 1365 1804 ad
1399 1749 1822 1806 confessionem
1857 1751 2048 1819 vadat,

410 1831 673 1906 etInudis
702 1835 953 1905 pedibus
985 1837 1056 1892 ad
1079 1836 1407 1904 ecclesiam,
1427 1841 1484 1892 et
1502 1839 1754 1909 peccatis
1776 1839 2051 1895 omnibus

412 1921 788 1978 abrenuntiet
817 1925 1182 1981 emendando
1212 1930 1270 1980 et
1299 1927 1600 1982 cessando.
1629 1927 1694 1981 Et
1723 1931 1816 1982 eat
1859 1928 2052 1982 omnis

411 2009 716 2081 presbyter
741 2026 876 2066 cum
907 2012 1123 2086 populo
1155 2029 1262 2068 suo
1293 2014 1365 2068 ad
1396 2015 1824 2085 processionem
1863 2015 2051 2080 tribus

412 2095 622 2152 diebus
652 2098 826 2154 nudis
855 2100 1124 2172 pedibus,
1157 2105 1215 2157 et
1247 2119 1422 2173 super
1471 2102 1579 2158 hoc
1621 2107 1812 2158 cantet
1860 2105 2053 2160 omnis

409 2185 730 2260 presbyter,
778 2187 1022 2262 triginta
1047 2189 1282 2260 missas,
1316 2196 1372 2246 et
1401 2191 1593 2246 omnis
1643 2192 1944 2261 diaconus,
1995 2197 2053 2248 et

409 2272 654 2332 clericus
667 2275 919 2349 trigenta
929 2277 1210 2350 psalmos,
1230 2282 1286 2335 et
1302 2285 1618 2352 apparetur
1638 2282 1827 2336 tribus
1845 2281 2049 2336 diebus

407 2365 738 2424 corradium
753 2366 1218 2440 uniuscujusque
1232 2368 1357 2425 sine
1374 2385 1547 2425 carne
1572 2370 1631 2424 in
1651 2369 1780 2425 cibo
1802 2377 1858 2426 et
1886 2375 2046 2441 potu,

407 2451 561 2509 sicut
586 2453 739 2510 idem
762 2457 1063 2513 comedere
1076 2457 1328 2526 deberet,
1350 2461 1406 2513 et
1422 2459 1836 2515 dividaturhoc
1859 2464 2046 2516 totum

406 2543 783 2615 pauperibus.
817 2546 887 2601 Et
916 2547 992 2602 sit
1022 2547 1215 2603 omnis
1246 2564 1450 2603 servus
1472 2547 1620 2604 liber
1644 2549 1716 2604 ab
1739 2565 1910 2621 opere
1932 2549 2048 2604 illis

404 2631 595 2688 tribus
626 2633 833 2690 diebus
865 2652 980 2708 quo
1013 2636 1509 2708 meliusjejunare
1535 2638 1756 2709 possit;
1780 2642 2050 2711 operetur

407 2721 647 2778 sibimet
677 2725 831 2796 quod
848 2724 988 2782 vult.
1010 2725 1077 2779 Hi
1105 2731 1243 2780 sunt
1263 2725 1349 2780 illi
1377 2730 1496 2782 tres
1522 2727 1676 2783 dies:
1705 2727 1830 2783 dies
1851 2727 2044 2794 Lunae,

405 2809 532 2865 dies
562 2811 786 2880 Martis,
820 2818 877 2868 et
907 2814 1031 2887 dies
1062 2814 1332 2869 Mercurii
1363 2815 1610 2886 proximi
1652 2821 1785 2872 ante
1832 2817 2046 2871 festum

407 2899 595 2953 sancti
625 2899 942 2958 Michaelis.
974 2902 1030 2956 Si
1064 2903 1194 2974 quis
1213 2903 1506 2974 jejunium
1541 2921 1714 2959 suum
1745 2905 2045 2978 infringat,

403 3002 608 3043 servus
637 2989 790 3045 corio
822 3007 928 3046 suo
985 2995 1316 3064 componat,
1376 2992 1583 3048 reddat
1633 2992 1780 3049 liber
1828 3011 2049 3066 pauper

405 3074 651 3148 triginta
689 3077 979 3146 denarios,
1013 3083 1069 3135 et
1097 3079 1250 3152 regis
1280 3080 1533 3153 thaynus
1569 3086 1803 3138 centum
1843 3082 2046 3156 viginti

406 3163 653 3234 solidos,
683 3169 742 3222 et
770 3167 1068 3223 dividatur
1095 3167 1216 3223 haec
1264 3169 1513 3242 pecunia
1559 3172 1935 3243 pauperibus.
1979 3173 2048 3228 Et

405 3253 553 3310 sciat
582 3255 774 3311 omnis
805 3257 1124 3331 presbyter,
1156 3261 1214 3314 et
1243 3258 1606 3331 tungravius,
1639 3265 1697 3315 et
1736 3261 2047 3336 decimales

2164 688 2232 742 Et
2261 690 2335 743 sit
2367 690 2560 746 omnis
2591 691 2766 747 homo
2788 695 2925 763 jure
2958 694 3188 766 publico
3220 695 3456 769 dignus,
3491 713 3714 770 pauper
3758 704 3813 755 et

2162 777 2340 840 dives.
2375 784 2432 834 et
2461 780 2740 836 reddatur
2771 782 2962 838 omnis
2995 784 3267 846 roboria;
3299 785 3348 840 si
3383 787 3516 858 quis
3558 786 3812 860 aliquam

2161 867 2379 935 fecerit,
2417 870 2688 925 emendet
2717 870 2870 926 sicut
2901 872 3065 943 prius
3095 877 3152 927 et
3207 877 3410 945 postea
3464 874 3621 931 fecit.
3672 877 3736 930 Et
3763 875 3811 931 si

2162 957 2293 1026 quis
2343 958 2692 1029 praepositus
2745 976 2874 1014 eam
2924 961 3144 1030 fecerit,
3185 962 3500 1034 dupliciter
3546 965 3813 1021 emendet

2163 1044 2316 1114 quod
2351 1044 2448 1099 alii
2472 1045 2859 1116 judicaretur.

2232 1133 2346 1187 VII.
2380 1135 2447 1188 Et
2479 1135 2758 1191 reddatur
2788 1139 3038 1208 pecunia
3067 1137 3447 1213 eleemosynae
3477 1140 3572 1197 hic
3602 1142 3676 1197 ad
3728 1142 3809 1198 fe-

2162 1225 2319 1276 stum
2350 1224 2534 1278 sancti
2569 1224 2888 1293 Michaelis,
2923 1228 2972 1282 si
3007 1227 3226 1284 alicubi
3255 1233 3408 1285 retro
3435 1230 3512 1285 sit
3542 1247 3644 1301 per
3691 1230 3808 1302 ple-

2163 1325 2299 1364 nam
2327 1311 2526 1378 vitam,
2560 1317 2616 1366 et
2643 1313 2920 1369 omnibus
2968 1314 3140 1370 annis
3185 1315 3460 1389 deinceps
3493 1318 3812 1374 reddantur

2161 1399 2260 1453 Dei
2291 1401 2666 1458 rectitudines
2700 1403 2758 1457 in
2789 1404 3071 1460 omnibus
3103 1405 3278 1460 rebus
3301 1422 3427 1477 quae
3445 1423 3629 1478 supra
3644 1407 3808 1463 dicta

2161 1491 2320 1553 sunt,
2351 1505 2453 1559 per
2481 1490 2799 1547 amicitiam
2827 1493 2925 1547 Dei
2957 1497 3014 1548 et
3045 1497 3384 1549 sanctorum
3415 1495 3704 1565 omnium,
3739 1501 3803 1552 ut

2161 1574 2314 1631 Deus
2345 1579 2714 1649 omnipotens
2745 1580 3210 1637 misericordiam
3242 1583 3412 1638 nobis
3443 1583 3640 1652 faciat,
3666 1590 3722 1640 et
3741 1586 3811 1641 de

2161 1665 2433 1746 hostibus
2456 1667 2818 1739 triumphum
2838 1668 3005 1724 nobis
3033 1674 3090 1725 et
3113 1687 3314 1741 pacem
3337 1671 3660 1744 indulgeat,
3686 1690 3811 1746 quia

2161 1745 2362 1800 scdulo
2394 1747 2796 1818 deprecentur,
2832 1753 2897 1803 ut
2927 1749 3390 1806 misericordiam
3421 1753 3552 1822 ejus
3607 1745 3809 1810 conse-

2162 1849 2410 1902 quamur
2440 1834 2553 1900 hic,
2587 1840 2642 1890 et
2671 1836 2729 1891 in
2764 1838 2956 1892 futuro
2987 1838 3250 1909 requiem
3283 1839 3408 1895 sine
3441 1840 3577 1896 ﬁne.
3625 1843 3808 1898 Amen

2729 1927 2802 1981 De
2830 1928 3010 1997 ofﬁcio
3027 1927 3253 1996 judicia.

2729 1970 2799 1981 ⁸’ν
2830 1970 3006 1997 νΙΙνννν
3027 1970 3253 1996 J“""""’"'

2084 1970 2131 2034 B
2231 2011 2631 2082 Omnisjudcx
2655 2014 2857 2083 justus
2902 2015 3367 2073 misericordiam
3416 2023 3474 2074 et
3514 2019 3808 2090 judicium

2155 2097 2362 2154 liberet
2388 2099 2447 2154 in
2479 2102 2775 2170 omnibus,
2807 2105 2950 2159 utin
2981 2105 3188 2176 primis
3222 2122 3322 2178 per
3350 2112 3572 2163 rectam
3609 2108 3806 2164 scien-

2159 2187 2301 2243 tiam
2333 2188 2526 2243 dicant
2559 2191 3025 2248 emendationem
3067 2196 3392 2250 secundum
3446 2195 3702 2268 culpam,
3753 2204 3812 2252 et

2158 2294 2287 2333 eam
2322 2283 2443 2332 tum
2476 2280 2854 2335 admensuret
2879 2287 3116 2353 propter
3146 2283 3596 2356 indulgentiam.
3643 2285 3805 2349 Qua:-

2157 2367 2292 2421 dam
2326 2366 2508 2438 culpae
2532 2373 2882 2440 reputantur
2910 2388 2943 2425 a
2969 2371 3456 2442 nobisjudicibus
3481 2375 3809 2430 secundum

2158 2459 2379 2511 rectum
2403 2457 2807 2527 emendandae;
2830 2460 3096 2529 quaedam
3110 2476 3212 2531 per
3229 2460 3328 2515 Dei
3346 2460 3807 2518 misericordiam

2157 2545 2570 2599 condonandas.
2602 2544 2833 2600 Judicia
2864 2546 3076 2602 debent
3105 2564 3233 2604 esse
3265 2547 3391 2604 sine
3421 2549 3582 2605 omni
3625 2550 3809 2608 Hade—

2156 2649 2344 2704 runga
2373 2633 2526 2704 quod
2559 2650 2674 2688 non
2707 2640 2981 2705 parcatur
3009 2636 3223 2691 dimitti
3256 2637 3452 2706 alicui,
3473 2639 3560 2694 vel
3601 2655 3802 2712 egeno,

2157 2722 2363 2789 amico,
2396 2721 2483 2776 vel
2515 2721 2772 2789 inimico,
2804 2723 2906 2794 jus
2972 2724 3275 2796 publicum
3307 2727 3538 2794 rectori,
3571 2732 3629 2782 et
3659 2728 3807 2783 nihil

2157 2810 2436 2881 injustius
2467 2815 2556 2865 est
2586 2828 2760 2882 quam
2795 2813 3086 2884 susceptio
3119 2831 3430 2871 munerum
3462 2817 3806 2888 projudicio

2157 2900 2566 2967 subvertendo,
2601 2900 2738 2971 quia
2768 2918 3014 2957 munera
3055 2904 3308 2959 excitant
3357 2906 3532 2960 corda
3579 2907 3808 2980 sapien-

2154 2991 2305 3055 tum,
2339 2994 2395 3044 et
2452 2990 2797 3044 subvertunt
2852 2992 3028 3046 verba
3069 2992 3368 3063 justorum
3429 2994 3606 3066 (Deut.
3661 3001 3802 3066 XVI).

2156 3077 2439 3134 Dominus
2465 3079 2638 3134 Jesus
2669 3079 2838 3134 dixit:
2881 3081 2944 3134 In
2991 3097 3094 3152 quo
3134 3081 3346 3151 judicio
3395 3084 3803 3154 judicaveritis,

2146 3166 2542 3238 judicabimini
2573 3168 2773 3239 (Matth.
2808 3169 2928 3240 vn).
2962 3169 3188 3225 Timeat
3246 3173 3439 3229 omnis
3481 3173 3686 3244 judex,
3737 3192 3805 3232 ac

2155 3253 2362 3327 diligat
2384 3256 2644 3326 judicem
2679 3274 2874 3325 suum,
2912 3275 2981 3313 ne
3013 3257 3072 3314 in
3104 3257 3196 3314 die
3218 3258 3427 3330 judicii
3450 3265 3655 3318 mutus
3677 3264 3801 3332 ﬁat,

402 3343 692 3412 homines,
726 3349 791 3400 ut
813 3344 1700 3421 haeceleemosyna,etjejunium
1719 3351 2038 3421 proveniat,
2074 3339 2116 3405 C
2154 3348 2211 3398 et
2239 3343 2587 3400 humiliatus
2620 3349 2754 3401 ante
2785 3344 2984 3401 oculos
3013 3345 3240 3403 Judicis
3272 3353 3481 3404 cuncta
3523 3350 3800 3408 videntis.

397 3432 552 3490 sicut
582 3433 640 3490 in
673 3434 893 3490 sanctis
913 3435 1116 3506 jurare
1143 3441 1437 3508 poterunt.

469 3522 578 3583 III.
601 3523 668 3579 Et
696 3525 1092 3597 praecipimus,
1147 3529 1212 3581 ut
1264 3526 1323 3581 in
1383 3528 1542 3582 omni
1591 3529 2042 3601 congregatione

397 3616 666 3670 cantetur
694 3613 953 3685 quotidie
1003 3615 1394 3671 communiter
1439 3633 1542 3688 pro
1593 3634 1728 3690 rege
1780 3624 1835 3673 et
1880 3620 2039 3673 omni

395 3702 610 3775 populo
642 3720 747 3760 suo
781 3703 1176 3760 unamissaad
1192 3705 1601 3762 matutinalem
1616 3707 1886 3775 missam,
1909 3725 2036 3779 quae

395 3790 678 3865 inscripta
701 3797 820 3849 est:
856 3795 1054 3850 Contra
1077 3810 1338 3865 paganos,
1373 3798 1430 3850 et
1462 3796 1531 3848 ad
1566 3795 1830 3867 singulas
1862 3796 2037 3852 horas

395 3881 665 3939 decantet
692 3885 849 3938 totus
879 3888 1198 3940 conventus
1226 3883 1479 3939 extensis
1504 3884 1783 3940 membris
1803 3884 1863 3938 in
1883 3889 2037 3940 terra

391 3969 721 4042 psalmum:
752 3975 984 4030 Domine
1013 3973 1143 4046 quid
1170 3974 1527 4044 multiplicati
1550 3981 1677 4050 sunt
1698 3975 1865 4045 (Psal.
1925 3975 2030 4046 in),

391 4064 447 4115 et
476 4059 778 4118 collectam
809 4068 1011 4120 contra
1039 4079 1321 4135 paganos,
1361 4066 1417 4116 et
1464 4062 1572 4116 hoc
1621 4051 1722 4116 ﬁat
1771 4063 2033 4132 quandiu

392 4150 712 4209 necessitas
769 4152 882 4208 ista
912 4151 1082 4208 nobis
1112 4154 1201 4207 est
1231 4151 1290 4204 in
1325 4150 1621 4205 manibus.
1651 4150 1720 4204 Et
1752 4150 1813 4204 in
1871 4152 2031 4206 omni

387 4241 646 4298 cmnobio
675 4241 764 4298 vel
795 4244 1082 4298 conventu
1114 4239 1531 4295 monachorum
1552 4237 1801 4293 celebret
1838 4240 2031 4296 omnis

388 4330 693 4403 presbyter
721 4329 1022 4402 sigillatim
1080 4327 1323 4399 triginta
1377 4327 1590 4382 missas
1647 4344 1749 4398 pro
1793 4344 1925 4400 rege
1973 4334 2031 4386 et

403 4418 564 4472 omni
598 4416 835 4489 populo,
876 4421 933 4473 et
977 4415 1170 4471 omnis
1220 4415 1544 4470 monachus
1593 4413 1745 4470 dicat
1791 4417 2031 4488 triginta

386 4504 687 4562 Psalteria.

454 4594 548 4649 IV.
579 4594 650 4650 Et
679 4592 1052 4665 praecipimus
1075 4597 1140 4648 ut
1156 4594 1346 4649 omnis
1369 4593 1542 4649 homo
1565 4609 1742 4665 super
1762 4593 2023 4650 dilectio-

2152 3433 2258 3496 Qui
2291 3433 2660 3489 innocentem
2693 3433 2994 3505 opprimit,
3027 3439 3084 3489 et
3115 3435 3360 3491 dimittit
3389 3437 3654 3507 noxium,
3690 3457 3798 3512 pro

2152 3523 2420 3593 pecunia,
2453 3522 2539 3577 vel
2573 3522 2853 3589 amicitia,
2875 3522 2964 3577 vel
2996 3523 3148 3591 odio,
3182 3523 3269 3579 vel
3313 3542 3661 3598 quacunque
3712 3529 3799 3585 fa-

2151 3613 2362 3680 ctione,
2386 3611 2834 3685 opprimeturab
2856 3612 3243 3684 omnipotenti
3264 3614 3488 3670 Judice.
3509 3616 3578 3670 Et
3593 3615 3796 3674 nullus

2148 3701 2422 3757 dominus
2453 3701 2664 3757 stultos
2694 3705 2797 3756 aut
2826 3701 3124 3773 improbos
3152 3702 3384 3772 judices
3445 3705 3790 3776 constituat,

2148 3790 2288 3861 quia
2318 3789 2534 3846 stultus
2555 3807 2655 3862 per
2677 3790 3092 3861 ignorantiam,
3118 3791 3422 3863 improbus
3445 3810 3547 3864 per
3568 3794 3797 3867 cupidi-

2144 3885 2346 3946 tatem,
2379 3879 2522 3934 vitat
2555 3896 2730 3950 quam
2764 3879 2969 3934 didicit
2998 3879 3322 3936 veritatem.
3356 3883 3600 3938 Gravius
3635 3884 3796 3940 enim

2143 3968 2472 4024 lacerantur
2518 3983 2802 4040 pauperes
2852 3985 2885 4023 a
2931 3969 3126 4038 pravis
3161 3969 3464 4040 judicibus
3515 3989 3694 4042 quam
3763 3990 3798 4029 a

2143 4058 2398 4113 cruentis
2429 4056 2718 4112 hostibus.
2753 4055 2960 4111 Nullus
2992 4056 3177 4112 hostis
3199 4060 3479 4128 acerbior,
3506 4059 3668 4116 nulla
3690 4078 3792 4133 pe-

2142 4146 2248 4201 stis
2280 4144 2573 4200 efficacior
2602 4160 2780 4214 quam
2812 4143 3118 4198 familiaris
3149 4144 3442 4202 inimicus.
3475 4148 3797 4205 Potestali-

2142 4233 2368 4305 quoties
2398 4233 2575 4287 homo
2613 4232 2749 4302 fuga
2807 4230 2896 4285 vel
2955 4231 3290 4286 defensione
3345 4233 3527 4289 vitare
3583 4253 3797 4308 pravos

2129 4323 2381 4393 judices.
2413 4321 2537 4375 Non
2569 4320 2651 4374 ita
2672 4323 2921 4389 possunt
2943 4318 3195 4388 judices,
3235 4319 3464 4389 quoties
3507 4323 3797 4383 adversus

2137 4411 2404 4467 subditos
2418 4408 2588 4464 malis
2608 4407 2917 4462 desideriis
2941 4406 3404 4462 inﬂammantur.
3427 4407 3588 4480 Saepe
3609 4414 3796 4470 etiam

2135 4501 2271 4556 boni
2295 4500 2527 4573 judices
2557 4497 2779 4554 habent
2831 4497 3018 4553 malos
3064 4496 3333 4564 vicarios,
3375 4501 3433 4552 et
3481 4497 3796 4560 ministros

2133 4591 2435 4657 nefandos,
2470 4603 2720 4660 quorum
2751 4585 2865 4658 ipsi
2898 4586 3126 4642 domini
3172 4587 3679 4660 constringuntur,
3737 4593 3790 4648 si

379 4699 515 4739 nem
545 4681 646 4738 Dei
677 4684 735 4736 et
763 4681 1026 4737 omnium
1043 4686 1377 4737 sanctorum
1394 4682 1490 4737 det
1506 4681 1941 4754 cyrisceattum,
1964 4688 2022 4740 et
2054 4705 2101 4770 D
2134 4700 2249 4738 non
2279 4697 2378 4736 eos
2404 4681 2724 4742 coerceant,
2755 4681 2812 4732 et
2841 4693 2875 4732 a
2905 4676 3222 4770 rapacitate
3254 4676 3585 4770 cohibeant,
3647 4680 3793 4770 quia

378 4778 595 4829 rectam
627 4769 913 4826 decimam
945 4787 1135 4837 suam,
1169 4771 1321 4826 sicut
1353 4771 1411 4824 in
1443 4770 1650 4826 diebus
1699 4775 2023 4829 antecesso-

375 4879 509 4918 rum
541 4865 874 4917 nostrorum
905 4859 1058 4927 fecit,
1091 4859 1323 4932 quando
1357 4858 1567 4916 melius
1598 4859 1757 4931 fecit;
1792 4860 1900 4918 hoc
1928 4867 2016 4918 est

377 4950 530 5005 sicut
560 4953 820 5005 aratrum
849 4947 1200 5021 peragrabit,
1228 4949 1514 5003 decimam
1547 4965 1775 5004 acram:
1811 4955 1868 5006 et
1888 4967 2012 5006 0m-

375 5039 468 5094 nis
501 5039 856 5094 consuetudo
904 5037 1184 5094 reddatur
1228 5053 1404 5109 super
1427 5037 1747 5093 amicitiam
1797 5040 1892 5095 Dei
1943 5041 2014 5096 ad

374 5131 620 5182 matrem
651 5126 954 5183 ecclesiam
985 5127 1078 5182 cui
1109 5127 1352 5198 adjacet,
1377 5131 1434 5182 et
1463 5143 1632 5182 nemo
1655 5128 1877 5184 auferat
1901 5133 2014 5185 Deo

375 5216 531 5288 quod
563 5217 634 5271 ad
666 5217 850 5272 Deum
900 5216 1173 5288 pertinet,
1221 5222 1278 5271 et
1326 5219 1778 5289 prazdecessores
1832 5219 2012 5273 nostri

372 5309 803 5362 concesserunt.

441 5396 585 5451 V.Et
608 5395 1013 5468 prohibemus,
1047 5414 1120 5453 ne
1159 5396 1291 5470 quis
1321 5400 1483 5452 extra
1516 5396 1766 5468 patriam
1809 5398 2014 5452 venda-

369 5491 500 5554 tur;
533 5485 582 5542 si
617 5485 750 5558 quis
783 5486 892 5542 hoc
923 5491 1259 5559 praesumat,
1292 5487 1369 5541 sit
1408 5490 1616 5557 praeter
1657 5487 2010 5542 benedictio-

368 5592 503 5632 nem
535 5575 630 5631 Dei
661 5580 718 5632 et
747 5577 1012 5632 omnium
1040 5579 1398 5642 sanctorum,
1433 5578 1489 5629 et
1529 5578 1734 5646 praeter
1777 5591 2010 5630 omnem

365 5665 885 5736 Christianitatem,
918 5666 1032 5722 nisi
1081 5666 1356 5738 poeniteat
1410 5668 1466 5720 et
1518 5665 1805 5734 emendet,
1861 5664 2012 5721 sicut

368 5753 676 5833 episcopus
706 5771 851 5815 suus
871 5753 1154 5816 edocebit.

2135 4771 2418 4830 Dominus
2448 4771 2504 4822 et
2533 4766 2802 4823 minister
2857 4765 3206 4822 saeculorum
3266 4765 3374 4820 ait:
3435 4765 3552 4821 Non
3605 4767 3792 4823 solum

2122 4862 2266 4918 male
2296 4866 2520 4928 agentes
2579 4857 2670 4912 sed
2720 4871 2903 4912 omnes
2957 4856 3370 4922 consentientes,
3430 4855 3596 4924 digni
3652 4860 3790 4912 sunt

2121 4961 2332 5009 aeterna
2361 4951 2532 5004 morte
2565 4947 2742 5019 (Rom.
2787 4949 2847 5014 1).
2899 4945 3062 5016 Smpe
3112 4943 3287 5000 etiam
3340 4943 3500 5014 pravi
3548 4944 3787 5014 judices

2115 5039 2407 5112 judicium
2442 5038 2802 5108 pervertunt,
2832 5031 2920 5087 vel
2954 5035 3301 5103 respectant,
3335 5035 3393 5086 et
3421 5048 3536 5087 non
3559 5032 3782 5088 finiunt

2123 5145 2384 5193 causam,
2413 5126 2594 5180 donec
2607 5122 2877 5179 voluntas
2890 5138 3091 5176 eorum
3107 5119 3443 5192 impleatur.
3459 5121 3530 5176 Et
3542 5121 3782 5192 quando

2115 5218 2405 5291 judicant,
2438 5232 2553 5269 non
2588 5229 2784 5284 opera,
2818 5211 2919 5265 sed
2946 5227 3190 5264 munera
3207 5209 3581 5265 considerant
3603 5210 3777 5283 impii

2120 5308 2376 5379 judices,
2421 5305 2593 5375 juxta
2632 5301 2878 5356 verbum
2927 5301 3298 5370 Sapientum:
3355 5298 3506 5354 Sicut
3553 5314 3783 5370 rapaces

2124 5398 2243 5468 lupi
2273 5408 2487 5465 vespere
2517 5393 2602 5446 nit
2633 5389 2914 5445 residit-ant
2943 5404 3112 5459 usque
3141 5404 3306 5443 mane
3343 5387 3490 5459 (Sap.
3553 5388 3664 5459 In),
3719 5386 3781 5445 id

2120 5489 2209 5541 est
2239 5485 2310 5540 de
2338 5479 2609 5555 praesenti
2643 5477 2832 5534 solum
2869 5477 2986 5532 vita
3009 5477 3286 5550 cogitant,
3306 5477 3378 5532 de
3398 5477 3595 5532 futura
3623 5476 3781 5532 nihil

2121 5573 2511 5630 considerant.
2573 5565 2855 5622 Malorum
2889 5567 3334 5638 praepositorum
3385 5581 3512 5622 mos
3561 5569 3651 5621 est
3713 5571 3782 5622 ut

2120 5661 2405 5736 quidquid
2440 5659 2686 5731 possunt
2721 5655 3010 5722 auferant,
3045 5659 3102 5712 et
3126 5656 3217 5711 vix
3233 5654 3631 5714 necessarium
3661 5672 3779 5728 pu-

2119 5769 2251 5810 rum
2286 5749 2426 5829 quid
2477 5744 2814 5819 relinquant
2863 5745 3382 5806 sustentationum.
3437 5745 3776 5806 Iracundus
