3962 6386
94 409 326 474 ,Μϐθ

1305 415 1852 480 ΕΤΗΕΒΒΕΒΠΞ
1893 415 1948 476 I-l
1990 415 2148 479 REX
2192 411 2426 480 ANGL.

3404 379 3582 476 1170'

158 547 340 619 judex
371 563 485 604 non
507 547 1210 620 potestaocedererectam
1224 551 1433 624 judicii
1457 551 1804 608 satisfactio-
1833 555 1889 624 Α
1917 551 2104 607 temtas
2147 565 2439 623 personam
2483 551 2720 607 hominis
2762 551 2825 606 in
2867 549 3099 623 judicio,
3127 565 3224 608 nec
3251 551 3560 630 proalt'qu'o

163 653 328 704 nem;
364 653 501 693 nam
533 654 636 710 per
666 638 881 695 furoris
905 640 1344 697 excaacationem
1378 658 1494 696 non
1535 641 1811 713 perspicit

161 725 532 782 rectitudinis
572 726 917 784 claritatem.
949 734 1185 785 Justum
1228 731 1521 802 judicium
1567 735 1674 796 est,
1709 730 1809 785 ubi

161 831 274 870 non
313 831 566 886 persona
613 815 1035 874 consideratur.
1090 819 1388 893 Scriptum
1420 823 1508 876 est
1540 838 1552 876 :
1585 821 1704 876 Non
1729 825 1809 875 at-

1915 642 2083 713 facics
2112 649 2173 696 ut
2201 659 2236 696 α
2263 656 2386 696 vero
2416 640 2670 707 declines,
2696 647 2745 697 et
2776 643 2984 714 injuste
3002 640 3234 713 judices.
3257 639 3560 714 Susceptio

1918 729 2180 786 muneris
2210 733 2300 786 est
2330 729 2596 786 dimissio
2625 730 2905 788 veritatis.

909 1106 1676 1196 PRIVILEGIUM
1734 1108 2072 1196 REGIS
2143 1107 2818 1196 [ETHELREDI

1334 1285 1472 1342 PRO
1513 1286 1846 1342 ECCLESIA
1883 1287 2400 1344 CANTUARIENSI

163 1435 286 1510 Quo
319 1435 662 1515 ojectz'onem
693 1437 1043 1525 clericatum
1071 1436 1142 1497 de
1171 1439 1521 1525 monasterio
1554 1437 1783 1525 C(zrz'ste'
1807 1438 2221 1525 Cantuarieasz'
2246 1448 2300 1525 et
2330 1438 2724 1525 inductionem
2750 1443 3172 1525 monac/torum
3212 1443 3567 1525 gratulatur

709 1527 766 1577 et
795 1515 1107 1597 conﬁrmat
1135 1519 1309 1579 villas
1339 1518 1522 1580 eidem
1549 1519 1868 1600 plurimas,
1903 1528 1958 1580 et
1985 1519 2353 1600 amplissima
2376 1520 2696 1601 privilegia
2726 1521 3010 1584 concedit.

729 1678 961 1748 (MANSI,
996 1679 1198 1736 Concil.
1227 1682 1371 1734 tom.
1405 1679 1548 1748 XIX,
1584 1679 1691 1734 col.
1724 1679 1849 1750 324,
1877 1691 1946 1734 ex
1976 1695 2087 1734 ms.
2121 1679 2480 1746 Cottoniano,
2517 1681 2778 1738 Claudius
2805 1683 2872 1737 A.
2905 1682 2984 1754 3.)

1649 1833 2071 1844 ————————-

228 1959 290 2013 In
320 1956 557 2012 nomine
587 1954 818 2012 Domini
849 1955 949 2011 Dei
977 1955 1554 2030 omnipotentis.Ego
1577 1961 1808 2039 Erasn-
1839 1961 1888 2026 B
1922 1958 2126 2014 Cantio
2157 1958 2487 2031 Meapham,
2523 1959 2814 2033 Culingas.
2851 1963 2918 2016 In
2949 1961 3188 2018 Suthria
3215 1975 3394 2037 prope
3426 1965 3572 2022 Leni-

159 2063 372 2113 aanus,
395 2045 495 2101 Dei
521 2044 710 2117 gratia
737 2044 929 2117 gentis
957 2044 1211 2118 Anglicas
1263 2062 1378 2114 rex,
1404 2050 1461 2101 et
1491 2047 1810 2102 monarcha

159 2137 340 2194 etiam
372 2134 620 2191 aliarum
652 2132 978 2188 insularum
1011 2134 1575 2205 circumjacentium.

229 2226 448 2282 Notum
467 2223 613 2279 facio
628 2221 886 2296 Anglicis
907 2222 1254 2279 Christianis
1270 2224 1425 2295 quod
1444 2225 1810 2280 venerandus

160 2313 637 2385 archiepiscopus
648 2311 1012 2379 1E1fricus,ex
1033 2312 1348 2385 episcopali
1369 2330 1478 2369 sua
1497 2314 1806 2386 sapientia,

159 2421 302 2461 cura
331 2419 426 2458 me
450 2401 602 2457 circa
631 2404 917 2473 praacepta
939 2401 1039 2456 Dei
1071 2401 1284 2474 saepius
1306 2406 1654 2474 occupatum
1679 2405 1806 2458 red-

161 2494 345 2560 didit;
395 2507 500 2565 ego
557 2491 733 2546 etiam
784 2490 880 2546 Dei
933 2490 1233 2558 instinctu,
1270 2492 1556 2563 quidquid
1603 2492 1807 2547 divinae

157 2580 321 2637 illius
351 2579 624 2636 doctrinae
658 2585 714 2635 et
743 2579 1168 2651 praedicationis
1217 2579 1362 2634 mihi
1410 2581 1806 2636 necessarium

157 2671 336 2727 fuerit
365 2668 568 2725 sedulo
617 2668 918 2725 addiscere
942 2668 1088 2724 volo.
1124 2670 1193 2724 Et
1240 2669 1390 2724 hanc
1437 2669 1806 2742 disciplinam

158 2758 424 2831 intelligo
455 2774 559 2830 per
586 2758 894 2813 hominum
927 2757 1210 2813 malitiam
1243 2763 1299 2814 et
1327 2758 1674 2830 injustitiam
1720 2760 1806 2814 ni-

160 2847 274 2905 mis
304 2848 420 2904 late
451 2846 736 2920 perditam
770 2851 826 2901 et
858 2846 1133 2902 abolitam
1158 2865 1306 2903 esse.

231 2939 299 2993 In
331 2935 628 2992 intellectu
660 2951 789 2991 meo
821 2935 996 2992 etiam
1026 2936 1192 2993 video
1223 2941 1280 2992 et
1321 2937 1492 3009 plane
1523 2937 1808 3010 perspicio

161 3029 316 3085 hanc
336 3025 712 3098 disciplinam
728 3041 830 3098 per
846 3027 1320 3098 presbyterorum
1335 3026 1620 3083 incuriam
1640 3027 1808 3100 longe

160 3118 396 3189 lateque
445 3114 806 3188 negligenter
849 3119 1205 3188 corruptam,
1241 3133 1306 3170 ac
1353 3116 1456 3171 Dei
1507 3116 1806 3171 servitium

161 3207 451 3263 omissum
482 3208 540 3259 et
566 3204 886 3277 frigescens
917 3221 1044 3260 esse
1071 3205 1444 3260 vehementer
1474 3205 1660 3260 doleo.
1681 3206 1807 3261 Dixi

160 3297 338 3353 etiam
370 3293 721 3350 consiliariis
748 3294 911 3363 meis,
947 3293 1046 3366 qui
1077 3293 1221 3349 mihi
1265 3295 1334 3349 de
1382 3295 1558 3350 rebus
1597 3294 1808 3351 divinis

158 3391 216 3442 et
245 3383 567 3441 mundanis
596 3382 907 3439 consilium
939 3383 1097 3452 dant,
1122 3385 1277 3455 quod
1308 3383 1460 3439 Deus
1490 3383 1606 3439 illis
1638 3384 1806 3440 intel-

157 3474 380 3532 lectum
435 3473 658 3529 dederit
687 3472 746 3528 in
779 3472 958 3527 animi
1007 3473 1121 3528 mei
1168 3473 1598 3529 exaltationem.
1647 3475 1809 3529 Tunc

157 3564 240 3620 illi
269 3563 644 3635 inquiebant,
678 3561 795 3617 Deo
826 3561 1169 3635 opitulante,
1206 3561 1574 3630 meliusfore,
1603 3562 1651 3618 si
1683 3580 1808 3635 pre-

158 3655 428 3726 sbyteros
459 3651 529 3706 ab
562 3650 822 3706 ecclesiis
853 3650 1067 3706 Christi
1098 3656 1332 3722 propter
1362 3651 1670 3708 manifesta
1691 3650 1814 3707 illo-

158 3757 292 3797 rum
325 3739 546 3796 scelera
577 3743 634 3795 et
662 3739 911 3794 crimina
939 3739 1308 3812 expellerem,
1341 3745 1398 3796 et
1445 3741 1504 3795 in
1553 3740 1811 3796 ecclesiis

159 3829 380 3887 Christi
412 3829 720 3885 monastici
743 3828 967 3884 ordinis
987 3829 1258 3885 homines
1270 3829 1812 3902 constituerem,qui

161 3936 266 3993 pro
297 3935 393 3974 me
422 3923 481 3973 et
510 3921 678 3990 gente
710 3935 840 3973 mea
869 3918 1086 3974 ibidem
1122 3919 1227 3974 rite
1251 3919 1365 3974 Deo
1389 3935 1586 3991 preces
1606 3923 1662 3974 et
1681 3935 1810 3992 gra-

158 4009 273 4064 tias
325 4007 656 4062 lunderent.
694 4007 810 4062 Hoc
844 4007 997 4062 idem
1048 4024 1153 4079 ego
1201 4007 1392 4075 effeci;
1448 4008 1507 4063 in
1552 4007 1813 4064 ecclesiis

163 4097 382 4155 Christi
423 4095 740 4152 monachos
784 4095 1058 4151 constitui
1107 4098 1177 4152 ad
1227 4113 1427 4152 eorum
1481 4097 1814 4170 exemplum

165 4203 317 4260 quos
349 4186 409 4242 S.
433 4186 796 4258 Augustinus
826 4185 940 4240 huc
972 4185 1166 4242 attulit
1197 4187 1352 4258 quod
1383 4187 1478 4243 ille
1511 4187 1732 4243 scilicet
1755 4188 1812 4243 in

164 4274 430 4332 ecclesiis
459 4274 670 4330 Christi
700 4291 770 4331 ex
800 4275 857 4330 S.
889 4276 1146 4348 Gregorii
1178 4281 1481 4349 praecepto,
1515 4282 1572 4332 et
1618 4277 1814 4348 magni

165 4365 324 4437 regis
376 4363 716 4420 {Ethelberti
759 4364 1001 4420 consilio
1049 4371 1104 4420 et
1152 4365 1386 4434 auxilio,
1430 4382 1528 4422 eos
1584 4371 1817 4422 sanctos

166 4452 490 4511 monachos
515 4452 731 4508 ibidem
763 4453 1090 4520 collocaret,
1123 4472 1270 4526 quos
1297 4472 1495 4511 secum
1517 4455 1575 4510 in
1599 4460 1816 4510 terram

166 4543 321 4599 hanc
364 4541 662 4597 attulerat.
703 4544 772 4598 Et
817 4560 951 4598 cum
997 4545 1266 4599 monachi
1317 4547 1693 4616 postmodum
1744 4545 1816 4599 ob

167 4635 436 4688 sanctam
467 4647 665 4686 eorum
701 4633 1199 4690 conversationem
1226 4633 1482 4706 epiSCOpi
1500 4632 1636 4690 facti
1659 4638 1814 4702 sunt,

1919 2047 2124 2102 dinum
2152 2048 2590 2121 Wealawyroth
2613 2049 2815 2105 itidem
2841 2048 2992 2106 ultra
3011 2050 3571 2112 Thamissin.Hrise-

1919 2137 2141 2209 byrgan
2175 2139 2248 2192 ad
2280 2139 2606 2210 marginem
2635 2138 2920 2208 Cilternae,
2953 2141 3025 2195 ad
3079 2141 3284 2197 urbem
3313 2143 3568 2201 ecclesias

1918 2226 2130 2282 Christi
2179 2244 2358 2300 prope
2409 2228 2705 2298 adjacens.
2756 2231 2822 2284 In
2884 2228 3123 2286 Essexia
3171 2230 3452 2306 Lwelling.
3502 2237 3568 2291 In

1919 2315 2184 2371 orientali
2213 2315 2421 2388 Anglia
2449 2316 2768 2382 Haedleh,et
2795 2317 3006 2373 vicinia
3026 2316 3324 2376 lllaleh.Ih
3346 2323 3568 2380 'l’aneta

1918 2405 2153 2477 regione
2183 2403 2391 2477 aliquae
2416 2408 2600 2461 terrae.

1990 2493 2076 2548 Sit
2100 2494 2485 2572 imposterum
2511 2494 2620 2549 hoc
2648 2494 3008 2551 antedictum
3034 2497 3457 2555 monasterium
3492 2501 3566 2556 ab

1919 2583 2076 2639 omni
2111 2587 2336 2639 terreno
2368 2583 2614 2647 servitio,
2646 2583 2898 2639 liberum
2947 2601 3082 2640 cum
3129 2584 3405 2642 omnibus
3433 2587 3567 2644 vilis

1919 2674 1991 2728 ad
2022 2673 2079 2727 id
2113 2672 2561 2744 pertinentibus,
2593 2673 2703 2728 hoc
2750 2677 2840 2728 est
2877 2672 2935 2728 in
2983 2675 3230 2748 campis,
3264 2679 3321 2732 et
3361 2675 3422 2731 in
3469 2693 3567 2750 pa-

1917 2761 2094 2829 scuis,
2129 2761 2268 2816 etin
2300 2761 2503 2833 pratis,
2526 2766 2582 2816 et
2612 2762 2670 2817 in
2701 2761 2948 2831 silvis,et
2975 2763 3035 2819 in
3067 2765 3336 2822 mariscis
3367 2763 3563 2835 salsis,

1917 2855 1973 2906 et
1998 2851 2056 2906 in
2088 2850 2530 2923 piscationibus,
2563 2855 2620 2906 et
2646 2851 2706 2906 in
2746 2851 3178 2922 venationibus,
3209 2858 3266 2910 et
3289 2855 3350 2910 in
3376 2873 3562 2912 aucu-

1917 2938 2273 3011 pationibus,
2297 2939 2551 3011 exceptis
2581 2937 2674 2994 his
2702 2938 3150 3005 tribus,sciiicet
3178 2940 3562 3014 expeditione,

1917 3027 2184 3100 pontium
2211 3026 2542 3096 refectione,
2570 3032 2628 3082 et
2656 3028 2881 3084 arcium
2920 3030 3304 3102 reparatione.
3338 3029 3398 3087 Si
3431 3031 3564 3102 quis

1917 3117 2064 3172 bene
2079 3120 2342 3172 moratus
2353 3115 2524 3172 homo
2537 3116 2645 3171 hoc
2657 3115 3024 3189 privilegium
3049 3134 3246 3174 meum
3269 3119 3567 3176 beneﬁciis

1917 3206 2310 3279 augeat,Deus
2339 3205 2708 3277 omnipotens
2732 3205 3151 3262 habitationem
3173 3209 3300 3279 ejus
3320 3208 3380 3264 in
3403 3208 3565 3266 coele-

1920 3295 2108 3351 stibus
2140 3294 2708 3362 mansionibus,cum
2733 3294 3010 3350 omnibus
3039 3295 3256 3351 sanctis
3287 3297 3567 3354 cumulet.

1921 3383 1981 3439 Si
2013 3386 2207 3438 autem
2226 3381 2438 3454 aliquis
2457 3382 2647 3438 malus
2664 3382 2838 3440 homo
2856 3399 2891 3438 a
2909 3382 3140 3439 diabolo
3166 3382 3567 3442 inﬂammatus

1921 3471 2017 3538 sit,
2050 3475 2116 3526 ut
2147 3471 2254 3526 hoc
2286 3488 2482 3526 meum
2512 3471 2881 3544 privilegium
2911 3471 3221 3540 diminuat,
3269 3473 3357 3530 vel
3405 3474 3568 3546 parvi

1922 3561 2116 3631 faciat,
2151 3560 2228 3615 sit
2257 3559 2450 3616 socius
2479 3559 2645 3615 Judte
2675 3560 2988 3632 proditoris
3036 3559 3252 3617 Christi
3283 3561 3570 3618 laceretur

1922 3667 2133 3704 canum
2152 3649 2525 3715 infernalium
2539 3648 3270 3706 dentibusinterterribilia
3291 3651 3567 3724 gehennte

1922 3738 2210 3810 supplicia
2239 3755 2372 3793 cum
2405 3738 2680 3794 omnibus
2709 3736 2960 3794 diabolis
2999 3738 3223 3811 absque
3271 3737 3392 3796 ullo
3428 3740 3566 3808 ﬁne,

1922 3828 2036 3884 nisi
2068 3827 2211 3883 illud
2240 3835 2371 3883 ante
2400 3827 2625 3882 obitum
2659 3845 2832 3883 suum
2864 3827 2972 3883 rite
2996 3827 3393 3885 emendaverit
3413 3829 3569 3901 quod

1923 3922 2122 3972 contra
2149 3916 2464 3972 Dominum
2497 3933 2673 3972 suum
2705 3916 2882 3988 impie
2911 3915 3570 3990 deliquerat.Siquidem

1924 4007 2109 4062 satius
2131 4010 2220 4062 est
2249 4005 2548 4061 hominem
2576 4023 2609 4061 a
2626 4006 2878 4078 peccatis
2901 4022 3101 4063 cavere
3123 4023 3302 4081 quam
3323 4024 3392 4063 ea
3409 4006 3571 4063 labo-

1926 4096 2075 4151 riose
2107 4096 2435 4152 emendare.
2469 4095 2720 4151 Obsecro
2751 4099 2807 4150 et
2834 4097 3041 4167 adjuro
3088 4111 3422 4163 vos,omnes
3457 4095 3572 4153 mei

1925 4183 2169 4256 legitimi
2201 4200 2761 4257 successores,reges
2791 4188 2850 4240 et
2879 4183 3136 4257 episcopi
3162 4188 3221 4240 et
3247 4187 3567 4252 senatores,

1925 4274 2233 4345 gentisque
2283 4273 2696 4342 dominatores,
2732 4289 2803 4330 ne
2861 4273 2992 4329 sitis
3047 4272 3300 4333 ecclesiae
3358 4271 3572 4330 Christi

1926 4362 2250 4432 praedones,
2282 4364 2382 4418 sed
2418 4367 2483 4418 ut
2513 4363 2643 4418 sitis
2673 4361 2862 4418 seduli
2911 4362 3184 4418 custodes
3232 4360 3572 4435 patrimonii

1925 4450 2159 4518 Christi,
2192 4455 2250 4506 et
2281 4451 2704 4506 monachorum
2733 4451 2991 4519 illorum,
3025 4450 3127 4523 qui
3165 4450 3247 4506 ibi
3286 4450 3403 4507 Deo
3453 4467 3574 4506 ser-

1925 4539 2114 4606 viunt,
2147 4543 2211 4593 ut
2240 4539 2299 4593 in
2331 4543 2676 4611 perpetuum
2716 4541 2935 4612 requie,
2968 4539 3086 4595 vita
3114 4543 3327 4595 aeterna
3356 4543 3413 4594 et
3430 4555 3574 4612 gau-

1929 4629 2023 4684 dio
2054 4628 2329 4683 fruamini
2362 4645 2493 4683 cum
2527 4628 2803 4684 omnibus
2834 4630 2961 4699 ejus
2992 4628 3212 4684 sanctis
3252 4642 3483 4697 semper
3513 4625 3575 4680 in

164 4725 333 4778 terra:
407 4736 608 4776 eorum
686 4720 1089 4777 ecclesiastica:
1144 4723 1445 4778 ﬂorebant.
1508 4722 1820 4778 Monachos
1852 4715 1897 4780 D
1929 4722 2227 4774 aeternum.
2264 4718 2470 4771 Amen.

167 4809 348 4866 etiam
397 4809 504 4866 hos
550 4808 768 4865 ibidem
800 4809 1154 4880 habitantes,
1187 4817 1568 4885 congregatos
1600 4829 1728 4868 esse
1761 4811 1818 4866 in

167 4903 454 4955 aeternum
498 4898 607 4954 hoc
655 4899 953 4971 privilegio
1007 4901 1307 4967 conﬁrmo,
1360 4905 1416 4955 et
1472 4901 1818 4955 nominatim

167 4988 438 5044 describo
479 4987 712 5044 illorum
764 4990 960 5053 urbes,
997 5005 1127 5061 quae
1176 4988 1503 5061 antiquitus
1547 4993 1603 5045 et
1650 5007 1685 5044 a
1728 5006 1820 5044 me

166 5075 494 5149 Anglorum
537 5092 764 5150 rege,ac
795 5077 865 5132 ab
893 5077 1024 5132 aliis
1049 5076 1321 5133 ﬁdelibus
1345 5076 1685 5133 hominibus
1715 5077 1817 5133 ha-

169 5168 378 5221 ctenus
404 5165 477 5220 ad
508 5164 743 5221 illorum
776 5183 1002 5221 sacram
1037 5166 1234 5222 sedem
1265 5182 1550 5221 concessas
1580 5171 1737 5221 sunt.

241 5254 440 5310 Prima
468 5257 558 5309 est
586 5254 869 5326 Eastrige,
899 5271 1076 5326 quam
1108 5253 1402 5326 regionem
1433 5255 1502 5309 ad
1547 5255 1820 5310 ecclesias

169 5341 388 5399 Christi
419 5359 523 5414 pro
551 5343 751 5398 anima
772 5347 1048 5410 mea,tam
1074 5343 1133 5398 in
1154 5341 1326 5397 terris
1349 5359 1526 5414 quam
1547 5344 1607 5398 in
1630 5343 1822 5399 littore

170 5432 665 5505 maris,perpetuo
687 5433 1118 5489 concedo.Tum
1138 5431 1438 5500 Joccham,
1453 5431 1818 5504 Bosingtum,

170 5520 465 5577 Edesham
495 5525 554 5576 et
581 5521 851 5592 Apeldra,
912 5521 1133 5577 Berwic
1190 5518 1450 5592 parvula,
1511 5524 1568 5576 et
1624 5521 1819 5594 Swyr-

172 5608 440 5666 dblincas
496 5610 902 5678 Praestatum,
964 5611 1279 5677 Gravanea,
1354 5608 1581 5683 Wylan,
1645 5609 1818 5676 Ciart,

172 5698 476 5764 Fernleah'.
535 5699 600 5757 In
666 5699 920 5757 Suﬁ‘exia
976 5699 1305 5773 Peccingas.
1368 5699 1432 5757 In
1480 5698 1822 5757 occidentali

2001 4809 2114 4879 Ego
2146 4805 2508 4862 ZEthelredus
2540 4805 2892 4878 Angliaz,hoc
2924 4803 3179 4860 ecclesia
3210 4800 3428 4858 Christi
3457 4801 3575 4875 pri-

1925 4896 2199 4970 vilegium
2231 4912 2300 4950 ex
2329 4893 2668 4949 auctoritate
2698 4892 2910 4950 Christi
2942 4893 3244 4950 conﬁrmo.

2001 4987 2118 5058 Ego
2163 4983 2454 5050 zEli‘ricus,
2504 4983 2772 5040 Ecclesiae
2819 4983 3030 5040 Christi
3078 4980 3574 5054 archiepiscopus,

1928 5075 2064 5130 boni
2098 5073 2251 5146 regis
2281 5072 2741 5128 muniﬁcentiam
2771 5073 2938 5146 signo
2981 5071 3171 5128 crucis
3201 5070 3261 5126 in
3293 5072 3575 5126 aeternum

1929 5164 2258 5220 corroboro.

1999 5253 2114 5325 Ego
2139 5251 2996 5320 Wulfstanus,Londinensium
3013 5247 3574 5324 episcopus,domini

1929 5341 2043 5396 mei
2075 5340 2254 5397 nobili
2282 5342 2432 5397 dono
2464 5357 2694 5413 semper
2722 5341 3041 5396 consentio.

1999 5432 2117 5503 Ego
2147 5429 2433 5497 IEIfheah,
2465 5429 2966 5486 Wintoniensium
2991 5425 3440 5502 episcopus,hoc
3472 5442 3574 5481 an-

1928 5518 2126 5576 tedicti
2156 5517 2311 5590 regis
2343 5519 2630 5591 scriptum
2661 5519 2806 5576 meis
2838 5519 3061 5576 viribus
3093 5516 3395 5574 conﬁrmo.

1998 5610 2114 5681 Ego
2146 5608 2556 5681 Ordhbyrhtus
2585 5610 2892 5683 episcopus
2943 5607 3098 5664 idem
3118 5604 3284 5680 {hoc}
3303 5619 3439 5660 cum
3474 5603 3576 5660 Dei

1930 5698 2331 5758 benedictione
2359 5697 2491 5756 feci.
