3962 6386
323 387 518 485 ιςτι,

389 525 511 599 Ego
541 524 890 590 Ethelricus
920 524 1236 598 episcopus
1258 524 1368 584 hoc
1397 525 1552 582 idem
1581 525 1705 582 feci.

395 613 514 687 Ego
541 612 818 672 Athulfus
847 614 1160 688 episcopus
1188 614 1297 671 hoc
1332 615 1487 670 idem
1517 615 1647 670 feci.

393 702 515 776 Ego
545 702 872 760 Godwinus
901 704 1212 777 episcopus
1241 719 1414 760 omne
1443 703 1552 758 hoc
1582 702 1738 760 idem
1770 703 1898 759 feci.

396 791 515 866 Ego
545 791 748 866 Lyflng
775 791 1085 866 episcopus
1115 791 1335 849 domini
1369 791 1480 848 mei
1515 791 1872 848 voluntatem
1917 795 1976 848 et

326 879 649 938 bonitatem
682 881 742 938 in
767 885 1052 939 aeternum
1084 881 1386 938 conﬁrmo.

1693 387 2004 458 MONUM.
2051 389 2347 456 DIPLOM
2357 435 2371 452 .

1995 527 2052 594 Α
2151 527 2268 598 Ego
2299 523 2622 581 Wulfricus
2643 523 2825 581 abbas
2853 540 3027 580 verus
3049 521 3246 580 testis.

3583 368 3782 447 1172‘

2151 613 2269 687 Ego
2299 611 2662 669 Elsvvardus
2693 613 2875 670 abbas
2897 611 3186 669 similiter.

2153 702 2272 775 Ego
2302 701 2606 757 Wull‘osar
2634 701 2840 756 abbas.

2154 791 2273 864 Ego
2305 790 2526 864 Elﬂige
2559 790 2764 847 abbas.

1323 1155 2256 1290 CANUTUS
2354 1156 2768 1282 REX

687 1385 911 1444 HUJUS
949 1386 1249 1445 NOMINIS
1286 1387 1504 1444 INTER
1543 1385 1772 1444 REGES
1811 1383 2048 1444 DANIE
2085 1383 2481 1451 SECUNDUS,
2524 1383 2747 1440 INTER
2785 1385 3062 1442 ANGLOS
3103 1384 3374 1441 PRIMUS

1787 1529 1895 1600 (An
1926 1525 2286 1597 1014-1036.)

809 1782 1210 1876 LECES
1280 1777 2296 1875 ECCLESIASTICE
2367 1779 2824 1874 CANUTI
2895 1779 3269 1875 REGIS

324 1951 558 2048 (Manen,
591 1970 810 2036 Conciti
827 1981 969 2034 tom.
1002 1977 1141 2044 XIX,
1173 1976 1282 2033 col.
1313 1978 1442 2046 555,
1475 1979 1555 2032 Ex
1580 1993 1682 2032 ms.
1713 1975 2030 2032 Cottoniano
2075 1975 2214 2030 Nero
2233 1975 2295 2043 A,
2331 1975 2386 2042 1,
2417 1973 2625 2031 collato
2673 1991 2809 2031 cum
2861 1973 3014 2050 legg.
3065 1979 3220 2032 nost.
3269 1975 3736 2050 Anglo-Saxon.)

325 2233 460 2294 Hoc
487 2235 583 2294 est
609 2230 939 2294 consilium
969 2230 1147 2311 quod
1171 2231 1432 2311 Cnutus,
1469 2226 1934 2311 totiusAngliai
1965 2229 2374 2311 etDanorum
2425 2229 2488 2284 et
2532 2227 2993 2311 Norwegorum
3033 2242 3167 2311 rex,
3189 2243 3356 2311 cum
3387 2224 3750 2311 sapientum

403 2311 952 2374 suorum‘consilio
982 2305 1266 2384 sancisit,
1297 2310 1362 2370 in
1393 2308 1643 2370 laudem
1673 2305 1817 2380 Dei,
1837 2314 1902 2368 et
1931 2307 2043 2368 sibi
2075 2307 2141 2367 in
2173 2311 2614 2368 ornamentum
2635 2306 2911 2384 regium,
2941 2309 3004 2366 et
3033 2305 3112 2366 ad
3136 2305 3750 2387 utilitatem’populi;

407 2397 472 2454 et
501 2391 622 2455 hoc
651 2397 788 2456 erat
817 2391 1012 2454 sacris
1043 2391 1362 2452 natalibus
1389 2389 1644 2452 Domini
1665 2389 1864 2450 nostri
1892 2387 2255 2449 Wintoniae.
3352 2388 3363 2397 ’

483 2553 526 2610 Ι.
557 2553 632 2609 De
659 2553 788 2618 Deo,
819 2553 1095 2623 religione
1123 2555 1176 2608 et
1205 2567 1334 2621 rege
1359 2550 1534 2607 debite
1561 2549 1818 2606 colendis.

396 2643 513 2698 Hoc
545 2645 635 2698 est
665 2641 923 2714 primum
952 2639 1134 2714 igitur
1149 2645 1216 2696 ut
1236 2657 1414 2713 super
1432 2639 1631 2696 omnia
1651 2637 1768 2694 alia
1792 2654 1978 2692 unum

324 2731 512 2790 Deum
555 2747 790 2803 semper
839 2729 1098 2803 diligere,
1129 2733 1188 2786 et
1235 2745 1420 2784 unum
1461 2726 1978 2784 Christianismum

325 2819 687 2878 unanimiter
717 2835 1080 2888 conservare,
1113 2821 1170 2875 et
1199 2833 1396 2892 regem
1427 2817 1686 2873 Cnutum
1735 2820 1792 2872 et
1813 2815 1981 2886 justa

326 2908 608 2966 ﬁdelitate
635 2908 896 2966 venerari
923 2907 1126 2963 velint.

595 2997 664 3052 II.
696 2997 771 3052 De
794 3012 929 3068 pace
956 2997 1074 3064 Dei,
1106 2997 1252 3066 regis
1280 3002 1333 3050 et
1357 2995 1727 3051 ecclesiarum.

399 3086 470 3142 Et
499 3084 598 3142 Dei
631 3084 905 3140 ecclesias
935 3083 1192 3140 salutent
1221 3099 1286 3138 ac
1329 3086 1656 3156 protegant,
1691 3087 1748 3138 et
1775 3082 1976 3138 crebro

329 3175 704 3247 frequentant
752 3171 812 3228 in
862 3172 1112 3228 salutem
1162 3170 1392 3241 animae,
1429 3176 1486 3228 et
1533 3172 1852 3244 nobisipsis
1903 3172 1976 3227 ad

327 3263 662 3320 utilitatem.
705 3260 985 3329 Quaelibet
1030 3261 1276 3319 ecclesia
1309 3263 1446 3334 jure
1496 3265 1586 3318 est
1635 3259 1696 3316 in
1742 3260 1979 3334 propria

327 3351 540 3410 Christi
552 3356 777 3424 pace,et
797 3350 1043 3424 quilibet
1057 3350 1428 3408 Christianus
1440 3349 1692 3407 multum
1713 3349 1977 3407 laborare

327 3441 501 3500 debet
530 3445 594 3497 ut
625 3457 766 3514 pace
793 3440 954 3498 illam
988 3457 1204 3514 magna
1233 3439 1292 3496 in
1321 3440 1694 3496 veneratione
1741 3440 1972 3496 habeat.

326 3531 443 3588 Pax
475 3529 632 3588 enim
661 3529 879 3601 divina,
901 3532 960 3586 et
990 3546 1169 3602 quam
1201 3529 1636 3608 proxime‘regis
1667 3545 1787 3602 prae
1815 3529 1976 3584 omni

325 3619 441 3678 alia
455 3636 598 3694 pace
614 3619 1016 3684 obtinenda,et
1044 3618 1248 3676 sedulo
1279 3619 1678 3676 conservanda
1702 3619 1978 3674 est.Tunc

323 3707 490 3766 valde
511 3711 744 3782 justum
775 3713 865 3766 est
893 3711 958 3764 ut
985 3707 1085 3764 Dei
1117 3707 1514 3765 ecclesiastica
1544 3725 1652 3780 pax
1685 3707 1839 3763 intra
1877 3723 1976 3780 pc-

323 3798 517 3867 rietes,
549 3801 608 3854 et
635 3814 748 3870 pax
775 3796 1095 3853 Christiani
1129 3795 1283 3870 regis
1337 3813 1517 3853 manu
1567 3797 1704 3852 data
1749 3811 1979 3868 semper

2007 2550 2054 2615 Β
2086 2545 2224 2615 lata,
2257 2545 2461 2602 sedulo
2519 2549 2934 2618 compensetur
2977 2561 3079 2618 pro
3128 2546 3352 2602 ratione
3399 2547 3529 2618 ejus
3581 2549 3746 2620 quod

2089 2635 2308 2691 factum
2335 2639 2446 2702 est,
2477 2636 2596 2692 sive
2627 2635 2706 2690 sit
2733 2651 2836 2708 per
2866 2634 3284 2708 pugnam,sive
3314 2651 3419 2708 per
3448 2635 3748 2709 rapinam,

2089 2724 2206 2781 sive
2237 2742 2339 2797 per
2368 2723 2526 2780 aliud
2561 2724 2700 2796 quid
2731 2723 3168 2796 compensanda
3184 2727 3277 2780 est
3294 2723 3554 2782 ecclesiae
3569 2723 3746 2797 prius

2087 2813 2248 2886 pacis
2277 2812 2510 2868 violatio
2543 2829 2646 2885 pro
2679 2812 2902 2868 ratione
2930 2813 3059 2884 ejus
3091 2813 3248 2885 quod
3279 2813 3500 2869 factum
3541 2817 3650 2880 est,
3683 2819 3750 2870 et

2088 2919 2192 2974 pro
2224 2901 2447 2958 ratione
2477 2901 2790 2975 dignitatis
2820 2899 3229 2958 ecclesim.Non
3255 2905 3396 2958 sunt
3425 2917 3630 2958 omnes
3649 2918 3746 2959 eo-

2087 2989 2276 3047 clesiai
2323 2989 2533 3062 aequali
2581 2989 2753 3045 modo
2801 2993 3028 3046 terreno
3076 2988 3296 3046 honore
3347 2989 3559 3063 dignae,
3605 2989 3747 3047 licet

2085 3081 2352 3136 eamdem
2405 3079 2660 3135 habeant
2711 3077 3164 3135 ecclesiasticam
3209 3079 3737 3136 consecrationem.

2085 3167 2332 3225 Violatio
2362 3167 2522 3242 pacis
2546 3168 2838 3241 primariae
2867 3168 3124 3225 ecclesiae
3145 3173 3235 3224 est
3263 3169 3467 3224 eadem
3491 3185 3558 3224 ac
3578 3185 3750 3226 com-

2084 3258 2349 3330 pensatio
2394 3274 2588 3314 rerum
2637 3274 2742 3330 pro
2793 3257 2946 3330 regis
2993 3273 3154 3330 pace,
3187 3256 3296 3314 hoc
3337 3261 3430 3314 est
3475 3257 3744 3331 quinque

2086 3345 2272 3414 libris,
2305 3347 2632 3403 secundum
2665 3345 3249 3420 Anglorumleges,et
3279 3346 3337 3402 in
3369 3349 3524 3402 terra
3542 3347 3740 3403 Cantii

2085 3452 2189 3508 pro
2218 3436 2532 3492 violatione
2555 3434 2951 3508 pacislibrisv
2980 3434 3750 3508 regi,etutarchiepiscopo,

2085 3528 2143 3580 et
2172 3524 2482 3580 mediocris
2515 3523 2774 3582 ecclesiae
2803 3541 2908 3580 cxx
2942 3523 3167 3592 solidis,
3201 3527 3258 3580 et
3296 3523 3452 3580 idem
3495 3528 3586 3581 est
3632 3541 3745 3598 pro

2085 3613 2242 3686 regis
2273 3613 2488 3680 multa;
2521 3619 2578 3670 et
2623 3617 2764 3670 tunc
2813 3613 3006 3669 adhuc
3056 3611 3320 3681 minoris,
3351 3613 3450 3668 ubi
3490 3629 3740 3686 parvum

2085 3706 2176 3757 est
2202 3702 2618 3771 ministerium,
2651 3707 2708 3759 et
2735 3702 3130 3758 cmmeterium
3165 3707 3362 3758 tamen
3405 3720 3476 3758 Lx
3507 3701 3740 3769 solidis,

2086 3794 2144 3846 et
2176 3790 2373 3864 templi
2406 3791 2770 3864 campestris,
2802 3791 2904 3848 ubi
2936 3791 3332 3849 coemeterium
3365 3809 3480 3848 non
3511 3797 3742 3859 est,xxx

325 3885 976 3984 oonsistatimmobilis:
997 3887 1064 3942 Et
1108 3885 1158 3942 si
1201 3886 1346 3984 .quis
1392 3885 1733 3984 alterutram
1785 3885 1976 3956 violet,
2011 3919 2053 3984 Ο
2093 3879 2316 3984 solidis.

325 3976 532 4050 perdat
559 3975 810 4048 patriam
840 3979 898 4030 et
925 3973 1126 4043 vitam,
1158 3973 1269 4030 nisi
1302 3992 1400 4031 rex
1429 3973 1479 4031 ei
1511 3974 1838 4030 condonare
1883 3991 1973 4030 ve-

325 4065 417 4122 lit.
448 4065 520 4122 Et
547 4063 598 4120 si
624 4080 888 4138 unquam
921 4063 1136 4136 aliquis
1166 4062 1342 4119 homo
1371 4062 1628 4135 posthaec
1659 4062 1758 4118 Dei
1793 4061 1971 4118 eccle-

329 4153 626 4211 siasticam
654 4169 856 4227 pacem
888 4153 1030 4208 adeo
1060 4149 1362 4207 violaverit
1407 4154 1472 4205 ut
1523 4150 1678 4206 intra
1717 4148 1974 4205 ecclesiae

325 4243 579 4318 parietes
607 4241 906 4298 homicida
933 4241 1115 4306 ﬁeret,
1130 4242 1271 4294 tunc
1302 4238 1458 4294 istud
1491 4242 1580 4293 est
1601 4237 1973 4310 inexpiabile,

325 4335 385 4389 et
411 4333 842 4404 persequantur
869 4328 1050 4400 (eum)
1081 4342 1283 4382 omnes
1333 4325 1434 4398 qui
1465 4325 1565 4382 Dei
1610 4325 1781 4381 amici
1813 4331 1972 4392 sunt,

329 4420 444 4476 nisi
473 4420 655 4486 fieret,
689 4421 756 4472 ut
781 4415 918 4471 inde
947 4418 1298 4486 erumperet,
1331 4419 1387 4470 et
1415 4414 1490 4470 ad
1519 4415 1661 4471 adeo
1691 4431 1974 4488 magnum

329 4507 559 4589 asylum
590 4503 916 4579 confugerit
946 4509 1012 4560 ut
1040 4519 1138 4560 rex
1169 4503 1280 4575 ipsi
1311 4507 1618 4577 caprOpter
1636 4503 1814 4560 vitam
1846 4521 1977 4560 con-

331 4597 574 4654 donaret
603 4597 736 4670 post
767 4592 1088 4668 plenariam
1113 4593 1797 4666 compensationem,tam
1819 4595 1974 4666 apud

328 4687 512 4744 Deum
542 4702 721 4759 quam
755 4684 910 4758 apud
942 4683 1228 4739 homines.
1264 4683 1331 4738 Et
1358 4681 1470 4737 hoc
1503 4689 1592 4738 est
1623 4681 1876 4754 primum
1910 4689 1978 4738 ut

325 4775 624 4848 prOpriam
655 4772 1103 4832 astimationem
1131 4769 1340 4842 capitis
1369 4769 1596 4826 Christo
1627 4775 1685 4826 et
1715 4771 1834 4844 regi
1857 4773 1976 4838 det,

327 4868 386 4920 et
415 4863 524 4920 hoc
553 4862 727 4919 modo
759 4859 1022 4932 seipsum
1040 4858 1299 4931 exlegem
1322 4859 1592 4914 restituat
1613 4859 1684 4914 nd
1707 4876 1977 4931 compen-

329 4952 636 5010 sationem.
659 4953 726 5006 Et
753 4949 803 5005 si
833 4953 975 5005 tunc
1005 4949 1074 5004 ad
1108 4948 1642 5020 compensationem
1667 4966 1758 5005 res
1784 4949 1974 5016 rediit,

328 5045 388 5098 et
416 5055 547 5096 eam
578 5057 678 5096 rex
705 5038 926 5108 toleret,
959 5043 1101 5094 tunc
1131 5037 1388 5095 solvatur
1437 5037 1828 5094 ecclesiastica
1866 5056 1978 5112 pax

327 5128 414 5186 illi
444 5127 700 5186 ecclesiae
723 5145 826 5202 per
853 5127 1006 5200 regis
1037 5127 1359 5200 plenariam
1384 5127 1543 5200 pacis
1577 5127 1974 5188 violationem.

2259 3968 2349 4024 1V.
2384 3975 2468 4025 De
2500 3970 2806 4026 reverentia
2835 3969 3206 4025 sacerdotibus
3231 3970 3570 4040 prmtanda.

2153 4057 2370 4113 Omnes
2398 4057 2758 4112 Christianos
2788 4071 2965 4127 quam
2998 4057 3250 4112 maxime
3270 4058 3436 4113 decet
3457 4063 3737 4114 sanctua-

2083 4145 2237 4200 rium
2269 4149 2326 4200 et
2353 4145 2588 4200 ordines
2609 4149 2665 4200 et
2693 4147 3094 4199 consecratam
3117 4143 3218 4198 Dei
3243 4145 3488 4200 domum
3510 4163 3751 4220 semper

2082 4232 2534 4307 diligentissime
2555 4233 2920 4306 frequentare
2947 4234 3006 4286 et
3024 4235 3402 4304 protegere,et
3423 4235 3755 4305 quemlibet

2084 4323 2348 4379 ordinem
2374 4321 2636 4378 venerari
2659 4321 2832 4394 juxta
2863 4319 3230 4393 dignitatem.
3260 4319 3556 4395 Intelligat
3585 4324 3750 4382 enim

2085 4413 2441 4485 quicunque,
2473 4410 2610 4466 velit
2639 4409 2726 4466 vel
2757 4409 2965 4484 possit,
2991 4426 3274 4484 magnum
3305 4415 3362 4468 et
3391 4410 3744 4484 praeclarum

2086 4517 2214 4559 esse
2245 4501 2400 4574 quod
2432 4500 2704 4556 sacerdos
2735 4500 3030 4574 agendum
3062 4500 3240 4556 habet
3271 4517 3374 4573 pro
3405 4499 3596 4558 salute
3635 4519 3738 4574 po-

2083 4591 2231 4664 puli,
2264 4591 2313 4647 si
2346 4589 2586 4646 Domino
2616 4607 2724 4646 suo
2753 4589 2946 4645 debite
2972 4589 3216 4663 placeat.
3246 4590 3524 4663 Magnum
3547 4591 3737 4664 (quid)

2085 4685 2174 4737 est
2202 4681 2584 4747 exorcismus,
2617 4685 2675 4735 et
2704 4677 3048 4754 praeclarum
3079 4684 3167 4736 est
3197 4681 3576 4748 consecratio,
3609 4697 3736 4754 quae

2087 4769 2386 4826 diabolum
2445 4768 2720 4842 dispellit,
2777 4772 2835 4824 et
2883 4769 3198 4842 profugum
3248 4769 3736 4841 reddit,‘quoties

2085 4859 2245 4933 bapti
2254 4875 2418 4915 smus
2432 4859 2746 4932 peragitur,
2769 4857 2859 4914 vel
2880 4863 2936 4912 S.
2964 4857 3320 4914 eucharistia
3339 4864 3732 4917 consecratur.

2087 4950 2154 5005 Et
2181 4948 2368 5005 sancti
2401 4948 2592 5021 angeli
2623 4949 2704 5004 ibi
2735 4947 3310 5015 circumfunduntur,
3357 4951 3414 5003 et
3461 4962 3555 5004 res
3603 4948 3735 5007 illas

2086 5037 2444 5103 custodiunt,
2475 5041 2532 5094 et
2562 5054 2664 5108 per
2691 5037 2790 5094 Dei
2820 5035 3142 5108 potentiam
3175 5035 3532 5092 sacerdotem
3573 5037 3736 5108 adju-

2086 5131 2242 5194 vant,
2273 5125 2500 5198 quoties
2531 5125 2757 5181 Christo
2788 5125 2978 5180 debite
3011 5123 3290 5179 serviunt.
3323 5125 3394 5180 Et
3424 5125 3533 5181 hoc
3561 5127 3734 5184 toties

329 5223 387 5276 et
441 5217 700 5275 ecclesiae
747 5217 1279 5274 reconciliationem
1329 5222 1741 5290 consequatur,
1805 5219 1978 5274 sicuti
2090 5213 2568 5286 iaciunt,quotics
2600 5213 2802 5269 sedulo
2838 5212 3044 5267 intimo
3075 5216 3304 5284 pectore
3333 5213 3736 5271 invocatChri-

330 5309 515 5378 decet,
547 5311 606 5364 et
628 5305 838 5364 deinde
868 5311 987 5362 tam
1017 5305 1252 5380 cognati
1278 5322 1457 5378 quam
1488 5307 1592 5362 viri
1624 5306 1797 5363 occisi
1818 5323 1976 5363 com-
2009 5291 2055 5354 Π
2086 5307 2330 5372 stum,et
2356 5319 2458 5374 pro
2489 5301 2690 5374 populi
2713 5299 3059 5357 necessitate
3077 5300 3384 5373 diligenter
3403 5302 3732 5372 intercedit,

329 5397 734 5472 pensationem
759 5395 928 5469 plene
957 5395 1226 5465 solvat,et
1255 5395 1409 5469 apud
1441 5395 1624 5452 Deum
1657 5397 1864 5453 saltem
1887 5396 1976 5452 in-

328 5487 608 5546 tercedat.

425 5581 526 5632 lll.
560 5578 634 5633 De
657 5578 834 5635 multa
848 5591 948 5648 pro
978 5574 1244 5647 dignitate
1265 5575 1510 5632 ecelesiw
1536 5575 1883 5648 conferenda.

403 5665 471 5722 Et
494 5667 542 5722 si
575 5666 695 5724 ulla
726 5665 984 5723 ecclesia:
1012 5681 1124 5738 pax
1153 5665 1276 5721 sine
1304 5663 1702 5722 interiectione
1749 5665 1826 5722 sit
1854 5663 1973 5720 vio-

2085 5397 2142 5449 et
2171 5391 2256 5447 illi
2289 5395 2525 5464 propter
2571 5391 2666 5446 Dei
2705 5390 2978 5446 timorem
3029 5406 3134 5462 pro
3187 5390 3410 5448 ordinis
3449 5391 3732 5466 dignitate

2085 5497 2219 5538 cum
2252 5481 2474 5538 ratione
2507 5483 2647 5536 sunt
2675 5477 3084 5552 cognoscendi.

2438 5569 2506 5624 V.
2524 5570 2600 5624 De
2627 5574 2952 5640 purgatione
2980 5567 3374 5626 ordinatorum.

2155 5661 2227 5716 Et
2255 5659 2304 5718 si
2336 5658 2636 5730 contingat
2663 5660 2729 5714 ut
2759 5656 2892 5732 quis
2921 5658 3391 5717 accusationibus
3413 5663 3471 5717 et
3489 5658 3730 5735 imperi-
