3962 6374
145 392 305 462 H73

1398 399 1757 467 CANUTUS
1800 399 1826 462 Ῑ
1869 395 2025 463 REX
2069 395 2303 462 ANGL.

3387 377 3586 466 1111'

147 532 242 592 tiis
272 531 655 604 sacerdotem,
693 531 792 608 qui
820 530 1162 610 regulariter
1191 534 1351 605 vivit,
1385 539 1583 592 oneret
1613 540 1786 608 atque
1815 537 1870 604 Α
1899 533 2194 609 gnationis
2223 531 2472 607 gradum
2497 527 2558 589 in
2575 528 2810 608 propria
2829 529 3111 592 afﬁnitate
3127 550 3391 610 unquam
3410 555 3546 604 uxo-

145 623 242 681 ille
271 625 396 696 ipse
424 624 694 681 conscius
727 625 802 680 sit
849 626 1212 694 innocentia,
1245 625 1495 681 celebret
1525 625 1788 693 missam,

147 713 196 770 si
225 713 485 779 audet,et
508 717 718 786 purget
747 714 909 771 solus
941 714 1200 787 seipsum
1234 732 1337 786 per
1370 715 1553 770 solam
1586 715 1793 770 eucha-

144 802 370 858 ristiam
402 819 436 857 a
466 801 719 874 simplici
761 804 1165 871 accusatione;
1198 810 1254 859 et
1297 803 1588 876 triplicem
1629 819 1792 858 accu-

145 890 430 946 sationem
464 895 691 962 purget,
725 891 774 946 si
802 892 1012 946 audeat
1042 892 1218 946 etiam
1250 893 1308 946 in
1347 893 1404 947 S.
1438 891 1794 947 eucharistia

145 996 279 1035 cum
300 979 530 1035 duobus
552 980 816 1051 ejusdem
839 997 972 1036 cum
987 996 1053 1036 eo
1076 981 1319 1036 ordinis.
1343 980 1403 1036 Si
1435 980 1565 1050 quis
1596 980 1794 1035 diaco-

142 1085 286 1124 num
315 1069 678 1140 accuset,qui
712 1069 1056 1141 regulariter
1083 1069 1240 1137 vivit,
1261 1068 1513 1141 simplici
1547 1085 1792 1124 accusa-

147 1158 325 1227 tlone,
350 1160 548 1212 sumat
578 1158 725 1213 duos
771 1159 1037 1229 ejusdem
1091 1159 1415 1213 secundum
1463 1157 1704 1224 ordinis,
1738 1161 1793 1212 et

142 1249 354 1320 purget
384 1263 446 1302 se
471 1261 605 1301 cum
634 1245 773 1302 illis.
793 1248 863 1302 Et
893 1247 941 1302 si
975 1251 1280 1303 accusetur
1307 1246 1522 1317 triplici
1556 1262 1790 1301 accusa-

139 1335 524 1402 tione,sumat
554 1351 655 1391 sex
685 1336 949 1405 ejusdem
982 1337 1208 1392 ordinis
1242 1338 1319 1407 (et
1349 1336 1472 1409 ipse
1504 1335 1582 1390 sit
1611 1335 1789 1406 septi-

139 1424 298 1494 mus)
320 1427 381 1479 et
404 1428 613 1497 purget
629 1441 692 1481 se
714 1423 921 1480 illis.Si
953 1425 1215 1497 plebeius
1248 1425 1519 1481 sacerdos
1551 1441 1790 1479 accusa-

139 1512 403 1569 tionibus
431 1516 700 1569 oneretur
729 1515 883 1585 quod
907 1513 1232 1587 regularem
1253 1515 1432 1569 vitam
1453 1530 1569 1568 non
1599 1514 1790 1585 degat,

139 1605 355 1675 purget
400 1619 461 1658 se
520 1601 674 1658 sicut
732 1604 1015 1659 diaconus
1073 1603 1173 1676 qui
1227 1603 1553 1676 regularem
1611 1603 1790 1657 vitam

140 1690 356 1763 agit.Et
387 1690 436 1747 si
465 1691 598 1763 quis
629 1691 836 1748 amicis
856 1691 1206 1748 destitutum
1230 1691 1430 1747 altaris
1453 1690 1790 1746 ministrum

140 1780 614 1837 accusationibus
636 1785 856 1847 oneret,
873 1781 972 1853 qui
991 1799 1106 1836 non
1128 1782 1303 1837 habet
1315 1779 1788 1846 sacramentales,

139 1870 232 1969 eat
260 1867 542 1967 adooﬂ‘am
597 1872 988 1969 exsecratam,
1011 1872 1068 1923 et
1120 1867 1201 1923 ibi
1259 1869 1380 1936 fiat,
1415 1867 1586 1923 sicuti
1637 1871 1789 1966 Deus
1819 1904 1868 1969 B

136 1956 404 2024 voluerit,
424 1957 538 2012 nisi
565 1973 628 2013 se
661 1958 839 2029 per.S.
866 1956 1282 2013 eucharistiam
1306 1973 1556 2030 purgare
1583 1955 1790 2028 possit.

137 2045 210 2102 Et
234 2044 286 2101 si
317 2045 452 2117 quis
483 2047 666 2102 sacris
719 2045 1019 2102 initiatum
1080 2045 1399 2101 inimicitia
1457 2048 1709 2113 accuset,
1741 2048 1798 2099 et

139 2134 298 2190 dicat
327 2134 484 2206 quod
517 2133 817 2190 homicidii
865 2139 1068 2190 auctor
1125 2135 1220 2202 sit,
1253 2135 1344 2190 vel
1399 2133 1792 2204 consiliarius,

139 2227 351 2297 purget
386 2240 447 2279 se
473 2240 578 2296 per
605 2227 884 2296 cognatos
915 2223 1182 2295 suos,qui
1203 2222 1571 2279 inimicitiam
1593 2221 1795 2277 tolera-

137 2329 198 2368 re
221 2311 309 2369 vel
333 2313 647 2369 emendare
667 2313 977 2369 debent.Et
1007 2313 1054 2368 si
1085 2312 1162 2368 sit
1181 2313 1445 2385 cognatis
1474 2310 1791 2366 destitutus

131 2405 341 2474 purget
371 2418 432 2456 se
465 2417 569 2474 per
597 2402 808 2470 socios,
831 2401 919 2457 vel
945 2401 1240 2473 jejunium
1269 2401 1570 2473 suscipiat,
1603 2399 1652 2454 si
1685 2416 1788 2454 au-

133 2491 349 2556 deat,ct
381 2507 448 2545 ea
479 2491 552 2545 ad
583 2491 756 2546 offam
805 2496 1184 2555 exsecratam,
1217 2494 1275 2546 et
1333 2489 1412 2544 ibi
1470 2489 1591 2556 fiat,
1617 2488 1789 2544 sicuti

131 2583 284 2636 Deus
293 2578 742 2650 judicaverit.Et
755 2579 1082 2635 nullustem
1093 2578 1170 2652 pli
1189 2578 1511 2634 monachus
1525 2593 1787 2648 unquam

126 2669 259 2740 jure
288 2667 606 2724 inimicitia
634 2669 1172 2740 compensationem
1203 2672 1419 2741 petere,
1453 2683 1558 2722 nec
1588 2666 1785 2721 inimi-

135 2757 282 2813 citia
303 2758 842 2829 compensationem
876 2757 1095 2813 solvere
1134 2762 1383 2826 tenetur,
1417 2757 1670 2828 deponat
1691 2771 1784 2809 co-

135 2844 432 2918 gnationis
463 2844 642 2918 leges,
663 2862 796 2902 cum
818 2846 1029 2902 transit
1051 2847 1122 2902 ad
1155 2847 1313 2918 leges
1343 2843 1658 2918 regulares.
1692 2844 1782 2910 Et,

135 2935 185 2991 si
216 2935 519 3008 presbyter
547 2951 807 3007 unquam
838 2936 1012 2991 fuerit
1041 2935 1225 2991 falsus
1257 2935 1442 3000 testis,
1473 2932 1561 2988 vel
1593 2933 1784 3004 perju-

1901 641 2023 680 rem
2056 625 2252 692 ducat,
2287 640 2474 695 neque
2504 624 2733 696 cognati
2790 624 2882 680 sui
2931 624 3192 698 viduam,
3221 627 3316 682 cui
3345 628 3548 686 eadem

1899 713 2113 768 vicinia
2141 717 2427 785 cognatus
2457 717 2601 779 erat,
2626 729 2814 785 neque
2843 716 3148 788 cognatam
3181 715 3380 773 uxoris
3411 734 3550 788 sua,

1901 818 2081 873 quam
2131 806 2303 858 antea
2351 802 2636 858 habuerat
2683 802 2830 874 ipse,
2891 820 3082 876 neque
3129 807 3552 879 susceptricem

1904 906 2291 962 suam,neque
2322 883 2720 948 consecratam
2750 891 3252 966 vestalem,neque
3282 896 3553 968 repudia-

1902 983 2026 1034 tam
2058 979 2273 1051 aliquis
2305 978 2674 1036 Christianus
2695 997 2956 1052 unquam
2987 999 3224 1039 uxorem
3255 984 3556 1054 ducat,ne-

1903 1084 2016 1139 que
2039 1067 2300 1139 aliquam
2341 1069 2702 1124 meretricem
2749 1085 3012 1141 unquam
3057 1075 3329 1140 sectetur,
3360 1089 3548 1146 neque

1902 1157 2100 1228 plures
2126 1174 2243 1211 una
2275 1173 2451 1213 uxore
2481 1158 2713 1224 habeat,
2747 1162 2804 1213 et
2859 1175 2926 1215 ea
2956 1159 3034 1214 sit
3080 1159 3340 1233 legitime
3369 1165 3553 1234 nupta

1901 1262 2064 1312 uxor,
2101 1247 2200 1300 sed
2229 1243 2452 1302 habitet
2473 1262 2605 1301 cum
2651 1246 2754 1301 illa
2782 1247 2925 1316 sola,
2959 1248 3222 1320 quandiu
3251 1248 3382 1322 ipsa
3407 1251 3556 1308 vixe-

1902 1334 1996 1388 rit.
2031 1333 2118 1389 Ita
2149 1350 2379 1406 semper
2409 1335 2643 1403 (facere)
2670 1335 2841 1391 debet
2895 1337 2996 1407 qui
3052 1337 3155 1393 Dei
3201 1337 3358 1410 leges
3389 1339 3553 1411 juste

1901 1437 2124 1488 curare,
2158 1427 2216 1478 et
2245 1423 2317 1478 ab
2352 1423 2564 1478 inferni
2596 1423 2864 1480 incendio
2905 1425 3166 1481 animam
3214 1443 3385 1484 suam
3416 1445 3550 1485 cus-

1902 1511 2089 1568 todire
2117 1510 2274 1567 velit.

2299 1600 2442 1657 VIII.
2477 1602 2553 1656 De
2580 1601 2805 1657 decimis
2835 1601 3141 1660 reddendis.

1971 1689 2042 1744 Et
2072 1689 2478 1761 persolvantur
2509 1690 2608 1746 Dei
2633 1690 2772 1761 jura
2824 1691 3029 1763 quovis
3055 1708 3207 1749 anno
3231 1693 3390 1764 juste
3419 1694 3553 1751 dili-

1901 1781 2104 1850 genter
2123 1778 2233 1834 hoc
2263 1783 2353 1834 est
2384 1778 2662 1834 arationis
2691 1779 3061 1854 eleemosyna
3089 1781 3315 1838 decimo
3345 1783 3551 1856 quinto

1900 1866 1994 1921 die
2023 1884 2058 1921 a
2082 1867 2381 1938 Paschate,
2414 1872 2470 1923 et
2499 1868 2724 1923 fetuum
2757 1868 2994 1923 decima
3035 1870 3107 1924 ad
3154 1869 3549 1940 Pentecosten,

1909 1958 1966 2010 et
1993 1957 2158 2010 terra
2186 1954 2456 2028 primitia
2480 1957 2552 2012 ad
2577 1956 2792 2011 festum
2809 1957 3087 2012 Omnium
3117 1958 3556 2028 Sanctorum;et

1906 2043 1956 2098 si
1983 2044 2117 2115 quis
2149 2048 2290 2100 tunc
2333 2044 2592 2101 decimas
2625 2044 2952 2117 persolvere
2983 2045 3148 2114 nolit,
3181 2047 3376 2119 prouti
3406 2048 3553 2104 dixi-

1906 2148 2059 2199 mus,
2091 2131 2200 2187 hoc
2230 2137 2319 2188 est
2349 2133 2608 2189 decimas
2629 2134 2775 2206 agri,
2809 2134 3012 2190 eodem
3027 2135 3200 2191 modo
3213 2139 3552 2193 acaratrum

1902 2237 2279 2292 progressum
2298 2221 2435 2278 fecit
2460 2225 2632 2291 ;tunc
2666 2223 3012 2278 conveniant
3035 2223 3191 2297 regis
3206 2226 3576 2298 praepositus~

1901 2313 1958 2364 et
1985 2309 2263 2382 episcopi,
2297 2314 2353 2365 et
2391 2311 2557 2366 fundi
2581 2311 2856 2367 dominus
2877 2314 2934 2366 et
2954 2311 3209 2368 ecclesia
3230 2315 3554 2387 presbyter,

1900 2402 1957 2453 et
1987 2407 2226 2453 sumant
2247 2398 2425 2454 invito
2451 2398 2549 2454 illo
2602 2399 2890 2454 decimam
2931 2403 3155 2472 partem
3178 2418 3284 2473 pro
3310 2401 3555 2460 ecclesia

1899 2487 1970 2541 ad
2006 2503 2184 2558 quam
2209 2487 2542 2560 pertinet,et
2567 2487 2870 2560 assignent
2894 2488 2944 2544 ei
2967 2505 3184 2545 nonam
3207 2493 3431 2562 partem
3458 2508 3472 2559 ;
3496 2496 3556 2548 et

1897 2574 2194 2631 dividatur
2214 2579 2415 2631 octava
2439 2593 2574 2654 pars
2605 2575 2665 2631 in
2688 2577 2825 2643 duo,
2860 2580 2917 2632 et
2958 2578 3149 2649 capiat
3174 2581 3342 2634 terra
3370 2579 3552 2636 domi-

1895 2680 2008 2719 nus
2034 2663 2434 2730 dimidium,et
2455 2663 2772 2720 dimidium
2793 2665 3252 2738 episcopus,sive
3275 2667 3353 2724 sit
3371 2666 3547 2741 regis,

1895 2752 2015 2808 sive
2045 2753 2208 2808 thani
2241 2753 2528 2808 minister.

2345 2851 2439 2906 1X.
2472 2852 2544 2907 De
2573 2867 2798 2907 nummo
2828 2853 3088 2909 Romano.

1961 2939 2031 2993 Et
2061 2938 2338 2995 denarius
2369 2939 2523 2994 Petri
2555 2941 2626 2995 ad
2659 2940 2876 2996 festum
2906 2941 3058 2997 Petri
3090 2941 3395 3013 (solvatur)
3422 2945 3480 2999 et
3495 2944 3546 2999 si

135 3023 355 3093 rus,vel
387 3024 524 3079 furti
556 3025 846 3092 conscius,
870 3029 972 3080 aut
1000 3025 1374 3080 consiliarius
1416 3023 1608 3088 fuerit,
1641 3025 1782 3076 tunc
1890 3027 2023 3098 quis
2054 3043 2188 3082 eum
2224 3045 2410 3100 usque
2440 3028 2752 3100 postillum
2781 3029 2936 3086 diem
2967 3030 3396 3099 retinuerit,det
3410 3032 3532 3105 epi-

135 3112 214 3167 sit
244 3111 609 3168 sanctiﬁcata
637 3112 882 3168 ecclesia
928 3113 1218 3182 exclusus,
1243 3117 1299 3167 et
1328 3113 1532 3184 perdat
1562 3110 1780 3181 ubique
1888 3133 2062 3188 scopo
2085 3115 2250 3172 illum
2276 3118 2606 3184 denarium,
2640 3122 2696 3173 et
2728 3119 2904 3175 addat
2929 3136 3043 3175 xxx
3071 3123 3129 3176 et
3157 3119 3277 3193 regi
3299 3124 3532 3179 centum

133 3204 258 3256 tam
291 3200 626 3257 societatem
658 3218 836 3274 quam
857 3202 1260 3271 amicitiam,et
1280 3201 1599 3273 cujuslibet
1616 3214 1781 3254 vene-

138 3289 451 3359 rationem,
472 3290 584 3345 nisi
618 3272 771 3363 apud
801 3291 986 3346 Deum
1004 3295 1060 3347 et
1090 3291 1243 3363 apud
1276 3272 1544 3346 homines
1576 3289 1782 3360 majori
1815 3272 1858 3338 C

134 3379 314 3436 modo
343 3381 898 3452 compenset,prouti
928 3381 1236 3452 episcopus
1257 3395 1390 3434 eum
1418 3379 1780 3444 instruxerit,

137 3471 195 3522 et
222 3466 518 3523 inveniam
569 3469 678 3524 sibi
729 3469 1157 3540 ﬁdejussorem,
1193 3469 1348 3540 quod
1399 3468 1784 3542 imposterum

137 3572 373 3628 semper
425 3573 460 3611 a
503 3555 682 3612 simili
739 3556 1026 3628 (crimine)
1084 3561 1420 3613 cessaturus
1478 3557 1575 3612 sit.
1609 3556 1693 3625 Et,
1737 3556 1787 3611 si

137 3660 279 3700 eum
308 3659 560 3717 purgare
588 3645 745 3714 velit,
775 3649 983 3718 purget
1013 3663 1115 3718 pro
1147 3645 1282 3701 tacti
1314 3647 1507 3712 modo,
1541 3646 1659 3700 sive
1679 3645 1790 3700 tri-

141 3731 282 3805 plici
314 3733 434 3790 sive
462 3733 713 3805 simplici
746 3735 1089 3808 purgatione
1120 3752 1223 3807 pro
1255 3735 1390 3790 facti
1425 3735 1618 3790 modo.

197 3849 292 3904 VI.
320 3849 640 3905 Exhortatio
669 3851 738 3905 ad
782 3852 1183 3918 ecclesiasticos,
1216 3855 1275 3905 ut
1306 3857 1492 3905 sancte
1519 3851 1726 3904 vivant.

217 3965 292 4019 Et
319 3963 590 4020 volumus
622 3969 685 4021 ut
705 3965 1020 4035 cujuslibet
1041 3964 1261 4021 ordinis
1283 3964 1388 4018 viri
1411 3964 1719 4037 diligenter
1734 3981 1794 4020 se

149 4053 866 4126 submittantsingulijuri
907 4055 1060 4125 quod
1075 4054 1147 4109 ad
1178 4070 1277 4109 eos
1293 4052 1626 4124 pertinet,et
1651 4071 1794 4125 pra-

151 4141 358 4200 eertim
371 4141 471 4198 Dei
487 4141 764 4210 ministri,
789 4142 1044 4214 episcopi
1058 4147 1115 4198 et
1144 4143 1405 4210 abbates,
1439 4141 1709 4198 monachi
1741 4146 1798 4197 et

152 4229 460 4296 moniales,
494 4229 755 4286 canonici
777 4234 834 4286 et
861 4231 1108 4287 vestales
1137 4232 1208 4286 ad
1241 4235 1464 4286 rectum
1496 4230 1797 4299 inclinent,

152 4321 212 4374 et
236 4316 581 4390 regulariter
611 4319 826 4386 vivant,
850 4323 907 4374 et
926 4319 1017 4375 die
1040 4337 1105 4375 ac
1118 4323 1302 4387 nocte,
1338 4336 1488 4391 sape
1521 4324 1577 4374 et
1602 4320 1802 4376 crebro

152 4405 456 4463 Christum
488 4407 778 4478 invocent,
809 4412 866 4463 et
893 4425 996 4480 pro
1027 4408 1188 4464 omni
1232 4409 1445 4480 populo
1476 4408 1803 4465 Christiano

154 4494 470 4568 diligenter
499 4495 876 4553 intercedant.
916 4499 983 4552 Et
1011 4514 1214 4553 omnes
1249 4498 1346 4553 Dei
1376 4497 1678 4553 ministros
1707 4515 1806 4553 ro-

157 4599 371 4657 gamus
401 4587 459 4639 et
490 4585 852 4652 docemus,et
881 4586 1204 4659 praesertim
1228 4587 1578 4652 sacerdotes,
1603 4591 1668 4640 ut
1692 4587 1808 4642 Deo

159 4673 458 4741 obediant,
493 4678 550 4730 et
580 4675 908 4732 castitatem
933 4679 1147 4741 ament,
1171 4680 1228 4731 et
1257 4680 1495 4732 caveant
1524 4675 1634 4732 sibi
1665 4675 1811 4748 ipsis

161 4762 233 4816 ab
264 4759 355 4817 ira
383 4761 506 4830 Dei,
541 4767 598 4819 et
627 4765 698 4819 ab
757 4768 1041 4821 astuante
1094 4764 1361 4820 incendio
1393 4765 1549 4836 quod
1582 4764 1722 4820 furit
1751 4765 1812 4819 in

161 4849 413 4907 inferno.
444 4849 904 4925 Diligentissime
929 4852 1115 4909 sciant
1135 4855 1291 4925 quod
1313 4853 1551 4910 omnino
1573 4871 1690 4908 non
1715 4855 1812 4909 de-

163 4938 344 4995 beant
360 4939 550 4996 coitus
569 4958 746 4998 causa
763 4959 896 4998 cum
949 4942 1166 4998 femina
1185 4942 1639 4998 communicare.
1669 4943 1737 4997 Et
1767 4942 1816 4997 si

167 5027 302 5100 quis
335 5029 409 5084 ab
439 5045 505 5085 eo
537 5030 830 5087 abstinere
858 5035 916 5088 et
934 5031 1265 5088 castitatem
1288 5047 1517 5087 servare
1538 5030 1818 5099 velit,ha-

168 5116 305 5173 beat
334 5117 434 5173 Dei
458 5117 1013 5189 misericordiam,et
1043 5121 1236 5192 quoad
1259 5125 1550 5176 terrenam
1582 5136 1821 5175 venera-

172 5205 388 5262 tionem
423 5207 502 5264 sit
523 5208 658 5279 jure
687 5209 850 5264 thani
878 5210 1111 5283 dignus.
1147 5210 1218 5264 Et
1269 5209 1514 5281 quilibet
1543 5209 1820 5264 Christia-

171 5310 286 5350 nus
315 5311 383 5351 ex
411 5295 620 5353 timore
650 5297 880 5353 Domini
913 5299 1004 5354 sui
1055 5299 1341 5370 injustum
1369 5297 1586 5352 coitum
1621 5297 1823 5353 sedulo

173 5381 369 5454 evitet,
397 5388 454 5439 et
484 5383 641 5458 leges
674 5386 1096 5444 ecclesiasticas
1118 5388 1281 5458 juste
1312 5386 1594 5442 observet.

570 5491 690 5548 VII.
724 5494 799 5549 De
819 5495 1090 5566 conjvugiis
1115 5493 1433 5564 prohibitis.

249 5593 542 5651 Docemus
572 5597 747 5654 etiam
798 5603 854 5655 et
884 5615 1182 5671 rogamus,
1217 5602 1274 5654 et
1325 5599 1383 5652 in
1439 5596 1538 5652 Dei
1595 5597 1831 5653 nomine

206 5697 547 5748 mperamus
579 5701 650 5741 ne
675 5686 886 5760 aliquis
908 5687 1274 5743 Christianus
1318 5687 1708 5744 infrasextum
1743 5704 1836 5742 co-

1885 3204 2089 3278 viginti
2121 3205 2360 3262 solidos.

2329 3303 2389 3359 X.
2422 3305 2496 3360 De
2519 3306 2789 3375 primitiis
2807 3307 3097 3362 seminum.

1965 3393 2034 3446 Et
2061 3392 2356 3448 seminum
2380 3392 2648 3465 primitiae
2671 3394 2742 3448 ad
2769 3393 3004 3450 Martini
3024 3394 3324 3462 festum,et
3335 3394 3385 3452 si
3405 3395 3539 3468 quis

1895 3496 2188 3552 casusque
2236 3485 2368 3553 post
2392 3480 2560 3536 illum
2591 3481 2748 3536 diem
2808 3481 3136 3553 retinuerit,
3165 3482 3263 3540 det
3290 3497 3391 3541 eas
3415 3484 3543 3558 epi-

1898 3585 2092 3641 scopo,
2126 3573 2182 3625 et
2212 3574 2552 3642 compenset
2595 3571 2869 3626 undecies
2927 3575 2984 3626 et
3012 3571 3134 3645 regi
3164 3588 3272 3628 cn
3299 3572 3540 3630 solidos.
3591 3603 3594 3606 ~

1969 3659 2058 3714 XI.
2093 3660 2166 3714 De
2189 3659 2412 3716 decimis
2439 3660 2508 3715 ad
2537 3660 2820 3716 ecclesiam
2857 3659 3018 3716 thani
3047 3661 3468 3733 pertinentibus.

1972 3747 2031 3804 Si
2064 3748 2196 3819 quis
2218 3752 2360 3804 tunc
2388 3748 2606 3806 thanus
2638 3748 2734 3818 sit,
2767 3749 2865 3823 qui
2923 3750 2985 3805 in
3037 3751 3409 3822 possessione
3438 3767 3548 3824 sua

1901 3836 2209 3892 ecclesiam
2245 3837 2475 3906 habeat,
2512 3839 2569 3894 in
2609 3856 2727 3911 qua
2774 3840 2851 3895 sit
2905 3839 3326 3908 coemeterium,
3356 3841 3552 3898 tradat

1903 3928 2044 3980 tunc
2063 3925 2295 3981 tertiam
2313 3931 2534 3997 partem
2574 3929 2943 4000 propriarum
2975 3928 3337 3986 decimarum
3369 3928 3550 3986 eccle-

1906 4014 2004 4070 sia
2038 4016 2252 4070 sua.Et
2281 4015 2329 4070 si
2363 4015 2498 4087 quis
2529 4016 2834 4073 ecclesiam
2864 4017 3079 4075 habeat
3107 4018 3167 4074 in
3191 4035 3306 4091 qua
3334 4023 3556 4076 nonest

1909 4104 2327 4171 ccemeterium,
2363 4105 2460 4159 det
2489 4121 2558 4160 ex
2589 4123 2645 4160 1x
2684 4105 2951 4177 partibus
2985 4107 3324 4180 presbytero
3355 4124 3464 4163 suo
3494 4107 3552 4163 id

1910 4192 2064 4264 quod
2096 4191 2251 4260 velit,
2295 4197 2352 4248 et
2399 4193 2646 4266 quilibet
2699 4194 2957 4252 ecclesia
3013 4212 3223 4252 census
3274 4195 3555 4269 primario

1911 4281 2176 4336 tradatur
2209 4281 2426 4352 templo
2459 4299 2527 4338 ex
2555 4283 2830 4340 omnibus
2861 4284 3252 4358 ingenuorum
3283 4282 3448 4341 focis.

2295 4370 2415 4426 XII.
2447 4373 2522 4427 De
2542 4375 2777 4444 pecunia
2799 4389 2902 4445 pro
2928 4375 3184 4431 lucernis.

1986 4460 2055 4513 Et
2086 4474 2369 4514 nummus
2401 4460 2726 4517 candelaris
2775 4465 2864 4518 ter
2904 4463 3224 4535 quotannis
3256 4462 3561 4536 (solvatur)

1918 4545 2106 4619 primo
2137 4546 2333 4618 vigilia
2363 4548 2686 4615 Paschatis,
2719 4567 2852 4606 cera
2887 4551 3101 4607 valoris
3149 4551 3377 4606 dimidii
3409 4550 3565 4606 oboli

1844 4638 1888 4703 D
1921 4651 2024 4708 pro
2055 4633 2316 4706 qualibet
2341 4635 2514 4707 hyda,
2547 4642 2604 4692 et
2634 4638 2843 4694 deinde
2885 4639 2957 4694 ad
3016 4638 3284 4694 omnium
3329 4641 3566 4694 sancto-

1918 4741 2052 4780 rum
2085 4723 2296 4778 festum
2329 4727 2413 4778 tot
2441 4725 2636 4794 etiam,
2671 4731 2728 4782 et
2757 4731 2961 4799 postea
2989 4727 3062 4783 ad
3095 4725 3566 4782 Puritioationem

1923 4815 2102 4870 beata
2128 4811 2317 4867 Maria
2348 4813 2634 4869 similiter.
3637 4813 3639 4816 ’

1924 4903 2069 4959 XIII.
2107 4904 2175 4958 De
2199 4903 2433 4973 pecunia
2456 4919 2574 4974 qua
2601 4904 2807 5030 dicitlzzr
2833 4903 3144 4976 symbolum
3170 4904 3399 4974 animae,
3426 4907 3480 4961 et
3507 4903 3572 4962 de

2597 4992 2729 5030 sena
2778 4993 2902 5030 um.

2597 4992 2902 5046 sepultura.

1999 5065 2068 5118 Et
2096 5062 2500 5134 aquissimum
2529 5067 2698 5120 estut
2721 5064 2970 5137 pecunia
2989 5063 3332 5134 sepulcralis
3344 5079 3577 5138 semper

1931 5151 2190 5208 solvatur
2220 5153 2290 5206 ad
2323 5155 2590 5223 apertum
2631 5153 2989 5225 sepulcrum,
3023 5158 3080 5210 et
3105 5154 3154 5211 si
3185 5153 3317 5227 quis
3337 5154 3577 5228 aliquod

1933 5258 2143 5312 corpus
2174 5258 2241 5295 ex
2273 5257 2381 5295 sua
2429 5241 2702 5312 parochia
2744 5242 2883 5297 alibi
2939 5243 3290 5316 humaverit,
3320 5243 3580 5301 solvatur

1936 5330 2321 5386 nihilominus
2378 5329 2622 5402 pecunia
2673 5331 3022 5404 sepulcralls
3081 5332 3166 5389 illi
3221 5332 3474 5390 ecclesia
3507 5333 3579 5390 ad

1937 5435 2113 5490 quam
2147 5417 2294 5475 illud
2327 5417 2597 5491 pertinet.

1936 5509 2080 5564 XIV.
2106 5510 2180 5563 De
2200 5508 2297 5562 Dei
2316 5508 2561 5579 juribus,
2612 5511 2783 5581 festis,
2817 5518 2867 5566 et
2891 5511 3124 5583 jejuniis
3181 5509 3583 5565 conservandis.

2009 5598 2080 5652 Et
2111 5595 2308 5650 omnia
2331 5596 2427 5651 Dei
2441 5599 2579 5669 jura
2601 5603 3027 5672 praserventur
3047 5597 3360 5671 diligenter
3393 5598 3587 5671 prouti

1947 5684 2348 5742 necessarium
2370 5691 2486 5752 est;
2513 5687 2660 5744 festa
2691 5692 2748 5745 et
2768 5689 2998 5763 jejunia
3019 5687 3213 5746 debito
3245 5687 3416 5746 modo
3446 5685 3590 5744 cele-
