  <div class='ocr_page' id='page_1' title='image "/cluster/home/n/w/nwhite01/storage/ocr_20150623/151/umn.31951002477444s/703.png"; bbox 0 0 3962 6412; ppageno 0'>
   <div class='ocr_carea' id='block_1_1' title="bbox 351 368 508 466">
    <p class='ocr_par' dir='ltr' id='par_1_1' title="bbox 351 368 508 466">
     <span class='ocr_line' id='line_1_1' title="bbox 351 368 508 466; baseline -0.025 0"><span class='ocrx_word' id='word_1_1' title='bbox 351 368 508 466; x_wconf 60' lang='grc' dir='ltr'>ειτεε</span> 
     </span>
    </p>
   </div>
   <div class='ocr_carea' id='block_1_2' title="bbox 1715 356 2393 459">
    <p class='ocr_par' dir='ltr' id='par_1_2' title="bbox 1715 356 2393 459">
     <span class='ocr_line' id='line_1_2' title="bbox 1715 356 2393 459; baseline -0.013 -33"><span class='ocrx_word' id='word_1_2' title='bbox 1715 357 2027 438; x_wconf 71' lang='lat' dir='ltr'>Monum.</span> <span class='ocrx_word' id='word_1_3' title='bbox 2073 356 2393 459; x_wconf 67' lang='lat' dir='ltr'>DIPLOItl.</span> 
     </span>
    </p>
   </div>
   <div class='ocr_carea' id='block_1_3' title="bbox 3602 346 3770 432">
    <p class='ocr_par' dir='ltr' id='par_1_3' title="bbox 3602 346 3770 432">
     <span class='ocr_line' id='line_1_3' title="bbox 3602 346 3770 432; baseline 0.012 -2"><span class='ocrx_word' id='word_1_4' title='bbox 3602 346 3770 432; x_wconf 72' lang='lat' dir='ltr'>me.</span> 
     </span>
    </p>
   </div>
   <div class='ocr_carea' id='block_1_4' title="bbox 345 471 3758 574">
    <p class='ocr_par' dir='ltr' id='par_1_4' title="bbox 345 471 3758 574">
     <span class='ocr_line' id='line_1_4' title="bbox 345 471 3758 574; baseline -0.005 -18"><span class='ocrx_word' id='word_1_5' title='bbox 345 471 589 558; x_wconf 87' lang='lat' dir='ltr'>brentur</span> <span class='ocrx_word' id='word_1_6' title='bbox 611 517 624 567; x_wconf 92' lang='lat'><strong>;</strong></span> <span class='ocrx_word' id='word_1_7' title='bbox 649 501 704 553; x_wconf 88' lang='lat' dir='ltr'>et</span> <span class='ocrx_word' id='word_1_8' title='bbox 734 497 835 552; x_wconf 81' lang='lat' dir='ltr'>flat</span> <span class='ocrx_word' id='word_1_9' title='bbox 867 495 1124 574; x_wconf 87' lang='lat' dir='ltr'>quolibet</span> <span class='ocrx_word' id='word_1_10' title='bbox 1145 493 1236 550; x_wconf 89' lang='lat' dir='ltr'>die</span> <span class='ocrx_word' id='word_1_11' title='bbox 1258 493 1554 562; x_wconf 86' lang='lat' dir='ltr'>Dominico</span> <span class='ocrx_word' id='word_1_12' title='bbox 1575 493 1702 548; x_wconf 81' lang='lat' dir='ltr'>festi</span> <span class='ocrx_word' id='word_1_13' title='bbox 1735 492 1984 568; x_wconf 82' lang='lat' dir='ltr'>celebra-</span> <span class='ocrx_word' id='word_1_14' title='bbox 2012 492 2070 558; x_wconf 74' lang='grc' dir='ltr'><strong>Α</strong></span> <span class='ocrx_word' id='word_1_15' title='bbox 2097 489 2205 546; x_wconf 86' lang='lat' dir='ltr'>hoc</span> <span class='ocrx_word' id='word_1_16' title='bbox 2235 493 2322 545; x_wconf 90' lang='lat' dir='ltr'>est</span> <span class='ocrx_word' id='word_1_17' title='bbox 2351 488 2585 564; x_wconf 89' lang='lat' dir='ltr'>propria</span> <span class='ocrx_word' id='word_1_18' title='bbox 2613 488 2730 543; x_wconf 86' lang='lat' dir='ltr'>vita</span> <span class='ocrx_word' id='word_1_19' title='bbox 2759 504 2938 564; x_wconf 89' lang='lat' dir='ltr'>quam</span> <span class='ocrx_word' id='word_1_20' title='bbox 2968 502 3070 560; x_wconf 89' lang='lat' dir='ltr'>pro</span> <span class='ocrx_word' id='word_1_21' title='bbox 3120 482 3286 543; x_wconf 89' lang='lat' dir='ltr'>nobis</span> <span class='ocrx_word' id='word_1_22' title='bbox 3327 483 3607 542; x_wconf 89' lang='lat' dir='ltr'>omnibus</span> <span class='ocrx_word' id='word_1_23' title='bbox 3634 489 3758 541; x_wconf 86' lang='lat' dir='ltr'>tra-</span> 
     </span>
    </p>
   </div>
   <div class='ocr_carea' id='block_1_5' title="bbox 347 575 1992 653">
    <p class='ocr_par' dir='ltr' id='par_1_5' title="bbox 347 575 1992 653">
     <span class='ocr_line' id='line_1_5' title="bbox 347 575 1992 653; baseline -0.006 -10"><span class='ocrx_word' id='word_1_24' title='bbox 347 587 428 644; x_wconf 84' lang='lat' dir='ltr'>tio</span> <span class='ocrx_word' id='word_1_25' title='bbox 459 585 606 641; x_wconf 84' lang='lat' dir='ltr'>adi’e</span> <span class='ocrx_word' id='word_1_26' title='bbox 633 584 867 640; x_wconf 80' lang='lat' dir='ltr'>Saturni</span> <span class='ocrx_word' id='word_1_27' title='bbox 900 583 1045 637; x_wconf 92' lang='lat' dir='ltr'>hora</span> <span class='ocrx_word' id='word_1_28' title='bbox 1083 575 1505 653; x_wconf 89' lang='lat' dir='ltr'>pomeridiana,</span> <span class='ocrx_word' id='word_1_29' title='bbox 1541 575 1728 652; x_wconf 87' lang='lat' dir='ltr'>usque</span> <span class='ocrx_word' id='word_1_30' title='bbox 1779 580 1848 642; x_wconf 89' lang='lat' dir='ltr'>ad</span> <span class='ocrx_word' id='word_1_31' title='bbox 1877 578 1992 635; x_wconf 91' lang='lat' dir='ltr'>diei</span> 
     </span>
    </p>
   </div>
   <div class='ocr_carea' id='block_1_6' title="bbox 351 668 1994 741">
    <p class='ocr_par' dir='ltr' id='par_1_6' title="bbox 351 668 1994 741">
     <span class='ocr_line' id='line_1_6' title="bbox 351 668 1994 741; baseline -0.005 -10"><span class='ocrx_word' id='word_1_32' title='bbox 351 677 527 732; x_wconf 72' lang='lat' dir='ltr'>Lunaa</span> <span class='ocrx_word' id='word_1_33' title='bbox 558 689 848 738; x_wconf 89' lang='lat' dir='ltr'>auroram,</span> <span class='ocrx_word' id='word_1_34' title='bbox 881 676 939 726; x_wconf 89' lang='lat' dir='ltr'>et</span> <span class='ocrx_word' id='word_1_35' title='bbox 969 669 1210 741; x_wconf 80' lang='lat' dir='ltr'>quilibet</span> <span class='ocrx_word' id='word_1_36' title='bbox 1241 669 1390 725; x_wconf 90' lang='lat' dir='ltr'>alius</span> <span class='ocrx_word' id='word_1_37' title='bbox 1421 668 1546 724; x_wconf 92' lang='lat' dir='ltr'>dies</span> <span class='ocrx_word' id='word_1_38' title='bbox 1579 668 1781 737; x_wconf 86' lang='lat' dir='ltr'>festus,</span> <span class='ocrx_word' id='word_1_39' title='bbox 1803 669 1994 741; x_wconf 91' lang='lat' dir='ltr'>prouti</span> 
     </span>
    </p>
   </div>
   <div class='ocr_carea' id='block_1_7' title="bbox 352 761 836 820">
    <p class='ocr_par' dir='ltr' id='par_1_7' title="bbox 352 761 836 820">
     <span class='ocr_line' id='line_1_7' title="bbox 352 761 836 820; baseline -0.01 0"><span class='ocrx_word' id='word_1_40' title='bbox 352 763 610 820; x_wconf 84' lang='lat' dir='ltr'>indictus</span> <span class='ocrx_word' id='word_1_41' title='bbox 641 761 836 817; x_wconf 87' lang='lat' dir='ltr'>fuerit.</span> 
     </span>
    </p>
   </div>
   <div class='ocr_carea' id='block_1_8' title="bbox 837 865 1494 921">
    <p class='ocr_par' dir='ltr' id='par_1_8' title="bbox 837 865 1494 921">
     <span class='ocr_line' id='line_1_8' title="bbox 837 865 1494 921; baseline -0.003 0"><span class='ocrx_word' id='word_1_42' title='bbox 837 866 950 921; x_wconf 87' lang='lat' dir='ltr'>XV.</span> <span class='ocrx_word' id='word_1_43' title='bbox 985 868 1058 921; x_wconf 86' lang='lat' dir='ltr'>De</span> <span class='ocrx_word' id='word_1_44' title='bbox 1081 865 1167 920; x_wconf 83' lang='lat' dir='ltr'>die</span> <span class='ocrx_word' id='word_1_45' title='bbox 1195 866 1494 920; x_wconf 83' lang='lat' dir='ltr'>Dominico.</span> 
     </span>
    </p>
   </div>
   <div class='ocr_carea' id='block_1_9' title="bbox 424 961 1996 1033">
    <p class='ocr_par' dir='ltr' id='par_1_9' title="bbox 424 961 1996 1033">
     <span class='ocr_line' id='line_1_9' title="bbox 424 961 1996 1033; baseline -0.001 -14"><span class='ocrx_word' id='word_1_46' title='bbox 424 967 494 1020; x_wconf 89' lang='lat' dir='ltr'>Et</span> <span class='ocrx_word' id='word_1_47' title='bbox 522 963 614 1018; x_wconf 91' lang='lat' dir='ltr'>die</span> <span class='ocrx_word' id='word_1_48' title='bbox 645 961 795 1018; x_wconf 93' lang='lat' dir='ltr'>Solis</span> <span class='ocrx_word' id='word_1_49' title='bbox 826 965 1217 1016; x_wconf 80' lang='lat' dir='ltr'>mercaturam</span> <span class='ocrx_word' id='word_1_50' title='bbox 1261 961 1436 1017; x_wconf 90' lang='lat' dir='ltr'>etiam</span> <span class='ocrx_word' id='word_1_51' title='bbox 1469 961 1835 1018; x_wconf 81' lang='lat' dir='ltr'>severissime</span> <span class='ocrx_word' id='word_1_52' title='bbox 1867 980 1996 1033; x_wconf 91' lang='lat' dir='ltr'>pro-</span> 
     </span>
    </p>
   </div>
   <div class='ocr_carea' id='block_1_10' title="bbox 354 1050 1999 1123">
    <p class='ocr_par' dir='ltr' id='par_1_10' title="bbox 354 1050 1999 1123">
     <span class='ocr_line' id='line_1_10' title="bbox 354 1050 1999 1123; baseline -0.002 -13"><span class='ocrx_word' id='word_1_53' title='bbox 354 1055 647 1118; x_wconf 90' lang='lat' dir='ltr'>hibemus,</span> <span class='ocrx_word' id='word_1_54' title='bbox 681 1055 738 1108; x_wconf 92' lang='lat' dir='ltr'>et</span> <span class='ocrx_word' id='word_1_55' title='bbox 793 1067 1027 1106; x_wconf 87' lang='lat' dir='ltr'>omnem</span> <span class='ocrx_word' id='word_1_56' title='bbox 1087 1055 1429 1105; x_wconf 87' lang='lat' dir='ltr'>conventum</span> <span class='ocrx_word' id='word_1_57' title='bbox 1479 1050 1700 1123; x_wconf 87' lang='lat' dir='ltr'>populi,</span> <span class='ocrx_word' id='word_1_58' title='bbox 1734 1050 1845 1105; x_wconf 85' lang='lat' dir='ltr'>nisi</span> <span class='ocrx_word' id='word_1_59' title='bbox 1896 1068 1999 1122; x_wconf 91' lang='lat' dir='ltr'>pro</span> 
     </span>
    </p>
   </div>
   <div class='ocr_carea' id='block_1_11' title="bbox 356 1139 2001 1214">
    <p class='ocr_par' dir='ltr' id='par_1_11' title="bbox 356 1139 2001 1214">
     <span class='ocr_line' id='line_1_11' title="bbox 356 1139 2001 1214; baseline -0.003 -16"><span class='ocrx_word' id='word_1_60' title='bbox 356 1143 614 1199; x_wconf 81' lang='lat' dir='ltr'>maxima</span> <span class='ocrx_word' id='word_1_61' title='bbox 641 1139 984 1198; x_wconf 83' lang='lat' dir='ltr'>necessitate</span> <span class='ocrx_word' id='word_1_62' title='bbox 1008 1140 1102 1214; x_wconf 88' lang='lat' dir='ltr'>sit,</span> <span class='ocrx_word' id='word_1_63' title='bbox 1132 1144 1188 1194; x_wconf 93' lang='lat' dir='ltr'>et</span> <span class='ocrx_word' id='word_1_64' title='bbox 1217 1140 1676 1210; x_wconf 87' lang='lat' dir='ltr'>venationem,et</span> <span class='ocrx_word' id='word_1_65' title='bbox 1707 1141 1778 1194; x_wconf 88' lang='lat' dir='ltr'>ab</span> <span class='ocrx_word' id='word_1_66' title='bbox 1811 1140 2001 1194; x_wconf 90' lang='lat' dir='ltr'>omni-</span> 
     </span>
    </p>
   </div>
   <div class='ocr_carea' id='block_1_12' title="bbox 359 1227 1999 1302">
    <p class='ocr_par' dir='ltr' id='par_1_12' title="bbox 359 1227 1999 1302">
     <span class='ocr_line' id='line_1_12' title="bbox 359 1227 1999 1302; baseline -0.003 -15"><span class='ocrx_word' id='word_1_67' title='bbox 359 1233 472 1287; x_wconf 88' lang='lat' dir='ltr'>bus</span> <span class='ocrx_word' id='word_1_68' title='bbox 503 1229 819 1287; x_wconf 85' lang='lat' dir='ltr'>mundanis</span> <span class='ocrx_word' id='word_1_69' title='bbox 851 1228 1123 1302; x_wconf 81' lang='lat' dir='ltr'>operibus</span> <span class='ocrx_word' id='word_1_70' title='bbox 1151 1228 1205 1281; x_wconf 93' lang='lat' dir='ltr'>in</span> <span class='ocrx_word' id='word_1_71' title='bbox 1251 1227 1359 1282; x_wconf 91' lang='lat' dir='ltr'>hoc</span> <span class='ocrx_word' id='word_1_72' title='bbox 1417 1233 1618 1283; x_wconf 91' lang='lat' dir='ltr'>sancto</span> <span class='ocrx_word' id='word_1_73' title='bbox 1678 1227 1769 1283; x_wconf 92' lang='lat' dir='ltr'>die</span> <span class='ocrx_word' id='word_1_74' title='bbox 1800 1227 1999 1283; x_wconf 91' lang='lat' dir='ltr'>sedulo</span> 
     </span>
    </p>
   </div>
   <div class='ocr_carea' id='block_1_13' title="bbox 362 1318 844 1383">
    <p class='ocr_par' dir='ltr' id='par_1_13' title="bbox 362 1318 844 1383">
     <span class='ocr_line' id='line_1_13' title="bbox 362 1318 844 1383; baseline -0.01 -6"><span class='ocrx_word' id='word_1_75' title='bbox 362 1318 714 1383; x_wconf 86' lang='lat' dir='ltr'>cessandum</span> <span class='ocrx_word' id='word_1_76' title='bbox 738 1321 844 1373; x_wconf 91' lang='lat' dir='ltr'>est.</span> 
     </span>
    </p>
   </div>
   <div class='ocr_carea' id='block_1_14' title="bbox 929 1405 1444 1477">
    <p class='ocr_par' dir='ltr' id='par_1_14' title="bbox 929 1405 1444 1477">
     <span class='ocr_line' id='line_1_14' title="bbox 929 1405 1444 1477; baseline -0.004 -17"><span class='ocrx_word' id='word_1_77' title='bbox 929 1405 1066 1461; x_wconf 83' lang='lat' dir='ltr'>XVI.</span> <span class='ocrx_word' id='word_1_78' title='bbox 1098 1407 1174 1460; x_wconf 88' lang='lat' dir='ltr'>De</span> <span class='ocrx_word' id='word_1_79' title='bbox 1193 1406 1444 1477; x_wconf 79' lang='lat' dir='ltr'>jejum&#39;is.</span> 
     </span>
    </p>
   </div>
   <div class='ocr_carea' id='block_1_15' title="bbox 428 1503 2004 1578">
    <p class='ocr_par' dir='ltr' id='par_1_15' title="bbox 428 1503 2004 1578">
     <span class='ocr_line' id='line_1_15' title="bbox 428 1503 2004 1578; baseline -0.004 -14"><span class='ocrx_word' id='word_1_80' title='bbox 428 1510 502 1565; x_wconf 92' lang='lat' dir='ltr'>Et</span> <span class='ocrx_word' id='word_1_81' title='bbox 531 1511 594 1562; x_wconf 92' lang='lat' dir='ltr'>ut</span> <span class='ocrx_word' id='word_1_82' title='bbox 623 1505 924 1578; x_wconf 92' lang='lat' dir='ltr'>quodlibet</span> <span class='ocrx_word' id='word_1_83' title='bbox 962 1505 1292 1575; x_wconf 90' lang='lat' dir='ltr'>injunctum</span> <span class='ocrx_word' id='word_1_84' title='bbox 1335 1503 1629 1573; x_wconf 84' lang='lat' dir='ltr'>jejunium</span> <span class='ocrx_word' id='word_1_85' title='bbox 1677 1520 1810 1558; x_wconf 90' lang='lat' dir='ltr'>eum</span> <span class='ocrx_word' id='word_1_86' title='bbox 1845 1503 2004 1559; x_wconf 91' lang='lat' dir='ltr'>omni</span> 
     </span>
    </p>
   </div>
   <div class='ocr_carea' id='block_1_16' title="bbox 359 1591 2004 1670">
    <p class='ocr_par' dir='ltr' id='par_1_16' title="bbox 359 1591 2004 1670">
     <span class='ocr_line' id='line_1_16' title="bbox 359 1591 2004 1670; baseline -0.003 -17"><span class='ocrx_word' id='word_1_87' title='bbox 359 1595 662 1670; x_wconf 80' lang='lat' dir='ltr'>diligentia</span> <span class='ocrx_word' id='word_1_88' title='bbox 708 1596 1065 1662; x_wconf 82' lang='lat' dir='ltr'>observetur,</span> <span class='ocrx_word' id='word_1_89' title='bbox 1097 1593 1216 1648; x_wconf 89' lang='lat' dir='ltr'>sive</span> <span class='ocrx_word' id='word_1_90' title='bbox 1275 1592 1352 1647; x_wconf 87' lang='lat' dir='ltr'>sit</span> <span class='ocrx_word' id='word_1_91' title='bbox 1402 1591 1698 1663; x_wconf 89' lang='lat' dir='ltr'>jejunium</span> <span class='ocrx_word' id='word_1_92' title='bbox 1745 1593 2004 1656; x_wconf 87' lang='lat' dir='ltr'>Quatuor</span> 
     </span>
    </p>
   </div>
   <div class='ocr_carea' id='block_1_17' title="bbox 357 1679 2002 1758">
    <p class='ocr_par' dir='ltr' id='par_1_17' title="bbox 357 1679 2002 1758">
     <span class='ocr_line' id='line_1_17' title="bbox 357 1679 2002 1758; baseline -0.005 -15"><span class='ocrx_word' id='word_1_93' title='bbox 357 1689 732 1758; x_wconf 89' lang='lat' dir='ltr'>Temporum,</span> <span class='ocrx_word' id='word_1_94' title='bbox 765 1684 883 1739; x_wconf 86' lang='lat' dir='ltr'>sive</span> <span class='ocrx_word' id='word_1_95' title='bbox 909 1682 985 1738; x_wconf 86' lang='lat' dir='ltr'>sit</span> <span class='ocrx_word' id='word_1_96' title='bbox 1005 1680 1300 1754; x_wconf 88' lang='lat' dir='ltr'>jejunium</span> <span class='ocrx_word' id='word_1_97' title='bbox 1332 1679 1862 1752; x_wconf 87' lang='lat' dir='ltr'>Quadragesimale,</span> <span class='ocrx_word' id='word_1_98' title='bbox 1884 1682 2002 1736; x_wconf 87' lang='lat' dir='ltr'>sive</span> 
     </span>
    </p>
   </div>
   <div class='ocr_carea' id='block_1_18' title="bbox 361 1767 2000 1846">
    <p class='ocr_par' dir='ltr' id='par_1_18' title="bbox 361 1767 2000 1846">
     <span class='ocr_line' id='line_1_18' title="bbox 361 1767 2000 1846; baseline -0.005 -14"><span class='ocrx_word' id='word_1_99' title='bbox 361 1767 438 1832; x_wconf 77' lang='lat' dir='ltr'>sit</span> <span class='ocrx_word' id='word_1_100' title='bbox 466 1773 625 1829; x_wconf 88' lang='lat' dir='ltr'>aliud</span> <span class='ocrx_word' id='word_1_101' title='bbox 659 1773 1051 1846; x_wconf 85' lang='lat' dir='ltr'>quodcunque</span> <span class='ocrx_word' id='word_1_102' title='bbox 1074 1769 1456 1844; x_wconf 85' lang='lat' dir='ltr'>jejunium,et</span> <span class='ocrx_word' id='word_1_103' title='bbox 1485 1768 1746 1841; x_wconf 90' lang='lat' dir='ltr'>quolibet</span> <span class='ocrx_word' id='word_1_104' title='bbox 1769 1770 1915 1824; x_wconf 84' lang='lat' dir='ltr'>festo</span> <span class='ocrx_word' id='word_1_105' title='bbox 1938 1771 2000 1824; x_wconf 89' lang='lat' dir='ltr'>B.</span> 
     </span>
    </p>
   </div>
   <div class='ocr_carea' id='block_1_19' title="bbox 2107 577 2576 660">
    <p class='ocr_par' dir='ltr' id='par_1_19' title="bbox 2107 577 2576 660">
     <span class='ocr_line' id='line_1_19' title="bbox 2107 577 2576 660; baseline -0.002 -27"><span class='ocrx_word' id='word_1_106' title='bbox 2107 577 2275 660; x_wconf 90' lang='lat' dir='ltr'>didit,</span> <span class='ocrx_word' id='word_1_107' title='bbox 2313 578 2576 634; x_wconf 82' lang='lat' dir='ltr'>redemit.</span> 
     </span>
    </p>
   </div>
   <div class='ocr_carea' id='block_1_20' title="bbox 2367 675 3484 745">
    <p class='ocr_par' dir='ltr' id='par_1_20' title="bbox 2367 675 3484 745">
     <span class='ocr_line' id='line_1_20' title="bbox 2367 675 3484 745; baseline -0.001 -14"><span class='ocrx_word' id='word_1_108' title='bbox 2367 677 2502 731; x_wconf 81' lang='lat' dir='ltr'>XIX.</span> <span class='ocrx_word' id='word_1_109' title='bbox 2537 676 2612 730; x_wconf 85' lang='lat' dir='ltr'>Ad</span> <span class='ocrx_word' id='word_1_110' title='bbox 2642 677 3036 732; x_wconf 74' lang='lat' dir='ltr'>eucharistiam</span> <span class='ocrx_word' id='word_1_111' title='bbox 3065 680 3117 729; x_wconf 88' lang='lat' dir='ltr'>et</span> <span class='ocrx_word' id='word_1_112' title='bbox 3145 675 3484 745; x_wconf 77' lang='lat' dir='ltr'>probitatem.</span> 
     </span>
    </p>
   </div>
   <div class='ocr_carea' id='block_1_21' title="bbox 2179 763 3770 837">
    <p class='ocr_par' dir='ltr' id='par_1_21' title="bbox 2179 763 3770 837">
     <span class='ocr_line' id='line_1_21' title="bbox 2179 763 3770 837; baseline -0.001 -17"><span class='ocrx_word' id='word_1_113' title='bbox 2179 767 2248 820; x_wconf 90' lang='lat' dir='ltr'>Et</span> <span class='ocrx_word' id='word_1_114' title='bbox 2269 765 2512 837; x_wconf 90' lang='lat' dir='ltr'>quilibet</span> <span class='ocrx_word' id='word_1_115' title='bbox 2527 765 2895 820; x_wconf 89' lang='lat' dir='ltr'>Christianus</span> <span class='ocrx_word' id='word_1_116' title='bbox 2917 764 3090 820; x_wconf 82' lang='lat' dir='ltr'>faciat</span> <span class='ocrx_word' id='word_1_117' title='bbox 3111 763 3266 836; x_wconf 91' lang='lat' dir='ltr'>quod</span> <span class='ocrx_word' id='word_1_118' title='bbox 3288 764 3484 835; x_wconf 87' lang='lat' dir='ltr'>ipsum</span> <span class='ocrx_word' id='word_1_119' title='bbox 3508 768 3770 836; x_wconf 87' lang='lat' dir='ltr'>oportet;</span> 
     </span>
    </p>
   </div>
   <div class='ocr_carea' id='block_1_22' title="bbox 2110 852 3776 925">
    <p class='ocr_par' dir='ltr' id='par_1_22' title="bbox 2110 852 3776 925">
     <span class='ocr_line' id='line_1_22' title="bbox 2110 852 3776 925; baseline 0 -17"><span class='ocrx_word' id='word_1_120' title='bbox 2110 855 2412 909; x_wconf 82' lang='lat' dir='ltr'>incumbat</span> <span class='ocrx_word' id='word_1_121' title='bbox 2437 853 2940 910; x_wconf 86' lang='lat' dir='ltr'>Christianissimo</span> <span class='ocrx_word' id='word_1_122' title='bbox 2965 870 3069 908; x_wconf 92' lang='lat' dir='ltr'>suo</span> <span class='ocrx_word' id='word_1_123' title='bbox 3103 852 3427 924; x_wconf 84' lang='lat' dir='ltr'>diligenter,</span> <span class='ocrx_word' id='word_1_124' title='bbox 3448 857 3504 910; x_wconf 88' lang='lat' dir='ltr'>et</span> <span class='ocrx_word' id='word_1_125' title='bbox 3534 869 3776 925; x_wconf 65' lang='lat' dir='ltr'>praepa-</span> 
     </span>
    </p>
   </div>
   <div class='ocr_carea' id='block_1_23' title="bbox 2110 940 3772 998">
    <p class='ocr_par' dir='ltr' id='par_1_23' title="bbox 2110 940 3772 998">
     <span class='ocr_line' id='line_1_23' title="bbox 2110 940 3772 998; baseline -0.001 0"><span class='ocrx_word' id='word_1_126' title='bbox 2110 947 2196 998; x_wconf 91' lang='lat' dir='ltr'>ret</span> <span class='ocrx_word' id='word_1_127' title='bbox 2219 960 2278 998; x_wconf 92' lang='lat' dir='ltr'>se</span> <span class='ocrx_word' id='word_1_128' title='bbox 2304 943 2477 998; x_wconf 87' lang='lat' dir='ltr'>etiam</span> <span class='ocrx_word' id='word_1_129' title='bbox 2502 943 2572 998; x_wconf 93' lang='lat' dir='ltr'>ad</span> <span class='ocrx_word' id='word_1_130' title='bbox 2591 941 3066 998; x_wconf 91' lang='lat' dir='ltr'>communionem</span> <span class='ocrx_word' id='word_1_131' title='bbox 3079 947 3135 997; x_wconf 88' lang='lat' dir='ltr'>S.</span> <span class='ocrx_word' id='word_1_132' title='bbox 3152 940 3529 998; x_wconf 71' lang='lat' dir='ltr'>Eucharistiae</span> <span class='ocrx_word' id='word_1_133' title='bbox 3549 941 3772 998; x_wconf 83' lang='lat' dir='ltr'>saltem</span> 
     </span>
    </p>
   </div>
   <div class='ocr_carea' id='block_1_24' title="bbox 2111 1029 3771 1104">
    <p class='ocr_par' dir='ltr' id='par_1_24' title="bbox 2111 1029 3771 1104">
     <span class='ocr_line' id='line_1_24' title="bbox 2111 1029 3771 1104; baseline -0.001 -18"><span class='ocrx_word' id='word_1_134' title='bbox 2111 1037 2198 1087; x_wconf 91' lang='lat' dir='ltr'>ter</span> <span class='ocrx_word' id='word_1_135' title='bbox 2228 1031 2286 1086; x_wconf 92' lang='lat' dir='ltr'>in</span> <span class='ocrx_word' id='word_1_136' title='bbox 2321 1048 2472 1087; x_wconf 91' lang='lat' dir='ltr'>anno</span> <span class='ocrx_word' id='word_1_137' title='bbox 2501 1029 2741 1086; x_wconf 91' lang='lat' dir='ltr'>cuilibet</span> <span class='ocrx_word' id='word_1_138' title='bbox 2772 1031 2872 1103; x_wconf 89' lang='lat' dir='ltr'>qui</span> <span class='ocrx_word' id='word_1_139' title='bbox 2899 1031 3194 1104; x_wconf 88' lang='lat' dir='ltr'>propriam</span> <span class='ocrx_word' id='word_1_140' title='bbox 3228 1030 3636 1086; x_wconf 75' lang='lat' dir='ltr'>necessitatem</span> <span class='ocrx_word' id='word_1_141' title='bbox 3671 1033 3771 1085; x_wconf 90' lang='lat' dir='ltr'>in-</span> 
     </span>
    </p>
   </div>
   <div class='ocr_carea' id='block_1_25' title="bbox 2111 1119 3774 1192">
    <p class='ocr_par' dir='ltr' id='par_1_25' title="bbox 2111 1119 3774 1192">
     <span class='ocr_line' id='line_1_25' title="bbox 2111 1119 3774 1192; baseline 0.001 -18"><span class='ocrx_word' id='word_1_142' title='bbox 2111 1119 2367 1192; x_wconf 91' lang='lat' dir='ltr'>lelligere</span> <span class='ocrx_word' id='word_1_143' title='bbox 2390 1119 2526 1175; x_wconf 77' lang='lat' dir='ltr'>velit</span> <span class='ocrx_word' id='word_1_144' title='bbox 2543 1137 2779 1176; x_wconf 88' lang='lat' dir='ltr'>necesse</span> <span class='ocrx_word' id='word_1_145' title='bbox 2795 1124 2902 1188; x_wconf 89' lang='lat' dir='ltr'>est,</span> <span class='ocrx_word' id='word_1_146' title='bbox 2925 1124 2981 1175; x_wconf 89' lang='lat' dir='ltr'>et</span> <span class='ocrx_word' id='word_1_147' title='bbox 2998 1120 3238 1175; x_wconf 87' lang='lat' dir='ltr'>verbum</span> <span class='ocrx_word' id='word_1_148' title='bbox 3272 1137 3337 1175; x_wconf 90' lang='lat' dir='ltr'>ac</span> <span class='ocrx_word' id='word_1_149' title='bbox 3372 1120 3587 1175; x_wconf 88' lang='lat' dir='ltr'>factum</span> <span class='ocrx_word' id='word_1_150' title='bbox 3622 1137 3774 1192; x_wconf 87' lang='lat' dir='ltr'>erga</span> 
     </span>
    </p>
   </div>
   <div class='ocr_carea' id='block_1_26' title="bbox 2113 1209 3771 1282">
    <p class='ocr_par' dir='ltr' id='par_1_26' title="bbox 2113 1209 3771 1282">
     <span class='ocr_line' id='line_1_26' title="bbox 2113 1209 3771 1282; baseline 0 -18"><span class='ocrx_word' id='word_1_151' title='bbox 2113 1209 2434 1282; x_wconf 89' lang='lat' dir='ltr'>quemlibet</span> <span class='ocrx_word' id='word_1_152' title='bbox 2463 1209 2720 1265; x_wconf 91' lang='lat' dir='ltr'>amicum</span> <span class='ocrx_word' id='word_1_153' title='bbox 2751 1210 2980 1264; x_wconf 87' lang='lat' dir='ltr'>ordinet</span> <span class='ocrx_word' id='word_1_154' title='bbox 3029 1226 3162 1264; x_wconf 91' lang='lat' dir='ltr'>cum</span> <span class='ocrx_word' id='word_1_155' title='bbox 3187 1209 3441 1280; x_wconf 88' lang='lat' dir='ltr'>justitia,</span> <span class='ocrx_word' id='word_1_156' title='bbox 3475 1213 3533 1265; x_wconf 87' lang='lat' dir='ltr'>et</span> <span class='ocrx_word' id='word_1_157' title='bbox 3555 1210 3771 1280; x_wconf 88' lang='lat' dir='ltr'>jusju-</span> 
     </span>
    </p>
   </div>
   <div class='ocr_carea' id='block_1_27' title="bbox 2114 1296 3774 1370">
    <p class='ocr_par' dir='ltr' id='par_1_27' title="bbox 2114 1296 3774 1370">
     <span class='ocr_line' id='line_1_27' title="bbox 2114 1296 3774 1370; baseline 0.001 -17"><span class='ocrx_word' id='word_1_158' title='bbox 2114 1300 2364 1354; x_wconf 84' lang='lat' dir='ltr'>randum</span> <span class='ocrx_word' id='word_1_159' title='bbox 2386 1315 2451 1353; x_wconf 91' lang='lat' dir='ltr'>ac</span> <span class='ocrx_word' id='word_1_160' title='bbox 2477 1297 2662 1354; x_wconf 79' lang='lat' dir='ltr'>foedus</span> <span class='ocrx_word' id='word_1_161' title='bbox 2693 1302 2858 1354; x_wconf 87' lang='lat' dir='ltr'>caute</span> <span class='ocrx_word' id='word_1_162' title='bbox 2904 1303 3093 1354; x_wconf 82' lang='lat' dir='ltr'>servet</span> <span class='ocrx_word' id='word_1_163' title='bbox 3120 1316 3132 1366; x_wconf 92' lang='lat'>;</span> <span class='ocrx_word' id='word_1_164' title='bbox 3158 1302 3213 1354; x_wconf 92' lang='lat' dir='ltr'>et</span> <span class='ocrx_word' id='word_1_165' title='bbox 3244 1296 3548 1370; x_wconf 88' lang='lat' dir='ltr'>quodlibet</span> <span class='ocrx_word' id='word_1_166' title='bbox 3579 1298 3774 1369; x_wconf 88' lang='lat' dir='ltr'>injus-</span> 
     </span>
    </p>
   </div>
   <div class='ocr_carea' id='block_1_28' title="bbox 2115 1387 3774 1460">
    <p class='ocr_par' dir='ltr' id='par_1_28' title="bbox 2115 1387 3774 1460">
     <span class='ocr_line' id='line_1_28' title="bbox 2115 1387 3774 1460; baseline 0 -19"><span class='ocrx_word' id='word_1_167' title='bbox 2115 1391 2239 1441; x_wconf 91' lang='lat' dir='ltr'>tum</span> <span class='ocrx_word' id='word_1_168' title='bbox 2262 1387 2571 1459; x_wconf 83' lang='lat' dir='ltr'>diligenter</span> <span class='ocrx_word' id='word_1_169' title='bbox 2598 1405 2666 1442; x_wconf 80' lang='lat' dir='ltr'>ex</span> <span class='ocrx_word' id='word_1_170' title='bbox 2691 1387 2798 1442; x_wconf 91' lang='lat' dir='ltr'>hac</span> <span class='ocrx_word' id='word_1_171' title='bbox 2823 1391 2974 1442; x_wconf 89' lang='lat' dir='ltr'>terra</span> <span class='ocrx_word' id='word_1_172' title='bbox 2993 1387 3282 1458; x_wconf 87' lang='lat' dir='ltr'>ejiciatur,</span> <span class='ocrx_word' id='word_1_173' title='bbox 3316 1390 3604 1460; x_wconf 88' lang='lat' dir='ltr'>quantum</span> <span class='ocrx_word' id='word_1_174' title='bbox 3637 1387 3774 1444; x_wconf 84' lang='lat' dir='ltr'>ﬁeri</span> 
     </span>
    </p>
   </div>
   <div class='ocr_carea' id='block_1_29' title="bbox 2115 1475 3771 1548">
    <p class='ocr_par' dir='ltr' id='par_1_29' title="bbox 2115 1475 3771 1548">
     <span class='ocr_line' id='line_1_29' title="bbox 2115 1475 3771 1548; baseline -0.001 -17"><span class='ocrx_word' id='word_1_175' title='bbox 2115 1479 2324 1548; x_wconf 85' lang='lat' dir='ltr'>potest,</span> <span class='ocrx_word' id='word_1_176' title='bbox 2357 1481 2412 1531; x_wconf 91' lang='lat' dir='ltr'>et</span> <span class='ocrx_word' id='word_1_177' title='bbox 2437 1475 2716 1548; x_wconf 87' lang='lat' dir='ltr'>diligatur</span> <span class='ocrx_word' id='word_1_178' title='bbox 2740 1476 2839 1531; x_wconf 89' lang='lat' dir='ltr'>Dei</span> <span class='ocrx_word' id='word_1_179' title='bbox 2863 1475 3100 1544; x_wconf 88' lang='lat' dir='ltr'>justitia</span> <span class='ocrx_word' id='word_1_180' title='bbox 3142 1475 3355 1532; x_wconf 89' lang='lat' dir='ltr'>abhinc</span> <span class='ocrx_word' id='word_1_181' title='bbox 3403 1475 3606 1532; x_wconf 91' lang='lat' dir='ltr'>sedulo</span> <span class='ocrx_word' id='word_1_182' title='bbox 3637 1492 3771 1531; x_wconf 87' lang='lat' dir='ltr'>ver-</span> 
     </span>
    </p>
   </div>
   <div class='ocr_carea' id='block_1_30' title="bbox 2116 1564 3781 1638">
    <p class='ocr_par' dir='ltr' id='par_1_30' title="bbox 2116 1564 3781 1638">
     <span class='ocr_line' id='line_1_30' title="bbox 2116 1564 3781 1638; baseline 0.001 -18"><span class='ocrx_word' id='word_1_183' title='bbox 2116 1565 2206 1620; x_wconf 92' lang='lat' dir='ltr'>bis</span> <span class='ocrx_word' id='word_1_184' title='bbox 2239 1570 2295 1620; x_wconf 87' lang='lat' dir='ltr'>et</span> <span class='ocrx_word' id='word_1_185' title='bbox 2325 1565 2510 1619; x_wconf 84' lang='lat' dir='ltr'>factis.</span> <span class='ocrx_word' id='word_1_186' title='bbox 2542 1565 2705 1620; x_wconf 91' lang='lat' dir='ltr'>Tunc</span> <span class='ocrx_word' id='word_1_187' title='bbox 2752 1565 2920 1621; x_wconf 88' lang='lat' dir='ltr'>nobis</span> <span class='ocrx_word' id='word_1_188' title='bbox 2968 1564 3244 1622; x_wconf 89' lang='lat' dir='ltr'>omnibus</span> <span class='ocrx_word' id='word_1_189' title='bbox 3303 1565 3408 1638; x_wconf 82' lang='lat' dir='ltr'>Dei</span> <span class='ocrx_word' id='word_1_190' title='bbox 3438 1564 3781 1636; x_wconf 79' lang='lat' dir='ltr'>misericor-</span> 
     </span>
    </p>
   </div>
   <div class='ocr_carea' id='block_1_31' title="bbox 2115 1652 2780 1725">
    <p class='ocr_par' dir='ltr' id='par_1_31' title="bbox 2115 1652 2780 1725">
     <span class='ocr_line' id='line_1_31' title="bbox 2115 1652 2780 1725; baseline 0.002 -18"><span class='ocrx_word' id='word_1_191' title='bbox 2115 1652 2212 1708; x_wconf 89' lang='lat' dir='ltr'>dia</span> <span class='ocrx_word' id='word_1_192' title='bbox 2244 1653 2623 1725; x_wconf 90' lang='lat' dir='ltr'>propinquior</span> <span class='ocrx_word' id='word_1_193' title='bbox 2654 1653 2780 1709; x_wconf 88' lang='lat' dir='ltr'>erit.</span> 
     </span>
    </p>
   </div>
   <div class='ocr_carea' id='block_1_32' title="bbox 2431 1751 3441 1822">
    <p class='ocr_par' dir='ltr' id='par_1_32' title="bbox 2431 1751 3441 1822">
     <span class='ocr_line' id='line_1_32' title="bbox 2431 1751 3441 1822; baseline 0 -16"><span class='ocrx_word' id='word_1_194' title='bbox 2431 1751 2542 1806; x_wconf 82' lang='lat' dir='ltr'>XX.</span> <span class='ocrx_word' id='word_1_195' title='bbox 2577 1751 2654 1805; x_wconf 83' lang='lat' dir='ltr'>Ad</span> <span class='ocrx_word' id='word_1_196' title='bbox 2683 1752 2998 1821; x_wconf 83' lang='lat' dir='ltr'>ﬁdelitatem</span> <span class='ocrx_word' id='word_1_197' title='bbox 3018 1767 3150 1822; x_wconf 85' lang='lat' dir='ltr'>erga</span> <span class='ocrx_word' id='word_1_198' title='bbox 3176 1751 3441 1806; x_wconf 78' lang='lat' dir='ltr'>dominos.</span> 
     </span>
    </p>
   </div>
   <div class='ocr_carea' id='block_1_33' title="bbox 360 1838 1988 1930">
    <p class='ocr_par' dir='ltr' id='par_1_33' title="bbox 360 1838 1988 1930">
     <span class='ocr_line' id='line_1_33' title="bbox 360 1838 1988 1930; baseline -0.004 -11"><span class='ocrx_word' id='word_1_199' title='bbox 360 1864 577 1929; x_wconf 74' lang='lat' dir='ltr'>Mariae,</span> <span class='ocrx_word' id='word_1_200' title='bbox 609 1838 842 1918; x_wconf 42' lang='lat' dir='ltr'>et&#39;festo</span> <span class='ocrx_word' id='word_1_201' title='bbox 875 1838 1280 1930; x_wconf 65' lang='lat' dir='ltr'>cujuscunque</span> <span class='ocrx_word' id='word_1_202' title='bbox 1308 1838 1551 1930; x_wconf 85' lang='lat' dir='ltr'>apostoli</span> <span class='ocrx_word' id='word_1_203' title='bbox 1575 1859 1988 1929; x_wconf 81' lang='lat' dir='ltr'>jejunetur,ex-</span> 
     </span>
    </p>
   </div>
   <div class='ocr_carea' id='block_1_34' title="bbox 2143 1838 3773 1930">
    <p class='ocr_par' dir='ltr' id='par_1_34' title="bbox 2185 1838 3773 1913">
     <span class='ocr_line' id='line_1_34' title="bbox 2185 1838 3773 1913; baseline 0.002 -19"><span class='ocrx_word' id='word_1_204' title='bbox 2185 1838 2491 1913; x_wconf 79' lang='lat' dir='ltr'>Agendum</span> <span class='ocrx_word' id='word_1_205' title='bbox 2524 1841 2808 1896; x_wconf 80' lang='lat' dir='ltr'>faciamus</span> <span class='ocrx_word' id='word_1_206' title='bbox 2837 1839 3015 1895; x_wconf 90' lang='lat' dir='ltr'>etiam</span> <span class='ocrx_word' id='word_1_207' title='bbox 3047 1839 3431 1906; x_wconf 91' lang='lat' dir='ltr'>sedulo,sicut</span> <span class='ocrx_word' id='word_1_208' title='bbox 3458 1840 3773 1910; x_wconf 78' lang='lat' dir='ltr'>docemus,</span> 
     </span>
    </p>
   </div>
   <div class='ocr_carea' id='block_1_35' title="bbox 361 1947 2004 2024">
    <p class='ocr_par' dir='ltr' id='par_1_35' title="bbox 361 1947 2004 2024">
     <span class='ocr_line' id='line_1_35' title="bbox 361 1947 2004 2024; baseline -0.004 -15"><span class='ocrx_word' id='word_1_209' title='bbox 361 1955 525 2024; x_wconf 85' lang='lat' dir='ltr'>c&#39;epto</span> <span class='ocrx_word' id='word_1_210' title='bbox 546 1948 1028 2021; x_wconf 84' lang='lat' dir='ltr'>festoPhilippiet</span> <span class='ocrx_word' id='word_1_211' title='bbox 1048 1947 1456 2018; x_wconf 88' lang='lat' dir='ltr'>Jacobi,(quia)</span> <span class='ocrx_word' id='word_1_212' title='bbox 1488 1965 1604 2002; x_wconf 90' lang='lat' dir='ltr'>non</span> <span class='ocrx_word' id='word_1_213' title='bbox 1635 1948 2004 2020; x_wconf 89' lang='lat' dir='ltr'>injungimus</span> 
     </span>
    </p>
   </div>
   <div class='ocr_carea' id='block_1_36' title="bbox 361 2034 2006 2112">
    <p class='ocr_par' dir='ltr' id='par_1_36' title="bbox 361 2034 2006 2112">
     <span class='ocr_line' id='line_1_36' title="bbox 361 2034 2006 2112; baseline -0.002 -16"><span class='ocrx_word' id='word_1_214' title='bbox 361 2040 599 2112; x_wconf 87' lang='lat' dir='ltr'>aliquod</span> <span class='ocrx_word' id='word_1_215' title='bbox 623 2037 918 2110; x_wconf 89' lang='lat' dir='ltr'>jejunium</span> <span class='ocrx_word' id='word_1_216' title='bbox 943 2039 1077 2091; x_wconf 89' lang='lat' dir='ltr'>ante</span> <span class='ocrx_word' id='word_1_217' title='bbox 1101 2035 1313 2091; x_wconf 84' lang='lat' dir='ltr'>festum</span> <span class='ocrx_word' id='word_1_218' title='bbox 1339 2034 1722 2103; x_wconf 86' lang='lat' dir='ltr'>Paschatis,et</span> <span class='ocrx_word' id='word_1_219' title='bbox 1743 2037 2006 2108; x_wconf 90' lang='lat' dir='ltr'>quolibet</span> 
     </span>
    </p>
   </div>
   <div class='ocr_carea' id='block_1_37' title="bbox 361 2123 2002 2200">
    <p class='ocr_par' dir='ltr' id='par_1_37' title="bbox 361 2123 2002 2200">
     <span class='ocr_line' id='line_1_37' title="bbox 361 2123 2002 2200; baseline -0.004 -13"><span class='ocrx_word' id='word_1_220' title='bbox 361 2131 454 2187; x_wconf 90' lang='lat' dir='ltr'>die</span> <span class='ocrx_word' id='word_1_221' title='bbox 481 2125 723 2185; x_wconf 87' lang='lat' dir='ltr'>Veneris</span> <span class='ocrx_word' id='word_1_222' title='bbox 755 2126 876 2200; x_wconf 87' lang='lat' dir='ltr'>(sit)</span> <span class='ocrx_word' id='word_1_223' title='bbox 899 2124 1216 2196; x_wconf 87' lang='lat' dir='ltr'>jejunium,</span> <span class='ocrx_word' id='word_1_224' title='bbox 1249 2123 1362 2182; x_wconf 90' lang='lat' dir='ltr'>nisi</span> <span class='ocrx_word' id='word_1_225' title='bbox 1411 2124 1485 2180; x_wconf 91' lang='lat' dir='ltr'>sit</span> <span class='ocrx_word' id='word_1_226' title='bbox 1531 2124 1764 2193; x_wconf 86' lang='lat' dir='ltr'>festum,</span> <span class='ocrx_word' id='word_1_227' title='bbox 1801 2130 1857 2180; x_wconf 91' lang='lat' dir='ltr'>et</span> <span class='ocrx_word' id='word_1_228' title='bbox 1889 2143 2002 2181; x_wconf 94' lang='lat' dir='ltr'>non</span> 
     </span>
    </p>
   </div>
   <div class='ocr_carea' id='block_1_38' title="bbox 361 2213 2002 2287">
    <p class='ocr_par' dir='ltr' id='par_1_38' title="bbox 361 2213 2002 2287">
     <span class='ocr_line' id='line_1_38' title="bbox 361 2213 2002 2287; baseline -0.004 -11"><span class='ocrx_word' id='word_1_229' title='bbox 361 2217 598 2285; x_wconf 11' lang='lat' dir='ltr'>n7eceSse</span> <span class='ocrx_word' id='word_1_230' title='bbox 628 2221 712 2274; x_wconf 89' lang='lat' dir='ltr'>est</span> <span class='ocrx_word' id='word_1_231' title='bbox 735 2217 1005 2287; x_wconf 88' lang='lat' dir='ltr'>jejunare</span> <span class='ocrx_word' id='word_1_232' title='bbox 1031 2231 1065 2269; x_wconf 88' lang='lat' dir='ltr'>a</span> <span class='ocrx_word' id='word_1_233' title='bbox 1093 2213 1372 2269; x_wconf 89' lang='lat' dir='ltr'>Paschate</span> <span class='ocrx_word' id='word_1_234' title='bbox 1408 2230 1594 2285; x_wconf 90' lang='lat' dir='ltr'>usque</span> <span class='ocrx_word' id='word_1_235' title='bbox 1624 2214 1696 2268; x_wconf 90' lang='lat' dir='ltr'>ad</span> <span class='ocrx_word' id='word_1_236' title='bbox 1732 2215 2002 2269; x_wconf 89' lang='lat' dir='ltr'>Penteco-</span> 
     </span>
    </p>
   </div>
   <div class='ocr_carea' id='block_1_39' title="bbox 361 2299 2002 2377">
    <p class='ocr_par' dir='ltr' id='par_1_39' title="bbox 361 2299 2002 2377">
     <span class='ocr_line' id='line_1_39' title="bbox 361 2299 2002 2377; baseline -0.004 -13"><span class='ocrx_word' id='word_1_237' title='bbox 361 2299 509 2374; x_wconf 86' lang='lat' dir='ltr'>sten,</span> <span class='ocrx_word' id='word_1_238' title='bbox 529 2305 638 2361; x_wconf 90' lang='lat' dir='ltr'>nisi</span> <span class='ocrx_word' id='word_1_239' title='bbox 669 2305 999 2377; x_wconf 87' lang='lat' dir='ltr'>injunctum</span> <span class='ocrx_word' id='word_1_240' title='bbox 1027 2303 1123 2368; x_wconf 90' lang='lat' dir='ltr'>sit,</span> <span class='ocrx_word' id='word_1_241' title='bbox 1158 2303 1240 2357; x_wconf 85' lang='lat' dir='ltr'>vel</span> <span class='ocrx_word' id='word_1_242' title='bbox 1267 2303 1391 2374; x_wconf 90' lang='lat' dir='ltr'>ipse</span> <span class='ocrx_word' id='word_1_243' title='bbox 1422 2303 1658 2358; x_wconf 88' lang='lat' dir='ltr'>omnino</span> <span class='ocrx_word' id='word_1_244' title='bbox 1690 2303 1826 2359; x_wconf 90' lang='lat' dir='ltr'>velit</span> <span class='ocrx_word' id='word_1_245' title='bbox 1846 2305 2002 2376; x_wconf 87' lang='lat' dir='ltr'>jeju-</span> 
     </span>
    </p>
   </div>
   <div class='ocr_carea' id='block_1_40' title="bbox 361 2391 2004 2464">
    <p class='ocr_par' dir='ltr' id='par_1_40' title="bbox 361 2391 2004 2464">
     <span class='ocr_line' id='line_1_40' title="bbox 361 2391 2004 2464; baseline -0.002 -11"><span class='ocrx_word' id='word_1_246' title='bbox 361 2414 522 2464; x_wconf 90' lang='lat' dir='ltr'>nare,</span> <span class='ocrx_word' id='word_1_247' title='bbox 554 2395 637 2452; x_wconf 90' lang='lat' dir='ltr'>uti</span> <span class='ocrx_word' id='word_1_248' title='bbox 668 2394 842 2450; x_wconf 90' lang='lat' dir='ltr'>etiam</span> <span class='ocrx_word' id='word_1_249' title='bbox 877 2396 909 2448; x_wconf 86' lang='lat' dir='ltr'>a</span> <span class='ocrx_word' id='word_1_250' title='bbox 936 2391 1122 2447; x_wconf 86' lang='lat' dir='ltr'>Natali</span> <span class='ocrx_word' id='word_1_251' title='bbox 1155 2391 1385 2448; x_wconf 88' lang='lat' dir='ltr'>Domini</span> <span class='ocrx_word' id='word_1_252' title='bbox 1421 2409 1607 2463; x_wconf 87' lang='lat' dir='ltr'>usque</span> <span class='ocrx_word' id='word_1_253' title='bbox 1639 2393 1709 2447; x_wconf 91' lang='lat' dir='ltr'>ad</span> <span class='ocrx_word' id='word_1_254' title='bbox 1743 2397 2004 2450; x_wconf 88' lang='lat' dir='ltr'>octavam</span> 
     </span>
    </p>
   </div>
   <div class='ocr_carea' id='block_1_41' title="bbox 359 2479 2002 2558">
    <p class='ocr_par' dir='ltr' id='par_1_41' title="bbox 359 2479 2002 2558">
     <span class='ocr_line' id='line_1_41' title="bbox 359 2479 2002 2558; baseline -0.002 -15"><span class='ocrx_word' id='word_1_255' title='bbox 359 2484 714 2558; x_wconf 77' lang='lat' dir='ltr'>Epiphaniae,</span> <span class='ocrx_word' id='word_1_256' title='bbox 746 2482 840 2538; x_wconf 92' lang='lat' dir='ltr'>hic</span> <span class='ocrx_word' id='word_1_257' title='bbox 871 2484 959 2538; x_wconf 89' lang='lat' dir='ltr'>est</span> <span class='ocrx_word' id='word_1_258' title='bbox 988 2483 1209 2552; x_wconf 90' lang='lat' dir='ltr'>septem</span> <span class='ocrx_word' id='word_1_259' title='bbox 1240 2479 1363 2536; x_wconf 90' lang='lat' dir='ltr'>dies</span> <span class='ocrx_word' id='word_1_260' title='bbox 1412 2485 1543 2550; x_wconf 90' lang='lat' dir='ltr'>post</span> <span class='ocrx_word' id='word_1_261' title='bbox 1589 2481 2002 2540; x_wconf 89' lang='lat' dir='ltr'>duodecimum</span> 
     </span>
    </p>
   </div>
   <div class='ocr_carea' id='block_1_42' title="bbox 359 2573 776 2631">
    <p class='ocr_par' dir='ltr' id='par_1_42' title="bbox 359 2573 776 2631">
     <span class='ocr_line' id='line_1_42' title="bbox 359 2573 776 2631; baseline -0.01 0"><span class='ocrx_word' id='word_1_262' title='bbox 359 2575 513 2631; x_wconf 90' lang='lat' dir='ltr'>diem</span> <span class='ocrx_word' id='word_1_263' title='bbox 542 2573 776 2629; x_wconf 78' lang='lat' dir='ltr'>festum.</span> 
     </span>
    </p>
   </div>
   <div class='ocr_carea' id='block_1_43' title="bbox 730 2676 1627 2747">
    <p class='ocr_par' dir='ltr' id='par_1_43' title="bbox 730 2676 1627 2747">
     <span class='ocr_line' id='line_1_43' title="bbox 730 2676 1627 2747; baseline -0.004 -13"><span class='ocrx_word' id='word_1_264' title='bbox 730 2677 898 2734; x_wconf 82' lang='lat' dir='ltr'>XVII.</span> <span class='ocrx_word' id='word_1_265' title='bbox 933 2678 1004 2732; x_wconf 84' lang='lat' dir='ltr'>De</span> <span class='ocrx_word' id='word_1_266' title='bbox 1031 2676 1359 2747; x_wconf 75' lang='lat' dir='ltr'>temporibus</span> <span class='ocrx_word' id='word_1_267' title='bbox 1370 2679 1627 2746; x_wconf 62' lang='lat' dir='ltr'>justitiaa.</span> 
     </span>
    </p>
   </div>
   <div class='ocr_carea' id='block_1_44' title="bbox 425 2781 2002 2860">
    <p class='ocr_par' dir='ltr' id='par_1_44' title="bbox 425 2781 2002 2860">
     <span class='ocr_line' id='line_1_44' title="bbox 425 2781 2002 2860; baseline -0.004 -15"><span class='ocrx_word' id='word_1_268' title='bbox 425 2791 496 2845; x_wconf 92' lang='lat' dir='ltr'>Et</span> <span class='ocrx_word' id='word_1_269' title='bbox 527 2786 906 2860; x_wconf 89' lang='lat' dir='ltr'>prohibemus</span> <span class='ocrx_word' id='word_1_270' title='bbox 936 2781 1224 2837; x_wconf 90' lang='lat' dir='ltr'>ordalium</span> <span class='ocrx_word' id='word_1_271' title='bbox 1256 2797 1321 2836; x_wconf 89' lang='lat' dir='ltr'>ac</span> <span class='ocrx_word' id='word_1_272' title='bbox 1335 2783 1675 2851; x_wconf 89' lang='lat' dir='ltr'>juramenta</span> <span class='ocrx_word' id='word_1_273' title='bbox 1705 2783 1867 2838; x_wconf 81' lang='lat' dir='ltr'>festis</span> <span class='ocrx_word' id='word_1_274' title='bbox 1889 2784 2002 2839; x_wconf 87' lang='lat' dir='ltr'>die-</span> 
     </span>
    </p>
   </div>
   <div class='ocr_carea' id='block_1_45' title="bbox 356 2871 2001 2944">
    <p class='ocr_par' dir='ltr' id='par_1_45' title="bbox 356 2871 2001 2944">
     <span class='ocr_line' id='line_1_45' title="bbox 356 2871 2001 2944; baseline -0.005 -10"><span class='ocrx_word' id='word_1_275' title='bbox 356 2879 488 2944; x_wconf 91' lang='lat' dir='ltr'>bus,</span> <span class='ocrx_word' id='word_1_276' title='bbox 514 2880 569 2932; x_wconf 91' lang='lat' dir='ltr'>et</span> <span class='ocrx_word' id='word_1_277' title='bbox 597 2875 806 2930; x_wconf 90' lang='lat' dir='ltr'>diebus</span> <span class='ocrx_word' id='word_1_278' title='bbox 838 2874 1097 2938; x_wconf 88' lang='lat' dir='ltr'>Quatuor</span> <span class='ocrx_word' id='word_1_279' title='bbox 1121 2871 1496 2942; x_wconf 90' lang='lat' dir='ltr'>Temporum,</span> <span class='ocrx_word' id='word_1_280' title='bbox 1527 2875 1581 2925; x_wconf 91' lang='lat' dir='ltr'>et</span> <span class='ocrx_word' id='word_1_281' title='bbox 1612 2871 1819 2927; x_wconf 89' lang='lat' dir='ltr'>diebus</span> <span class='ocrx_word' id='word_1_282' title='bbox 1849 2874 2001 2935; x_wconf 89' lang='lat' dir='ltr'>Qua-</span> 
     </span>
    </p>
   </div>
   <div class='ocr_carea' id='block_1_46' title="bbox 355 2959 2000 3037">
    <p class='ocr_par' dir='ltr' id='par_1_46' title="bbox 355 2959 2000 3037">
     <span class='ocr_line' id='line_1_46' title="bbox 355 2959 2000 3037; baseline -0.003 -15"><span class='ocrx_word' id='word_1_283' title='bbox 355 2962 864 3037; x_wconf 87' lang='lat' dir='ltr'>dragesimalibus,</span> <span class='ocrx_word' id='word_1_284' title='bbox 900 2964 957 3014; x_wconf 89' lang='lat' dir='ltr'>et</span> <span class='ocrx_word' id='word_1_285' title='bbox 977 2959 1158 3030; x_wconf 91' lang='lat' dir='ltr'>justis</span> <span class='ocrx_word' id='word_1_286' title='bbox 1185 2959 1392 3014; x_wconf 90' lang='lat' dir='ltr'>diebus</span> <span class='ocrx_word' id='word_1_287' title='bbox 1427 2959 1812 3030; x_wconf 90' lang='lat' dir='ltr'>jejunalibus,</span> <span class='ocrx_word' id='word_1_288' title='bbox 1845 2965 1901 3015; x_wconf 91' lang='lat' dir='ltr'>et</span> <span class='ocrx_word' id='word_1_289' title='bbox 1929 2963 2000 3017; x_wconf 87' lang='lat' dir='ltr'>ab</span> 
     </span>
    </p>
   </div>
   <div class='ocr_carea' id='block_1_47' title="bbox 352 3046 2000 3120">
    <p class='ocr_par' dir='ltr' id='par_1_47' title="bbox 352 3046 2000 3120">
     <span class='ocr_line' id='line_1_47' title="bbox 352 3046 2000 3120; baseline -0.004 -9"><span class='ocrx_word' id='word_1_290' title='bbox 352 3055 618 3111; x_wconf 85' lang='lat' dir='ltr'>Adventu</span> <span class='ocrx_word' id='word_1_291' title='bbox 639 3049 868 3106; x_wconf 90' lang='lat' dir='ltr'>Domini</span> <span class='ocrx_word' id='word_1_292' title='bbox 900 3048 1232 3120; x_wconf 90' lang='lat' dir='ltr'>usquedum</span> <span class='ocrx_word' id='word_1_293' title='bbox 1261 3051 1498 3102; x_wconf 90' lang='lat' dir='ltr'>octavus</span> <span class='ocrx_word' id='word_1_294' title='bbox 1520 3046 1645 3103; x_wconf 90' lang='lat' dir='ltr'>dies</span> <span class='ocrx_word' id='word_1_295' title='bbox 1665 3064 1844 3119; x_wconf 87' lang='lat' dir='ltr'>supra</span> <span class='ocrx_word' id='word_1_296' title='bbox 1864 3050 2000 3105; x_wconf 92' lang='lat' dir='ltr'>duo-</span> 
     </span>
    </p>
   </div>
   <div class='ocr_carea' id='block_1_48' title="bbox 358 3136 2000 3210">
    <p class='ocr_par' dir='ltr' id='par_1_48' title="bbox 358 3136 2000 3210">
     <span class='ocr_line' id='line_1_48' title="bbox 358 3136 2000 3210; baseline -0.004 -9"><span class='ocrx_word' id='word_1_297' title='bbox 358 3143 650 3201; x_wconf 87' lang='lat' dir='ltr'>decimum</span> <span class='ocrx_word' id='word_1_298' title='bbox 672 3139 826 3197; x_wconf 90' lang='lat' dir='ltr'>diem</span> <span class='ocrx_word' id='word_1_299' title='bbox 870 3136 1160 3209; x_wconf 70' lang='lat' dir='ltr'>praeteriit,</span> <span class='ocrx_word' id='word_1_300' title='bbox 1194 3140 1249 3192; x_wconf 92' lang='lat' dir='ltr'>et</span> <span class='ocrx_word' id='word_1_301' title='bbox 1278 3153 1312 3191; x_wconf 91' lang='lat' dir='ltr'>a</span> <span class='ocrx_word' id='word_1_302' title='bbox 1342 3136 1785 3208; x_wconf 84' lang='lat' dir='ltr'>Septuagesima</span> <span class='ocrx_word' id='word_1_303' title='bbox 1817 3154 2000 3210; x_wconf 92' lang='lat' dir='ltr'>usque</span> 
     </span>
    </p>
   </div>
   <div class='ocr_carea' id='block_1_49' title="bbox 359 3224 2074 3300">
    <p class='ocr_par' dir='ltr' id='par_1_49' title="bbox 359 3224 2074 3300">
     <span class='ocr_line' id='line_1_49' title="bbox 359 3224 2074 3300; baseline -0.005 -10"><span class='ocrx_word' id='word_1_304' title='bbox 359 3235 432 3290; x_wconf 90' lang='lat' dir='ltr'>ad</span> <span class='ocrx_word' id='word_1_305' title='bbox 465 3229 756 3288; x_wconf 89' lang='lat' dir='ltr'>decimum</span> <span class='ocrx_word' id='word_1_306' title='bbox 788 3227 1060 3300; x_wconf 91' lang='lat' dir='ltr'>quintum</span> <span class='ocrx_word' id='word_1_307' title='bbox 1084 3225 1239 3281; x_wconf 90' lang='lat' dir='ltr'>diem</span> <span class='ocrx_word' id='word_1_308' title='bbox 1263 3242 1440 3296; x_wconf 85' lang='lat' dir='ltr'>supra</span> <span class='ocrx_word' id='word_1_309' title='bbox 1470 3224 1786 3281; x_wconf 88' lang='lat' dir='ltr'>Pascha.Et</span> <span class='ocrx_word' id='word_1_310' title='bbox 1813 3228 1998 3284; x_wconf 84' lang='lat' dir='ltr'>sancti</span> <span class='ocrx_word' id='word_1_311' title='bbox 2032 3225 2074 3290; x_wconf 88' lang='lat' dir='ltr'>C</span> 
     </span>
    </p>
   </div>
   <div class='ocr_carea' id='block_1_50' title="bbox 358 3313 2003 3387">
    <p class='ocr_par' dir='ltr' id='par_1_50' title="bbox 358 3313 2003 3387">
     <span class='ocr_line' id='line_1_50' title="bbox 358 3313 2003 3387; baseline -0.004 -9"><span class='ocrx_word' id='word_1_312' title='bbox 358 3318 668 3378; x_wconf 87' lang='lat' dir='ltr'>Edweardi</span> <span class='ocrx_word' id='word_1_313' title='bbox 717 3319 932 3375; x_wconf 83' lang='lat' dir='ltr'>festum</span> <span class='ocrx_word' id='word_1_314' title='bbox 991 3314 1284 3387; x_wconf 88' lang='lat' dir='ltr'>sapientes</span> <span class='ocrx_word' id='word_1_315' title='bbox 1339 3313 1658 3384; x_wconf 90' lang='lat' dir='ltr'>elegerunt,</span> <span class='ocrx_word' id='word_1_316' title='bbox 1688 3319 1754 3369; x_wconf 91' lang='lat' dir='ltr'>ut</span> <span class='ocrx_word' id='word_1_317' title='bbox 1785 3316 2003 3372; x_wconf 83' lang='lat' dir='ltr'>festum</span> 
     </span>
    </p>
   </div>
   <div class='ocr_carea' id='block_1_51' title="bbox 361 3401 2005 3480">
    <p class='ocr_par' dir='ltr' id='par_1_51' title="bbox 361 3401 2005 3480">
     <span class='ocr_line' id='line_1_51' title="bbox 361 3401 2005 3480; baseline -0.004 -12"><span class='ocrx_word' id='word_1_318' title='bbox 361 3411 751 3468; x_wconf 83' lang='lat' dir='ltr'>celebraretur</span> <span class='ocrx_word' id='word_1_319' title='bbox 794 3423 897 3480; x_wconf 90' lang='lat' dir='ltr'>per</span> <span class='ocrx_word' id='word_1_320' title='bbox 933 3420 1168 3459; x_wconf 87' lang='lat' dir='ltr'>omnem</span> <span class='ocrx_word' id='word_1_321' title='bbox 1220 3401 1511 3473; x_wconf 83' lang='lat' dir='ltr'>Angliam,</span> <span class='ocrx_word' id='word_1_322' title='bbox 1547 3402 1626 3473; x_wconf 92' lang='lat' dir='ltr'>(h.</span> <span class='ocrx_word' id='word_1_323' title='bbox 1688 3421 1737 3458; x_wconf 90' lang='lat' dir='ltr'>e.</span> <span class='ocrx_word' id='word_1_324' title='bbox 1789 3420 1883 3460; x_wconf 84' lang='lat' dir='ltr'>xw</span> <span class='ocrx_word' id='word_1_325' title='bbox 1911 3406 2005 3462; x_wconf 93' lang='lat' dir='ltr'>die</span> 
     </span>
    </p>
   </div>
   <div class='ocr_carea' id='block_1_52' title="bbox 363 3490 2000 3567">
    <p class='ocr_par' dir='ltr' id='par_1_52' title="bbox 363 3490 2000 3567">
     <span class='ocr_line' id='line_1_52' title="bbox 363 3490 2000 3567; baseline -0.004 -10"><span class='ocrx_word' id='word_1_326' title='bbox 363 3497 577 3567; x_wconf 89' lang='lat' dir='ltr'>Martii,</span> <span class='ocrx_word' id='word_1_327' title='bbox 599 3515 671 3554; x_wconf 84' lang='lat' dir='ltr'>xv</span> <span class='ocrx_word' id='word_1_328' title='bbox 699 3497 822 3554; x_wconf 81' lang='lat' dir='ltr'>Kal.</span> <span class='ocrx_word' id='word_1_329' title='bbox 857 3493 1096 3567; x_wconf 83' lang='lat' dir='ltr'>Aprilis,</span> <span class='ocrx_word' id='word_1_330' title='bbox 1130 3495 1186 3548; x_wconf 89' lang='lat' dir='ltr'>et</span> <span class='ocrx_word' id='word_1_331' title='bbox 1215 3490 1400 3547; x_wconf 88' lang='lat' dir='ltr'>sancti</span> <span class='ocrx_word' id='word_1_332' title='bbox 1437 3491 1723 3547; x_wconf 90' lang='lat' dir='ltr'>Dunstani</span> <span class='ocrx_word' id='word_1_333' title='bbox 1765 3493 2000 3561; x_wconf 81' lang='lat' dir='ltr'>festum,</span> 
     </span>
    </p>
   </div>
   <div class='ocr_carea' id='block_1_53' title="bbox 363 3578 2000 3653">
    <p class='ocr_par' dir='ltr' id='par_1_53' title="bbox 363 3578 2000 3653">
     <span class='ocr_line' id='line_1_53' title="bbox 363 3578 2000 3653; baseline -0.005 -6"><span class='ocrx_word' id='word_1_334' title='bbox 363 3608 458 3647; x_wconf 72' lang='lat' dir='ltr'>11v</span> <span class='ocrx_word' id='word_1_335' title='bbox 488 3587 608 3646; x_wconf 88' lang='lat' dir='ltr'>Kal.</span> <span class='ocrx_word' id='word_1_336' title='bbox 641 3585 941 3653; x_wconf 84' lang='lat' dir='ltr'>Junii,hoc</span> <span class='ocrx_word' id='word_1_337' title='bbox 963 3587 1052 3638; x_wconf 92' lang='lat' dir='ltr'>est</span> <span class='ocrx_word' id='word_1_338' title='bbox 1068 3598 1179 3636; x_wconf 83' lang='lat' dir='ltr'>xxx</span> <span class='ocrx_word' id='word_1_339' title='bbox 1202 3579 1296 3635; x_wconf 91' lang='lat' dir='ltr'>die</span> <span class='ocrx_word' id='word_1_340' title='bbox 1319 3579 1376 3633; x_wconf 91' lang='lat' dir='ltr'>in</span> <span class='ocrx_word' id='word_1_341' title='bbox 1395 3578 1636 3636; x_wconf 88' lang='lat' dir='ltr'>Maio.Et</span> <span class='ocrx_word' id='word_1_342' title='bbox 1669 3581 1762 3636; x_wconf 89' lang='lat' dir='ltr'>his</span> <span class='ocrx_word' id='word_1_343' title='bbox 1781 3586 2000 3639; x_wconf 88' lang='lat' dir='ltr'>sanctis</span> 
     </span>
    </p>
   </div>
   <div class='ocr_carea' id='block_1_54' title="bbox 360 3666 2000 3752">
    <p class='ocr_par' dir='ltr' id='par_1_54' title="bbox 360 3666 2000 3752">
     <span class='ocr_line' id='line_1_54' title="bbox 360 3666 2000 3752; baseline -0.005 -16"><span class='ocrx_word' id='word_1_344' title='bbox 360 3672 940 3752; x_wconf 88' lang='lat' dir='ltr'>temporibus,prouti</span> <span class='ocrx_word' id='word_1_345' title='bbox 958 3674 1188 3744; x_wconf 89' lang='lat' dir='ltr'>justum</span> <span class='ocrx_word' id='word_1_346' title='bbox 1215 3666 1482 3733; x_wconf 89' lang='lat' dir='ltr'>est,inter</span> <span class='ocrx_word' id='word_1_347' title='bbox 1501 3685 1704 3724; x_wconf 89' lang='lat' dir='ltr'>omnes</span> <span class='ocrx_word' id='word_1_348' title='bbox 1725 3669 2000 3727; x_wconf 87' lang='lat' dir='ltr'>Christia-</span> 
     </span>
    </p>
   </div>
   <div class='ocr_carea' id='block_1_55' title="bbox 358 3755 1994 3840">
    <p class='ocr_par' dir='ltr' id='par_1_55' title="bbox 358 3755 1994 3840">
     <span class='ocr_line' id='line_1_55' title="bbox 358 3755 1994 3840; baseline -0.006 -16"><span class='ocrx_word' id='word_1_349' title='bbox 358 3785 464 3824; x_wconf 89' lang='lat' dir='ltr'>nos</span> <span class='ocrx_word' id='word_1_350' title='bbox 481 3785 592 3840; x_wconf 85' lang='lat' dir='ltr'>pax</span> <span class='ocrx_word' id='word_1_351' title='bbox 612 3769 668 3822; x_wconf 90' lang='lat' dir='ltr'>et</span> <span class='ocrx_word' id='word_1_352' title='bbox 687 3762 998 3822; x_wconf 88' lang='lat' dir='ltr'>concordia</span> <span class='ocrx_word' id='word_1_353' title='bbox 1021 3759 1116 3825; x_wconf 89' lang='lat' dir='ltr'>sit,</span> <span class='ocrx_word' id='word_1_354' title='bbox 1151 3761 1207 3812; x_wconf 92' lang='lat' dir='ltr'>et</span> <span class='ocrx_word' id='word_1_355' title='bbox 1235 3755 1427 3811; x_wconf 89' lang='lat' dir='ltr'>omnis</span> <span class='ocrx_word' id='word_1_356' title='bbox 1467 3757 1627 3813; x_wconf 89' lang='lat' dir='ltr'>fraus</span> <span class='ocrx_word' id='word_1_357' title='bbox 1657 3759 1994 3830; x_wconf 87' lang='lat' dir='ltr'>dissipetur.</span> 
     </span>
    </p>
   </div>
   <div class='ocr_carea' id='block_1_56' title="bbox 353 3844 1994 3927">
    <p class='ocr_par' dir='ltr' id='par_1_56' title="bbox 353 3844 1994 3927">
     <span class='ocr_line' id='line_1_56' title="bbox 353 3844 1994 3927; baseline -0.005 -14"><span class='ocrx_word' id='word_1_358' title='bbox 353 3858 421 3913; x_wconf 89' lang='lat' dir='ltr'>Et</span> <span class='ocrx_word' id='word_1_359' title='bbox 451 3857 500 3912; x_wconf 90' lang='lat' dir='ltr'>si</span> <span class='ocrx_word' id='word_1_360' title='bbox 531 3854 663 3927; x_wconf 90' lang='lat' dir='ltr'>quis</span> <span class='ocrx_word' id='word_1_361' title='bbox 695 3851 870 3909; x_wconf 89' lang='lat' dir='ltr'>alicui</span> <span class='ocrx_word' id='word_1_362' title='bbox 893 3846 1330 3919; x_wconf 79' lang='lat' dir='ltr'>ﬁdsjussionem</span> <span class='ocrx_word' id='word_1_363' title='bbox 1353 3844 1438 3901; x_wconf 87' lang='lat' dir='ltr'>vel</span> <span class='ocrx_word' id='word_1_364' title='bbox 1459 3848 1994 3918; x_wconf 86' lang='lat' dir='ltr'>compensationem</span> 
     </span>
    </p>
   </div>
   <div class='ocr_carea' id='block_1_57' title="bbox 352 3934 1996 4018">
    <p class='ocr_par' dir='ltr' id='par_1_57' title="bbox 352 3934 1996 4018">
     <span class='ocr_line' id='line_1_57' title="bbox 352 3934 1996 4018; baseline -0.004 -17"><span class='ocrx_word' id='word_1_365' title='bbox 352 3963 455 4018; x_wconf 90' lang='lat' dir='ltr'>pro</span> <span class='ocrx_word' id='word_1_366' title='bbox 486 3945 662 4001; x_wconf 89' lang='lat' dir='ltr'>rebus</span> <span class='ocrx_word' id='word_1_367' title='bbox 693 3939 940 3999; x_wconf 87' lang='lat' dir='ltr'>terrenis</span> <span class='ocrx_word' id='word_1_368' title='bbox 989 3935 1277 4001; x_wconf 87' lang='lat' dir='ltr'>debuerit,</span> <span class='ocrx_word' id='word_1_369' title='bbox 1313 3934 1518 3989; x_wconf 86' lang='lat' dir='ltr'>reddat</span> <span class='ocrx_word' id='word_1_370' title='bbox 1549 3935 1599 3989; x_wconf 90' lang='lat' dir='ltr'>ei</span> <span class='ocrx_word' id='word_1_371' title='bbox 1631 3935 1834 3992; x_wconf 88' lang='lat' dir='ltr'>sedulo</span> <span class='ocrx_word' id='word_1_372' title='bbox 1863 3943 1996 3995; x_wconf 89' lang='lat' dir='ltr'>ante</span> 
     </span>
    </p>
   </div>
   <div class='ocr_carea' id='block_1_58' title="bbox 343 4034 614 4107">
    <p class='ocr_par' dir='ltr' id='par_1_58' title="bbox 343 4034 614 4107">
     <span class='ocr_line' id='line_1_58' title="bbox 343 4034 614 4107; baseline 0 -17"><span class='ocrx_word' id='word_1_373' title='bbox 343 4034 429 4091; x_wconf 87' lang='lat' dir='ltr'>vel</span> <span class='ocrx_word' id='word_1_374' title='bbox 463 4038 614 4107; x_wconf 86' lang='lat' dir='ltr'>post.</span> 
     </span>
    </p>
   </div>
   <div class='ocr_carea' id='block_1_59' title="bbox 345 4130 1986 4255">
    <p class='ocr_par' dir='ltr' id='par_1_59' title="bbox 345 4130 1986 4255">
     <span class='ocr_line' id='line_1_59' title="bbox 345 4130 1986 4255; baseline -0.012 -57"><span class='ocrx_word' id='word_1_375' title='bbox 345 4141 539 4198; x_wconf 88' lang='lat' dir='ltr'>XVIII.</span> <span class='ocrx_word' id='word_1_376' title='bbox 572 4141 678 4196; x_wconf 86' lang='lat' dir='ltr'>Pia</span> <span class='ocrx_word' id='word_1_377' title='bbox 706 4134 1014 4194; x_wconf 73' lang='lat' dir='ltr'>exhortatio</span> <span class='ocrx_word' id='word_1_378' title='bbox 1181 4130 1574 4254; x_wconf 50' lang='lat' dir='ltr'>gon/essionem</span> <span class='ocrx_word' id='word_1_379' title='bbox 1624 4134 1675 4186; x_wconf 84' lang='lat' dir='ltr'>et</span> <span class='ocrx_word' id='word_1_380' title='bbox 1717 4137 1986 4203; x_wconf 62' lang='lat' dir='ltr'>pwniten-</span> 
     </span>
     <span class='ocr_line' id='line_1_60' title="bbox 1109 4218 1242 4255; baseline -0.008 0"><span class='ocrx_word' id='word_1_381' title='bbox 1109 4218 1186 4255; x_wconf 69' lang='grc' dir='ltr'>κατ</span> <span class='ocrx_word' id='word_1_382' title='bbox 1230 4243 1242 4254; x_wconf 92' lang='grc'><strong>.</strong></span> 
     </span>
    </p>
   </div>
   <div class='ocr_carea' id='block_1_60' title="bbox 1109 4218 1242 4255">
    <p class='ocr_par' dir='ltr' id='par_1_60' title="bbox 1109 4218 1242 4255">
     <span class='ocr_line' id='line_1_61' title="bbox 1109 4218 1242 4255; baseline -0.008 0"><span class='ocrx_word' id='word_1_383' title='bbox 1109 4218 1242 4255; x_wconf 72' lang='lat' dir='ltr'>tam.</span> 
     </span>
    </p>
   </div>
   <div class='ocr_carea' id='block_1_61' title="bbox 418 4305 1984 4391">
    <p class='ocr_par' dir='ltr' id='par_1_61' title="bbox 418 4305 1984 4391">
     <span class='ocr_line' id='line_1_62' title="bbox 418 4305 1984 4391; baseline -0.005 -16"><span class='ocrx_word' id='word_1_384' title='bbox 418 4320 712 4391; x_wconf 81' lang='lat' dir='ltr'>Rogamus</span> <span class='ocrx_word' id='word_1_385' title='bbox 743 4312 918 4368; x_wconf 88' lang='lat' dir='ltr'>etiam</span> <span class='ocrx_word' id='word_1_386' title='bbox 935 4325 1037 4380; x_wconf 89' lang='lat' dir='ltr'>per</span> <span class='ocrx_word' id='word_1_387' title='bbox 1053 4305 1154 4362; x_wconf 92' lang='lat' dir='ltr'>Dei</span> <span class='ocrx_word' id='word_1_388' title='bbox 1185 4322 1439 4362; x_wconf 89' lang='lat' dir='ltr'>amorem</span> <span class='ocrx_word' id='word_1_389' title='bbox 1471 4311 1535 4361; x_wconf 93' lang='lat' dir='ltr'>ut</span> <span class='ocrx_word' id='word_1_390' title='bbox 1557 4306 1796 4378; x_wconf 87' lang='lat' dir='ltr'>quilibet</span> <span class='ocrx_word' id='word_1_391' title='bbox 1824 4311 1984 4367; x_wconf 88' lang='lat' dir='ltr'>Chri-</span> 
     </span>
    </p>
   </div>
   <div class='ocr_carea' id='block_1_62' title="bbox 345 4395 1984 4470">
    <p class='ocr_par' dir='ltr' id='par_1_62' title="bbox 345 4395 1984 4470">
     <span class='ocr_line' id='line_1_63' title="bbox 345 4395 1984 4470; baseline -0.005 -6"><span class='ocrx_word' id='word_1_392' title='bbox 345 4408 575 4464; x_wconf 86' lang='lat' dir='ltr'>stianus</span> <span class='ocrx_word' id='word_1_393' title='bbox 606 4400 896 4470; x_wconf 88' lang='lat' dir='ltr'>intelligat</span> <span class='ocrx_word' id='word_1_394' title='bbox 929 4395 1130 4452; x_wconf 90' lang='lat' dir='ltr'>sedulo</span> <span class='ocrx_word' id='word_1_395' title='bbox 1171 4395 1471 4467; x_wconf 90' lang='lat' dir='ltr'>proprium</span> <span class='ocrx_word' id='word_1_396' title='bbox 1511 4412 1686 4452; x_wconf 91' lang='lat' dir='ltr'>suum</span> <span class='ocrx_word' id='word_1_397' title='bbox 1726 4415 1984 4456; x_wconf 85' lang='lat' dir='ltr'>commo-</span> 
     </span>
    </p>
   </div>
   <div class='ocr_carea' id='block_1_63' title="bbox 345 4483 1982 4556">
    <p class='ocr_par' dir='ltr' id='par_1_63' title="bbox 345 4483 1982 4556">
     <span class='ocr_line' id='line_1_64' title="bbox 345 4483 1982 4556; baseline -0.004 -5"><span class='ocrx_word' id='word_1_398' title='bbox 345 4497 508 4552; x_wconf 90' lang='lat' dir='ltr'>dum.</span> <span class='ocrx_word' id='word_1_399' title='bbox 541 4493 689 4548; x_wconf 83' lang='lat' dir='ltr'>Ante</span> <span class='ocrx_word' id='word_1_400' title='bbox 723 4485 921 4542; x_wconf 89' lang='lat' dir='ltr'>omnia</span> <span class='ocrx_word' id='word_1_401' title='bbox 936 4490 1168 4556; x_wconf 83' lang='lat' dir='ltr'>tempus</span> <span class='ocrx_word' id='word_1_402' title='bbox 1190 4483 1425 4554; x_wconf 87' lang='lat' dir='ltr'>aliquod</span> <span class='ocrx_word' id='word_1_403' title='bbox 1449 4490 1782 4556; x_wconf 83' lang='lat' dir='ltr'>exspectare</span> <span class='ocrx_word' id='word_1_404' title='bbox 1812 4489 1982 4544; x_wconf 90' lang='lat' dir='ltr'>debe-</span> 
     </span>
    </p>
   </div>
   <div class='ocr_carea' id='block_1_64' title="bbox 2115 1929 3772 2002">
    <p class='ocr_par' dir='ltr' id='par_1_64' title="bbox 2115 1929 3772 2002">
     <span class='ocr_line' id='line_1_65' title="bbox 2115 1929 3772 2002; baseline 0.002 -19"><span class='ocrx_word' id='word_1_405' title='bbox 2115 1930 2302 1984; x_wconf 91' lang='lat' dir='ltr'>simus</span> <span class='ocrx_word' id='word_1_406' title='bbox 2326 1946 2555 2002; x_wconf 89' lang='lat' dir='ltr'>semper</span> <span class='ocrx_word' id='word_1_407' title='bbox 2577 1930 2814 1984; x_wconf 91' lang='lat' dir='ltr'>domino</span> <span class='ocrx_word' id='word_1_408' title='bbox 2833 1933 3031 1984; x_wconf 88' lang='lat' dir='ltr'>nostro</span> <span class='ocrx_word' id='word_1_409' title='bbox 3048 1929 3438 2000; x_wconf 84' lang='lat' dir='ltr'>obsequentes</span> <span class='ocrx_word' id='word_1_410' title='bbox 3461 1934 3519 1985; x_wconf 92' lang='lat' dir='ltr'>et</span> <span class='ocrx_word' id='word_1_411' title='bbox 3535 1929 3772 1997; x_wconf 83' lang='lat' dir='ltr'>ﬁdeles,</span> 
     </span>
    </p>
   </div>
   <div class='ocr_carea' id='block_1_65' title="bbox 2113 2017 3776 2090">
    <p class='ocr_par' dir='ltr' id='par_1_65' title="bbox 2113 2017 3776 2090">
     <span class='ocr_line' id='line_1_66' title="bbox 2113 2017 3776 2090; baseline 0.001 -17"><span class='ocrx_word' id='word_1_412' title='bbox 2113 2022 2170 2073; x_wconf 90' lang='lat' dir='ltr'>et</span> <span class='ocrx_word' id='word_1_413' title='bbox 2186 2024 2465 2090; x_wconf 91' lang='lat' dir='ltr'>perpetuo</span> <span class='ocrx_word' id='word_1_414' title='bbox 2487 2018 2760 2073; x_wconf 90' lang='lat' dir='ltr'>omnibus</span> <span class='ocrx_word' id='word_1_415' title='bbox 2776 2018 2996 2073; x_wconf 87' lang='lat' dir='ltr'>viribus</span> <span class='ocrx_word' id='word_1_416' title='bbox 3024 2017 3242 2072; x_wconf 91' lang='lat' dir='ltr'>cultum</span> <span class='ocrx_word' id='word_1_417' title='bbox 3259 2018 3446 2090; x_wconf 92' lang='lat' dir='ltr'>ipsius</span> <span class='ocrx_word' id='word_1_418' title='bbox 3466 2022 3776 2086; x_wconf 84' lang='lat' dir='ltr'>tueamur,</span> 
     </span>
    </p>
   </div>
   <div class='ocr_carea' id='block_1_66' title="bbox 2114 2107 3770 2179">
    <p class='ocr_par' dir='ltr' id='par_1_66' title="bbox 2114 2107 3770 2179">
     <span class='ocr_line' id='line_1_67' title="bbox 2114 2107 3770 2179; baseline 0.001 -17"><span class='ocrx_word' id='word_1_419' title='bbox 2114 2112 2172 2162; x_wconf 93' lang='lat' dir='ltr'>et</span> <span class='ocrx_word' id='word_1_420' title='bbox 2200 2107 2556 2162; x_wconf 87' lang='lat' dir='ltr'>voluntatem</span> <span class='ocrx_word' id='word_1_421' title='bbox 2589 2108 2716 2178; x_wconf 88' lang='lat' dir='ltr'>ejus</span> <span class='ocrx_word' id='word_1_422' title='bbox 2737 2107 3264 2178; x_wconf 90' lang='lat' dir='ltr'>operemur.0mne</span> <span class='ocrx_word' id='word_1_423' title='bbox 3295 2123 3569 2178; x_wconf 88' lang='lat' dir='ltr'>namque,</span> <span class='ocrx_word' id='word_1_424' title='bbox 3605 2109 3770 2179; x_wconf 88' lang='lat' dir='ltr'>quod</span> 
     </span>
    </p>
   </div>
   <div class='ocr_carea' id='block_1_67' title="bbox 2116 2193 3775 2268">
    <p class='ocr_par' dir='ltr' id='par_1_67' title="bbox 2116 2193 3775 2268">
     <span class='ocr_line' id='line_1_68' title="bbox 2116 2193 3775 2268; baseline 0.002 -17"><span class='ocrx_word' id='word_1_425' title='bbox 2116 2213 2376 2267; x_wconf 88' lang='lat' dir='ltr'>unquam</span> <span class='ocrx_word' id='word_1_426' title='bbox 2409 2212 2512 2268; x_wconf 90' lang='lat' dir='ltr'>pro</span> <span class='ocrx_word' id='word_1_427' title='bbox 2541 2213 2674 2251; x_wconf 86' lang='lat' dir='ltr'>vero</span> <span class='ocrx_word' id='word_1_428' title='bbox 2709 2196 2950 2250; x_wconf 89' lang='lat' dir='ltr'>Domino</span> <span class='ocrx_word' id='word_1_429' title='bbox 2978 2193 3227 2251; x_wconf 74' lang='lat' dir='ltr'>fideliter</span> <span class='ocrx_word' id='word_1_430' title='bbox 3243 2195 3775 2263; x_wconf 78' lang='lat' dir='ltr'>fecerimus,omne</span> 
     </span>
    </p>
   </div>
   <div class='ocr_carea' id='block_1_68' title="bbox 2115 2284 3768 2356">
    <p class='ocr_par' dir='ltr' id='par_1_68' title="bbox 2115 2284 3768 2356">
     <span class='ocr_line' id='line_1_69' title="bbox 2115 2284 3768 2356; baseline 0.002 -17"><span class='ocrx_word' id='word_1_431' title='bbox 2115 2284 2258 2340; x_wconf 91' lang='lat' dir='ltr'>illud</span> <span class='ocrx_word' id='word_1_432' title='bbox 2283 2285 2450 2341; x_wconf 91' lang='lat' dir='ltr'>nobis</span> <span class='ocrx_word' id='word_1_433' title='bbox 2482 2285 2627 2356; x_wconf 92' lang='lat' dir='ltr'>ipsis</span> <span class='ocrx_word' id='word_1_434' title='bbox 2678 2284 2924 2340; x_wconf 79' lang='lat' dir='ltr'>facimus</span> <span class='ocrx_word' id='word_1_435' title='bbox 2954 2284 3025 2339; x_wconf 89' lang='lat' dir='ltr'>ad</span> <span class='ocrx_word' id='word_1_436' title='bbox 3080 2285 3362 2355; x_wconf 89' lang='lat' dir='ltr'>majorem</span> <span class='ocrx_word' id='word_1_437' title='bbox 3421 2285 3768 2344; x_wconf 81' lang='lat' dir='ltr'>utilitatem.</span> 
     </span>
    </p>
   </div>
   <div class='ocr_carea' id='block_1_69' title="bbox 2115 2373 3774 2445">
    <p class='ocr_par' dir='ltr' id='par_1_69' title="bbox 2115 2373 3774 2445">
     <span class='ocr_line' id='line_1_70' title="bbox 2115 2373 3774 2445; baseline 0.002 -17"><span class='ocrx_word' id='word_1_438' title='bbox 2115 2373 2202 2428; x_wconf 91' lang='lat' dir='ltr'>Illi</span> <span class='ocrx_word' id='word_1_439' title='bbox 2235 2389 2490 2444; x_wconf 87' lang='lat' dir='ltr'>namque</span> <span class='ocrx_word' id='word_1_440' title='bbox 2513 2377 2666 2428; x_wconf 90' lang='lat' dir='ltr'>certe</span> <span class='ocrx_word' id='word_1_441' title='bbox 2695 2373 2850 2428; x_wconf 89' lang='lat' dir='ltr'>Deus</span> <span class='ocrx_word' id='word_1_442' title='bbox 2899 2373 3191 2445; x_wconf 85' lang='lat' dir='ltr'>gratiosus</span> <span class='ocrx_word' id='word_1_443' title='bbox 3248 2377 3356 2441; x_wconf 90' lang='lat' dir='ltr'>est,</span> <span class='ocrx_word' id='word_1_444' title='bbox 3391 2374 3490 2445; x_wconf 90' lang='lat' dir='ltr'>qui</span> <span class='ocrx_word' id='word_1_445' title='bbox 3523 2374 3774 2432; x_wconf 89' lang='lat' dir='ltr'>domino</span> 
     </span>
    </p>
   </div>
   <div class='ocr_carea' id='block_1_70' title="bbox 2115 2461 3768 2536">
    <p class='ocr_par' dir='ltr' id='par_1_70' title="bbox 2115 2461 3768 2536">
     <span class='ocr_line' id='line_1_71' title="bbox 2115 2461 3768 2536; baseline 0.002 -20"><span class='ocrx_word' id='word_1_446' title='bbox 2115 2479 2220 2517; x_wconf 90' lang='lat' dir='ltr'>suo</span> <span class='ocrx_word' id='word_1_447' title='bbox 2251 2478 2379 2517; x_wconf 89' lang='lat' dir='ltr'>vere</span> <span class='ocrx_word' id='word_1_448' title='bbox 2402 2463 2729 2534; x_wconf 90' lang='lat' dir='ltr'>obsequens</span> <span class='ocrx_word' id='word_1_449' title='bbox 2749 2466 2856 2517; x_wconf 89' lang='lat' dir='ltr'>est.</span> <span class='ocrx_word' id='word_1_450' title='bbox 2879 2462 3089 2536; x_wconf 85' lang='lat' dir='ltr'>Magna</span> <span class='ocrx_word' id='word_1_451' title='bbox 3113 2461 3287 2517; x_wconf 88' lang='lat' dir='ltr'>etiam</span> <span class='ocrx_word' id='word_1_452' title='bbox 3304 2462 3543 2520; x_wconf 90' lang='lat' dir='ltr'>cuilibet</span> <span class='ocrx_word' id='word_1_453' title='bbox 3571 2464 3768 2522; x_wconf 86' lang='lat' dir='ltr'>domi-</span> 
     </span>
    </p>
   </div>
   <div class='ocr_carea' id='block_1_71' title="bbox 2114 2550 3624 2624">
    <p class='ocr_par' dir='ltr' id='par_1_71' title="bbox 2114 2550 3624 2624">
     <span class='ocr_line' id='line_1_72' title="bbox 2114 2550 3624 2624; baseline 0.002 -20"><span class='ocrx_word' id='word_1_454' title='bbox 2114 2567 2187 2608; x_wconf 91' lang='lat' dir='ltr'>no</span> <span class='ocrx_word' id='word_1_455' title='bbox 2219 2555 2308 2605; x_wconf 91' lang='lat' dir='ltr'>est</span> <span class='ocrx_word' id='word_1_456' title='bbox 2337 2551 2560 2606; x_wconf 87' lang='lat' dir='ltr'>utilitas</span> <span class='ocrx_word' id='word_1_457' title='bbox 2590 2555 2653 2606; x_wconf 92' lang='lat' dir='ltr'>ut</span> <span class='ocrx_word' id='word_1_458' title='bbox 2682 2550 2935 2606; x_wconf 84' lang='lat' dir='ltr'>famulos</span> <span class='ocrx_word' id='word_1_459' title='bbox 2967 2567 3105 2607; x_wconf 89' lang='lat' dir='ltr'>suos</span> <span class='ocrx_word' id='word_1_460' title='bbox 3129 2551 3292 2621; x_wconf 89' lang='lat' dir='ltr'>juste</span> <span class='ocrx_word' id='word_1_461' title='bbox 3321 2551 3624 2624; x_wconf 85' lang='lat' dir='ltr'>gubernet.</span> 
     </span>
    </p>
   </div>
   <div class='ocr_carea' id='block_1_72' title="bbox 2235 2639 3634 2710">
    <p class='ocr_par' dir='ltr' id='par_1_72' title="bbox 2235 2639 3634 2710">
     <span class='ocr_line' id='line_1_73' title="bbox 2235 2639 3634 2710; baseline 0.001 -16"><span class='ocrx_word' id='word_1_462' title='bbox 2235 2640 2373 2695; x_wconf 86' lang='lat' dir='ltr'>XXI.</span> <span class='ocrx_word' id='word_1_463' title='bbox 2408 2641 2486 2695; x_wconf 78' lang='lat' dir='ltr'>Ad</span> <span class='ocrx_word' id='word_1_464' title='bbox 2519 2641 2687 2696; x_wconf 84' lang='lat' dir='ltr'>Deum</span> <span class='ocrx_word' id='word_1_465' title='bbox 2714 2656 2781 2695; x_wconf 66' lang='lat' dir='ltr'>ex</span> <span class='ocrx_word' id='word_1_466' title='bbox 2813 2641 3028 2694; x_wconf 82' lang='lat' dir='ltr'>intimis</span> <span class='ocrx_word' id='word_1_467' title='bbox 3058 2639 3344 2694; x_wconf 82' lang='lat' dir='ltr'>colendum</span> <span class='ocrx_word' id='word_1_468' title='bbox 3372 2645 3420 2695; x_wconf 84' lang='lat' dir='ltr'>et</span> <span class='ocrx_word' id='word_1_469' title='bbox 3451 2641 3634 2710; x_wconf 76' lang='lat' dir='ltr'>ﬁdem.</span> 
     </span>
    </p>
   </div>
   <div class='ocr_carea' id='block_1_73' title="bbox 2185 2728 3766 2800">
    <p class='ocr_par' dir='ltr' id='par_1_73' title="bbox 2185 2728 3766 2800">
     <span class='ocr_line' id='line_1_74' title="bbox 2185 2728 3766 2800; baseline 0.003 -17"><span class='ocrx_word' id='word_1_470' title='bbox 2185 2729 2250 2784; x_wconf 89' lang='lat' dir='ltr'>Et</span> <span class='ocrx_word' id='word_1_471' title='bbox 2279 2746 2481 2784; x_wconf 90' lang='lat' dir='ltr'>omnes</span> <span class='ocrx_word' id='word_1_472' title='bbox 2511 2729 2873 2786; x_wconf 90' lang='lat' dir='ltr'>Christianos</span> <span class='ocrx_word' id='word_1_473' title='bbox 2900 2745 3076 2800; x_wconf 91' lang='lat' dir='ltr'>quam</span> <span class='ocrx_word' id='word_1_474' title='bbox 3117 2728 3564 2800; x_wconf 79' lang='lat' dir='ltr'>diligentissime</span> <span class='ocrx_word' id='word_1_475' title='bbox 3589 2731 3766 2788; x_wconf 86' lang='lat' dir='ltr'>doce-</span> 
     </span>
    </p>
   </div>
   <div class='ocr_carea' id='block_1_74' title="bbox 2113 2817 3771 2891">
    <p class='ocr_par' dir='ltr' id='par_1_74' title="bbox 2113 2817 3771 2891">
     <span class='ocr_line' id='line_1_75' title="bbox 2113 2817 3771 2891; baseline 0.004 -20"><span class='ocrx_word' id='word_1_476' title='bbox 2113 2833 2266 2881; x_wconf 91' lang='lat' dir='ltr'>mus,</span> <span class='ocrx_word' id='word_1_477' title='bbox 2298 2822 2361 2872; x_wconf 91' lang='lat' dir='ltr'>ut</span> <span class='ocrx_word' id='word_1_478' title='bbox 2394 2817 2663 2872; x_wconf 88' lang='lat' dir='ltr'>interiore</span> <span class='ocrx_word' id='word_1_479' title='bbox 2691 2817 2863 2872; x_wconf 92' lang='lat' dir='ltr'>corde</span> <span class='ocrx_word' id='word_1_480' title='bbox 2895 2818 3078 2872; x_wconf 92' lang='lat' dir='ltr'>Deum</span> <span class='ocrx_word' id='word_1_481' title='bbox 3131 2834 3363 2889; x_wconf 88' lang='lat' dir='ltr'>semper</span> <span class='ocrx_word' id='word_1_482' title='bbox 3399 2817 3668 2891; x_wconf 82' lang='lat' dir='ltr'>diligant,</span> <span class='ocrx_word' id='word_1_483' title='bbox 3707 2827 3771 2878; x_wconf 91' lang='lat' dir='ltr'>et</span> 
     </span>
    </p>
   </div>
   <div class='ocr_carea' id='block_1_75' title="bbox 2109 2905 3768 2972">
    <p class='ocr_par' dir='ltr' id='par_1_75' title="bbox 2109 2905 3768 2972">
     <span class='ocr_line' id='line_1_76' title="bbox 2109 2905 3768 2972; baseline 0.004 -12"><span class='ocrx_word' id='word_1_484' title='bbox 2109 2922 2312 2960; x_wconf 88' lang='lat' dir='ltr'>verum</span> <span class='ocrx_word' id='word_1_485' title='bbox 2343 2905 2908 2962; x_wconf 89' lang='lat' dir='ltr'>Christianissimum</span> <span class='ocrx_word' id='word_1_486' title='bbox 2942 2906 3188 2961; x_wconf 89' lang='lat' dir='ltr'>libenter</span> <span class='ocrx_word' id='word_1_487' title='bbox 3209 2911 3457 2972; x_wconf 85' lang='lat' dir='ltr'>servent,</span> <span class='ocrx_word' id='word_1_488' title='bbox 3491 2913 3548 2963; x_wconf 89' lang='lat' dir='ltr'>et</span> <span class='ocrx_word' id='word_1_489' title='bbox 3576 2909 3768 2966; x_wconf 89' lang='lat' dir='ltr'>eccle-</span> 
     </span>
    </p>
   </div>
   <div class='ocr_carea' id='block_1_76' title="bbox 2112 2994 3786 3059">
    <p class='ocr_par' dir='ltr' id='par_1_76' title="bbox 2112 2994 3786 3059">
     <span class='ocr_line' id='line_1_77' title="bbox 2112 2994 3786 3059; baseline 0.004 -11"><span class='ocrx_word' id='word_1_490' title='bbox 2112 2994 2378 3049; x_wconf 88' lang='lat' dir='ltr'>siasticos</span> <span class='ocrx_word' id='word_1_491' title='bbox 2409 2995 2673 3050; x_wconf 87' lang='lat' dir='ltr'>doctores</span> <span class='ocrx_word' id='word_1_492' title='bbox 2701 2994 2903 3050; x_wconf 88' lang='lat' dir='ltr'>sedulo</span> <span class='ocrx_word' id='word_1_493' title='bbox 2935 2997 3268 3059; x_wconf 89' lang='lat' dir='ltr'>audiant,et</span> <span class='ocrx_word' id='word_1_494' title='bbox 3300 2995 3399 3051; x_wconf 93' lang='lat' dir='ltr'>Dei</span> <span class='ocrx_word' id='word_1_495' title='bbox 3432 2997 3786 3056; x_wconf 84' lang='lat' dir='ltr'>doctrinam-</span> 
     </span>
    </p>
   </div>
   <div class='ocr_carea' id='block_1_77' title="bbox 2111 3082 3771 3159">
    <p class='ocr_par' dir='ltr' id='par_1_77' title="bbox 2111 3082 3771 3159">
     <span class='ocr_line' id='line_1_78' title="bbox 2111 3082 3771 3159; baseline 0.005 -22"><span class='ocrx_word' id='word_1_496' title='bbox 2111 3099 2175 3137; x_wconf 92' lang='lat' dir='ltr'>ac</span> <span class='ocrx_word' id='word_1_497' title='bbox 2202 3082 2357 3154; x_wconf 88' lang='lat' dir='ltr'>leges</span> <span class='ocrx_word' id='word_1_498' title='bbox 2417 3083 2886 3156; x_wconf 89' lang='lat' dir='ltr'>contemplentur</span> <span class='ocrx_word' id='word_1_499' title='bbox 2924 3101 2989 3139; x_wconf 89' lang='lat' dir='ltr'>ac</span> <span class='ocrx_word' id='word_1_500' title='bbox 3037 3089 3476 3155; x_wconf 89' lang='lat' dir='ltr'>perscrutentur</span> <span class='ocrx_word' id='word_1_501' title='bbox 3523 3103 3675 3159; x_wconf 65' lang='lat' dir='ltr'>saape</span> <span class='ocrx_word' id='word_1_502' title='bbox 3708 3093 3771 3145; x_wconf 88' lang='lat' dir='ltr'>et</span> 
     </span>
    </p>
   </div>
   <div class='ocr_carea' id='block_1_78' title="bbox 2113 3171 3210 3248">
    <p class='ocr_par' dir='ltr' id='par_1_78' title="bbox 2113 3171 3210 3248">
     <span class='ocr_line' id='line_1_79' title="bbox 2113 3171 3210 3248; baseline 0.001 -22"><span class='ocrx_word' id='word_1_503' title='bbox 2113 3172 2314 3226; x_wconf 93' lang='lat' dir='ltr'>crebro</span> <span class='ocrx_word' id='word_1_504' title='bbox 2347 3171 2641 3248; x_wconf 89' lang='lat' dir='ltr'>propriam</span> <span class='ocrx_word' id='word_1_505' title='bbox 2675 3189 2844 3227; x_wconf 89' lang='lat' dir='ltr'>suam</span> <span class='ocrx_word' id='word_1_506' title='bbox 2878 3172 3210 3242; x_wconf 86' lang='lat' dir='ltr'>utilitatem.</span> 
     </span>
    </p>
   </div>
   <div class='ocr_carea' id='block_1_79' title="bbox 2240 3260 3640 3389">
    <p class='ocr_par' dir='ltr' id='par_1_79' title="bbox 2240 3260 3640 3389">
     <span class='ocr_line' id='line_1_80' title="bbox 2240 3260 3640 3389; baseline 0.003 -73"><span class='ocrx_word' id='word_1_507' title='bbox 2240 3260 2399 3317; x_wconf 82' lang='lat' dir='ltr'>XXII.</span> <span class='ocrx_word' id='word_1_508' title='bbox 2439 3264 2498 3318; x_wconf 86' lang='lat' dir='ltr'>Ut</span> <span class='ocrx_word' id='word_1_509' title='bbox 2530 3263 2842 3318; x_wconf 84' lang='lat' dir='ltr'>Orationem</span> <span class='ocrx_word' id='word_1_510' title='bbox 2871 3264 3206 3389; x_wconf 38' lang='lat' dir='ltr'>zomiénicam</span> <span class='ocrx_word' id='word_1_511' title='bbox 3239 3266 3289 3318; x_wconf 86' lang='lat' dir='ltr'>et</span> <span class='ocrx_word' id='word_1_512' title='bbox 3317 3264 3640 3335; x_wconf 84' lang='lat' dir='ltr'>Symbolum</span> 
     </span>
     <span class='ocr_line' id='line_1_81' title="bbox 2805 3350 3060 3388; baseline 0.004 -1"><span class='ocrx_word' id='word_1_513' title='bbox 2805 3351 2866 3388; x_wconf 80' lang='lat' dir='ltr'>ea</span> <span class='ocrx_word' id='word_1_514' title='bbox 2916 3350 3060 3388; x_wconf 66' lang='lat' dir='ltr'>ean...</span> 
     </span>
    </p>
   </div>
   <div class='ocr_carea' id='block_1_80' title="bbox 2805 3350 3060 3388">
    <p class='ocr_par' dir='ltr' id='par_1_80' title="bbox 2805 3350 3060 3388">
     <span class='ocr_line' id='line_1_82' title="bbox 2805 3350 3060 3388; baseline 0.004 -1"><span class='ocrx_word' id='word_1_515' title='bbox 2805 3350 2975 3388; x_wconf 79' lang='lat' dir='ltr'>cauea</span> <span class='ocrx_word' id='word_1_516' title='bbox 2985 3350 3060 3388; x_wconf 78' lang='lat' dir='ltr'>nt.</span> 
     </span>
    </p>
   </div>
   <div class='ocr_carea' id='block_1_81' title="bbox 2185 3421 3771 3496">
    <p class='ocr_par' dir='ltr' id='par_1_81' title="bbox 2185 3421 3771 3496">
     <span class='ocr_line' id='line_1_83' title="bbox 2185 3421 3771 3496; baseline 0.005 -20"><span class='ocrx_word' id='word_1_517' title='bbox 2185 3422 2474 3478; x_wconf 91' lang='lat' dir='ltr'>Docemus</span> <span class='ocrx_word' id='word_1_518' title='bbox 2505 3421 2678 3478; x_wconf 88' lang='lat' dir='ltr'>etiam</span> <span class='ocrx_word' id='word_1_519' title='bbox 2709 3427 2773 3478; x_wconf 91' lang='lat' dir='ltr'>ut</span> <span class='ocrx_word' id='word_1_520' title='bbox 2804 3423 3046 3496; x_wconf 91' lang='lat' dir='ltr'>quilibet</span> <span class='ocrx_word' id='word_1_521' title='bbox 3073 3423 3438 3480; x_wconf 81' lang='lat' dir='ltr'>Christianus</span> <span class='ocrx_word' id='word_1_522' title='bbox 3470 3427 3678 3494; x_wconf 89' lang='lat' dir='ltr'>discat,</span> <span class='ocrx_word' id='word_1_523' title='bbox 3697 3433 3771 3484; x_wconf 91' lang='lat' dir='ltr'>ut</span> 
     </span>
    </p>
   </div>
   <div class='ocr_carea' id='block_1_82' title="bbox 2113 3510 3771 3585">
    <p class='ocr_par' dir='ltr' id='par_1_82' title="bbox 2113 3510 3771 3585">
     <span class='ocr_line' id='line_1_84' title="bbox 2113 3510 3771 3585; baseline 0.004 -20"><span class='ocrx_word' id='word_1_524' title='bbox 2113 3510 2320 3568; x_wconf 87' lang='lat' dir='ltr'>saltem</span> <span class='ocrx_word' id='word_1_525' title='bbox 2353 3511 2538 3582; x_wconf 87' lang='lat' dir='ltr'>possit</span> <span class='ocrx_word' id='word_1_526' title='bbox 2565 3529 2759 3568; x_wconf 88' lang='lat' dir='ltr'>veram</span> <span class='ocrx_word' id='word_1_527' title='bbox 2783 3512 2955 3568; x_wconf 81' lang='lat' dir='ltr'>ﬁdem</span> <span class='ocrx_word' id='word_1_528' title='bbox 2972 3512 3480 3585; x_wconf 84' lang='lat' dir='ltr'>recteintelligere,</span> <span class='ocrx_word' id='word_1_529' title='bbox 3514 3520 3572 3570; x_wconf 90' lang='lat' dir='ltr'>et</span> <span class='ocrx_word' id='word_1_530' title='bbox 3593 3518 3771 3574; x_wconf 82' lang='lat' dir='ltr'>Pater</span> 
     </span>
    </p>
   </div>
   <div class='ocr_carea' id='block_1_83' title="bbox 2109 3600 3769 3676">
    <p class='ocr_par' dir='ltr' id='par_1_83' title="bbox 2109 3600 3769 3676">
     <span class='ocr_line' id='line_1_85' title="bbox 2109 3600 3769 3676; baseline 0.005 -23"><span class='ocrx_word' id='word_1_531' title='bbox 2109 3608 2291 3655; x_wconf 77' lang='lat' dir='ltr'>noster</span> <span class='ocrx_word' id='word_1_532' title='bbox 2315 3618 2378 3654; x_wconf 86' lang='lat' dir='ltr'>ac</span> <span class='ocrx_word' id='word_1_533' title='bbox 2412 3600 2584 3656; x_wconf 80' lang='lat' dir='ltr'>Credo</span> <span class='ocrx_word' id='word_1_534' title='bbox 2614 3601 2821 3667; x_wconf 87' lang='lat' dir='ltr'>discat,</span> <span class='ocrx_word' id='word_1_535' title='bbox 2846 3601 3122 3674; x_wconf 88' lang='lat' dir='ltr'>quoniam</span> <span class='ocrx_word' id='word_1_536' title='bbox 3169 3619 3284 3657; x_wconf 91' lang='lat' dir='ltr'>uno</span> <span class='ocrx_word' id='word_1_537' title='bbox 3327 3603 3570 3676; x_wconf 90' lang='lat' dir='ltr'>quilibet</span> <span class='ocrx_word' id='word_1_538' title='bbox 3598 3604 3769 3661; x_wconf 86' lang='lat' dir='ltr'>Chri-</span> 
     </span>
    </p>
   </div>
   <div class='ocr_carea' id='block_1_84' title="bbox 2109 3689 3760 3765">
    <p class='ocr_par' dir='ltr' id='par_1_84' title="bbox 2109 3689 3760 3765">
     <span class='ocr_line' id='line_1_86' title="bbox 2109 3689 3760 3765; baseline 0.003 -21"><span class='ocrx_word' id='word_1_539' title='bbox 2109 3689 2334 3744; x_wconf 86' lang='lat' dir='ltr'>stianus</span> <span class='ocrx_word' id='word_1_540' title='bbox 2363 3691 2545 3745; x_wconf 91' lang='lat' dir='ltr'>Deum</span> <span class='ocrx_word' id='word_1_541' title='bbox 2597 3690 2928 3762; x_wconf 83' lang='lat' dir='ltr'>implorare,</span> <span class='ocrx_word' id='word_1_542' title='bbox 2970 3694 3026 3746; x_wconf 92' lang='lat' dir='ltr'>ct</span> <span class='ocrx_word' id='word_1_543' title='bbox 3083 3690 3262 3747; x_wconf 89' lang='lat' dir='ltr'>altero</span> <span class='ocrx_word' id='word_1_544' title='bbox 3319 3709 3515 3748; x_wconf 81' lang='lat' dir='ltr'>veram</span> <span class='ocrx_word' id='word_1_545' title='bbox 3576 3693 3760 3765; x_wconf 83' lang='lat' dir='ltr'>ﬁdem</span> 
     </span>
    </p>
   </div>
   <div class='ocr_carea' id='block_1_85' title="bbox 2109 3779 3764 3853">
    <p class='ocr_par' dir='ltr' id='par_1_85' title="bbox 2109 3779 3764 3853">
     <span class='ocr_line' id='line_1_87' title="bbox 2109 3779 3764 3853; baseline 0.003 -21"><span class='ocrx_word' id='word_1_546' title='bbox 2109 3779 2412 3833; x_wconf 89' lang='lat' dir='ltr'>ostendere</span> <span class='ocrx_word' id='word_1_547' title='bbox 2450 3779 2637 3834; x_wconf 90' lang='lat' dir='ltr'>debet.</span> <span class='ocrx_word' id='word_1_548' title='bbox 2672 3779 2942 3835; x_wconf 87' lang='lat' dir='ltr'>Christus</span> <span class='ocrx_word' id='word_1_549' title='bbox 2972 3779 3097 3851; x_wconf 92' lang='lat' dir='ltr'>ipse</span> <span class='ocrx_word' id='word_1_550' title='bbox 3145 3781 3346 3835; x_wconf 89' lang='lat' dir='ltr'>orabat</span> <span class='ocrx_word' id='word_1_551' title='bbox 3395 3781 3558 3853; x_wconf 87' lang='lat' dir='ltr'>prius</span> <span class='ocrx_word' id='word_1_552' title='bbox 3589 3783 3764 3838; x_wconf 84' lang='lat' dir='ltr'>Pater</span> 
     </span>
    </p>
   </div>
   <div class='ocr_carea' id='block_1_86' title="bbox 2103 3867 3762 3940">
    <p class='ocr_par' dir='ltr' id='par_1_86' title="bbox 2103 3867 3762 3940">
     <span class='ocr_line' id='line_1_88' title="bbox 2103 3867 3762 3940; baseline 0.004 -21"><span class='ocrx_word' id='word_1_553' title='bbox 2103 3871 2303 3935; x_wconf 78' lang='lat' dir='ltr'>noster,</span> <span class='ocrx_word' id='word_1_554' title='bbox 2337 3872 2394 3922; x_wconf 92' lang='lat' dir='ltr'>et</span> <span class='ocrx_word' id='word_1_555' title='bbox 2425 3867 2574 3923; x_wconf 92' lang='lat' dir='ltr'>hanc</span> <span class='ocrx_word' id='word_1_556' title='bbox 2623 3869 2941 3923; x_wconf 87' lang='lat' dir='ltr'>orationem</span> <span class='ocrx_word' id='word_1_557' title='bbox 2990 3867 3308 3940; x_wconf 91' lang='lat' dir='ltr'>discipulos</span> <span class='ocrx_word' id='word_1_558' title='bbox 3340 3886 3478 3925; x_wconf 90' lang='lat' dir='ltr'>suos</span> <span class='ocrx_word' id='word_1_559' title='bbox 3508 3870 3762 3927; x_wconf 85' lang='lat' dir='ltr'>docebat</span> 
     </span>
    </p>
   </div>
   <div class='ocr_carea' id='block_1_87' title="bbox 2105 3957 3760 4025">
    <p class='ocr_par' dir='ltr' id='par_1_87' title="bbox 2105 3957 3760 4025">
     <span class='ocr_line' id='line_1_89' title="bbox 2105 3957 3760 4025; baseline 0.003 -14"><span class='ocrx_word' id='word_1_560' title='bbox 2105 3958 2306 4024; x_wconf 83' lang='lat' dir='ltr'>(Matth.</span> <span class='ocrx_word' id='word_1_561' title='bbox 2343 3960 2440 4025; x_wconf 80' lang='lat' dir='ltr'>v1).</span> <span class='ocrx_word' id='word_1_562' title='bbox 2474 3958 2542 4012; x_wconf 90' lang='lat' dir='ltr'>Et</span> <span class='ocrx_word' id='word_1_563' title='bbox 2589 3957 2647 4011; x_wconf 91' lang='lat' dir='ltr'>in</span> <span class='ocrx_word' id='word_1_564' title='bbox 2707 3957 2965 4013; x_wconf 88' lang='lat' dir='ltr'>oratione</span> <span class='ocrx_word' id='word_1_565' title='bbox 3014 3957 3121 4011; x_wconf 86' lang='lat' dir='ltr'>hac</span> <span class='ocrx_word' id='word_1_566' title='bbox 3178 3957 3572 4014; x_wconf 88' lang='lat' dir='ltr'>ecclesiastica</span> <span class='ocrx_word' id='word_1_567' title='bbox 3613 3966 3760 4016; x_wconf 86' lang='lat' dir='ltr'>sunt</span> 
     </span>
    </p>
   </div>
   <div class='ocr_carea' id='block_1_88' title="bbox 2103 4045 3753 4117">
    <p class='ocr_par' dir='ltr' id='par_1_88' title="bbox 2103 4045 3753 4117">
     <span class='ocr_line' id='line_1_90' title="bbox 2103 4045 3753 4117; baseline 0.002 -16"><span class='ocrx_word' id='word_1_568' title='bbox 2103 4051 2324 4116; x_wconf 90' lang='lat' dir='ltr'>septem</span> <span class='ocrx_word' id='word_1_569' title='bbox 2357 4045 2683 4117; x_wconf 90' lang='lat' dir='ltr'>petitiones,</span> <span class='ocrx_word' id='word_1_570' title='bbox 2717 4045 2869 4100; x_wconf 91' lang='lat' dir='ltr'>hanc</span> <span class='ocrx_word' id='word_1_571' title='bbox 2904 4045 2950 4099; x_wconf 91' lang='lat' dir='ltr'>si</span> <span class='ocrx_word' id='word_1_572' title='bbox 2975 4045 3108 4114; x_wconf 88' lang='lat' dir='ltr'>quis</span> <span class='ocrx_word' id='word_1_573' title='bbox 3149 4063 3217 4099; x_wconf 83' lang='lat' dir='ltr'>ex</span> <span class='ocrx_word' id='word_1_574' title='bbox 3247 4047 3443 4101; x_wconf 89' lang='lat' dir='ltr'>animo</span> <span class='ocrx_word' id='word_1_575' title='bbox 3477 4049 3753 4116; x_wconf 86' lang='lat' dir='ltr'>oraverit,</span> 
     </span>
    </p>
   </div>
   <div class='ocr_carea' id='block_1_89' title="bbox 2102 4131 3757 4205">
    <p class='ocr_par' dir='ltr' id='par_1_89' title="bbox 2102 4131 3757 4205">
     <span class='ocr_line' id='line_1_91' title="bbox 2102 4131 3757 4205; baseline 0.002 -15"><span class='ocrx_word' id='word_1_576' title='bbox 2102 4135 2374 4190; x_wconf 91' lang='lat' dir='ltr'>nuntium</span> <span class='ocrx_word' id='word_1_577' title='bbox 2406 4148 2637 4204; x_wconf 89' lang='lat' dir='ltr'>semper</span> <span class='ocrx_word' id='word_1_578' title='bbox 2653 4133 2834 4186; x_wconf 89' lang='lat' dir='ltr'>mittit</span> <span class='ocrx_word' id='word_1_579' title='bbox 2854 4131 2924 4186; x_wconf 91' lang='lat' dir='ltr'>ad</span> <span class='ocrx_word' id='word_1_580' title='bbox 2951 4132 3132 4185; x_wconf 91' lang='lat' dir='ltr'>Deum</span> <span class='ocrx_word' id='word_1_581' title='bbox 3149 4132 3343 4202; x_wconf 92' lang='lat' dir='ltr'>ipsum</span> <span class='ocrx_word' id='word_1_582' title='bbox 3358 4150 3460 4203; x_wconf 90' lang='lat' dir='ltr'>pro</span> <span class='ocrx_word' id='word_1_583' title='bbox 3484 4136 3757 4205; x_wconf 91' lang='lat' dir='ltr'>quolibet</span> 
     </span>
    </p>
   </div>
   <div class='ocr_carea' id='block_1_90' title="bbox 2099 4219 3756 4292">
    <p class='ocr_par' dir='ltr' id='par_1_90' title="bbox 2099 4219 3756 4292">
     <span class='ocr_line' id='line_1_92' title="bbox 2099 4219 3756 4292; baseline 0.002 -13"><span class='ocrx_word' id='word_1_584' title='bbox 2099 4224 2405 4279; x_wconf 91' lang='lat' dir='ltr'>commodo</span> <span class='ocrx_word' id='word_1_585' title='bbox 2438 4222 2589 4292; x_wconf 91' lang='lat' dir='ltr'>quod</span> <span class='ocrx_word' id='word_1_586' title='bbox 2624 4220 2732 4291; x_wconf 90' lang='lat' dir='ltr'>ipsi</span> <span class='ocrx_word' id='word_1_587' title='bbox 2795 4219 3191 4274; x_wconf 89' lang='lat' dir='ltr'>necessarium</span> <span class='ocrx_word' id='word_1_588' title='bbox 3237 4223 3344 4285; x_wconf 88' lang='lat' dir='ltr'>est,</span> <span class='ocrx_word' id='word_1_589' title='bbox 3378 4221 3496 4276; x_wconf 92' lang='lat' dir='ltr'>sive</span> <span class='ocrx_word' id='word_1_590' title='bbox 3545 4223 3602 4277; x_wconf 88' lang='lat' dir='ltr'>in</span> <span class='ocrx_word' id='word_1_591' title='bbox 3637 4226 3756 4282; x_wconf 88' lang='lat' dir='ltr'>hac</span> 
     </span>
    </p>
   </div>
   <div class='ocr_carea' id='block_1_91' title="bbox 2095 4306 3755 4382">
    <p class='ocr_par' dir='ltr' id='par_1_91' title="bbox 2095 4306 3755 4382">
     <span class='ocr_line' id='line_1_93' title="bbox 2095 4306 3755 4382; baseline 0.002 -15"><span class='ocrx_word' id='word_1_592' title='bbox 2095 4314 2233 4379; x_wconf 82' lang='lat' dir='ltr'>vita,</span> <span class='ocrx_word' id='word_1_593' title='bbox 2269 4311 2386 4366; x_wconf 88' lang='lat' dir='ltr'>sive</span> <span class='ocrx_word' id='word_1_594' title='bbox 2419 4310 2475 4364; x_wconf 90' lang='lat' dir='ltr'>in</span> <span class='ocrx_word' id='word_1_595' title='bbox 2511 4309 2725 4362; x_wconf 86' lang='lat' dir='ltr'>futura.</span> <span class='ocrx_word' id='word_1_596' title='bbox 2750 4307 2863 4362; x_wconf 88' lang='lat' dir='ltr'>Sed</span> <span class='ocrx_word' id='word_1_597' title='bbox 2897 4308 3191 4377; x_wconf 89' lang='lat' dir='ltr'>quomodo</span> <span class='ocrx_word' id='word_1_598' title='bbox 3224 4306 3356 4379; x_wconf 86' lang='lat' dir='ltr'>quis</span> <span class='ocrx_word' id='word_1_599' title='bbox 3379 4326 3642 4382; x_wconf 86' lang='lat' dir='ltr'>unquam</span> <span class='ocrx_word' id='word_1_600' title='bbox 3677 4331 3755 4370; x_wconf 86' lang='lat' dir='ltr'>ex</span> 
     </span>
    </p>
   </div>
   <div class='ocr_carea' id='block_1_92' title="bbox 2097 4396 3755 4466">
    <p class='ocr_par' dir='ltr' id='par_1_92' title="bbox 2097 4396 3755 4466">
     <span class='ocr_line' id='line_1_94' title="bbox 2097 4396 3755 4466; baseline 0.002 -11"><span class='ocrx_word' id='word_1_601' title='bbox 2097 4400 2290 4455; x_wconf 87' lang='lat' dir='ltr'>animo</span> <span class='ocrx_word' id='word_1_602' title='bbox 2323 4398 2395 4453; x_wconf 91' lang='lat' dir='ltr'>ad</span> <span class='ocrx_word' id='word_1_603' title='bbox 2427 4397 2609 4454; x_wconf 87' lang='lat' dir='ltr'>Deum</span> <span class='ocrx_word' id='word_1_604' title='bbox 2643 4412 2806 4451; x_wconf 88' lang='lat' dir='ltr'>orare</span> <span class='ocrx_word' id='word_1_605' title='bbox 2837 4399 3050 4466; x_wconf 89' lang='lat' dir='ltr'>potest,</span> <span class='ocrx_word' id='word_1_606' title='bbox 3084 4396 3194 4452; x_wconf 88' lang='lat' dir='ltr'>nisi</span> <span class='ocrx_word' id='word_1_607' title='bbox 3247 4397 3536 4453; x_wconf 89' lang='lat' dir='ltr'>internam</span> <span class='ocrx_word' id='word_1_608' title='bbox 3569 4399 3755 4458; x_wconf 87' lang='lat' dir='ltr'>habet</span> 
     </span>
    </p>
   </div>
   <div class='ocr_carea' id='block_1_93' title="bbox 2094 4485 3798 4559">
    <p class='ocr_par' dir='ltr' id='par_1_93' title="bbox 2094 4485 3798 4559">
     <span class='ocr_line' id='line_1_95' title="bbox 2094 4485 3798 4559; baseline 0.002 -15"><span class='ocrx_word' id='word_1_609' title='bbox 2094 4488 2460 4553; x_wconf 88' lang='lat' dir='ltr'>charitatem,</span> <span class='ocrx_word' id='word_1_610' title='bbox 2495 4489 2551 4540; x_wconf 90' lang='lat' dir='ltr'>et</span> <span class='ocrx_word' id='word_1_611' title='bbox 2578 4501 2771 4540; x_wconf 89' lang='lat' dir='ltr'>veram</span> <span class='ocrx_word' id='word_1_612' title='bbox 2804 4485 2862 4540; x_wconf 91' lang='lat' dir='ltr'>in</span> <span class='ocrx_word' id='word_1_613' title='bbox 2895 4485 3079 4540; x_wconf 91' lang='lat' dir='ltr'>Deum</span> <span class='ocrx_word' id='word_1_614' title='bbox 3111 4487 3309 4556; x_wconf 79' lang='lat' dir='ltr'>fidem,</span> <span class='ocrx_word' id='word_1_615' title='bbox 3335 4489 3614 4559; x_wconf 89' lang='lat' dir='ltr'>quoniam</span> <span class='ocrx_word' id='word_1_616' title='bbox 3645 4490 3750 4549; x_wconf 88' lang='lat' dir='ltr'>ille</span> <span class='ocrx_word' id='word_1_617' title='bbox 3791 4485 3798 4491; x_wconf 73' lang='grc'><em>’</em></span> 
     </span>
    </p>
   </div>
   <div class='ocr_carea' id='block_1_94' title="bbox 344 4571 3744 4654">
    <p class='ocr_par' dir='ltr' id='par_1_94' title="bbox 344 4571 3744 4654">
     <span class='ocr_line' id='line_1_96' title="bbox 344 4571 3744 4654; baseline -0.001 -14"><span class='ocrx_word' id='word_1_618' title='bbox 344 4599 499 4648; x_wconf 91' lang='lat' dir='ltr'>mus,</span> <span class='ocrx_word' id='word_1_619' title='bbox 533 4596 664 4636; x_wconf 89' lang='lat' dir='ltr'>cum</span> <span class='ocrx_word' id='word_1_620' title='bbox 690 4573 1133 4648; x_wconf 88' lang='lat' dir='ltr'>quod,quandiu</span> <span class='ocrx_word' id='word_1_621' title='bbox 1157 4571 1986 4644; x_wconf 88' lang='lat' dir='ltr'>potuimus,paruerimusdili-</span> <span class='ocrx_word' id='word_1_622' title='bbox 2016 4592 2061 4654; x_wconf 71' lang='grc' dir='ltr'>Β</span> <span class='ocrx_word' id='word_1_623' title='bbox 2093 4577 2366 4646; x_wconf 84' lang='lat' dir='ltr'>deinceps</span> <span class='ocrx_word' id='word_1_624' title='bbox 2396 4590 2510 4629; x_wconf 90' lang='lat' dir='ltr'>non</span> <span class='ocrx_word' id='word_1_625' title='bbox 2543 4572 2664 4629; x_wconf 91' lang='lat' dir='ltr'>obit</span> <span class='ocrx_word' id='word_1_626' title='bbox 2694 4578 2938 4630; x_wconf 91' lang='lat' dir='ltr'>mortem</span> <span class='ocrx_word' id='word_1_627' title='bbox 2973 4574 3029 4630; x_wconf 91' lang='lat' dir='ltr'>in</span> <span class='ocrx_word' id='word_1_628' title='bbox 3081 4575 3548 4633; x_wconf 89' lang='lat' dir='ltr'>Christianorum</span> <span class='ocrx_word' id='word_1_629' title='bbox 3581 4597 3744 4636; x_wconf 82' lang='lat' dir='ltr'>com-</span> 
     </span>
    </p>
   </div>
   <div class='ocr_carea' id='block_1_95' title="bbox 343 4659 1984 4746">
    <p class='ocr_par' dir='ltr' id='par_1_95' title="bbox 343 4659 1984 4746">
     <span class='ocr_line' id='line_1_97' title="bbox 343 4659 1984 4746; baseline -0.005 -18"><span class='ocrx_word' id='word_1_630' title='bbox 343 4675 542 4746; x_wconf 89' lang='lat' dir='ltr'>genter</span> <span class='ocrx_word' id='word_1_631' title='bbox 559 4663 839 4724; x_wconf 89' lang='lat' dir='ltr'>voluntati</span> <span class='ocrx_word' id='word_1_632' title='bbox 865 4663 986 4728; x_wconf 88' lang='lat' dir='ltr'>Dei,</span> <span class='ocrx_word' id='word_1_633' title='bbox 1019 4659 1187 4716; x_wconf 91' lang='lat' dir='ltr'>nobis</span> <span class='ocrx_word' id='word_1_634' title='bbox 1222 4661 1444 4732; x_wconf 88' lang='lat' dir='ltr'>gratius</span> <span class='ocrx_word' id='word_1_635' title='bbox 1466 4662 1574 4716; x_wconf 89' lang='lat' dir='ltr'>erit</span> <span class='ocrx_word' id='word_1_636' title='bbox 1603 4680 1778 4734; x_wconf 84' lang='lat' dir='ltr'>quam</span> <span class='ocrx_word' id='word_1_637' title='bbox 1812 4682 1984 4720; x_wconf 91' lang='lat' dir='ltr'>omne</span> 
     </span>
    </p>
   </div>
   <div class='ocr_carea' id='block_1_96' title="bbox 340 4749 1977 4833">
    <p class='ocr_par' dir='ltr' id='par_1_96' title="bbox 340 4749 1977 4833">
     <span class='ocr_line' id='line_1_98' title="bbox 340 4749 1977 4833; baseline -0.007 -17"><span class='ocrx_word' id='word_1_638' title='bbox 340 4761 494 4833; x_wconf 90' lang='lat' dir='ltr'>quod</span> <span class='ocrx_word' id='word_1_639' title='bbox 510 4758 568 4813; x_wconf 92' lang='lat' dir='ltr'>in</span> <span class='ocrx_word' id='word_1_640' title='bbox 590 4759 710 4811; x_wconf 89' lang='lat' dir='ltr'>toto</span> <span class='ocrx_word' id='word_1_641' title='bbox 727 4753 862 4809; x_wconf 88' lang='lat' dir='ltr'>orbe</span> <span class='ocrx_word' id='word_1_642' title='bbox 877 4755 982 4807; x_wconf 87' lang='lat' dir='ltr'>est.</span> <span class='ocrx_word' id='word_1_643' title='bbox 1008 4750 1118 4806; x_wconf 90' lang='lat' dir='ltr'>Sed</span> <span class='ocrx_word' id='word_1_644' title='bbox 1141 4755 1278 4804; x_wconf 90' lang='lat' dir='ltr'>tunc</span> <span class='ocrx_word' id='word_1_645' title='bbox 1301 4749 1625 4821; x_wconf 89' lang='lat' dir='ltr'>simplicem</span> <span class='ocrx_word' id='word_1_646' title='bbox 1652 4753 1977 4807; x_wconf 88' lang='lat' dir='ltr'>mercedem</span> 
     </span>
    </p>
   </div>
   <div class='ocr_carea' id='block_1_97' title="bbox 339 4839 1972 4912">
    <p class='ocr_par' dir='ltr' id='par_1_97' title="bbox 339 4839 1972 4912">
     <span class='ocr_line' id='line_1_99' title="bbox 339 4839 1972 4912; baseline -0.007 -7"><span class='ocrx_word' id='word_1_647' title='bbox 339 4850 552 4904; x_wconf 89' lang='lat' dir='ltr'>habere</span> <span class='ocrx_word' id='word_1_648' title='bbox 582 4845 864 4901; x_wconf 89' lang='lat' dir='ltr'>debemus</span> <span class='ocrx_word' id='word_1_649' title='bbox 907 4842 1031 4912; x_wconf 91' lang='lat' dir='ltr'>ejus</span> <span class='ocrx_word' id='word_1_650' title='bbox 1077 4839 1228 4911; x_wconf 90' lang='lat' dir='ltr'>quod</span> <span class='ocrx_word' id='word_1_651' title='bbox 1270 4839 1328 4893; x_wconf 94' lang='lat' dir='ltr'>in</span> <span class='ocrx_word' id='word_1_652' title='bbox 1361 4839 1478 4894; x_wconf 83' lang='lat' dir='ltr'>vita</span> <span class='ocrx_word' id='word_1_653' title='bbox 1509 4844 1678 4894; x_wconf 90' lang='lat' dir='ltr'>antea</span> <span class='ocrx_word' id='word_1_654' title='bbox 1709 4840 1972 4894; x_wconf 83' lang='lat' dir='ltr'>fecimus.</span> 
     </span>
    </p>
   </div>
   <div class='ocr_carea' id='block_1_98' title="bbox 336 4927 1973 5002">
    <p class='ocr_par' dir='ltr' id='par_1_98' title="bbox 336 4927 1973 5002">
     <span class='ocr_line' id='line_1_100' title="bbox 336 4927 1973 5002; baseline -0.006 -9"><span class='ocrx_word' id='word_1_655' title='bbox 336 4939 488 4993; x_wconf 82' lang='lat' dir='ltr'>Voce</span> <span class='ocrx_word' id='word_1_656' title='bbox 516 4935 676 4991; x_wconf 88' lang='lat' dir='ltr'>illius</span> <span class='ocrx_word' id='word_1_657' title='bbox 698 4931 972 5002; x_wconf 85' lang='lat' dir='ltr'>tunc,qui</span> <span class='ocrx_word' id='word_1_658' title='bbox 995 4931 1440 5001; x_wconf 89' lang='lat' dir='ltr'>promeruerunt</span> <span class='ocrx_word' id='word_1_659' title='bbox 1462 4927 1670 4982; x_wconf 81' lang='lat' dir='ltr'>inferni</span> <span class='ocrx_word' id='word_1_660' title='bbox 1707 4927 1973 4983; x_wconf 80' lang='lat' dir='ltr'>multum.</span> 
     </span>
    </p>
   </div>
   <div class='ocr_carea' id='block_1_99' title="bbox 336 5014 1974 5097">
    <p class='ocr_par' dir='ltr' id='par_1_99' title="bbox 336 5014 1974 5097">
     <span class='ocr_line' id='line_1_101' title="bbox 336 5014 1974 5097; baseline -0.008 -15"><span class='ocrx_word' id='word_1_661' title='bbox 336 5026 446 5082; x_wconf 92' lang='lat' dir='ltr'>Sed</span> <span class='ocrx_word' id='word_1_662' title='bbox 468 5023 962 5097; x_wconf 86' lang='lat' dir='ltr'>agendum,quam</span> <span class='ocrx_word' id='word_1_663' title='bbox 981 5016 1426 5089; x_wconf 87' lang='lat' dir='ltr'>diligentissime</span> <span class='ocrx_word' id='word_1_664' title='bbox 1460 5032 1493 5070; x_wconf 89' lang='lat' dir='ltr'>a</span> <span class='ocrx_word' id='word_1_665' title='bbox 1510 5014 1759 5085; x_wconf 88' lang='lat' dir='ltr'>peccatis</span> <span class='ocrx_word' id='word_1_666' title='bbox 1786 5032 1974 5069; x_wconf 80' lang='lat' dir='ltr'>rever-</span> 
     </span>
    </p>
   </div>
   <div class='ocr_carea' id='block_1_100' title="bbox 333 5100 1974 5182">
    <p class='ocr_par' dir='ltr' id='par_1_100' title="bbox 333 5100 1974 5182">
     <span class='ocr_line' id='line_1_102' title="bbox 333 5100 1974 5182; baseline -0.008 -12"><span class='ocrx_word' id='word_1_667' title='bbox 333 5115 615 5181; x_wconf 86' lang='lat' dir='ltr'>tamur,et</span> <span class='ocrx_word' id='word_1_668' title='bbox 639 5109 856 5182; x_wconf 90' lang='lat' dir='ltr'>singuli</span> <span class='ocrx_word' id='word_1_669' title='bbox 887 5107 1095 5163; x_wconf 86' lang='lat' dir='ltr'>delicta</span> <span class='ocrx_word' id='word_1_670' title='bbox 1126 5109 1326 5160; x_wconf 89' lang='lat' dir='ltr'>nostra</span> <span class='ocrx_word' id='word_1_671' title='bbox 1376 5100 1732 5157; x_wconf 72' lang='lat' dir='ltr'>confessario</span> <span class='ocrx_word' id='word_1_672' title='bbox 1778 5108 1974 5160; x_wconf 84' lang='lat' dir='ltr'>nostro</span> 
     </span>
    </p>
   </div>
   <div class='ocr_carea' id='block_1_101' title="bbox 334 5190 1972 5265">
    <p class='ocr_par' dir='ltr' id='par_1_101' title="bbox 334 5190 1972 5265">
     <span class='ocr_line' id='line_1_103' title="bbox 334 5190 1972 5265; baseline -0.015 -6"><span class='ocrx_word' id='word_1_673' title='bbox 334 5201 538 5260; x_wconf 89' lang='lat' dir='ltr'>sedulo</span> <span class='ocrx_word' id='word_1_674' title='bbox 570 5200 1042 5262; x_wconf 81' lang='lat' dir='ltr'>conﬁtcamur,ut</span> <span class='ocrx_word' id='word_1_675' title='bbox 1073 5209 1304 5265; x_wconf 89' lang='lat' dir='ltr'>semper</span> <span class='ocrx_word' id='word_1_676' title='bbox 1333 5190 1756 5260; x_wconf 87' lang='lat' dir='ltr'>abstineamus,</span> <span class='ocrx_word' id='word_1_677' title='bbox 1787 5209 1852 5246; x_wconf 85' lang='lat' dir='ltr'>ac</span> <span class='ocrx_word' id='word_1_678' title='bbox 1884 5211 1972 5248; x_wconf 70' lang='lat' dir='ltr'>se-</span> 
     </span>
    </p>
   </div>
   <div class='ocr_carea' id='block_1_102' title="bbox 333 5275 1971 5362">
    <p class='ocr_par' dir='ltr' id='par_1_102' title="bbox 333 5275 1971 5362">
     <span class='ocr_line' id='line_1_104' title="bbox 333 5275 1971 5362; baseline -0.015 -14"><span class='ocrx_word' id='word_1_679' title='bbox 333 5292 471 5348; x_wconf 93' lang='lat' dir='ltr'>dulo</span> <span class='ocrx_word' id='word_1_680' title='bbox 488 5287 1041 5362; x_wconf 89' lang='lat' dir='ltr'>compensemus.Et</span> <span class='ocrx_word' id='word_1_681' title='bbox 1072 5281 1288 5354; x_wconf 91' lang='lat' dir='ltr'>singuli</span> <span class='ocrx_word' id='word_1_682' title='bbox 1321 5281 1586 5334; x_wconf 88' lang='lat' dir='ltr'>nostrum</span> <span class='ocrx_word' id='word_1_683' title='bbox 1621 5275 1751 5332; x_wconf 87' lang='lat' dir='ltr'>aliis</span> <span class='ocrx_word' id='word_1_684' title='bbox 1775 5280 1971 5352; x_wconf 84' lang='lat' dir='ltr'>injun-</span> 
     </span>
    </p>
   </div>
   <div class='ocr_carea' id='block_1_103' title="bbox 2097 4663 3738 4742">
    <p class='ocr_par' dir='ltr' id='par_1_103' title="bbox 2097 4663 3738 4742">
     <span class='ocr_line' id='line_1_105' title="bbox 2097 4663 3738 4742; baseline 0.004 -24"><span class='ocrx_word' id='word_1_685' title='bbox 2097 4664 2393 4732; x_wconf 90' lang='lat' dir='ltr'>munione,</span> <span class='ocrx_word' id='word_1_686' title='bbox 2438 4680 2540 4718; x_wconf 89' lang='lat' dir='ltr'>nec</span> <span class='ocrx_word' id='word_1_687' title='bbox 2587 4663 2644 4717; x_wconf 93' lang='lat' dir='ltr'>in</span> <span class='ocrx_word' id='word_1_688' title='bbox 2704 4667 3040 4720; x_wconf 90' lang='lat' dir='ltr'>consecrato</span> <span class='ocrx_word' id='word_1_689' title='bbox 3080 4666 3408 4721; x_wconf 82' lang='lat' dir='ltr'>ccemeterio</span> <span class='ocrx_word' id='word_1_690' title='bbox 3466 4667 3738 4742; x_wconf 88' lang='lat' dir='ltr'>quiescit,</span> 
     </span>
    </p>
   </div>
   <div class='ocr_carea' id='block_1_104' title="bbox 2090 4752 3757 4830">
    <p class='ocr_par' dir='ltr' id='par_1_104' title="bbox 2090 4752 3757 4830">
     <span class='ocr_line' id='line_1_106' title="bbox 2090 4752 3757 4830; baseline 0.005 -24"><span class='ocrx_word' id='word_1_691' title='bbox 2090 4768 2280 4824; x_wconf 89' lang='lat' dir='ltr'>neque</span> <span class='ocrx_word' id='word_1_692' title='bbox 2310 4753 2370 4807; x_wconf 91' lang='lat' dir='ltr'>in</span> <span class='ocrx_word' id='word_1_693' title='bbox 2402 4752 2517 4808; x_wconf 89' lang='lat' dir='ltr'>vita</span> <span class='ocrx_word' id='word_1_694' title='bbox 2559 4769 2668 4808; x_wconf 91' lang='lat' dir='ltr'>sua</span> <span class='ocrx_word' id='word_1_695' title='bbox 2707 4756 2764 4807; x_wconf 88' lang='lat' dir='ltr'>S.</span> <span class='ocrx_word' id='word_1_696' title='bbox 2797 4753 3210 4810; x_wconf 88' lang='lat' dir='ltr'>eucharistiam</span> <span class='ocrx_word' id='word_1_697' title='bbox 3257 4755 3522 4827; x_wconf 87' lang='lat' dir='ltr'>percipit,</span> <span class='ocrx_word' id='word_1_698' title='bbox 3550 4769 3757 4830; x_wconf 79' lang='lat' dir='ltr'>neque</span> 
     </span>
    </p>
   </div>
   <div class='ocr_carea' id='block_1_105' title="bbox 2089 4839 3735 4919">
    <p class='ocr_par' dir='ltr' id='par_1_105' title="bbox 2089 4839 3735 4919">
     <span class='ocr_line' id='line_1_107' title="bbox 2089 4839 3735 4919; baseline 0.006 -25"><span class='ocrx_word' id='word_1_699' title='bbox 2089 4839 2278 4896; x_wconf 91' lang='lat' dir='ltr'>bonus</span> <span class='ocrx_word' id='word_1_700' title='bbox 2305 4845 2393 4897; x_wconf 88' lang='lat' dir='ltr'>est</span> <span class='ocrx_word' id='word_1_701' title='bbox 2423 4841 2919 4914; x_wconf 87' lang='lat' dir='ltr'>Christianus,qui</span> <span class='ocrx_word' id='word_1_702' title='bbox 2945 4843 3058 4898; x_wconf 92' lang='lat' dir='ltr'>hoc</span> <span class='ocrx_word' id='word_1_703' title='bbox 3088 4844 3311 4900; x_wconf 90' lang='lat' dir='ltr'>discere</span> <span class='ocrx_word' id='word_1_704' title='bbox 3342 4845 3486 4900; x_wconf 91' lang='lat' dir='ltr'>nolit</span> <span class='ocrx_word' id='word_1_705' title='bbox 3511 4865 3522 4914; x_wconf 92' lang='lat'>;</span> <span class='ocrx_word' id='word_1_706' title='bbox 3550 4864 3735 4919; x_wconf 91' lang='lat' dir='ltr'>neque</span> 
     </span>
    </p>
   </div>
   <div class='ocr_carea' id='block_1_106' title="bbox 2088 4928 3730 5007">
    <p class='ocr_par' dir='ltr' id='par_1_106' title="bbox 2088 4928 3730 5007">
     <span class='ocr_line' id='line_1_108' title="bbox 2088 4928 3730 5007; baseline 0.005 -24"><span class='ocrx_word' id='word_1_707' title='bbox 2088 4928 2185 4986; x_wconf 87' lang='lat' dir='ltr'>ille</span> <span class='ocrx_word' id='word_1_708' title='bbox 2217 4931 2409 4986; x_wconf 87' lang='lat' dir='ltr'>debite</span> <span class='ocrx_word' id='word_1_709' title='bbox 2438 4931 2618 4987; x_wconf 89' lang='lat' dir='ltr'>alium</span> <span class='ocrx_word' id='word_1_710' title='bbox 2651 4933 2946 5003; x_wconf 90' lang='lat' dir='ltr'>suscipere</span> <span class='ocrx_word' id='word_1_711' title='bbox 2978 4937 3170 5004; x_wconf 90' lang='lat' dir='ltr'>potest</span> <span class='ocrx_word' id='word_1_712' title='bbox 3199 4935 3270 4989; x_wconf 91' lang='lat' dir='ltr'>ad</span> <span class='ocrx_word' id='word_1_713' title='bbox 3303 4934 3614 5007; x_wconf 90' lang='lat' dir='ltr'>baptisma,</span> <span class='ocrx_word' id='word_1_714' title='bbox 3645 4928 3730 4994; x_wconf 84' lang='lat' dir='ltr'>vel</span> 
     </span>
    </p>
   </div>
   <div class='ocr_carea' id='block_1_107' title="bbox 2086 5019 3733 5090">
    <p class='ocr_par' dir='ltr' id='par_1_107' title="bbox 2086 5019 3733 5090">
     <span class='ocr_line' id='line_1_109' title="bbox 2086 5019 3733 5090; baseline 0.005 -16"><span class='ocrx_word' id='word_1_715' title='bbox 2086 5019 2156 5074; x_wconf 85' lang='lat' dir='ltr'>ad</span> <span class='ocrx_word' id='word_1_716' title='bbox 2190 5021 2715 5090; x_wconf 82' lang='lat' dir='ltr'>conﬁrmationem,</span> <span class='ocrx_word' id='word_1_717' title='bbox 2749 5022 2861 5078; x_wconf 93' lang='lat' dir='ltr'>nisi</span> <span class='ocrx_word' id='word_1_718' title='bbox 2923 5022 3044 5077; x_wconf 68' lang='lat' dir='ltr'>haec</span> <span class='ocrx_word' id='word_1_719' title='bbox 3095 5023 3303 5090; x_wconf 90' lang='lat' dir='ltr'>discat,</span> <span class='ocrx_word' id='word_1_720' title='bbox 3339 5029 3402 5078; x_wconf 91' lang='lat' dir='ltr'>ut</span> <span class='ocrx_word' id='word_1_721' title='bbox 3456 5026 3603 5082; x_wconf 89' lang='lat' dir='ltr'>bene</span> <span class='ocrx_word' id='word_1_722' title='bbox 3634 5026 3733 5082; x_wconf 90' lang='lat' dir='ltr'>illa</span> 
     </span>
    </p>
   </div>
   <div class='ocr_carea' id='block_1_108' title="bbox 2086 5111 2258 5164">
    <p class='ocr_par' dir='ltr' id='par_1_108' title="bbox 2086 5111 2258 5164">
     <span class='ocr_line' id='line_1_110' title="bbox 2086 5111 2258 5164; baseline 0.006 -1"><span class='ocrx_word' id='word_1_723' title='bbox 2086 5111 2258 5164; x_wconf 85' lang='lat' dir='ltr'>norit.</span> 
     </span>
    </p>
   </div>
   <div class='ocr_carea' id='block_1_109' title="bbox 2474 5201 3333 5272">
    <p class='ocr_par' dir='ltr' id='par_1_109' title="bbox 2474 5201 3333 5272">
     <span class='ocr_line' id='line_1_111' title="bbox 2474 5201 3333 5272; baseline 0.003 -18"><span class='ocrx_word' id='word_1_724' title='bbox 2474 5201 2674 5256; x_wconf 74' lang='lat' dir='ltr'>XXIII.</span> <span class='ocrx_word' id='word_1_725' title='bbox 2713 5202 2776 5258; x_wconf 88' lang='lat' dir='ltr'>Ut</span> <span class='ocrx_word' id='word_1_726' title='bbox 2815 5203 3072 5257; x_wconf 68' lang='lat' dir='ltr'>exitialia</span> <span class='ocrx_word' id='word_1_727' title='bbox 3098 5204 3333 5272; x_wconf 78' lang='lat' dir='ltr'>fugiant.</span> 
     </span>
    </p>
   </div>
   <div class='ocr_carea' id='block_1_110' title="bbox 2155 5288 3728 5362">
    <p class='ocr_par' dir='ltr' id='par_1_110' title="bbox 2155 5288 3728 5362">
     <span class='ocr_line' id='line_1_112' title="bbox 2155 5288 3728 5362; baseline 0.004 -20"><span class='ocrx_word' id='word_1_728' title='bbox 2155 5288 2440 5344; x_wconf 89' lang='lat' dir='ltr'>Docemus</span> <span class='ocrx_word' id='word_1_729' title='bbox 2471 5289 2669 5358; x_wconf 90' lang='lat' dir='ltr'>etiam,</span> <span class='ocrx_word' id='word_1_730' title='bbox 2704 5293 2769 5344; x_wconf 92' lang='lat' dir='ltr'>ut</span> <span class='ocrx_word' id='word_1_731' title='bbox 2807 5289 3062 5345; x_wconf 84' lang='lat' dir='ltr'>exitialia</span> <span class='ocrx_word' id='word_1_732' title='bbox 3094 5296 3329 5362; x_wconf 90' lang='lat' dir='ltr'>peccata</span> <span class='ocrx_word' id='word_1_733' title='bbox 3359 5295 3416 5347; x_wconf 89' lang='lat' dir='ltr'>et</span> <span class='ocrx_word' id='word_1_734' title='bbox 3443 5291 3728 5349; x_wconf 90' lang='lat' dir='ltr'>diabolica</span> 
     </span>
    </p>
   </div>
   <div class='ocr_carea' id='block_1_111' title="bbox 331 5368 1971 5455">
    <p class='ocr_par' dir='ltr' id='par_1_111' title="bbox 331 5368 1971 5455">
     <span class='ocr_line' id='line_1_113' title="bbox 331 5368 1971 5455; baseline -0.005 -18"><span class='ocrx_word' id='word_1_735' title='bbox 331 5396 542 5455; x_wconf 87' lang='lat' dir='ltr'>gamus</span> <span class='ocrx_word' id='word_1_736' title='bbox 565 5380 716 5452; x_wconf 92' lang='lat' dir='ltr'>quod</span> <span class='ocrx_word' id='word_1_737' title='bbox 741 5377 1008 5434; x_wconf 88' lang='lat' dir='ltr'>volumus</span> <span class='ocrx_word' id='word_1_738' title='bbox 1028 5377 1092 5427; x_wconf 91' lang='lat' dir='ltr'>ut</span> <span class='ocrx_word' id='word_1_739' title='bbox 1123 5370 1292 5427; x_wconf 91' lang='lat' dir='ltr'>nobis</span> <span class='ocrx_word' id='word_1_740' title='bbox 1324 5368 1688 5455; x_wconf 85' lang='lat' dir='ltr'>injungatur.</span> <span class='ocrx_word' id='word_1_741' title='bbox 1725 5368 1853 5426; x_wconf 81' lang='lat' dir='ltr'>Haec</span> <span class='ocrx_word' id='word_1_742' title='bbox 1883 5379 1971 5428; x_wconf 84' lang='lat' dir='ltr'>est</span> 
     </span>
    </p>
   </div>
   <div class='ocr_carea' id='block_1_112' title="bbox 330 5454 1969 5542">
    <p class='ocr_par' dir='ltr' id='par_1_112' title="bbox 330 5454 1969 5542">
     <span class='ocr_line' id='line_1_114' title="bbox 330 5454 1969 5542; baseline -0.005 -14"><span class='ocrx_word' id='word_1_743' title='bbox 330 5454 417 5528; x_wconf 82' lang='lat' dir='ltr'>lex</span> <span class='ocrx_word' id='word_1_744' title='bbox 441 5473 624 5542; x_wconf 88' lang='lat' dir='ltr'>justa,</span> <span class='ocrx_word' id='word_1_745' title='bbox 657 5474 713 5525; x_wconf 89' lang='lat' dir='ltr'>et</span> <span class='ocrx_word' id='word_1_746' title='bbox 747 5470 856 5524; x_wconf 91' lang='lat' dir='ltr'>Deo</span> <span class='ocrx_word' id='word_1_747' title='bbox 885 5464 1051 5520; x_wconf 86' lang='lat' dir='ltr'>valde</span> <span class='ocrx_word' id='word_1_748' title='bbox 1074 5462 1322 5532; x_wconf 83' lang='lat' dir='ltr'>grata,et</span> <span class='ocrx_word' id='word_1_749' title='bbox 1350 5457 1398 5510; x_wconf 92' lang='lat' dir='ltr'>is</span> <span class='ocrx_word' id='word_1_750' title='bbox 1445 5454 1556 5509; x_wconf 89' lang='lat' dir='ltr'>erit</span> <span class='ocrx_word' id='word_1_751' title='bbox 1597 5454 1969 5519; x_wconf 82' lang='lat' dir='ltr'>felicissimus</span> 
     </span>
    </p>
   </div>
   <div class='ocr_carea' id='block_1_113' title="bbox 330 5543 1966 5635">
    <p class='ocr_par' dir='ltr' id='par_1_113' title="bbox 330 5543 1966 5635">
     <span class='ocr_line' id='line_1_115' title="bbox 330 5543 1966 5635; baseline -0.006 -19"><span class='ocrx_word' id='word_1_752' title='bbox 330 5562 428 5635; x_wconf 90' lang='lat' dir='ltr'>qui</span> <span class='ocrx_word' id='word_1_753' title='bbox 461 5561 645 5633; x_wconf 84' lang='lat' dir='ltr'>legem</span> <span class='ocrx_word' id='word_1_754' title='bbox 677 5558 828 5613; x_wconf 88' lang='lat' dir='ltr'>hanc</span> <span class='ocrx_word' id='word_1_755' title='bbox 860 5550 1190 5611; x_wconf 91' lang='lat' dir='ltr'>servaverit.</span> <span class='ocrx_word' id='word_1_756' title='bbox 1225 5547 1488 5635; x_wconf 80' lang='lat' dir='ltr'>Namque</span> <span class='ocrx_word' id='word_1_757' title='bbox 1521 5543 1671 5600; x_wconf 87' lang='lat' dir='ltr'>Deus</span> <span class='ocrx_word' id='word_1_758' title='bbox 1703 5550 1966 5623; x_wconf 86' lang='lat' dir='ltr'>omnipo-</span> 
     </span>
    </p>
   </div>
   <div class='ocr_carea' id='block_1_114' title="bbox 327 5632 1966 5711">
    <p class='ocr_par' dir='ltr' id='par_1_114' title="bbox 327 5632 1966 5711">
     <span class='ocr_line' id='line_1_116' title="bbox 327 5632 1966 5711; baseline -0.007 -6"><span class='ocrx_word' id='word_1_759' title='bbox 327 5632 454 5706; x_wconf 78' lang='lat' dir='ltr'>tens</span> <span class='ocrx_word' id='word_1_760' title='bbox 485 5632 592 5706; x_wconf 87' lang='lat' dir='ltr'>nos</span> <span class='ocrx_word' id='word_1_761' title='bbox 640 5662 843 5705; x_wconf 92' lang='lat' dir='ltr'>omnes</span> <span class='ocrx_word' id='word_1_762' title='bbox 903 5639 1135 5705; x_wconf 90' lang='lat' dir='ltr'>creavit,</span> <span class='ocrx_word' id='word_1_763' title='bbox 1166 5640 1222 5692; x_wconf 91' lang='lat' dir='ltr'>et</span> <span class='ocrx_word' id='word_1_764' title='bbox 1251 5632 1461 5689; x_wconf 85' lang='lat' dir='ltr'>deinde</span> <span class='ocrx_word' id='word_1_765' title='bbox 1515 5650 1726 5709; x_wconf 84' lang='lat' dir='ltr'>magno</span> <span class='ocrx_word' id='word_1_766' title='bbox 1783 5642 1966 5711; x_wconf 87' lang='lat' dir='ltr'>pretio</span> 
     </span>
    </p>
   </div>
   <div class='ocr_carea' id='block_1_115' title="bbox 2082 5371 3729 5450">
    <p class='ocr_par' dir='ltr' id='par_1_115' title="bbox 2082 5371 3729 5450">
     <span class='ocr_line' id='line_1_117' title="bbox 2082 5371 3729 5450; baseline 0.002 -18"><span class='ocrx_word' id='word_1_767' title='bbox 2082 5378 2233 5432; x_wconf 83' lang='lat' dir='ltr'>facta</span> <span class='ocrx_word' id='word_1_768' title='bbox 2264 5395 2440 5448; x_wconf 90' lang='lat' dir='ltr'>quam</span> <span class='ocrx_word' id='word_1_769' title='bbox 2472 5377 2920 5449; x_wconf 89' lang='lat' dir='ltr'>diligentissime</span> <span class='ocrx_word' id='word_1_770' title='bbox 2950 5395 2985 5433; x_wconf 89' lang='lat' dir='ltr'>a</span> <span class='ocrx_word' id='word_1_771' title='bbox 3045 5379 3302 5450; x_wconf 89' lang='lat' dir='ltr'>quolibet</span> <span class='ocrx_word' id='word_1_772' title='bbox 3331 5371 3729 5447; x_wconf 87' lang='lat' dir='ltr'>evitentur,et</span> 
     </span>
    </p>
   </div>
   <div class='ocr_carea' id='block_1_116' title="bbox 2080 5465 3725 5539">
    <p class='ocr_par' dir='ltr' id='par_1_116' title="bbox 2080 5465 3725 5539">
     <span class='ocr_line' id='line_1_118' title="bbox 2080 5465 3725 5539; baseline 0.002 -18"><span class='ocrx_word' id='word_1_773' title='bbox 2080 5469 2532 5537; x_wconf 87' lang='lat' dir='ltr'>compensentur</span> <span class='ocrx_word' id='word_1_774' title='bbox 2560 5465 3134 5539; x_wconf 81' lang='lat' dir='ltr'>libentissime,juxta</span> <span class='ocrx_word' id='word_1_775' title='bbox 3163 5470 3503 5527; x_wconf 85' lang='lat' dir='ltr'>confossarii</span> <span class='ocrx_word' id='word_1_776' title='bbox 3535 5471 3725 5526; x_wconf 84' lang='lat' dir='ltr'>consi-</span> 
     </span>
    </p>
   </div>
   <div class='ocr_carea' id='block_1_117' title="bbox 2079 5554 3727 5632">
    <p class='ocr_par' dir='ltr' id='par_1_117' title="bbox 2079 5554 3727 5632">
     <span class='ocr_line' id='line_1_119' title="bbox 2079 5554 3727 5632; baseline 0.005 -24"><span class='ocrx_word' id='word_1_777' title='bbox 2079 5555 2244 5622; x_wconf 93' lang='lat' dir='ltr'>lium,</span> <span class='ocrx_word' id='word_1_778' title='bbox 2281 5554 2330 5611; x_wconf 94' lang='lat' dir='ltr'>si</span> <span class='ocrx_word' id='word_1_779' title='bbox 2363 5555 2497 5626; x_wconf 91' lang='lat' dir='ltr'>quis</span> <span class='ocrx_word' id='word_1_780' title='bbox 2530 5571 2632 5627; x_wconf 92' lang='lat' dir='ltr'>per</span> <span class='ocrx_word' id='word_1_781' title='bbox 2681 5554 2897 5610; x_wconf 88' lang='lat' dir='ltr'>diaboli</span> <span class='ocrx_word' id='word_1_782' title='bbox 2939 5557 3373 5632; x_wconf 90' lang='lat' dir='ltr'>instigationem</span> <span class='ocrx_word' id='word_1_783' title='bbox 3403 5560 3460 5617; x_wconf 91' lang='lat' dir='ltr'>in</span> <span class='ocrx_word' id='word_1_784' title='bbox 3493 5564 3727 5632; x_wconf 85' lang='lat' dir='ltr'>peccata</span> 
     </span>
    </p>
   </div>
   <div class='ocr_carea' id='block_1_118' title="bbox 2079 5643 2507 5717">
    <p class='ocr_par' dir='ltr' id='par_1_118' title="bbox 2079 5643 2507 5717">
     <span class='ocr_line' id='line_1_120' title="bbox 2079 5643 2507 5717; baseline 0.005 -21"><span class='ocrx_word' id='word_1_785' title='bbox 2079 5643 2254 5716; x_wconf 82' lang='lat' dir='ltr'>fuerit</span> <span class='ocrx_word' id='word_1_786' title='bbox 2284 5643 2507 5717; x_wconf 87' lang='lat' dir='ltr'>lapsus.</span> 
     </span>
    </p>
   </div>
  </div>
