3962 6418
172 408 321 477 HM

532 539 723 600 XXIV.
752 539 821 597 Et
848 541 995 599 inter
1022 538 1134 599 haec
1159 543 1429 613 stuprum.
1540 584 1543 585 ν

1408 406 1771 479 CANUTUS
1788 419 1793 425 '
1810 406 1841 469 'I
1884 405 2040 471 REX
2080 407 2185 470 AN
2191 406 2312 472 GL.

3392 402 3557 467 41178

1829 544 1886 609 Α
1913 540 2181 611 ducatur,
2213 543 2314 600 sed
2337 540 2646 616 diligenter
2665 542 2947 611 foveatur,
2970 530 3043 600 ne
3064 542 3263 623 anima
3278 546 3558 621 perdatur

240 631 519 688 Docemus
549 630 726 686 etiam
757 633 823 685 ut
847 629 1116 687 homines
1145 647 1179 686 a
1213 629 1367 702 turpi
1398 632 1623 701 stupro,
1645 636 1699 685 et
1732 633 1803 686 ab
1914 647 2092 703 quam
2121 632 2385 689 Christus
2415 632 2650 705 propria
2678 650 2786 690 sua
2811 633 2933 691 vita
2958 634 3225 692 redemit.

176 720 365 803 illicito
394 719 728 797 concubitu,
761 723 818 776 et
846 719 918 775 ab
951 719 1111 775 omni
1142 717 1428 776 adulterio
1459 722 1808 776 moneantur

176 826 394 883 semper
423 825 486 869 se
514 808 825 866 abstinere.

328 908 498 964 XXV.
533 909 599 966 Ut
627 914 856 963 caveant
879 908 987 964 sibi
1014 907 1080 962 de
1107 908 1382 963 tremendo
1402 908 1635 980 judicio.

238 999 521 1054 Docemus
549 995 725 1052 etiam
755 999 821 1051 ut
850 994 1096 1067 quilibet
1122 994 1294 1051 homo
1342 995 1651 1069 diligenter
1702 997 1805 1055 Dei

1916 728 2009 783 IV.
2044 730 2116 785 De
2145 732 2311 801 sagis,
2344 731 2632 803 sortilegis,
2667 735 2801 799 etc.,
2831 733 3116 804 ejiciendis
3148 734 3260 806 (LI.
3296 736 3428 791 Sex.
3480 737 3554 807 4).

1988 818 2370 876 Prohibemus
2399 821 2577 876 etiam
2609 825 2673 876 ut
2700 825 2916 878 terram
2943 820 3404 896 circumquaque
3426 825 3558 881 dili-

1916 910 2118 979 genter
2148 909 2433 965 mundare
2462 909 2764 982 incipiant,
2798 914 2855 966 et
2883 928 2917 967 a
2938 912 3204 969 nefandis
3226 914 3558 972 actionibus

1915 995 2133 1068 ubique
2162 997 2513 1055 abstineant.
2545 999 2617 1054 Et
2646 998 2695 1055 si
2726 1016 2897 1075 sagae,
2929 998 3017 1056 vel
3059 1000 3290 1069 harioli,
3343 1004 3559 1077 sicarii,

172 1087 430 1143 timorem
464 1085 523 1139 in
545 1084 742 1141 animo
763 1101 870 1139 suo
892 1085 1121 1153 habeat,
1144 1088 1202 1141 et
1220 1085 1315 1141 die
1334 1102 1399 1142 ac
1422 1090 1587 1143 nocte
1609 1092 1808 1145 caveat
1913 1082 2004 1140 vel
2036 1086 2371 1143 meretrices
2402 1086 2617 1142 alicubi
2648 1087 2707 1143 in
2746 1089 2980 1162 regione
3025 1090 3559 1164 deprehendantur,

174 1192 206 1232 a
231 1174 494 1248 peccatis,
523 1172 678 1231 diem
691 1173 902 1245 judicii
923 1174 1151 1242 timeat,
1174 1177 1230 1230 et
1252 1175 1327 1230 ab
1346 1174 1571 1232 inferno
1593 1177 1806 1233 abhor-

174 1269 308 1335 reat,
337 1268 396 1321 et
422 1268 655 1335 semper
682 1264 859 1329 ﬁnem
897 1263 1125 1319 dierum
1170 1267 1361 1319 astare
1404 1264 1514 1321 sibi
1564 1266 1807 1325 arbitre-

171 1357 281 1413 tur.

235 1457 430 1516 XXVI.
454 1461 521 1516 Ut
539 1460 776 1531 episcopi
793 1462 848 1515 et
869 1458 1169 1514 sacerdotes
1189 1457 1297 1530 ﬁde
1316 1460 1511 1516 obeant
1529 1463 1734 1533 ofﬁcia.

236 1548 503 1621 Episcopi
533 1547 654 1602 sint
682 1562 979 1619 praecones
1004 1551 1062 1602 et
1090 1548 1357 1603 doctores
1388 1548 1586 1623 legum
1607 1551 1728 1617 Dei,
1753 1557 1809 1608 et

170 1635 450 1709 explicent
481 1651 548 1691 ac
578 1635 842 1708 exemplo
882 1652 992 1692 suo
1040 1636 1286 1692 doceant
1332 1636 1582 1694 libenter
1628 1641 1808 1698 eccle-

169 1725 401 1784 siastica
427 1724 642 1793 ofﬁcia,
675 1725 939 1781 attendat
965 1724 1059 1780 his
1089 1725 1425 1798 quicunque
1452 1717 1607 1783 velit.
1652 1732 1809 1795 Quo-

168 1814 322 1873 niam
352 1812 585 1870 inutilis
613 1817 817 1886 pastor
840 1813 1169 1870 invenietur
1190 1815 1374 1888 gregi,
1397 1816 1497 1888 qui
1522 1817 1667 1873 nolit
1687 1836 1811 1892 gre-

1916 1174 2240 1229 educantur
2271 1175 2475 1231 sedulo
2506 1193 2575 1231 ex
2604 1179 2759 1233 terra
2787 1175 2909 1246 illa,
2940 1177 3027 1233 vel
3058 1178 3115 1233 in
3143 1184 3299 1236 terra
3323 1186 3563 1253 pereant

1917 1263 2176 1334 omnino,
2210 1264 2322 1320 nisi
2345 1268 2576 1321 cessent
2605 1282 2639 1321 a
2667 1265 2836 1322 factis
2866 1266 3059 1338 malis,
3088 1273 3145 1324 et
3165 1269 3375 1342 majori
3391 1271 3564 1329 modo

1917 1356 2312 1423 compensant.
2334 1352 2507 1408 Praeci
2514 1353 2712 1425 pimus
2732 1353 2906 1410 etiam
2931 1359 2995 1410 ut
3014 1356 3245 1430 profugi
3261 1362 3318 1414 et
3337 1357 3565 1434 exleges

1917 1441 2016 1497 Dei
2049 1458 2116 1497 ac
2148 1442 2477 1510 hominum,
2510 1459 2578 1499 ex
2607 1443 2798 1516 patria
2825 1445 3302 1516 exterminentur,
3345 1448 3458 1505 nisi
3500 1467 3563 1506 se

1917 1530 2269 1587 submittant
2290 1535 2347 1587 et
2368 1548 2544 1604 quam
2567 1531 3010 1605 diligentissime
3030 1536 3361 1601 emendent.
3386 1539 3453 1594 Et
3474 1540 3562 1595 fu-

1917 1636 2008 1676 res
2041 1636 2108 1674 ac
2138 1618 2394 1676 latrones
2426 1621 2643 1693 publici
2677 1621 2832 1678 brevi
2862 1627 3120 1695 pereant,
3171 1625 3288 1680 nisi
3336 1633 3567 1687 cessent

1919 1718 1976 1789 (a
2006 1707 2374 1777 malefactis).

1917 1805 1986 1862 V.
2016 1808 2084 1862 De
2099 1808 2880 1880 gentiliumsuperstitionibus
2898 1810 3174 1867 abolendis
3195 1812 3309 1885 (LI.
3332 1814 3463 1887 Sax.
3487 1815 3564 1889 5).

169 1919 318 1977 gem,
348 1917 525 1975 quem
555 1903 708 1959 tueri
738 1902 929 1969 debet,
962 1902 1215 1959 clamore
1236 1905 1566 1973 defendere,
1592 1907 1641 1962 si
1668 1908 1814 1965 alias
1842 1910 1892 1976 Β
1992 1895 2379 1977 Prohibemus
2409 1896 2583 1953 etiam
2620 1897 2772 1953 serio
2803 1898 3242 1957 ethnicismum.
3278 1903 3568 1961 Ethnicis-

169 1992 370 2066 possit,
401 2008 537 2047 cum
562 1990 799 2064 aliquod
827 1991 1112 2047 damnum
1143 1993 1304 2065 gregi
1337 2009 1542 2051 nocere
1581 1996 1804 2069 incipit.

167 2079 403 2137 Nullum
432 2082 524 2137 est
552 2081 832 2136 damnum
867 2081 1009 2136 adeo
1034 2080 1255 2136 malum
1285 2098 1350 2137 ac
1369 2082 1640 2140 diabolus
1665 2072 1806 2157 ipse,

169 2169 270 2242 qui
294 2185 525 2241 semper
552 2168 664 2225 hoc
695 2186 878 2225 unum
902 2164 1249 2238 meditatur,
1273 2172 1567 2242 quomodo
1588 2174 1810 2231 anima-

168 2259 280 2315 bus
302 2257 609 2314 hominum
641 2258 898 2314 maxime
926 2275 1134 2315 nocere
1163 2260 1369 2332 possit.
1400 2261 1549 2317 Tum
1590 2269 1816 2337 Oportet

169 2350 435 2420 pastores
463 2363 591 2403 esse
618 2346 785 2402 valde
812 2346 1040 2419 vigiles,
1066 2347 1450 2421 etdiligenter
1471 2351 1812 2422 clamantes,

169 2436 268 2509 qui
292 2436 365 2491 ab
384 2435 496 2492 hoc
514 2434 739 2492 latrone
759 2436 994 2508 publico
1018 2436 1301 2510 pepulum
1325 2439 1472 2495 tueri
1497 2441 1727 2497 debent.
1748 2443 1816 2499 Hi

173 2527 313 2587 sunt
341 2522 597 2597 episcopi
627 2528 683 2580 et
714 2525 1056 2598 presbyteri,
1084 2526 1184 2598 qui
1207 2526 1663 2585 ecclesiasticum
1689 2547 1819 2603 gre-

168 2629 301 2687 gem
330 2613 638 2683 defendere
666 2616 724 2669 et
750 2614 899 2670 tueri
931 2615 1144 2670 debent
1165 2633 1268 2688 per
1296 2616 1820 2689 sapientesdoctri-

170 2719 300 2772 nas,
334 2718 407 2759 ne
438 2702 698 2759 furiosus
727 2702 1147 2777 lycanthropus
1177 2722 1313 2762 eum
1335 2706 1587 2763 nimium
1611 2708 1824 2766 discer-

175 2796 297 2863 pat,
330 2794 433 2848 aut
459 2791 679 2849 multos
706 2809 776 2849 ex
804 2792 1200 2851 ecclesiastico
1228 2811 1402 2868 grege
1432 2798 1715 2855 mordeat.
1757 2800 1826 2855 Et

174 2879 226 2935 si
255 2878 392 2952 quis
422 2880 676 2937 maxime
706 2885 889 2949 curet,
918 2886 983 2937 ut
1005 2882 1104 2938 Dei
1137 2884 1363 2940 nuntiis
1393 2885 1644 2958 obediat,
1668 2887 1825 2945 idem

172 2972 263 3026 est
290 2985 362 3027 ac
390 2969 442 3025 si
472 2969 588 3026 Deo
617 2969 731 3042 ipsi
762 2972 1015 3028 obediat.
1049 2972 1292 3045 Semper
1334 2972 1412 3029 sit
1460 2992 1673 3032 nomen
1724 2978 1825 3035 Dei

175 3054 570 3126 benedictum,
605 3063 663 3116 et
690 3060 768 3116 sit
790 3058 920 3117 laus
960 3060 1031 3128 ei,
1083 3078 1150 3117 ac
1197 3061 1385 3118 honor
1431 3069 1487 3119 et
1534 3064 1720 3138 gloria
1766 3069 1827 3124 in

176 3163 385 3203 omnes
414 3146 611 3204 saeculi
641 3152 857 3205 aetates.
893 3152 1098 3205 Amen.

245 3237 366 3295 Hoc
392 3240 484 3293 est
504 3230 780 3295 szeculare
800 3238 1113 3296 consilium
1135 3241 1291 3312 quod
1310 3257 1379 3297 ex
1398 3244 1826 3303 consultatione

173 3343 313 3383 cum
344 3325 709 3398 sapientibus
740 3327 887 3385 meis
916 3327 1045 3384 volo
1065 3333 1131 3385 ut
1160 3330 1499 3388 observetur
1518 3350 1621 3406 per
1640 3338 1823 3394 totam

167 3414 467 3488 Angliam.

440 3514 483 3570 Ι.
514 3514 591 3571 De
608 3516 839 3588 justitia
865 3516 1137 3589 efferenda
1167 3517 1277 3588 (LI.
1313 3520 1443 3575 Sax.
1480 3521 1553 3592 1).
1654 3506 1659 3511 ”

239 3600 363 3658 Hoc
392 3602 572 3675 igitur
599 3606 689 3660 est
719 3604 999 3677 primum,
1033 3606 1190 3677 quod
1214 3605 1360 3672 volo,
1384 3612 1449 3663 ut
1468 3610 1644 3680 justas
1667 3611 1825 3685 leges

167 3690 532 3773 sanciantur,
566 3696 624 3749 et
649 3693 922 3765 quaelibet
952 3694 1245 3765 injustitia
1266 3696 1468 3753 sedulo
1489 3699 1823 3773 damnetur,
1878 3712 1883 3719 '

166 3784 226 3836 et
254 3784 324 3835 ut
351 3770 680 3837 sarculetur
710 3786 768 3838 et
795 3782 1125 3839 eradicetur
1161 3785 1464 3856 quodlibet
1509 3770 1822 3860 injustum,

166 3885 352 3942 quam
384 3868 834 3943 diligentissime
867 3872 1052 3943 possit
1080 3872 1150 3928 de
1186 3872 1290 3929 hac
1321 3878 1493 3943 terra,
1518 3881 1575 3932 et
1598 3895 1826 3949 promo-

163 3961 375 4014 ventur
398 3958 499 4015 Dei
520 3948 776 4031 justitia,
801 3976 867 4015 ac
888 3960 947 4016 in
970 3964 1271 4032 posterum
1294 3980 1519 4034 omnes,
1541 3948 1663 4022 tam
1687 3986 1825 4041 pau-

164 4050 533 4119 peres'quam
555 4046 784 4116 divites,
800 4049 937 4121 jure
956 4049 1188 4122 publico
1209 4051 1500 4120 fruantur,
1526 4056 1822 4126 etjustum

159 4133 289 4205 illis
311 4135 608 4208 judicium
641 4137 935 4194 reddatur.

160 4242 231 4299 II.
266 4243 346 4299 De
372 4244 753 4301 misericordia
781 4246 1087 4302 exhibenda
1117 4249 1178 4301 in
1198 4247 1412 4320 judicio
1444 4249 1556 4321 (Ll.
1583 4251 1714 4309 Sax.
1743 4254 1820 4327 2).

232 4349 531 4419 Docemus
560 4350 736 4407 etiam
763 4352 941 4425 quod,
963 4353 1096 4409 licet
1116 4353 1250 4426 quis
1270 4354 1593 4429 delinquat,
1621 4363 1677 4414 et
1698 4360 1823 4432 ipse

153 4437 457 4511 profunde
488 4440 786 4512 paeniteat,
820 4444 960 4497 tunc
990 4441 1341 4498 adhibeatur
1371 4446 1694 4502 moderatio
1737 4449 1820 4520 (in

152 4543 340 4605 penna
361 4527 716 4604 irroganda),
736 4531 928 4603 prouti
951 4548 1147 4587 coram
1167 4531 1283 4588 Deo
1315 4533 1526 4590 decens
1547 4539 1603 4590 et
1624 4552 1820 4593 coram

1920 2001 2055 2040 mus
2070 1990 2157 2040 est
2169 2002 2301 2040 cum
2316 1985 2449 2058 quis
2464 1986 2619 2042 idola
2634 1986 2855 2055 adorat,
2871 1988 3011 2044 deos
3023 2005 3132 2062 gen
3141 1990 3294 2058 tiles,
3316 1996 3373 2048 et
3388 1992 3569 2049 solem

1916 2072 2006 2130 vel
2037 2073 2462 2147 lunam,ignem
2492 2075 2582 2132 vel
2612 2076 2877 2147 fluvium,
2909 2082 3138 2136 torrens
3167 2079 3256 2136 vel
3284 2098 3444 2150 saxa,
3484 2081 3575 2140 vel

1922 2163 2171 2234 alicujus
2188 2163 2418 2235 generis
2442 2165 2716 2221 arborum
2738 2165 2921 2249 ligna,
2943 2165 3028 2222 vel
3053 2170 3211 2241 (cum
3236 2169 3391 2242 quis)
3410 2187 3578 2239 vene-

1923 2252 2123 2307 ﬁcium
2138 2258 2316 2319 amat,
2331 2252 2422 2307 vel
2441 2252 2784 2309 vicariatum
2804 2256 3123 2312 committit
3143 2256 3261 2313 ullo
3276 2259 3468 2327 modo,
3484 2259 3573 2316 vel

1926 2340 2244 2411 sortilegio,
2274 2340 2363 2395 vel
2394 2342 2529 2397 teda
2559 2342 2646 2397 vel
2682 2341 2877 2415 aliquo
2909 2343 3319 2415 phantasmate
3349 2347 3572 2420 aliquid

1928 2430 2169 2503 perﬁcit.

1926 2519 2021 2574 VI.
2090 2519 2164 2574 De
2233 2518 2521 2575 homicidis
2555 2522 2986 2665 (pigiegantigals,
3063 2530 3115 2578 el
3183 2523 3575 2585 mazohantibus

2653 2635 2663 2647 .
2742 2610 2830 2647 ax.
2927 2635 2939 2647 .

2653 2635 2663 2647 .
2700 2610 2830 2647 58X.
2863 2610 2939 2647 Ol.

2001 2679 2314 2736 Homicida:
2327 2684 2385 2735 et
2398 2680 2613 2753 perjuri
2629 2681 2902 2737 ordinum
2929 2681 3240 2740 violatores
3257 2688 3312 2740 et
3327 2686 3577 2743 adulteri

1933 2770 2286 2826 submittant
2315 2788 2377 2826 se
2406 2775 2463 2826 et
2492 2772 2824 2842 emendent,
2857 2771 2944 2828 vel
2978 2773 3227 2831 scienter
3244 2774 3303 2831 in
3326 2777 3578 2849 peccatis

1935 2859 2278 2916 moriantur.

1932 2957 2054 3014 VII.
2081 2958 2233 3035 Quod
2247 2962 2534 3035 peccatum
2548 2961 2761 3031 turpius
2780 2961 2856 3035 sit
2874 2962 2936 3016 in
2959 2960 3144 3035 diebus
3164 2969 3215 3035 cl
3235 2964 3363 3019 locis
3383 2966 3581 3035 sacris,

2041 3034 2092 3087 et
2118 3032 2351 3103 majores
2381 3033 2559 3100 magis
2587 3040 2716 3087 sunt
2734 3032 3009 3104 plectendi
3038 3033 3148 3107 (LI.
3182 3034 3314 3091 Sax.
3360 3036 3471 3109 35).

2008 3119 2298 3189 Injustum
2329 3135 2445 3176 non
2475 3123 2565 3176 est
2594 3118 3002 3193 ullo'tempore
3033 3121 3410 3193 permissum;
3435 3127 3578 3183 atta-

1939 3225 2074 3265 men
2105 3208 2314 3264 diebus
2346 3208 2531 3279 festis,
2564 3212 2622 3264 et
2649 3209 2710 3263 in
2733 3208 3000 3280 jejuniis,
3034 3213 3092 3266 et
3119 3210 3178 3265 in
3201 3209 3343 3268 locis
3364 3214 3584 3270 sanctis

1935 3296 2387 3370 diligentissime
2417 3298 2489 3353 ab
2519 3313 2586 3353 eo
2616 3299 2937 3355 cavendum
2967 3302 3077 3354 est.
3108 3299 3178 3355 Et
3206 3316 3441 3372 semper
3466 3317 3584 3376 quo

1937 3387 2070 3459 quis
2099 3389 2187 3443 est
2217 3386 2507 3459 potentior
2534 3384 2621 3441 vel
2653 3385 2896 3457 majoris
2916 3384 3158 3455 ordinis,
3184 3403 3249 3443 eo
3273 3388 3461 3462 magis
3486 3406 3582 3445 co-

1937 3492 2063 3531 ram
2094 3476 2210 3531 Deo
2240 3479 2297 3530 et
2326 3475 2547 3531 mundo
2578 3474 2868 3546 injustam
2914 3476 3226 3532 emendare
3273 3477 3461 3533 debet.
3514 3478 3585 3534 Et

1935 3563 2327 3621 ecclesiastica
2356 3563 2754 3637 compensatio
2785 3579 3018 3636 semper
3046 3563 3354 3637 diligenter
3390 3565 3582 3636 inqui-

1936 3654 2117 3710 renda
2146 3658 2236 3710 est
2262 3670 2330 3709 ex
2359 3653 2613 3725 scriptis,
2642 3657 2700 3708 et
2730 3652 3031 3708 mundana
3058 3653 3458 3726 compensatio
3492 3654 3580 3710 in-

1935 3742 2223 3814 quirenda
2246 3746 2334 3798 est
2362 3759 2431 3798 ex
2461 3742 2763 3797 mundana
2792 3739 2938 3814 lege.

1933 3841 2084 3897 VIII.
2118 3843 2190 3898 De
2236 3843 2557 3897 ministrum
2601 3842 2771 3896 altari
2813 3841 3082 3897 occidente
3130 3840 3237 3913 (LI.
3284 3841 3416 3897 Sax.
3465 3841 3577 3914 36).

2005 3941 2063 3994 Si
2083 3940 2214 4012 quis
2237 3938 2440 3995 altaris
2464 3937 2800 3994 minislrum
2823 3937 3119 4006 occiderit,
3146 3937 3223 3993 sit
3242 3937 3405 3995 exlex
3424 3940 3581 4012 apud

1935 4029 2119 4084 Deum
2152 4032 2208 4085 et
2237 4027 2392 4101 apud
2422 4027 2715 4094 homines,
2746 4027 2858 4083 nisi
2892 4044 2995 4100 per
3023 4026 3295 4084 exsilium
3321 4032 3377 4084 et
3425 4029 3581 4101 apud

1934 4122 2214 4191 cognatos
2245 4118 2421 4174 etiam
2453 4116 2641 4191 magis
2673 4120 3031 4189 compenset,
3064 4115 3151 4172 vel
3172 4121 3381 4189 purget
3402 4133 3464 4173 se
3486 4134 3580 4173 ca-

1933 4206 2098 4279 pitali
2120 4207 2486 4280 purgatione,
2509 4206 2561 4263 ei
2583 4207 2738 4263 intra
2756 4224 2869 4262 xxx
2887 4206 3014 4262 dies
3040 4204 3152 4261 inci
3160 4204 3283 4278 piat
3302 4222 3429 4261 com
3438 4222 3578 4279 pen-

1934 4295 2218 4353 sationem
2234 4297 2452 4369 ubique
2464 4302 2584 4353 tam
2597 4296 2942 4369 epudDeum
2958 4312 3132 4368 quam
3147 4295 3299 4367 apud
3314 4294 3580 4353 homines

1933 4385 2257 4458 (solvendo)
2288 4386 2489 4442 omnia
2516 4404 2643 4459 qua:
2674 4387 2868 4442 habet.

1931 4483 2021 4539 IX.
2084 4486 2148 4540 Ut
2201 4500 2301 4540 reo:
2359 4486 2431 4540 sit
2483 4485 2762 4540 ordinatis
2817 4488 2871 4557 et
2926 4486 3251 4557 alienigenis
3313 4492 3579 4556 patronus

2549 4557 2657 4626 (LI.
2691 4557 2822 4611 Sax.
2851 4555 2964 4628 37).

152 4616 401 4687 mundo
421 4616 720 4677 tolerabile
750 4624 857 4675 est.
893 4621 960 4675 Et
989 4621 1321 4676 meminerit
1344 4622 1806 4696 diligentissime1

2002 4643 2061 4699 Si
2093 4643 2225 4715 quis
2256 4644 2441 4700 sacris
2470 4644 2769 4700 initiatum
2792 4643 2880 4699 vel
2901 4649 3162 4699 exterum
3185 4644 3383 4716 aliquo
3404 4645 3578 4701 modo

151 4705 517 4788 quijudicio
548 4709 837 4780 praesidet,
869 4709 999 4780 ejus
1028 4710 1185 4781 quod
1217 4710 1340 4783 ipse
1370 4710 1584 4768 habere
1613 4715 1817 4786 gessit,

149 4810 301 4849 cum
333 4793 444 4851 hoc
472 4796 646 4852 modo
677 4797 852 4853 dicit:
881 4799 944 4853 Et
973 4799 1188 4853 dimitte
1216 4800 1373 4855 nobis
1402 4800 1582 4857 debita
1610 4811 1815 4871 nostra,

144 4885 305 4939 sicut
334 4891 386 4939 et
412 4900 511 4940 nos
540 4884 870 4945 dimittimus
910 4887 1127 4958 (Matth.
1178 4889 1274 4956 γι).
1328 4888 1396 4943 Et
1434 4890 1816 4960 prohibemus

148 4988 229 5029 ne
263 4971 639 5029 Christianus
669 4979 803 5032 ante
825 4974 1023 5031 omnia
1045 4974 1252 5031 saltem
1275 4975 1420 5033 levis
1441 4976 1523 5033 rei
1545 4995 1725 5036 causa
1744 4985 1817 5039 ad

145 5064 425 5127 mortem
451 5063 737 5133 tradatur;
773 5064 872 5121 sed
903 5064 1100 5137 potius
1132 5064 1294 5121 mitis
1324 5083 1495 5139 poena
1524 5071 1819 5128 statuatur

142 5148 207 5204 in
230 5148 445 5227 populi
468 5151 864 5222 commodum,
886 5170 1074 5225 neque
1096 5153 1394 5225 perdatur,
1415 5172 1517 5226 pro
1536 5173 1595 5213 re
1618 5176 1814 5232 parva,

142 5238 256 5294 Dei
292 5255 583 5295 manuum
615 5242 896 5314 operatio,
930 5246 985 5297 ct
1014 5242 1314 5314 proprium
1361 5244 1488 5314 ejus
1540 5247 1813 5317 pretium,

142 5326 319 5398 quod
336 5343 487 5389 caro
519 5329 784 5405 redemit.

138 5439 248 5497 III.
324 5443 402 5500 De
468 5442 780 5503 Christiano
803 5462 979 5589 (Inan
1023 5445 1297 5590 vergentia
1362 5451 1521 5503 extra
1584 5464 1817 5521 regnum

818 5550 821 5555 ν
904 5561 917 5574 .
984 5535 1073 5575 ax.
1158 5559 1171 5572 .

818 5535 917 5575 'Ll.
941 5535 1073 5575 38.x.
1095 5535 1171 5575 ὅ).

217 5611 618 5683 Prohibemus
630 5615 806 5673 etiam
819 5633 891 5673 ne
902 5615 1270 5674 Christianus
1284 5616 1596 5690 quisquam
1610 5621 1813 5690 procul

140 5698 218 5756 de
233 5703 402 5779 terra
415 5704 723 5777 vendatur,
742 5722 931 5780 neque
952 5706 1025 5762 ad
1044 5705 1449 5778 gentilismum
1463 5706 1671 5767 saltem
1682 5724 1811 5781 per-

1928 4732 2166 4788 seducat
2190 4732 2262 4787 ad
2293 4748 2361 4787 ea
2391 4750 2519 4805 qua:
2550 4738 2910 4789 concernunt
2931 4732 3240 4805 pecuniam
3262 4732 3349 4787 vel
3374 4732 3575 4803 vitam,

1926 4825 2067 4877 tunc
2099 4838 2196 4877 rex
2224 4822 2274 4877 ei
2308 4821 2387 4876 sit
2413 4821 2539 4877 loco
2570 4822 2823 4895 cognati,
2854 4826 2911 4877 et
2938 4821 3063 4877 loco
3094 4821 3346 4894 patroni,
3379 4820 3492 4878 nisi
3524 4822 3574 4879 is

1928 4910 2110 4966 alium
2124 4910 2431 4967 dominum
2445 4910 2803 4977 habuerit,et
2815 4910 3384 4984 compenseturregi,
3402 4916 3576 4985 prout

1928 5002 2110 5070 decet,
2138 5001 2227 5057 vel
2255 5001 2472 5057 factum
2503 5000 2652 5057 illud
2697 5018 2874 5073 quam
2927 5000 3180 5057 maxime
3226 4999 3572 5069 vindicetur,

1927 5090 2205 5164 regemCh
2214 5089 2522 5147 ristianum
2536 5106 2713 5162 quam
2728 5089 2980 5146 maxime
2992 5089 3283 5160 decet,Dei
3297 5089 3575 5162 injuriam
3608 5084 3623 5103 ‘

1927 5196 2107 5250 quam
2138 5178 2505 5235 severissime
2535 5178 2739 5234 ulcisci
2770 5196 2874 5252 pro
2906 5196 2972 5235 eo
3006 5179 3163 5250 quod
3194 5179 3414 5234 factum
3463 5173 3598 5235 estC

1925 5269 1989 5323 Χ.
2023 5270 2098 5323 De
2128 5270 2379 5325 ministro
2409 5270 2605 5324 altaris
2635 5268 2927 5336 homicida,
2950 5273 3058 5324 etc.
3109 5268 3223 5340 (LI.
3276 5268 3409 5323 Sax.
3458 5268 3572 5335 38).

1995 5357 2053 5412 Si
2076 5357 2347 5414 minister
2358 5357 2560 5415 altaris
2581 5356 2875 5414 homicida
2887 5356 3008 5423 fiat,
3025 5355 3113 5411 vel
3129 5355 3275 5411 alias
3290 5372 3573 5428 magnum

1926 5447 2089 5502 nefas
2105 5448 2544 5520 perpetraverit,
2561 5453 2700 5503 tunc
2720 5447 2927 5519 perdat
2942 5445 3153 5501 deinde
3170 5450 3287 5500 tam
3307 5444 3571 5500 ordinem

1926 5552 2105 5607 quam
2138 5535 2439 5601 honorem,
2470 5541 2528 5592 et
2557 5535 2961 5608 peregrinetur
2984 5550 3160 5606 quam
3187 5530 3387 5604 procul
3422 5547 3575 5604 papa

1924 5624 1976 5681 ei
2007 5625 2448 5697 praescripserit,
2482 5630 2539 5681 et
2571 5626 2714 5683 illud
2746 5625 2995 5682 libenter
3023 5621 3312 5690 emendet,
3336 5624 3394 5676 et
3428 5621 3478 5677 si
3509 5638 3574 5678 se

1926 5729 2179 5789 purgare
2208 5714 2363 5782 velit,
2397 5719 2609 5788 purget
2628 5732 2691 5774 se
2710 5714 2907 5789 triplo,
2931 5716 2989 5772 et
3008 5710 3125 5771 nisi
3145 5711 3302 5769 intra
3317 5727 3426 5769 xxx
3446 5710 3571 5770 dies
