3962 6374
369 378 528 447 H79

1735 385 2048 451 MONUM.
2095 384 2414 451 DlPLOM.

3621 382 3783 450 1180

359 517 895 592 compensationem
925 517 1225 594 incoeperit
1255 519 1407 594 apud
1431 519 1615 578 Deum
1640 523 1698 579 et
1717 521 1871 594 apud
1896 521 2003 577 bo-
2035 520 2090 588 Α
2119 520 2196 578 sit
2225 530 2472 596 occsius,
2505 537 2610 593 pro
2630 538 2697 581 eo
2719 520 2874 597 quod
2890 519 2988 579 ille
2991 521 3015 594 j
3025 519 3235 579 ustitia
3253 535 3316 578 se
3339 519 3700 594 opposuerit,
3717 521 3776 578 si

365 609 576 678 mines,
607 613 746 664 tunc
775 610 852 666 sit
880 610 1061 666 exlex.

527 716 618 771 XI.
649 718 726 772 De
751 716 1071 773 ordinatum
1101 719 1374 774 vinciente
1401 726 1499 774 aut
1530 720 1851 774 verberante

975 791 1088 858 (LI.
1120 791 1249 845 Sax.
1285 791 1397 861 39).

438 877 497 932 Si
531 876 664 948 quis
695 878 877 934 sacris
908 879 1204 934 initiatum
1237 879 1454 934 vinciat
1481 879 1568 935 vel
1601 879 1883 946 verberet,
1928 879 2014 934 vel

366 964 684 1021 admodum
717 965 1095 1033 convicietur,
1129 971 1466 1037 compenset
1493 967 1544 1022 ei
1575 971 1748 1039 prout
1780 967 2013 1038 justum

365 1056 474 1121 est,
505 1058 562 1108 et
592 1054 863 1126 episcopo
895 1071 1005 1109 arae
1037 1054 1334 1126 expiandae
1367 1055 1615 1111 multam
1651 1071 1753 1126 pro
1792 1054 2014 1110 ordinis

367 1131 565 1207 mbdo,
587 1146 644 1197 et
665 1143 904 1198 domino
919 1142 1008 1198 vel
1031 1144 1152 1216 regi
1177 1161 1278 1216 pro
1300 1143 1471 1216 plena
1484 1143 1796 1200 violatione
1830 1143 2012 1214 pacis,

362 1229 451 1284 vel
485 1234 695 1303 purget
723 1231 983 1302 seipsum
1015 1230 1189 1303 plena
1229 1231 1618 1289 excusatione.

540 1319 657 1374 XII.
685 1320 760 1374 De
787 1319 1038 1376 ordinato
1060 1323 1258 1393 capitis
1289 1337 1377 1376 reo
1411 1321 1524 1390 (LI.
1552 1322 1680 1376 Sax.
1716 1320 1828 1389 40).

435 1407 492 1463 Si
527 1406 659 1479 quis
691 1408 873 1463 sacris
903 1409 1168 1464 initiatus
1197 1407 1446 1480 capitale
1491 1409 1708 1464 crimen
1761 1407 2010 1464 commi-

363 1495 526 1563 serit,
559 1496 1050 1570 apprehendatur,
1085 1502 1143 1553 et
1172 1498 1417 1555 sistatur
1445 1514 1639 1554 coram
1678 1497 1842 1553 curia
1888 1497 2008 1568 epi-

364 1584 586 1657 scopali
618 1602 722 1658 pro
749 1585 848 1641 illo
881 1589 1035 1659 quod
1067 1587 1288 1642 factum
1317 1591 1424 1643 est.

431 1675 574 1731 XlIl.
608 1677 681 1733 De
711 1692 799 1733 reo
829 1679 1229 1748 confessarium
1253 1681 1467 1749 petente
1491 1677 1605 1748 (LI.
1641 1676 1772 1732 Sax.
1827 1675 1936 1745 41).

433 1763 494 1820 Si
525 1764 660 1836 quis
695 1765 962 1837 capitalis
1008 1765 1273 1821 criminis
1323 1781 1459 1820 reus
1505 1764 1709 1820 sedulo
1750 1762 2012 1818 conﬁteri

361 1851 519 1920 velit,
553 1869 670 1908 non
702 1857 950 1926 negetur
979 1852 1124 1908 illud
1159 1853 1272 1924 ipsi
1303 1868 1590 1924 unquam,
1623 1856 1680 1906 et
1703 1851 1753 1906 si
1787 1849 1918 1922 quis
1960 1850 2009 1905 ei

363 1940 682 2013 negaverit,
711 1946 1052 2013 compenset
1080 1940 1189 1996 hoc
1220 1941 1374 2012 apud
1406 1956 1601 2012 regem
1633 1957 1739 1994 cxx
1787 1938 2011 2005 solidis,

2127 621 2237 676 hoc
2267 619 2663 683 conﬁrmetur,
2689 615 2884 686 jaceat
2912 611 3157 668 inultus.

2196 709 2393 766 XVIII.
2429 709 2498 762 De
2526 721 2744 761 sacrum
2769 701 3020 758 ordinem
3040 702 3279 758 violante
3300 701 3413 772 (LI.
3438 700 3570 756 Sax.
3591 700 3704 771 46).

2197 799 2255 854 Si
2290 797 2422 870 quis
2453 810 2686 851 sacrum
2719 791 2983 847 ordinem
3013 789 3334 856 violaverit,
3357 789 3633 844 emendet
3667 788 3782 844 hoc

2124 905 2227 960 pro
2249 885 2533 958 dignitate
2554 881 2798 947 ordinis,
2823 881 2940 935 sive
2965 896 3067 952 per
3083 877 3527 933 aestimationem
3545 876 3777 949 capitis,

2123 976 2241 1032 sive
2270 991 2376 1047 per
2406 971 2675 1038 multam,
2709 970 2827 1024 sive
2838 984 2940 1040 per
2960 967 3184 1023 violatae
3207 965 3353 1038 legis
3375 982 3628 1037 pcenam,
3654 965 3780 1021 sive

2123 1082 2225 1137 per
2250 1078 2482 1120 omnem
2515 1058 2972 1133 possessionem.

2442 1151 2588 1206 XIX.
2621 1150 2696 1204 De
2719 1147 2991 1202 adulterio
3024 1145 3135 1218 (LI.
3170 1145 3302 1200 Sax.
3328 1144 3439 1216 47).

2193 1243 2252 1298 Si
2284 1240 2418 1314 quis
2451 1237 2804 1294 adulterium
2837 1234 3218 1298 commiserit,
3253 1232 3522 1289 emendet
3543 1248 3646 1304 per
3662 1231 3775 1287 hoc

2121 1331 2276 1404 quod
2308 1331 2525 1386 factum
2547 1329 2654 1382 est.
2679 1325 2897 1381 Malum
2921 1323 3279 1380 adulterium
3309 1325 3422 1389 est,
3447 1321 3601 1394 quod
3625 1337 3773 1376 uxo-

2123 1425 2286 1476 ratus
2317 1419 2491 1474 homo
2522 1433 2655 1472 cum
2689 1415 2882 1471 soluta
2911 1417 3093 1478 coeat,
3127 1416 3183 1467 et
3214 1409 3398 1466 multo
3437 1411 3607 1483 pejus
3636 1425 3772 1466 cum

2127 1508 2370 1564 alterius
2396 1521 2595 1571 uxore,
2627 1503 2713 1559 vel
2746 1520 2880 1558 cum
2914 1500 3096 1557 sacris
3125 1499 3355 1555 initiata
3381 1498 3553 1554 votis.

2424 1591 2534 1648 XX.
2572 1595 2651 1647 De
2679 1591 2991 1645 incestuosis
3025 1587 3138 1659 (LI.
3172 1587 3310 1642 Sax.
3344 1586 3456 1653 4R).

2193 1684 2252 1740 Si
2286 1682 2418 1756 quis
2447 1681 2738 1736 incestum
2769 1675 3148 1746 commiserit,
3180 1676 3522 1746 compenset
3542 1673 3651 1728 hoc
3667 1689 3773 1745 pro

2121 1773 2402 1846 dignitate
2415 1769 2803 1843 cognationis,
2823 1767 2942 1822 sive
2959 1782 3060 1838 per
3075 1764 3287 1836 capitis
3299 1761 3774 1826 aestimationem,

2123 1864 2243 1919 sive
2275 1879 2377 1934 per
2407 1858 2676 1926 multam,
2701 1856 2820 1912 sive
2841 1872 2944 1928 per
2963 1858 3147 1910 totam
3169 1851 3620 1925 possessionem.
3643 1851 3772 1906 Non

2125 1956 2212 2008 est
2243 1950 2444 2007 eadem
2477 1947 2622 2004 ratio
2653 1962 2785 2002 cum
2817 1959 3014 2000 sorore
3043 1959 3109 1998 ac
3139 1957 3273 1997 cum
3317 1939 3627 1996 remotiore
3673 1955 3771 1996 co-

362 2027 452 2085 vel
481 2032 690 2101 purget
720 2045 962 2084 sumens
1012 2027 1271 2102 quinque
1318 2027 1610 2097 homines,
1658 2033 1715 2084 et
1762 2027 1888 2100 ipse
1940 2027 2018 2083 sit
2124 2043 2301 2114 gnata
2330 2037 2501 2094 coire.

363 2119 582 2174 sextus.

433 2224 576 2280 XIV.
633 2226 708 2282 De
767 2225 855 2282 die
917 2224 1196 2280 dominica
1261 2228 1313 2282 et
1377 2225 1534 2295 festis
1599 2224 1946 2280 observandis

965 2297 1080 2368 (ω.
1115 2297 1247 2352 Sax.
1294 2296 1408 2366 1.2).

434 2384 496 2441 Si
527 2385 883 2457 apprehendi
915 2389 1127 2457 potest,
1150 2401 1265 2441 non
1291 2384 1591 2440 occidatur
1613 2400 1874 2456 unquam
1898 2383 2010 2440 diei

361 2473 513 2530 Solis
559 2474 702 2530 festo
753 2473 968 2546 aliquis
1017 2473 1370 2530 occidendus
1419 2473 1614 2542 homo,
1666 2472 1778 2528 nisi
1828 2473 2014 2545 fugiat

360 2563 449 2619 vel
468 2567 707 2636 pugnet,
729 2563 828 2619 sed
847 2563 1318 2636 apprehendatur
1332 2567 1390 2619 et
1406 2567 1675 2618 teneatur
1686 2579 1874 2634 usque
1887 2563 2011 2618 dies

362 2653 551 2708 festus
581 2652 873 2725 praateriit.
907 2653 965 2708 Si
1012 2652 1160 2708 liber
1205 2652 1380 2708 homo
1430 2651 1522 2708 die
1572 2652 1717 2707 festo
1766 2651 2006 2720 laboret,

361 2746 502 2797 tunc
533 2745 871 2812 compenset
897 2741 1006 2796 hoc
1039 2741 1300 2797 obstricti
1333 2740 1466 2796 colli
1491 2739 1694 2808 multa,
1724 2743 1780 2796 et
1801 2740 2008 2796 saltem

361 2832 517 2904 apud
549 2835 728 2886 Deum
755 2829 1066 2903 diligenter
1095 2834 1450 2903 compenset,
1501 2829 1693 2902 prouti
1743 2830 2004 2886 docetur.

359 2923 571 2975 Servus
588 2919 638 2976 si
657 2919 899 2987 laboret,
918 2918 1172 2992 vapulet,
1190 2918 1278 2975 vel
1302 2918 1554 2992 pretium
1574 2920 1880 2975 verberum
1903 2937 2006 2992 pro

360 3008 584 3065 ratione
611 3009 740 3080 ejus
773 3009 927 3080 quod
969 3009 1188 3064 factum
1237 3012 1328 3064 est
1377 3007 1573 3080 (luat);
1629 3009 1679 3064 si
1729 3008 2006 3064 dominus

360 3113 558 3154 servos
590 3113 729 3154 suos
761 3097 852 3153 die
877 3097 1026 3152 testo
1056 3100 1224 3169 cogat
1254 3097 1326 3152 ad
1373 3095 1758 3152 laborandum
1802 3098 2007 3168 perdat

360 3201 614 3253 servum,
647 3189 705 3242 et
732 3185 808 3242 sit
834 3185 892 3240 in
925 3188 1224 3258 posterum
1255 3185 1419 3253 liber,
1453 3188 1510 3241 et
1526 3185 1800 3242 dominus
1821 3185 2006 3243 solvat

357 3273 579 3331 violatae
604 3273 750 3347 legis
800 3256 1031 3347 poenam
1084 3276 1240 3348 apud
1291 3275 1506 3344 Danos,
1557 3274 1804 3331 multam
1847 3275 2002 3347 apud
2041 3256 2085 3322 (ἶ

355 3364 592 3437 Anglos,
625 3380 730 3437 pro
762 3363 983 3420 ratione
1010 3365 1138 3435 ejus
1168 3364 1324 3436 quod
1355 3365 1575 3420 factum
1607 3367 1715 3432 est,
1746 3363 1833 3420 vel
1864 3380 2001 3436 pur-

356 3455 454 3525 get
483 3469 564 3508 se.

551 3541 664 3600 XV.
698 3543 774 3598 De
792 3543 1076 3615 jejunium
1113 3542 1354 3598 violante
1383 3541 1498 3614 (LI.
1528 3542 1660 3598 Sax.
1695 3541 1803 3614 43).

425 3632 484 3686 Si
513 3629 662 3688 liber
692 3631 863 3687 homo
894 3648 1096 3687 verum
1121 3629 1418 3703 jejunium
1469 3629 1770 3698 dissolvat,
1818 3628 2006 3686 solvat

354 3719 578 3777 violatae
609 3720 753 3794 legis
773 3737 1002 3792 pmnam
1021 3720 1177 3792 apud
1203 3724 1414 3784 Danos,
1439 3719 1687 3775 multam
1711 3719 1865 3791 apud
1887 3720 2004 3773 An-

355 3809 482 3882 glos
513 3825 616 3882 pro
640 3808 866 3865 ratione
889 3810 1018 3880 ejus
1048 3808 1207 3881 quod
1237 3809 1457 3864 factum
1487 3810 1594 3862 est.
1646 3807 1866 3862 Malum
1914 3812 2005 3863 est

355 3903 618 3970 tempore
645 3896 764 3952 veri
787 3897 999 3969 jejunii
1030 3902 1164 3954 ante
1186 3897 1500 3969 prandium
1524 3897 1713 3963 edere,
1737 3900 1794 3951 et
1811 3896 2003 3952 adhuc

357 3987 548 4060 pejus,
568 3985 826 4058 seipsum
845 4003 1018 4043 carne
1041 3987 1348 4042 defaadare.
1372 3987 1428 4041 Si
1443 4002 1646 4041 servus
1661 3984 1769 4040 hoc
1783 3985 2002 4055 fecerit,

355 4073 612 4148 vapulet,
643 4074 730 4131 vel
748 4076 1000 4148 pretium
1018 4077 1322 4133 verberum
1342 4091 1444 4147 pro
1464 4074 1685 4130 ratione
1703 4075 1830 4145 ejus
1849 4076 2002 4147 quod

356 4165 576 4221 factum
608 4167 696 4220 est
723 4164 912 4237 (luat).

356 4271 498 4328 XVI.
572 4274 637 4330 Ut
690 4273 1117 4343 Quadragesima
1172 4277 1225 4328 et
1291 4273 1428 4342 festa
1503 4285 1616 4326 non
1679 4275 2007 4328 temerentur

1062 4385 1074 4398 .
1100 4344 1231 4398 Sax.
1253 4343 1366 4398 44).

427 4433 484 4488 Si
515 4433 649 4506 quis
679 4433 909 4506 publice
939 4344 1460 4504 ὁξὲδῗέἔὲέἱέαω
1487 4428 1768 4485 dissolvat
1790 4446 1890 4502 per
1917 4431 2006 4486 di-

358 4522 758 4591 micationem,
788 4522 876 4579 vel
909 4538 1012 4594 per
1040 4519 1480 4593 patrimonium,
1503 4519 1592 4574 vel
1616 4535 1717 4591 per
1737 4520 2005 4592 rapinam

2335 2126 2478 2182 XXI.
2513 2127 2588 2180 De
2616 2123 2837 2179 viduam
2867 2121 3106 2176 violante
3131 2119 3242 2191 (LI.
3275 2119 3407 2175 Sax.
3440 2118 3550 2190 49).

2195 2219 2254 2274 Si
2287 2217 2420 2290 quis
2449 2216 2685 2271 viduam
2715 2213 2771 2268 vi
2800 2210 3117 2278 violaverit,
3151 2214 3490 2282 compenset
3518 2207 3628 2264 hoc
3666 2223 3772 2280 per

2123 2307 2330 2380 capitis
2347 2303 2816 2360 aestimationem.
2835 2299 2895 2357 Si
2913 2299 3048 2373 quis
3069 2298 3326 2371 puellam
3346 2296 3400 2352 vi
3414 2297 3770 2369 stupraverit

2121 2397 2464 2468 compensat
2492 2394 2600 2449 hoc
2634 2408 2736 2464 per
2764 2389 2972 2462 capitis
3001 2387 3469 2444 aestimationem.

2122 2494 2291 2550 XXII.
2326 2497 2404 2548 De
2433 2492 2622 2547 uxoris
2653 2488 2922 2545 adultera?
2937 2502 3099 2558 paena
3129 2485 3288 2554 gravi
3317 2483 3424 2554 (LI.
3468 2483 3600 2538 Sax.
3649 2483 3766 2555 50).

2191 2591 2250 2648 Si
2284 2589 2491 2646 marito
2508 2587 2634 2643 vivo
2656 2603 2800 2642 uxor
2819 2601 2955 2640 cum
2979 2583 3092 2639 alio
3115 2579 3513 2647 concubuerit,
3542 2583 3599 2637 et
3618 2578 3767 2636 illud

2120 2681 2496 2736 manifestum
2530 2678 2712 2744 fieret,
2746 2676 2848 2731 liat
2889 2674 3018 2746 ipsa
3066 2673 3125 2727 in
3176 2674 3474 2743 posterum
3520 2668 3769 2725 infamia

2118 2768 2344 2836 mundi,
2378 2771 2435 2823 et
2462 2766 2676 2821 habeat
2703 2779 2874 2820 verus
2907 2760 3157 2817 maritus
3191 2758 3390 2815 omnia
3440 2775 3567 2830 quae
3618 2757 3766 2830 (illa)

2116 2855 2476 2932 possidebat,
2503 2870 2569 2909 ac
2601 2852 2807 2925 perdat
2851 2849 2954 2906 illa
2995 2853 3332 2920 utrumque,
3378 2851 3499 2902 tam
3549 2863 3765 2902 nasum

2118 2964 2295 3020 quam
2330 2960 2520 3001 aures.
2555 2944 2622 2998 Et
2651 2941 2701 2997 si
2734 2938 3026 2996 accusatio
3059 2937 3156 3004 sit,
3190 2941 3246 2994 et
3277 2935 3544 3010 purgatio
3579 2936 3765 2992 fracta

2116 3037 2212 3105 sit,
2246 3039 2386 3091 tunc
2413 3031 2725 3105 episcopus
2755 3032 3100 3101 potestatem
3136 3026 3220 3098 (in
3251 3026 3403 3097 eam)
3432 3024 3666 3097 haheat,
3703 3029 3761 3081 et

2113 3122 2477 3181 severissime
2500 3121 2747 3192 judicet.

2113 3213 2314 3270 XXIII.
2339 3213 2414 3267 De
2433 3217 2664 3266 uxore-to
2677 3213 2782 3349 [(2)11
2765 3209 3006 3334 qicasnte,
3142 3204 3501 3262 concubinam
3531 3202 3762 3259 habente

2817 3322 2830 3334 .
2917 3296 3006 3334 ax.
3138 3318 3151 3332 .

2817 3322 2830 3334 .
2877 3296 3006 3334 58.x.
3040 3296 3102 3333 Ol
3119 3296 3151 3334 l.

2181 3373 2239 3429 Si
2270 3373 2358 3428 vir
2387 3373 2666 3428 uxoratus
2697 3371 2858 3424 coeat
2904 3361 3038 3423 cum
3087 3365 3321 3440 propria
3370 3381 3478 3421 sua
3524 3361 3760 3430 ancilla,

2113 3463 2344 3521 amittat
2368 3477 2519 3528 eam,
2552 3464 2608 3514 et
2639 3474 2742 3530 pro
2772 3457 2902 3528 ipsa
2931 3459 3269 3528 compenset
3296 3454 3451 3527 apud
3483 3453 3667 3510 Denm
3704 3455 3764 3507 et

2113 3551 2268 3625 apud
2299 3549 2590 3606 homines.
2615 3547 2687 3602 Et
2704 3544 2754 3601 si
2776 3544 2909 3617 quis
2927 3543 3250 3617 legitimam
3273 3558 3512 3598 uxorem
3526 3541 3764 3608 habeat,

2113 3646 2170 3696 et
2199 3638 2587 3696 concubinam
2615 3635 2815 3700 etiam,
2837 3634 2973 3690 huic
2995 3632 3195 3689 nullus
3217 3632 3517 3705 presbyter
3532 3630 3763 3703 aliquos

2115 3730 2290 3786 faciat
2321 3728 2469 3783 ritus
2499 3725 2600 3797 qui
2631 3722 2981 3780 Christianis
3009 3721 3134 3778 fieri
3167 3722 3400 3789 debent,
3436 3719 3548 3776 nisi
3570 3737 3766 3776 cessa-

2111 3817 2275 3887 verit,
2304 3821 2361 3873 et
2390 3831 2566 3888 quam
2598 3813 2848 3868 maxime
2879 3811 3168 3879 emendet,
3217 3809 3410 3883 prouti
3453 3808 3763 3882 episcOpus

2113 3925 2247 3964 eum
2279 3904 2592 3972 edocuerit,
2626 3907 2684 3960 et
2713 3905 2916 3975 postea
2943 3900 3235 3957 abstineat
3264 3900 3336 3955 ab
3367 3899 3599 3954 iisdem.

2112 4004 2205 4060 XX
2215 4003 2302 4059 IV.
2326 4004 2390 4058 Ut
2402 4002 2732 4072 alienigenae
2747 3997 3026 4054 libidinosi
3035 3999 3356 4063 eiicicantur
3367 3997 3383 4066 (
3393 3996 3480 4050 LI.
3500 3995 3632 4051 Sax.
3646 3995 3760 4068 52).

2187 4099 2246 4156 Si
2278 4098 2616 4171 alienigenae
2649 4093 2994 4151 concubitus
3025 4107 3164 4148 suos
3196 4092 3511 4146 reformare
3551 4090 3760 4160 nolint,

2114 4206 2182 4244 ex
2212 4186 2445 4260 regione
2475 4201 2608 4240 cum
2638 4179 3110 4256 possessionibus
3135 4182 3192 4234 et
3223 4177 3477 4248 peccatis
3507 4179 3634 4235 suis
3667 4197 3761 4236 ex-

2114 4275 2525 4332 terminentur.

2113 4364 2270 4420 XXV.
2331 4365 2392 4419 Ut
2447 4358 2718 4416 homicida
2773 4359 2834 4412 in

2577 4429 2832 4484 tradatur
2857 4427 2968 4497 (LI.
3011 4427 3144 4482 Sax.
3185 4427 3296 4494 53).

2189 4523 2246 4579 Si
2280 4519 2666 4578 homicidium
2698 4515 3078 4572 manifestum
3126 4515 3249 4584 fiat,
3305 4515 3461 4588 quod
3507 4515 3641 4587 quis
3691 4517 3769 4572 sit

2928 4355 3215 4430 argntione
3228 4427 3249 4430 _
3261 4353 3468 4430 (cadens
3518 4355 3766 4430 episcopo

359 4611 446 4668 vel
478 4629 581 4685 per
611 4611 847 4685 aliquod
879 4609 1196 4666 nefandum
1224 4608 1472 4674 facinus,
1507 4607 1684 4680 duplo
1707 4607 1816 4665 hoc
1841 4625 2004 4666 com-
2038 4625 2084 4689 D
2119 4610 2472 4679 trucidatus,
2504 4605 2772 4662 tradatur
2798 4605 3062 4678 cognatis
3093 4603 3454 4677 (homicida),
3486 4607 3545 4659 et
3573 4603 3623 4660 si
3666 4622 3766 4660 ac-

357 4706 654 4774 pensetur,
689 4700 773 4755 uti
805 4700 863 4754 in
899 4716 1111 4772 magno
1143 4699 1309 4766 festo,
1338 4714 1440 4770 pro
1463 4698 1684 4754 ratione
1709 4699 2006 4772 ejusquod

357 4790 578 4846 factum
609 4792 715 4846 est.
739 4789 808 4844 Et
825 4788 873 4844 si
888 4788 1020 4860 quis
1037 4787 1190 4858 (hoc)
1209 4789 1399 4859 neget,
1419 4785 1630 4860 triplici
1657 4789 2004 4860 purgatione

359 4894 422 4934 se
452 4881 677 4950 purget.

358 4966 527 5022 XVII.
559 4967 634 5021 De
663 4965 898 5020 ecclesiae
923 4965 1103 5021 debita
1133 4967 1188 5020 vi
1216 4965 1492 5022 detinente
1539 4966 1652 5039 (LI.
1706 4966 1838 5020 Sax.
1893 4965 2003 5037 45).

432 5053 653 5126 Siquis
701 5053 757 5108 vi
807 5053 1213 5111 ecclesiasticis
1248 5054 1489 5126 judiciis
1537 5071 1599 5110 se
1648 5055 2006 5127 opposuerit,

361 5141 782 5200 solvatviolata:
795 5142 940 5216 legis
955 5160 1185 5217 poenam
1199 5145 1351 5217 apud
1370 5143 1836 5210 Danos,multam
1851 5147 2004 5217 apud

359 5230 600 5304 Anglos,
633 5231 722 5287 vel
753 5238 964 5304 purget
994 5250 1054 5288 se
1087 5250 1328 5288 sumens
1359 5233 1652 5299 undecim,
1686 5237 1741 5286 et
1776 5232 1900 5305 ipse
1930 5234 2010 5289 sit

362 5320 767 5376 duodecimus.
788 5321 847 5377 Si
865 5321 1121 5395 aliquem
1142 5322 1423 5390 vulneret,
1447 5325 1784 5394 compenset
1804 5322 1932 5389 hoc,
1953 5329 2009 5379 et

362 5409 551 5467 solvat
580 5409 814 5484 plenam
837 5412 1083 5468 multam
1114 5413 1375 5476 domino,
1400 5415 1457 5466 et
1478 5412 1548 5467 ab
1571 5411 1843 5484 episcopo
1884 5429 2007 5468 ma-

362 5517 506 5556 num
538 5499 808 5570 redimat,
833 5500 921 5557 vel
945 5518 1072 5558 eam
1097 5502 1321 5574 perdat.
1348 5499 1407 5555 Si
1432 5499 1684 5570 aliquem
1712 5501 2007 5568 occiderit,

362 5591 441 5649 sit
469 5592 650 5660 exlex,
683 5595 739 5649 et
770 5595 1200 5664 persequantur
1219 5607 1353 5646 eum
1378 5606 1511 5645 cum
1534 5589 1785 5647 clamore
1807 5608 2010 5647 omnes

358 5679 444 5738 illi
475 5681 575 5752 qui
598 5681 896 5754 justitiam
928 5680 1146 5740 volunt.
1181 5679 1241 5737 Si
1273 5678 1398 5752 ipse
1427 5682 1629 5737 auctor
1657 5680 1831 5737 fuerit
1853 5681 2010 5754 quod

2118 4699 2343 4757 cusatio
2377 4697 2453 4753 sit
2483 4699 2540 4752 et
2569 4695 2836 4768 purgatio
2872 4694 3022 4751 male
3054 4694 3349 4765 succedat,
3372 4692 3603 4764 judicet
3644 4694 3763 4766 epi-

2118 4805 2353 4861 scopus.

2115 4887 2304 4945 XXVI.
2338 4888 2412 4942 De
2441 4901 2501 4942 eo
2532 4886 2627 4957 qui
2653 4885 3187 4968 excommunicatum
3211 4884 3295 4968 uel
3343 4885 3405 4937 ut
3455 4882 3766 4953 exlegatum

2555 4957 2867 5012 custodierit
2899 4956 3006 5027 (LI.
3041 4957 3173 5010 Sax.
3207 4955 3319 5026 64).

2187 5057 2246 5114 Si
2279 5057 2413 5129 quis
2441 5055 2542 5112 Dei
2561 5055 2872 5128 fugitivum
2890 5053 3136 5110 retineat
3153 5052 3392 5124 injuste,
3414 5051 3609 5107 tradat
3628 5067 3761 5107 eum

2119 5149 2190 5204 ad
2214 5145 2533 5219 justitiam,
2567 5149 2620 5200 et
2653 5141 3094 5216 compensetilli
3114 5142 3183 5196 ad
3205 5157 3378 5213 quem
3405 5141 3678 5212 pertinet,
3697 5155 3761 5196 ac

2118 5235 2390 5292 emendet
2434 5233 2551 5306 regi
2603 5249 2704 5304 per
2753 5231 2960 5304 capitis
3007 5229 3473 5286 aestimationem.
3526 5227 3587 5285 Si
3629 5228 3760 5300 quis

2118 5322 2691 5382 excommunicatum
2717 5321 2803 5378 vel
2835 5319 3092 5392 exlegem
3123 5319 3413 5386 habuerit,
3461 5322 3520 5375 et
3566 5322 3760 5375 custo-

2119 5413 2313 5479 dierit,
2345 5411 2473 5468 luat
2499 5411 2680 5468 vitam
2712 5414 2768 5465 et
2787 5425 3022 5465 omnem
3045 5425 3214 5465 suam
3235 5407 3690 5481 possessionem.

2119 5502 2346 5558 XXVII.
2398 5504 2471 5557 De
2516 5498 2895 5559 misericordia
2945 5499 3249 5555 exhibenda
3291 5498 3403 5571 (LI.
3461 5500 3592 5552 Sax.
3649 5497 3757 5567 65).

2192 5593 2262 5648 Et
2291 5591 2338 5646 si
2371 5589 2502 5663 quis
2533 5589 2841 5662 diligenter
2870 5589 2940 5644 ab
2974 5588 3261 5659 injustitia
3297 5586 3506 5644 deinde
3557 5583 3757 5641 reverti

2122 5679 2262 5737 velit
2290 5680 2362 5737 ad
2385 5677 2703 5750 justitiam,
2738 5677 3201 5736 misericordiam
3264 5677 3658 5745 consequatur
3695 5689 3756 5729 ex
