  <div class='ocr_page' id='page_1' title='image "/cluster/home/n/w/nwhite01/storage/ocr_20150623/151/umn.31951002477444s/706.png"; bbox 0 0 3962 6382; ppageno 0'>
   <div class='ocr_carea' id='block_1_1' title="bbox 135 411 289 476">
    <p class='ocr_par' dir='ltr' id='par_1_1' title="bbox 135 411 289 476">
     <span class='ocr_line' id='line_1_1' title="bbox 135 411 289 476; baseline -0.013 0"><span class='ocrx_word' id='word_1_1' title='bbox 135 411 289 476; x_wconf 73' lang='lat'><strong>“81</strong></span> 
     </span>
    </p>
   </div>
   <div class='ocr_carea' id='block_1_2' title="bbox 1388 407 2297 477">
    <p class='ocr_par' dir='ltr' id='par_1_2' title="bbox 1388 407 2297 477">
     <span class='ocr_line' id='line_1_2' title="bbox 1388 407 2297 477; baseline 0.003 -4"><span class='ocrx_word' id='word_1_2' title='bbox 1388 407 1753 476; x_wconf 82' lang='lat' dir='ltr'><strong>GANUTUS</strong></span> <span class='ocrx_word' id='word_1_3' title='bbox 1798 413 1824 477; x_wconf 94' lang='grc' dir='ltr'>Ι</span> <span class='ocrx_word' id='word_1_4' title='bbox 1867 411 2023 476; x_wconf 85' lang='lat' dir='ltr'><strong>REX</strong></span> <span class='ocrx_word' id='word_1_5' title='bbox 2066 410 2297 476; x_wconf 82' lang='lat' dir='ltr'><strong>ANGL.</strong></span> 
     </span>
    </p>
   </div>
   <div class='ocr_carea' id='block_1_3' title="bbox 3380 364 3553 478">
    <p class='ocr_par' dir='ltr' id='par_1_3' title="bbox 3380 364 3553 478">
     <span class='ocr_line' id='line_1_3' title="bbox 3380 364 3553 478; baseline 0.006 -2"><span class='ocrx_word' id='word_1_6' title='bbox 3380 364 3553 478; x_wconf 61' lang='lat' dir='ltr'><strong>uss&quot;</strong></span> 
     </span>
    </p>
   </div>
   <div class='ocr_carea' id='block_1_4' title="bbox 131 528 3538 621">
    <p class='ocr_par' dir='ltr' id='par_1_4' title="bbox 131 528 3538 621">
     <span class='ocr_line' id='line_1_4' title="bbox 131 528 3538 621; baseline 0.001 -17"><span class='ocrx_word' id='word_1_7' title='bbox 131 548 344 606; x_wconf 81' lang='lat' dir='ltr'><strong>timore</strong></span> <span class='ocrx_word' id='word_1_8' title='bbox 391 546 522 617; x_wconf 90' lang='lat' dir='ltr'><strong>Dei,</strong></span> <span class='ocrx_word' id='word_1_9' title='bbox 562 563 750 621; x_wconf 87' lang='lat' dir='ltr'><strong>quam</strong></span> <span class='ocrx_word' id='word_1_10' title='bbox 796 545 1016 621; x_wconf 89' lang='lat' dir='ltr'><strong>optime</strong></span> <span class='ocrx_word' id='word_1_11' title='bbox 1061 549 1119 603; x_wconf 90' lang='lat' dir='ltr'><strong>et</strong></span> <span class='ocrx_word' id='word_1_12' title='bbox 1161 546 1610 621; x_wconf 83' lang='lat' dir='ltr'><strong>diligentissime</strong></span> <span class='ocrx_word' id='word_1_13' title='bbox 1655 547 1780 604; x_wconf 81' lang='lat' dir='ltr'><strong>ﬁeri</strong></span> <span class='ocrx_word' id='word_1_14' title='bbox 1808 549 1865 617; x_wconf 83' lang='grc' dir='ltr'><strong>Α</strong></span> <span class='ocrx_word' id='word_1_15' title='bbox 1887 548 2116 620; x_wconf 88' lang='lat' dir='ltr'><strong>justum</strong></span> <span class='ocrx_word' id='word_1_16' title='bbox 2148 550 2257 614; x_wconf 87' lang='lat' dir='ltr'><strong>est,</strong></span> <span class='ocrx_word' id='word_1_17' title='bbox 2288 551 2345 604; x_wconf 91' lang='lat' dir='ltr'><strong>et</strong></span> <span class='ocrx_word' id='word_1_18' title='bbox 2371 546 2432 603; x_wconf 89' lang='lat' dir='ltr'><strong>in</strong></span> <span class='ocrx_word' id='word_1_19' title='bbox 2460 548 2761 621; x_wconf 87' lang='lat' dir='ltr'><strong>posterum</strong></span> <span class='ocrx_word' id='word_1_20' title='bbox 2792 562 3025 621; x_wconf 84' lang='lat' dir='ltr'><strong>semper</strong></span> <span class='ocrx_word' id='word_1_21' title='bbox 3060 528 3370 605; x_wconf 80' lang='lat' dir='ltr'><strong>caveamus</strong></span> <span class='ocrx_word' id='word_1_22' title='bbox 3400 549 3538 606; x_wconf 91' lang='lat' dir='ltr'><strong>dili-</strong></span> 
     </span>
    </p>
   </div>
   <div class='ocr_carea' id='block_1_5' title="bbox 133 638 829 713">
    <p class='ocr_par' dir='ltr' id='par_1_5' title="bbox 133 638 829 713">
     <span class='ocr_line' id='line_1_5' title="bbox 133 638 829 713; baseline -0.003 -18"><span class='ocrx_word' id='word_1_23' title='bbox 133 638 340 713; x_wconf 89' lang='lat' dir='ltr'><strong>possit.</strong></span> <span class='ocrx_word' id='word_1_24' title='bbox 823 662 829 668; x_wconf 61' lang='grc' dir='ltr'><em>η</em></span> 
     </span>
    </p>
   </div>
   <div class='ocr_carea' id='block_1_6' title="bbox 309 724 1602 799">
    <p class='ocr_par' dir='ltr' id='par_1_6' title="bbox 309 724 1602 799">
     <span class='ocr_line' id='line_1_6' title="bbox 309 724 1602 799; baseline -0.001 -17"><span class='ocrx_word' id='word_1_25' title='bbox 309 728 404 782; x_wconf 81' lang='lat' dir='ltr'><strong>Pii</strong></span> <span class='ocrx_word' id='word_1_26' title='bbox 430 727 573 799; x_wconf 78' lang='lat' dir='ltr'><strong>regis</strong></span> <span class='ocrx_word' id='word_1_27' title='bbox 598 728 695 799; x_wconf 72' lang='lat' dir='ltr'><strong>pia</strong></span> <span class='ocrx_word' id='word_1_28' title='bbox 713 728 990 799; x_wconf 78' lang='lat' dir='ltr'><strong>peroratio</strong></span> <span class='ocrx_word' id='word_1_29' title='bbox 1019 726 1131 799; x_wconf 89' lang='lat' dir='ltr'><strong>(LI.</strong></span> <span class='ocrx_word' id='word_1_30' title='bbox 1166 726 1299 782; x_wconf 86' lang='lat' dir='ltr'><strong>Sax.</strong></span> <span class='ocrx_word' id='word_1_31' title='bbox 1331 724 1602 798; x_wconf 79' lang='lat' dir='ltr'><strong>Epilog.).</strong></span> 
     </span>
    </p>
   </div>
   <div class='ocr_carea' id='block_1_7' title="bbox 200 814 1783 889">
    <p class='ocr_par' dir='ltr' id='par_1_7' title="bbox 200 814 1783 889">
     <span class='ocr_line' id='line_1_7' title="bbox 200 814 1783 889; baseline -0.001 -17"><span class='ocrx_word' id='word_1_32' title='bbox 200 817 371 872; x_wconf 87' lang='lat' dir='ltr'><strong>Nunc</strong></span> <span class='ocrx_word' id='word_1_33' title='bbox 399 815 711 889; x_wconf 80' lang='lat' dir='ltr'><strong>diligenter</strong></span> <span class='ocrx_word' id='word_1_34' title='bbox 739 833 901 889; x_wconf 88' lang='lat' dir='ltr'><strong>rogo,</strong></span> <span class='ocrx_word' id='word_1_35' title='bbox 923 819 980 871; x_wconf 91' lang='lat' dir='ltr'><strong>et</strong></span> <span class='ocrx_word' id='word_1_36' title='bbox 1002 814 1063 870; x_wconf 91' lang='lat' dir='ltr'><strong>in</strong></span> <span class='ocrx_word' id='word_1_37' title='bbox 1084 815 1185 872; x_wconf 88' lang='lat' dir='ltr'><strong>Dei</strong></span> <span class='ocrx_word' id='word_1_38' title='bbox 1207 815 1443 871; x_wconf 85' lang='lat' dir='ltr'><strong>nomine</strong></span> <span class='ocrx_word' id='word_1_39' title='bbox 1463 832 1563 871; x_wconf 94' lang='lat' dir='ltr'><strong>oro</strong></span> <span class='ocrx_word' id='word_1_40' title='bbox 1585 831 1783 887; x_wconf 89' lang='lat' dir='ltr'><strong>quem-</strong></span> 
     </span>
    </p>
   </div>
   <div class='ocr_carea' id='block_1_8' title="bbox 132 903 1781 963">
    <p class='ocr_par' dir='ltr' id='par_1_8' title="bbox 132 903 1781 963">
     <span class='ocr_line' id='line_1_8' title="bbox 132 903 1781 963; baseline -0.002 -1"><span class='ocrx_word' id='word_1_41' title='bbox 132 905 275 963; x_wconf 86' lang='lat' dir='ltr'><strong>libet</strong></span> <span class='ocrx_word' id='word_1_42' title='bbox 302 909 371 962; x_wconf 89' lang='lat' dir='ltr'><strong>ut</strong></span> <span class='ocrx_word' id='word_1_43' title='bbox 398 922 468 962; x_wconf 80' lang='lat' dir='ltr'><strong>ex</strong></span> <span class='ocrx_word' id='word_1_44' title='bbox 493 904 703 962; x_wconf 91' lang='lat' dir='ltr'><strong>intimo</strong></span> <span class='ocrx_word' id='word_1_45' title='bbox 728 905 899 960; x_wconf 91' lang='lat' dir='ltr'><strong>corde</strong></span> <span class='ocrx_word' id='word_1_46' title='bbox 919 903 990 960; x_wconf 89' lang='lat' dir='ltr'><strong>ad</strong></span> <span class='ocrx_word' id='word_1_47' title='bbox 1012 903 1325 959; x_wconf 90' lang='lat' dir='ltr'><strong>Dominum</strong></span> <span class='ocrx_word' id='word_1_48' title='bbox 1349 919 1523 959; x_wconf 88' lang='lat' dir='ltr'><strong>suum</strong></span> <span class='ocrx_word' id='word_1_49' title='bbox 1547 920 1781 960; x_wconf 89' lang='lat' dir='ltr'><strong>conver-</strong></span> 
     </span>
    </p>
   </div>
   <div class='ocr_carea' id='block_1_9' title="bbox 129 991 1779 1066">
    <p class='ocr_par' dir='ltr' id='par_1_9' title="bbox 129 991 1779 1066">
     <span class='ocr_line' id='line_1_9' title="bbox 129 991 1779 1066; baseline -0.004 -14"><span class='ocrx_word' id='word_1_50' title='bbox 129 998 313 1064; x_wconf 81' lang='lat' dir='ltr'><strong>tatur,</strong></span> <span class='ocrx_word' id='word_1_51' title='bbox 344 998 403 1051; x_wconf 93' lang='lat' dir='ltr'><strong>et</strong></span> <span class='ocrx_word' id='word_1_52' title='bbox 429 1011 581 1066; x_wconf 67' lang='lat' dir='ltr'><strong>saepe</strong></span> <span class='ocrx_word' id='word_1_53' title='bbox 620 1010 687 1050; x_wconf 90' lang='lat' dir='ltr'><strong>ac</strong></span> <span class='ocrx_word' id='word_1_54' title='bbox 727 994 928 1049; x_wconf 89' lang='lat' dir='ltr'><strong>crebro</strong></span> <span class='ocrx_word' id='word_1_55' title='bbox 964 991 1392 1064; x_wconf 85' lang='lat' dir='ltr'><strong>contempletur</strong></span> <span class='ocrx_word' id='word_1_56' title='bbox 1429 1009 1607 1064; x_wconf 89' lang='lat' dir='ltr'><strong>quam</strong></span> <span class='ocrx_word' id='word_1_57' title='bbox 1649 991 1779 1047; x_wconf 92' lang='lat' dir='ltr'><strong>dili-</strong></span> 
     </span>
    </p>
   </div>
   <div class='ocr_carea' id='block_1_10' title="bbox 131 1080 1782 1157">
    <p class='ocr_par' dir='ltr' id='par_1_10' title="bbox 131 1080 1782 1157">
     <span class='ocr_line' id='line_1_10' title="bbox 131 1080 1782 1157; baseline -0.002 -18"><span class='ocrx_word' id='word_1_58' title='bbox 131 1083 477 1157; x_wconf 86' lang='lat' dir='ltr'><strong>gentissime</strong></span> <span class='ocrx_word' id='word_1_59' title='bbox 507 1083 564 1139; x_wconf 91' lang='lat' dir='ltr'><strong>id</strong></span> <span class='ocrx_word' id='word_1_60' title='bbox 599 1083 753 1154; x_wconf 91' lang='lat' dir='ltr'><strong>quod</strong></span> <span class='ocrx_word' id='word_1_61' title='bbox 785 1081 837 1137; x_wconf 93' lang='lat' dir='ltr'><strong>ei</strong></span> <span class='ocrx_word' id='word_1_62' title='bbox 866 1086 956 1138; x_wconf 89' lang='lat' dir='ltr'><strong>est</strong></span> <span class='ocrx_word' id='word_1_63' title='bbox 984 1080 1408 1150; x_wconf 86' lang='lat' dir='ltr'><strong>taciendum,et</strong></span> <span class='ocrx_word' id='word_1_64' title='bbox 1429 1081 1583 1152; x_wconf 93' lang='lat' dir='ltr'><strong>quod</strong></span> <span class='ocrx_word' id='word_1_65' title='bbox 1605 1081 1782 1137; x_wconf 85' lang='lat' dir='ltr'><strong>omit-</strong></span> 
     </span>
    </p>
   </div>
   <div class='ocr_carea' id='block_1_11' title="bbox 132 1169 1778 1243">
    <p class='ocr_par' dir='ltr' id='par_1_11' title="bbox 132 1169 1778 1243">
     <span class='ocr_line' id='line_1_11' title="bbox 132 1169 1778 1243; baseline -0.001 -15"><span class='ocrx_word' id='word_1_66' title='bbox 132 1172 400 1229; x_wconf 89' lang='lat' dir='ltr'><strong>tendum.</strong></span> <span class='ocrx_word' id='word_1_67' title='bbox 427 1173 542 1228; x_wconf 88' lang='lat' dir='ltr'><strong>Nos</strong></span> <span class='ocrx_word' id='word_1_68' title='bbox 581 1188 785 1227; x_wconf 87' lang='lat' dir='ltr'><strong>omnes</strong></span> <span class='ocrx_word' id='word_1_69' title='bbox 815 1169 1067 1226; x_wconf 81' lang='lat' dir='ltr'><strong>maxime</strong></span> <span class='ocrx_word' id='word_1_70' title='bbox 1108 1170 1274 1226; x_wconf 85' lang='lat' dir='ltr'><strong>decet</strong></span> <span class='ocrx_word' id='word_1_71' title='bbox 1300 1170 1485 1225; x_wconf 91' lang='lat' dir='ltr'><strong>Deum</strong></span> <span class='ocrx_word' id='word_1_72' title='bbox 1517 1169 1778 1243; x_wconf 83' lang='lat' dir='ltr'><strong>diligere,</strong></span> 
     </span>
    </p>
   </div>
   <div class='ocr_carea' id='block_1_12' title="bbox 133 1258 1782 1334">
    <p class='ocr_par' dir='ltr' id='par_1_12' title="bbox 133 1258 1782 1334">
     <span class='ocr_line' id='line_1_12' title="bbox 133 1258 1782 1334; baseline -0.002 -17"><span class='ocrx_word' id='word_1_73' title='bbox 133 1264 191 1317; x_wconf 86' lang='lat' dir='ltr'><strong>et</strong></span> <span class='ocrx_word' id='word_1_74' title='bbox 217 1260 322 1317; x_wconf 87' lang='lat' dir='ltr'><strong>Dei</strong></span> <span class='ocrx_word' id='word_1_75' title='bbox 365 1260 595 1334; x_wconf 84' lang='lat' dir='ltr'><strong>legibus</strong></span> <span class='ocrx_word' id='word_1_76' title='bbox 625 1259 887 1332; x_wconf 90' lang='lat' dir='ltr'><strong>obsequi,</strong></span> <span class='ocrx_word' id='word_1_77' title='bbox 910 1263 968 1316; x_wconf 90' lang='lat' dir='ltr'><strong>et</strong></span> <span class='ocrx_word' id='word_1_78' title='bbox 1008 1258 1417 1316; x_wconf 85' lang='lat' dir='ltr'><strong>ecclesiasticis</strong></span> <span class='ocrx_word' id='word_1_79' title='bbox 1447 1259 1782 1315; x_wconf 90' lang='lat' dir='ltr'><strong>doctoribus</strong></span> 
     </span>
    </p>
   </div>
   <div class='ocr_carea' id='block_1_13' title="bbox 134 1347 1780 1422">
    <p class='ocr_par' dir='ltr' id='par_1_13' title="bbox 134 1347 1780 1422">
     <span class='ocr_line' id='line_1_13' title="bbox 134 1347 1780 1422; baseline -0.002 -16"><span class='ocrx_word' id='word_1_80' title='bbox 134 1349 340 1407; x_wconf 87' lang='lat' dir='ltr'><strong>sedulo</strong></span> <span class='ocrx_word' id='word_1_81' title='bbox 370 1349 624 1419; x_wconf 86' lang='lat' dir='ltr'><strong>obedire,</strong></span> <span class='ocrx_word' id='word_1_82' title='bbox 649 1349 927 1422; x_wconf 89' lang='lat' dir='ltr'><strong>quoniam</strong></span> <span class='ocrx_word' id='word_1_83' title='bbox 956 1349 995 1403; x_wconf 92' lang='lat' dir='ltr'><strong>ii</strong></span> <span class='ocrx_word' id='word_1_84' title='bbox 1027 1365 1134 1405; x_wconf 87' lang='lat' dir='ltr'><strong>nos</strong></span> <span class='ocrx_word' id='word_1_85' title='bbox 1174 1349 1498 1421; x_wconf 86' lang='lat' dir='ltr'><strong>producent</strong></span> <span class='ocrx_word' id='word_1_86' title='bbox 1526 1349 1597 1403; x_wconf 91' lang='lat' dir='ltr'><strong>ad</strong></span> <span class='ocrx_word' id='word_1_87' title='bbox 1621 1347 1780 1418; x_wconf 87' lang='lat' dir='ltr'><strong>judi-</strong></span> 
     </span>
    </p>
   </div>
   <div class='ocr_carea' id='block_1_14' title="bbox 135 1436 1778 1512">
    <p class='ocr_par' dir='ltr' id='par_1_14' title="bbox 135 1436 1778 1512">
     <span class='ocr_line' id='line_1_14' title="bbox 135 1436 1778 1512; baseline -0.003 -16"><span class='ocrx_word' id='word_1_88' title='bbox 135 1441 316 1512; x_wconf 88' lang='lat' dir='ltr'><strong>cium,</strong></span> <span class='ocrx_word' id='word_1_89' title='bbox 340 1456 477 1497; x_wconf 91' lang='lat' dir='ltr'><strong>cum</strong></span> <span class='ocrx_word' id='word_1_90' title='bbox 499 1444 651 1496; x_wconf 88' lang='lat' dir='ltr'><strong>Deus</strong></span> <span class='ocrx_word' id='word_1_91' title='bbox 663 1438 958 1512; x_wconf 86' lang='lat' dir='ltr'><strong>judicabit</strong></span> <span class='ocrx_word' id='word_1_92' title='bbox 977 1436 1300 1511; x_wconf 79' lang='lat' dir='ltr'><strong>quemlibet</strong></span> <span class='ocrx_word' id='word_1_93' title='bbox 1318 1454 1423 1510; x_wconf 92' lang='lat' dir='ltr'><strong>pro</strong></span> <span class='ocrx_word' id='word_1_94' title='bbox 1445 1437 1611 1493; x_wconf 80' lang='lat' dir='ltr'><strong>factis</strong></span> <span class='ocrx_word' id='word_1_95' title='bbox 1633 1437 1778 1492; x_wconf 83' lang='lat' dir='ltr'><strong>suis.</strong></span> 
     </span>
    </p>
   </div>
   <div class='ocr_carea' id='block_1_15' title="bbox 133 1526 1779 1602">
    <p class='ocr_par' dir='ltr' id='par_1_15' title="bbox 133 1526 1779 1602">
     <span class='ocr_line' id='line_1_15' title="bbox 133 1526 1779 1602; baseline -0.003 -16"><span class='ocrx_word' id='word_1_96' title='bbox 133 1530 205 1587; x_wconf 88' lang='lat' dir='ltr'><strong>Et</strong></span> <span class='ocrx_word' id='word_1_97' title='bbox 232 1531 442 1587; x_wconf 89' lang='lat' dir='ltr'><strong>beatus</strong></span> <span class='ocrx_word' id='word_1_98' title='bbox 468 1534 558 1586; x_wconf 90' lang='lat' dir='ltr'><strong>est</strong></span> <span class='ocrx_word' id='word_1_99' title='bbox 587 1533 803 1602; x_wconf 86' lang='lat' dir='ltr'><strong>pastor,</strong></span> <span class='ocrx_word' id='word_1_100' title='bbox 832 1527 934 1601; x_wconf 90' lang='lat' dir='ltr'><strong>qui</strong></span> <span class='ocrx_word' id='word_1_101' title='bbox 975 1543 1211 1601; x_wconf 84' lang='lat' dir='ltr'><strong>gregem</strong></span> <span class='ocrx_word' id='word_1_102' title='bbox 1242 1527 1313 1583; x_wconf 92' lang='lat' dir='ltr'><strong>ad</strong></span> <span class='ocrx_word' id='word_1_103' title='bbox 1362 1526 1463 1582; x_wconf 91' lang='lat' dir='ltr'><strong>Dei</strong></span> <span class='ocrx_word' id='word_1_104' title='bbox 1512 1542 1779 1600; x_wconf 88' lang='lat' dir='ltr'><strong>regnum,</strong></span> 
     </span>
    </p>
   </div>
   <div class='ocr_carea' id='block_1_16' title="bbox 133 1617 1782 1692">
    <p class='ocr_par' dir='ltr' id='par_1_16' title="bbox 133 1617 1782 1692">
     <span class='ocr_line' id='line_1_16' title="bbox 133 1617 1782 1692; baseline -0.004 -16"><span class='ocrx_word' id='word_1_105' title='bbox 133 1624 192 1676; x_wconf 89' lang='lat' dir='ltr'><strong>et</strong></span> <span class='ocrx_word' id='word_1_106' title='bbox 219 1620 294 1675; x_wconf 92' lang='lat' dir='ltr'><strong>ad</strong></span> <span class='ocrx_word' id='word_1_107' title='bbox 324 1617 556 1675; x_wconf 82' lang='lat' dir='ltr'><strong>cccleste</strong></span> <span class='ocrx_word' id='word_1_108' title='bbox 602 1618 885 1692; x_wconf 82' lang='lat' dir='ltr'><strong>gaudium</strong></span> <span class='ocrx_word' id='word_1_109' title='bbox 916 1617 1111 1673; x_wconf 70' lang='lat' dir='ltr'><strong>laetum</strong></span> <span class='ocrx_word' id='word_1_110' title='bbox 1143 1617 1353 1672; x_wconf 91' lang='lat' dir='ltr'><strong>ducere</strong></span> <span class='ocrx_word' id='word_1_111' title='bbox 1404 1618 1595 1688; x_wconf 86' lang='lat' dir='ltr'><strong>potest</strong></span> <span class='ocrx_word' id='word_1_112' title='bbox 1645 1631 1782 1688; x_wconf 88' lang='lat' dir='ltr'><strong>pro-</strong></span> 
     </span>
    </p>
   </div>
   <div class='ocr_carea' id='block_1_17' title="bbox 132 1705 1784 1784">
    <p class='ocr_par' dir='ltr' id='par_1_17' title="bbox 132 1705 1784 1784">
     <span class='ocr_line' id='line_1_17' title="bbox 132 1705 1784 1784; baseline -0.004 -17"><span class='ocrx_word' id='word_1_113' title='bbox 132 1714 265 1784; x_wconf 88' lang='lat' dir='ltr'><strong>pter</strong></span> <span class='ocrx_word' id='word_1_114' title='bbox 290 1710 444 1766; x_wconf 87' lang='lat' dir='ltr'><strong>faeta</strong></span> <span class='ocrx_word' id='word_1_115' title='bbox 472 1726 598 1767; x_wconf 89' lang='lat' dir='ltr'><strong>sua.</strong></span> <span class='ocrx_word' id='word_1_116' title='bbox 631 1714 783 1765; x_wconf 90' lang='lat' dir='ltr'><strong>Bene</strong></span> <span class='ocrx_word' id='word_1_117' title='bbox 811 1707 988 1764; x_wconf 90' lang='lat' dir='ltr'><strong>etiam</strong></span> <span class='ocrx_word' id='word_1_118' title='bbox 1019 1712 1107 1763; x_wconf 89' lang='lat' dir='ltr'><strong>est</strong></span> <span class='ocrx_word' id='word_1_119' title='bbox 1145 1705 1305 1780; x_wconf 86' lang='lat' dir='ltr'><strong>gregi</strong></span> <span class='ocrx_word' id='word_1_120' title='bbox 1331 1705 1439 1776; x_wconf 88' lang='lat' dir='ltr'><strong>illi,</strong></span> <span class='ocrx_word' id='word_1_121' title='bbox 1460 1705 1558 1775; x_wconf 90' lang='lat' dir='ltr'><strong>qui</strong></span> <span class='ocrx_word' id='word_1_122' title='bbox 1591 1708 1784 1777; x_wconf 87' lang='lat' dir='ltr'><strong>pasto-</strong></span> 
     </span>
    </p>
   </div>
   <div class='ocr_carea' id='block_1_18' title="bbox 134 1794 1783 1872">
    <p class='ocr_par' dir='ltr' id='par_1_18' title="bbox 134 1794 1783 1872">
     <span class='ocr_line' id='line_1_18' title="bbox 134 1794 1783 1872; baseline -0.006 -15"><span class='ocrx_word' id='word_1_123' title='bbox 134 1816 257 1857; x_wconf 87' lang='lat' dir='ltr'><strong>rem</strong></span> <span class='ocrx_word' id='word_1_124' title='bbox 289 1799 556 1872; x_wconf 89' lang='lat' dir='ltr'><strong>sequitur</strong></span> <span class='ocrx_word' id='word_1_125' title='bbox 597 1814 732 1854; x_wconf 89' lang='lat' dir='ltr'><strong>eum</strong></span> <span class='ocrx_word' id='word_1_126' title='bbox 765 1798 861 1870; x_wconf 90' lang='lat' dir='ltr'><strong>qui</strong></span> <span class='ocrx_word' id='word_1_127' title='bbox 892 1795 1060 1852; x_wconf 90' lang='lat' dir='ltr'><strong>illum</strong></span> <span class='ocrx_word' id='word_1_128' title='bbox 1105 1813 1140 1852; x_wconf 91' lang='lat' dir='ltr'><strong>a</strong></span> <span class='ocrx_word' id='word_1_129' title='bbox 1180 1794 1428 1852; x_wconf 88' lang='lat' dir='ltr'><strong>diabolis</strong></span> <span class='ocrx_word' id='word_1_130' title='bbox 1459 1794 1694 1865; x_wconf 83' lang='lat' dir='ltr'><strong>eripuit,</strong></span> <span class='ocrx_word' id='word_1_131' title='bbox 1727 1797 1783 1847; x_wconf 82' lang='lat' dir='ltr'><strong>et</strong></span> 
     </span>
    </p>
   </div>
   <div class='ocr_carea' id='block_1_19' title="bbox 132 1882 1782 1961">
    <p class='ocr_par' dir='ltr' id='par_1_19' title="bbox 132 1882 1782 1961">
     <span class='ocr_line' id='line_1_19' title="bbox 132 1882 1782 1961; baseline -0.005 -15"><span class='ocrx_word' id='word_1_132' title='bbox 132 1889 252 1946; x_wconf 90' lang='lat' dir='ltr'><strong>Deo</strong></span> <span class='ocrx_word' id='word_1_133' title='bbox 304 1887 630 1961; x_wconf 76' lang='lat' dir='ltr'><strong>acquisivit.</strong></span> <span class='ocrx_word' id='word_1_134' title='bbox 674 1888 963 1960; x_wconf 83' lang='lat' dir='ltr'><strong>Agedum,</strong></span> <span class='ocrx_word' id='word_1_135' title='bbox 1015 1901 1249 1955; x_wconf 90' lang='lat' dir='ltr'><strong>omnes,</strong></span> <span class='ocrx_word' id='word_1_136' title='bbox 1298 1882 1563 1940; x_wconf 84' lang='lat' dir='ltr'><strong>unanimi</strong></span> <span class='ocrx_word' id='word_1_137' title='bbox 1611 1884 1782 1939; x_wconf 88' lang='lat' dir='ltr'><strong>corde</strong></span> 
     </span>
    </p>
   </div>
   <div class='ocr_carea' id='block_1_20' title="bbox 132 1970 1776 2051">
    <p class='ocr_par' dir='ltr' id='par_1_20' title="bbox 132 1970 1776 2051">
     <span class='ocr_line' id='line_1_20' title="bbox 132 1970 1776 2051; baseline -0.005 -18"><span class='ocrx_word' id='word_1_138' title='bbox 132 1977 445 2051; x_wconf 81' lang='lat' dir='ltr'><strong>diligenter</strong></span> <span class='ocrx_word' id='word_1_139' title='bbox 468 1977 717 2033; x_wconf 91' lang='lat' dir='ltr'><strong>Domino</strong></span> <span class='ocrx_word' id='word_1_140' title='bbox 749 1979 947 2032; x_wconf 89' lang='lat' dir='ltr'><strong>nostro</strong></span> <span class='ocrx_word' id='word_1_141' title='bbox 990 1973 1330 2047; x_wconf 84' lang='lat' dir='ltr'><strong>placeamus</strong></span> <span class='ocrx_word' id='word_1_142' title='bbox 1367 1988 1499 2027; x_wconf 91' lang='lat' dir='ltr'><strong>cum</strong></span> <span class='ocrx_word' id='word_1_143' title='bbox 1531 1988 1597 2026; x_wconf 91' lang='lat' dir='ltr'><strong>eo</strong></span> <span class='ocrx_word' id='word_1_144' title='bbox 1625 1970 1776 2043; x_wconf 87' lang='lat' dir='ltr'><strong>quod</strong></span> 
     </span>
    </p>
   </div>
   <div class='ocr_carea' id='block_1_21' title="bbox 1890 634 3537 711">
    <p class='ocr_par' dir='ltr' id='par_1_21' title="bbox 1890 634 3537 711">
     <span class='ocr_line' id='line_1_21' title="bbox 1890 634 3537 711; baseline 0.002 -19"><span class='ocrx_word' id='word_1_145' title='bbox 1890 642 2093 709; x_wconf 88' lang='lat' dir='ltr'><strong>genter</strong></span> <span class='ocrx_word' id='word_1_146' title='bbox 2122 636 2195 693; x_wconf 88' lang='lat' dir='ltr'><strong>ab</strong></span> <span class='ocrx_word' id='word_1_147' title='bbox 2225 635 2614 693; x_wconf 89' lang='lat' dir='ltr'><strong>incalescente</strong></span> <span class='ocrx_word' id='word_1_148' title='bbox 2654 634 3129 711; x_wconf 29' lang='lat' dir='ltr'><strong>incendio,‘quod</strong></span> <span class='ocrx_word' id='word_1_149' title='bbox 3175 637 3537 711; x_wconf 64' lang='lat' dir='ltr'><strong>praevalet&#39;in</strong></span> 
     </span>
    </p>
   </div>
   <div class='ocr_carea' id='block_1_22' title="bbox 1889 723 3534 808">
    <p class='ocr_par' dir='ltr' id='par_1_22' title="bbox 1889 723 3534 808">
     <span class='ocr_line' id='line_1_22' title="bbox 1889 723 3534 808; baseline 0.002 -28"><span class='ocrx_word' id='word_1_150' title='bbox 1889 726 2114 781; x_wconf 87' lang='lat' dir='ltr'><strong>inferno</strong></span> <span class='ocrx_word' id='word_1_151' title='bbox 2162 723 2377 781; x_wconf 83' lang='lat' dir='ltr'><strong>faciant</strong></span> <span class='ocrx_word' id='word_1_152' title='bbox 2424 742 2580 781; x_wconf 91' lang='lat' dir='ltr'><strong>nunc</strong></span> <span class='ocrx_word' id='word_1_153' title='bbox 2630 726 2806 782; x_wconf 90' lang='lat' dir='ltr'><strong>etiam</strong></span> <span class='ocrx_word' id='word_1_154' title='bbox 2845 726 3111 783; x_wconf 88' lang='lat' dir='ltr'><strong>doctores</strong></span> <span class='ocrx_word' id='word_1_155' title='bbox 3158 731 3214 782; x_wconf 89' lang='lat' dir='ltr'><strong>et</strong></span> <span class='ocrx_word' id='word_1_156' title='bbox 3263 727 3534 808; x_wconf 76' lang='lat' dir='ltr'><strong>ecclesia-</strong></span> 
     </span>
    </p>
   </div>
   <div class='ocr_carea' id='block_1_23' title="bbox 1890 813 3536 893">
    <p class='ocr_par' dir='ltr' id='par_1_23' title="bbox 1890 813 3536 893">
     <span class='ocr_line' id='line_1_23' title="bbox 1890 813 3536 893; baseline 0.002 -24"><span class='ocrx_word' id='word_1_157' title='bbox 1890 813 2019 869; x_wconf 87' lang='lat' dir='ltr'><strong>stici</strong></span> <span class='ocrx_word' id='word_1_158' title='bbox 2066 830 2378 887; x_wconf 68' lang='lat' dir='ltr'><strong>praecones,</strong></span> <span class='ocrx_word' id='word_1_159' title='bbox 2420 815 2613 887; x_wconf 90' lang='lat' dir='ltr'><strong>prouti</strong></span> <span class='ocrx_word' id='word_1_160' title='bbox 2658 815 2912 886; x_wconf 87' lang='lat' dir='ltr'><strong>justum,</strong></span> <span class='ocrx_word' id='word_1_161' title='bbox 2945 819 3004 871; x_wconf 91' lang='lat' dir='ltr'><strong>et</strong></span> <span class='ocrx_word' id='word_1_162' title='bbox 3052 814 3297 893; x_wconf 80' lang='lat' dir='ltr'><strong>cuilibet</strong></span> <span class='ocrx_word' id='word_1_163' title='bbox 3339 833 3536 873; x_wconf 88' lang='lat' dir='ltr'><strong>neces-</strong></span> 
     </span>
    </p>
   </div>
   <div class='ocr_carea' id='block_1_24' title="bbox 1891 902 3539 977">
    <p class='ocr_par' dir='ltr' id='par_1_24' title="bbox 1891 902 3539 977">
     <span class='ocr_line' id='line_1_24' title="bbox 1891 902 3539 977; baseline 0.001 -19"><span class='ocrx_word' id='word_1_164' title='bbox 1891 902 2110 960; x_wconf 88' lang='lat' dir='ltr'><strong>sarium</strong></span> <span class='ocrx_word' id='word_1_165' title='bbox 2144 906 2251 970; x_wconf 89' lang='lat' dir='ltr'><strong>est,</strong></span> <span class='ocrx_word' id='word_1_166' title='bbox 2284 907 2577 976; x_wconf 86' lang='lat' dir='ltr'><strong>exponant</strong></span> <span class='ocrx_word' id='word_1_167' title='bbox 2621 920 2774 977; x_wconf 68' lang='lat' dir='ltr'><strong>saspe</strong></span> <span class='ocrx_word' id='word_1_168' title='bbox 2809 903 3230 960; x_wconf 85' lang='lat' dir='ltr'><strong>ecclesiasticas</strong></span> <span class='ocrx_word' id='word_1_169' title='bbox 3279 906 3539 961; x_wconf 88' lang='lat' dir='ltr'><strong>necessi-</strong></span> 
     </span>
    </p>
   </div>
   <div class='ocr_carea' id='block_1_25' title="bbox 1889 992 3536 1066">
    <p class='ocr_par' dir='ltr' id='par_1_25' title="bbox 1889 992 3536 1066">
     <span class='ocr_line' id='line_1_25' title="bbox 1889 992 3536 1066; baseline 0.001 -19"><span class='ocrx_word' id='word_1_170' title='bbox 1889 995 2059 1060; x_wconf 86' lang='lat' dir='ltr'><strong>tates,</strong></span> <span class='ocrx_word' id='word_1_171' title='bbox 2093 996 2150 1048; x_wconf 83' lang='lat' dir='ltr'><strong>et</strong></span> <span class='ocrx_word' id='word_1_172' title='bbox 2178 992 2371 1048; x_wconf 89' lang='lat' dir='ltr'><strong>omnis</strong></span> <span class='ocrx_word' id='word_1_173' title='bbox 2402 993 2501 1066; x_wconf 90' lang='lat' dir='ltr'><strong>qui</strong></span> <span class='ocrx_word' id='word_1_174' title='bbox 2543 992 2831 1049; x_wconf 90' lang='lat' dir='ltr'><strong>discretus</strong></span> <span class='ocrx_word' id='word_1_175' title='bbox 2878 997 2969 1049; x_wconf 92' lang='lat' dir='ltr'><strong>est</strong></span> <span class='ocrx_word' id='word_1_176' title='bbox 3013 993 3212 1048; x_wconf 90' lang='lat' dir='ltr'><strong>audiat</strong></span> <span class='ocrx_word' id='word_1_177' title='bbox 3257 1011 3356 1050; x_wconf 90' lang='lat' dir='ltr'><strong>eas</strong></span> <span class='ocrx_word' id='word_1_178' title='bbox 3405 994 3536 1049; x_wconf 92' lang='lat' dir='ltr'><strong>dili-</strong></span> 
     </span>
    </p>
   </div>
   <div class='ocr_carea' id='block_1_26' title="bbox 1890 1080 3539 1154">
    <p class='ocr_par' dir='ltr' id='par_1_26' title="bbox 1890 1080 3539 1154">
     <span class='ocr_line' id='line_1_26' title="bbox 1890 1080 3539 1154; baseline 0.002 -18"><span class='ocrx_word' id='word_1_179' title='bbox 1890 1085 2112 1154; x_wconf 88' lang='lat' dir='ltr'><strong>genter,</strong></span> <span class='ocrx_word' id='word_1_180' title='bbox 2139 1097 2206 1136; x_wconf 91' lang='lat' dir='ltr'><strong>ac</strong></span> <span class='ocrx_word' id='word_1_181' title='bbox 2232 1081 2526 1137; x_wconf 81' lang='lat' dir='ltr'><strong>doctrinas</strong></span> <span class='ocrx_word' id='word_1_182' title='bbox 2546 1080 2968 1138; x_wconf 88' lang='lat' dir='ltr'><strong>ecclesiasticas</strong></span> <span class='ocrx_word' id='word_1_183' title='bbox 2990 1082 3050 1137; x_wconf 92' lang='lat' dir='ltr'><strong>in</strong></span> <span class='ocrx_word' id='word_1_184' title='bbox 3076 1086 3272 1138; x_wconf 85' lang='lat' dir='ltr'><strong>mente</strong></span> <span class='ocrx_word' id='word_1_185' title='bbox 3291 1083 3539 1139; x_wconf 88' lang='lat' dir='ltr'><strong>retineat</strong></span> 
     </span>
    </p>
   </div>
   <div class='ocr_carea' id='block_1_27' title="bbox 1891 1170 3539 1244">
    <p class='ocr_par' dir='ltr' id='par_1_27' title="bbox 1891 1170 3539 1244">
     <span class='ocr_line' id='line_1_27' title="bbox 1891 1170 3539 1244; baseline 0.002 -20"><span class='ocrx_word' id='word_1_186' title='bbox 1891 1185 2068 1241; x_wconf 90' lang='lat' dir='ltr'><strong>quam</strong></span> <span class='ocrx_word' id='word_1_187' title='bbox 2118 1170 2477 1235; x_wconf 81' lang='lat' dir='ltr'><strong>firmissime,</strong></span> <span class='ocrx_word' id='word_1_188' title='bbox 2507 1170 2568 1225; x_wconf 92' lang='lat' dir='ltr'><strong>in</strong></span> <span class='ocrx_word' id='word_1_189' title='bbox 2618 1170 2911 1244; x_wconf 89' lang='lat' dir='ltr'><strong>propriam</strong></span> <span class='ocrx_word' id='word_1_190' title='bbox 2964 1171 3056 1226; x_wconf 91' lang='lat' dir='ltr'><strong>sui</strong></span> <span class='ocrx_word' id='word_1_191' title='bbox 3115 1170 3451 1240; x_wconf 79' lang='lat' dir='ltr'><strong>utilitatem,</strong></span> <span class='ocrx_word' id='word_1_192' title='bbox 3480 1175 3539 1228; x_wconf 89' lang='lat' dir='ltr'><strong>et</strong></span> 
     </span>
    </p>
   </div>
   <div class='ocr_carea' id='block_1_28' title="bbox 1890 1258 3537 1331">
    <p class='ocr_par' dir='ltr' id='par_1_28' title="bbox 1890 1258 3537 1331">
     <span class='ocr_line' id='line_1_28' title="bbox 1890 1258 3537 1331; baseline 0 -16"><span class='ocrx_word' id='word_1_193' title='bbox 1890 1274 2123 1330; x_wconf 88' lang='lat' dir='ltr'><strong>semper</strong></span> <span class='ocrx_word' id='word_1_194' title='bbox 2169 1258 2415 1331; x_wconf 85' lang='lat' dir='ltr'><strong>quilibet</strong></span> <span class='ocrx_word' id='word_1_195' title='bbox 2468 1260 2644 1316; x_wconf 90' lang='lat' dir='ltr'><strong>homo</strong></span> <span class='ocrx_word' id='word_1_196' title='bbox 2699 1259 2759 1315; x_wconf 92' lang='lat' dir='ltr'><strong>in</strong></span> <span class='ocrx_word' id='word_1_197' title='bbox 2815 1260 3097 1316; x_wconf 90' lang='lat' dir='ltr'><strong>honorem</strong></span> <span class='ocrx_word' id='word_1_198' title='bbox 3156 1261 3389 1316; x_wconf 88' lang='lat' dir='ltr'><strong>Domini</strong></span> <span class='ocrx_word' id='word_1_199' title='bbox 3446 1260 3537 1317; x_wconf 90' lang='lat' dir='ltr'><strong>sui</strong></span> 
     </span>
    </p>
   </div>
   <div class='ocr_carea' id='block_1_29' title="bbox 1889 1347 3534 1422">
    <p class='ocr_par' dir='ltr' id='par_1_29' title="bbox 1889 1347 3534 1422">
     <span class='ocr_line' id='line_1_29' title="bbox 1889 1347 3534 1422; baseline 0.002 -20"><span class='ocrx_word' id='word_1_200' title='bbox 1889 1350 2125 1420; x_wconf 69' lang='lat' dir='ltr'><strong>praestet</strong></span> <span class='ocrx_word' id='word_1_201' title='bbox 2170 1348 2286 1403; x_wconf 92' lang='lat' dir='ltr'><strong>Deo</strong></span> <span class='ocrx_word' id='word_1_202' title='bbox 2337 1365 2443 1404; x_wconf 91' lang='lat' dir='ltr'><strong>suo</strong></span> <span class='ocrx_word' id='word_1_203' title='bbox 2473 1347 2530 1403; x_wconf 93' lang='lat' dir='ltr'><strong>id</strong></span> <span class='ocrx_word' id='word_1_204' title='bbox 2566 1349 2719 1421; x_wconf 92' lang='lat' dir='ltr'><strong>quod</strong></span> <span class='ocrx_word' id='word_1_205' title='bbox 2772 1353 2981 1422; x_wconf 88' lang='lat' dir='ltr'><strong>potest,</strong></span> <span class='ocrx_word' id='word_1_206' title='bbox 3034 1350 3208 1405; x_wconf 88' lang='lat' dir='ltr'><strong>verbo</strong></span> <span class='ocrx_word' id='word_1_207' title='bbox 3257 1353 3314 1406; x_wconf 92' lang='lat' dir='ltr'><strong>et</strong></span> <span class='ocrx_word' id='word_1_208' title='bbox 3364 1350 3534 1418; x_wconf 85' lang='lat' dir='ltr'><strong>facto,</strong></span> 
     </span>
    </p>
   </div>
   <div class='ocr_carea' id='block_1_30' title="bbox 1888 1434 3536 1510">
    <p class='ocr_par' dir='ltr' id='par_1_30' title="bbox 1888 1434 3536 1510">
     <span class='ocr_line' id='line_1_30' title="bbox 1888 1434 3536 1510; baseline 0.002 -18"><span class='ocrx_word' id='word_1_209' title='bbox 1888 1434 2155 1492; x_wconf 89' lang='lat' dir='ltr'><strong>hilariter</strong></span> <span class='ocrx_word' id='word_1_210' title='bbox 2193 1453 2442 1510; x_wconf 89' lang='lat' dir='ltr'><strong>semper.</strong></span> <span class='ocrx_word' id='word_1_211' title='bbox 2475 1441 2636 1493; x_wconf 90' lang='lat' dir='ltr'><strong>Tunc</strong></span> <span class='ocrx_word' id='word_1_212' title='bbox 2681 1438 2851 1495; x_wconf 90' lang='lat' dir='ltr'><strong>nobis</strong></span> <span class='ocrx_word' id='word_1_213' title='bbox 2893 1438 3168 1495; x_wconf 89' lang='lat' dir='ltr'><strong>omnibus</strong></span> <span class='ocrx_word' id='word_1_214' title='bbox 3213 1439 3312 1495; x_wconf 90' lang='lat' dir='ltr'><strong>Dei</strong></span> <span class='ocrx_word' id='word_1_215' title='bbox 3357 1440 3536 1495; x_wconf 86' lang='lat' dir='ltr'><strong>mise-</strong></span> 
     </span>
    </p>
   </div>
   <div class='ocr_carea' id='block_1_31' title="bbox 1890 1525 3537 1601">
    <p class='ocr_par' dir='ltr' id='par_1_31' title="bbox 1890 1525 3537 1601">
     <span class='ocr_line' id='line_1_31' title="bbox 1890 1525 3537 1601; baseline 0.002 -19"><span class='ocrx_word' id='word_1_216' title='bbox 1890 1525 2141 1583; x_wconf 90' lang='lat' dir='ltr'><strong>ricordia</strong></span> <span class='ocrx_word' id='word_1_217' title='bbox 2186 1527 2442 1599; x_wconf 85' lang='lat' dir='ltr'><strong>paratior</strong></span> <span class='ocrx_word' id='word_1_218' title='bbox 2480 1528 2607 1584; x_wconf 89' lang='lat' dir='ltr'><strong>erit.</strong></span> <span class='ocrx_word' id='word_1_219' title='bbox 2662 1528 2904 1601; x_wconf 89' lang='lat' dir='ltr'><strong>Semper</strong></span> <span class='ocrx_word' id='word_1_220' title='bbox 2950 1528 3028 1585; x_wconf 86' lang='lat' dir='ltr'><strong>sit</strong></span> <span class='ocrx_word' id='word_1_221' title='bbox 3073 1546 3285 1585; x_wconf 89' lang='lat' dir='ltr'><strong>nomen</strong></span> <span class='ocrx_word' id='word_1_222' title='bbox 3328 1529 3430 1585; x_wconf 91' lang='lat' dir='ltr'><strong>Dei</strong></span> <span class='ocrx_word' id='word_1_223' title='bbox 3476 1530 3537 1584; x_wconf 91' lang='lat' dir='ltr'><strong>in</strong></span> 
     </span>
    </p>
   </div>
   <div class='ocr_carea' id='block_1_32' title="bbox 1890 1615 3540 1691">
    <p class='ocr_par' dir='ltr' id='par_1_32' title="bbox 1890 1615 3540 1691">
     <span class='ocr_line' id='line_1_32' title="bbox 1890 1615 3540 1691; baseline 0.002 -21"><span class='ocrx_word' id='word_1_224' title='bbox 1890 1619 2170 1671; x_wconf 74' lang='lat' dir='ltr'><strong>aeternum</strong></span> <span class='ocrx_word' id='word_1_225' title='bbox 2202 1615 2592 1685; x_wconf 89' lang='lat' dir='ltr'><strong>benedictum,</strong></span> <span class='ocrx_word' id='word_1_226' title='bbox 2626 1634 2692 1673; x_wconf 88' lang='lat' dir='ltr'><strong>ac</strong></span> <span class='ocrx_word' id='word_1_227' title='bbox 2725 1616 2913 1691; x_wconf 88' lang='lat' dir='ltr'><strong>gloria</strong></span> <span class='ocrx_word' id='word_1_228' title='bbox 2941 1619 3014 1689; x_wconf 91' lang='lat' dir='ltr'><strong>ei,</strong></span> <span class='ocrx_word' id='word_1_229' title='bbox 3046 1621 3104 1673; x_wconf 90' lang='lat' dir='ltr'><strong>et</strong></span> <span class='ocrx_word' id='word_1_230' title='bbox 3129 1618 3260 1674; x_wconf 89' lang='lat' dir='ltr'><strong>laus</strong></span> <span class='ocrx_word' id='word_1_231' title='bbox 3289 1620 3347 1674; x_wconf 91' lang='lat' dir='ltr'><strong>et</strong></span> <span class='ocrx_word' id='word_1_232' title='bbox 3373 1634 3540 1673; x_wconf 83' lang='lat' dir='ltr'><strong>vene-</strong></span> 
     </span>
    </p>
   </div>
   <div class='ocr_carea' id='block_1_33' title="bbox 1892 1703 3537 1779">
    <p class='ocr_par' dir='ltr' id='par_1_33' title="bbox 1892 1703 3537 1779">
     <span class='ocr_line' id='line_1_33' title="bbox 1892 1703 3537 1779; baseline 0.002 -20"><span class='ocrx_word' id='word_1_233' title='bbox 1892 1704 2037 1759; x_wconf 86' lang='lat' dir='ltr'><strong>ratio</strong></span> <span class='ocrx_word' id='word_1_234' title='bbox 2064 1703 2140 1760; x_wconf 91' lang='lat' dir='ltr'><strong>sit</strong></span> <span class='ocrx_word' id='word_1_235' title='bbox 2169 1722 2399 1777; x_wconf 87' lang='lat' dir='ltr'><strong>semper</strong></span> <span class='ocrx_word' id='word_1_236' title='bbox 2443 1705 2503 1761; x_wconf 92' lang='lat' dir='ltr'><strong>in</strong></span> <span class='ocrx_word' id='word_1_237' title='bbox 2536 1704 2816 1762; x_wconf 57' lang='lat' dir='ltr'><strong>saeculum</strong></span> <span class='ocrx_word' id='word_1_238' title='bbox 2846 1705 3062 1763; x_wconf 66' lang='lat' dir='ltr'><strong>saeculi.</strong></span> <span class='ocrx_word' id='word_1_239' title='bbox 3087 1707 3242 1763; x_wconf 89' lang='lat' dir='ltr'><strong>Deus</strong></span> <span class='ocrx_word' id='word_1_240' title='bbox 3271 1706 3537 1779; x_wconf 86' lang='lat' dir='ltr'><strong>omnipo-</strong></span> 
     </span>
    </p>
   </div>
   <div class='ocr_carea' id='block_1_34' title="bbox 1889 1793 3537 1868">
    <p class='ocr_par' dir='ltr' id='par_1_34' title="bbox 1889 1793 3537 1868">
     <span class='ocr_line' id='line_1_34' title="bbox 1889 1793 3537 1868; baseline 0.002 -21"><span class='ocrx_word' id='word_1_241' title='bbox 1889 1796 2021 1848; x_wconf 90' lang='lat' dir='ltr'><strong>tens</strong></span> <span class='ocrx_word' id='word_1_242' title='bbox 2053 1793 2131 1848; x_wconf 88' lang='lat' dir='ltr'><strong>sit</strong></span> <span class='ocrx_word' id='word_1_243' title='bbox 2159 1793 2327 1849; x_wconf 89' lang='lat' dir='ltr'><strong>nobis</strong></span> <span class='ocrx_word' id='word_1_244' title='bbox 2358 1793 2634 1850; x_wconf 89' lang='lat' dir='ltr'><strong>omnibus</strong></span> <span class='ocrx_word' id='word_1_245' title='bbox 2665 1794 3019 1863; x_wconf 87' lang='lat' dir='ltr'><strong>misericors,</strong></span> <span class='ocrx_word' id='word_1_246' title='bbox 3044 1795 3238 1868; x_wconf 89' lang='lat' dir='ltr'><strong>prouti</strong></span> <span class='ocrx_word' id='word_1_247' title='bbox 3268 1795 3379 1868; x_wconf 89' lang='lat' dir='ltr'><strong>ipsi</strong></span> <span class='ocrx_word' id='word_1_248' title='bbox 3413 1794 3537 1867; x_wconf 92' lang='lat' dir='ltr'><strong>pla-</strong></span> 
     </span>
    </p>
   </div>
   <div class='ocr_carea' id='block_1_35' title="bbox 1893 1882 3536 1957">
    <p class='ocr_par' dir='ltr' id='par_1_35' title="bbox 1893 1882 3536 1957">
     <span class='ocr_line' id='line_1_35' title="bbox 1893 1882 3536 1957; baseline 0 -19"><span class='ocrx_word' id='word_1_249' title='bbox 1893 1882 2096 1948; x_wconf 90' lang='lat' dir='ltr'><strong>cuerit,</strong></span> <span class='ocrx_word' id='word_1_250' title='bbox 2130 1886 2186 1938; x_wconf 93' lang='lat' dir='ltr'><strong>et</strong></span> <span class='ocrx_word' id='word_1_251' title='bbox 2225 1887 2527 1939; x_wconf 87' lang='lat' dir='ltr'><strong>conservet</strong></span> <span class='ocrx_word' id='word_1_252' title='bbox 2572 1901 2679 1941; x_wconf 89' lang='lat' dir='ltr'><strong>nos</strong></span> <span class='ocrx_word' id='word_1_253' title='bbox 2727 1901 2960 1957; x_wconf 88' lang='lat' dir='ltr'><strong>semper</strong></span> <span class='ocrx_word' id='word_1_254' title='bbox 3005 1884 3077 1940; x_wconf 91' lang='lat' dir='ltr'><strong>ad</strong></span> <span class='ocrx_word' id='word_1_255' title='bbox 3135 1883 3536 1940; x_wconf 71' lang='lat' dir='ltr'><strong>aeternitatem.</strong></span> 
     </span>
    </p>
   </div>
   <div class='ocr_carea' id='block_1_36' title="bbox 1891 1969 2272 2027">
    <p class='ocr_par' dir='ltr' id='par_1_36' title="bbox 1891 1969 2272 2027">
     <span class='ocr_line' id='line_1_36' title="bbox 1891 1969 2272 2027; baseline 0 -1"><span class='ocrx_word' id='word_1_256' title='bbox 1891 1969 2033 2026; x_wconf 87' lang='lat' dir='ltr'><strong>Fiat.</strong></span> <span class='ocrx_word' id='word_1_257' title='bbox 2065 1971 2272 2027; x_wconf 90' lang='lat' dir='ltr'><strong>Amen.</strong></span> 
     </span>
    </p>
   </div>
   <div class='ocr_carea' id='block_1_37' title="bbox 1419 2229 2629 2325">
    <p class='ocr_par' dir='ltr' id='par_1_37' title="bbox 1419 2229 2629 2325">
     <span class='ocr_line' id='line_1_37' title="bbox 1419 2229 2629 2325; baseline 0.004 -5"><span class='ocrx_word' id='word_1_258' title='bbox 1419 2230 1840 2320; x_wconf 85' lang='lat' dir='ltr'><strong>CANUTI</strong></span> <span class='ocrx_word' id='word_1_259' title='bbox 1924 2229 2257 2318; x_wconf 83' lang='lat' dir='ltr'><strong>REGIS</strong></span> <span class='ocrx_word' id='word_1_260' title='bbox 2626 2324 2629 2325; x_wconf 62' lang='lat'><strong>,</strong></span> 
     </span>
    </p>
   </div>
   <div class='ocr_carea' id='block_1_38' title="bbox 134 2399 3537 2480">
    <p class='ocr_par' dir='ltr' id='par_1_38' title="bbox 134 2399 3537 2480">
     <span class='ocr_line' id='line_1_38' title="bbox 134 2399 3537 2480; baseline -0.001 -8"><span class='ocrx_word' id='word_1_261' title='bbox 134 2409 523 2473; x_wconf 82' lang='lat' dir='ltr'><strong>EPISTOLA</strong></span> <span class='ocrx_word' id='word_1_262' title='bbox 563 2409 666 2470; x_wconf 83' lang='lat' dir='ltr'><strong>AD</strong></span> <span class='ocrx_word' id='word_1_263' title='bbox 695 2405 1131 2468; x_wconf 86' lang='lat' dir='ltr'><strong>ANGLORUM</strong></span> <span class='ocrx_word' id='word_1_264' title='bbox 1162 2403 1574 2465; x_wconf 82' lang='lat' dir='ltr'><strong>PROCERES</strong></span> <span class='ocrx_word' id='word_1_265' title='bbox 1607 2400 1845 2462; x_wconf 82' lang='lat' dir='ltr'><strong>MISSA</strong></span> <span class='ocrx_word' id='word_1_266' title='bbox 1877 2399 2096 2460; x_wconf 82' lang='lat' dir='ltr'><strong>ROMA</strong></span> <span class='ocrx_word' id='word_1_267' title='bbox 2128 2401 2342 2462; x_wconf 88' lang='lat' dir='ltr'><strong>ANNO</strong></span> <span class='ocrx_word' id='word_1_268' title='bbox 2372 2401 2610 2463; x_wconf 87' lang='lat' dir='ltr'><strong>REGNI</strong></span> <span class='ocrx_word' id='word_1_269' title='bbox 2655 2403 2844 2466; x_wconf 87' lang='lat' dir='ltr'><strong>EJUS</strong></span> <span class='ocrx_word' id='word_1_270' title='bbox 2876 2406 3006 2480; x_wconf 84' lang='lat' dir='ltr'><strong>XV,</strong></span> <span class='ocrx_word' id='word_1_271' title='bbox 3040 2406 3324 2467; x_wconf 91' lang='lat' dir='ltr'><strong>DOMINI</strong></span> <span class='ocrx_word' id='word_1_272' title='bbox 3357 2408 3537 2469; x_wconf 79' lang='grc'><strong>1031.</strong></span> 
     </span>
    </p>
   </div>
   <div class='ocr_carea' id='block_1_39' title="bbox 133 2507 3538 2633">
    <p class='ocr_par' dir='ltr' id='par_1_39' title="bbox 133 2549 3538 2633">
     <span class='ocr_line' id='line_1_39' title="bbox 133 2549 3538 2633; baseline -0.006 -14"><span class='ocrx_word' id='word_1_273' title='bbox 133 2563 314 2633; x_wconf 81' lang='lat' dir='ltr'><strong>Refert</strong></span> <span class='ocrx_word' id='word_1_274' title='bbox 341 2566 545 2633; x_wconf 74' lang='lat' dir='ltr'><strong>quanta</strong></span> <span class='ocrx_word' id='word_1_275' title='bbox 576 2559 1198 2633; x_wconf 62' lang='lat' dir='ltr'><strong>benignitateajoanne</strong></span> <span class='ocrx_word' id='word_1_276' title='bbox 1221 2571 1390 2633; x_wconf 66' lang='lat' dir='ltr'><strong>pupa,</strong></span> <span class='ocrx_word' id='word_1_277' title='bbox 1414 2550 1657 2633; x_wconf 77' lang='lat' dir='ltr'><strong>Conrado</strong></span> <span class='ocrx_word' id='word_1_278' title='bbox 1688 2551 2035 2633; x_wconf 51' lang='lat' dir='ltr'><strong>imperatore,</strong></span> <span class='ocrx_word' id='word_1_279' title='bbox 2058 2553 2108 2604; x_wconf 80' lang='lat' dir='ltr'><strong>et</strong></span> <span class='ocrx_word' id='word_1_280' title='bbox 2137 2549 2412 2633; x_wconf 68' lang='lat' dir='ltr'><strong>Rodulpho</strong></span> <span class='ocrx_word' id='word_1_281' title='bbox 2433 2568 2559 2633; x_wconf 82' lang='lat' dir='ltr'><strong>rege</strong></span> <span class='ocrx_word' id='word_1_282' title='bbox 2585 2554 2872 2633; x_wconf 50' lang='lat' dir='ltr'><strong>amplexus</strong></span> <span class='ocrx_word' id='word_1_283' title='bbox 2896 2563 2995 2633; x_wconf 63' lang='lat' dir='ltr'><strong>est.</strong></span> <span class='ocrx_word' id='word_1_284' title='bbox 3011 2555 3085 2633; x_wconf 88' lang='lat' dir='ltr'><strong>_Se</strong></span> <span class='ocrx_word' id='word_1_285' title='bbox 3109 2557 3327 2633; x_wconf 68' lang='lat' dir='ltr'><strong>Romam</strong></span> <span class='ocrx_word' id='word_1_286' title='bbox 3351 2560 3538 2633; x_wconf 57' lang='grc' dir='ltr'><strong>ιηαῃδ-</strong></span> 
     </span>
    </p>
   </div>
   <div class='ocr_carea' id='block_1_40' title="bbox 199 2622 3537 2702">
    <p class='ocr_par' dir='ltr' id='par_1_40' title="bbox 199 2622 3537 2702">
     <span class='ocr_line' id='line_1_40' title="bbox 199 2622 3537 2702; baseline -0.001 -14"><span class='ocrx_word' id='word_1_287' title='bbox 199 2622 458 2689; x_wconf 66' lang='lat' dir='ltr'><strong>euntibus</strong></span> <span class='ocrx_word' id='word_1_288' title='bbox 488 2622 808 2702; x_wconf 67' lang='lat' dir='ltr'><strong>impetrasse</strong></span> <span class='ocrx_word' id='word_1_289' title='bbox 831 2629 1128 2702; x_wconf 68' lang='lat' dir='ltr'><strong>privilegia</strong></span> <span class='ocrx_word' id='word_1_290' title='bbox 1155 2622 1436 2702; x_wconf 44' lang='lat' dir='ltr'><strong>Lunaeque</strong></span> <span class='ocrx_word' id='word_1_291' title='bbox 1462 2622 1938 2702; x_wconf 45' lang='lat' dir='ltr'><strong>suminstitatum.</strong></span> <span class='ocrx_word' id='word_1_292' title='bbox 1966 2626 2344 2702; x_wconf 69' lang='lat' dir='ltr'><strong>correcturum</strong></span> <span class='ocrx_word' id='word_1_293' title='bbox 2372 2632 2539 2702; x_wconf 52' lang='lat' dir='ltr'><strong>nonet.</strong></span> <span class='ocrx_word' id='word_1_294' title='bbox 2566 2622 2762 2702; x_wconf 65' lang='lat' dir='ltr'><strong>Monet</strong></span> <span class='ocrx_word' id='word_1_295' title='bbox 2790 2629 2852 2682; x_wconf 84' lang='lat' dir='ltr'><strong>ut</strong></span> <span class='ocrx_word' id='word_1_296' title='bbox 2878 2626 3155 2684; x_wconf 72' lang='lat' dir='ltr'><strong>declinent</strong></span> <span class='ocrx_word' id='word_1_297' title='bbox 3202 2627 3537 2700; x_wconf 77' lang='lat' dir='ltr'><strong>injustitiam</strong></span> 
     </span>
    </p>
   </div>
   <div class='ocr_carea' id='block_1_41' title="bbox 202 2691 2662 2774">
    <p class='ocr_par' dir='ltr' id='par_1_41' title="bbox 202 2691 2662 2774">
     <span class='ocr_line' id='line_1_41' title="bbox 202 2691 2662 2774; baseline -0.003 -15"><span class='ocrx_word' id='word_1_298' title='bbox 202 2711 257 2760; x_wconf 90' lang='lat' dir='ltr'><strong>et</strong></span> <span class='ocrx_word' id='word_1_299' title='bbox 285 2704 413 2774; x_wconf 68' lang='lat' dir='ltr'><strong>ﬁsco</strong></span> <span class='ocrx_word' id='word_1_300' title='bbox 440 2704 525 2759; x_wconf 77' lang='lat' dir='ltr'><strong>nil</strong></span> <span class='ocrx_word' id='word_1_301' title='bbox 554 2691 788 2757; x_wconf 66' lang='lat' dir='ltr'><strong>indebita</strong></span> <span class='ocrx_word' id='word_1_302' title='bbox 816 2691 1016 2772; x_wconf 75' lang='lat' dir='ltr'><strong>ferant.</strong></span> <span class='ocrx_word' id='word_1_303' title='bbox 1034 2691 1129 2755; x_wconf 42' lang='lat' dir='ltr'><strong>&quot;Ad</strong></span> <span class='ocrx_word' id='word_1_304' title='bbox 1158 2691 1454 2754; x_wconf 73' lang='lat' dir='ltr'><strong>Ecclesiam</strong></span> <span class='ocrx_word' id='word_1_305' title='bbox 1480 2693 1821 2768; x_wconf 75' lang='lat' dir='ltr'><strong>pertinentia</strong></span> <span class='ocrx_word' id='word_1_306' title='bbox 1847 2691 2033 2748; x_wconf 77' lang='lat' dir='ltr'><strong>sedulo</strong></span> <span class='ocrx_word' id='word_1_307' title='bbox 2061 2709 2283 2765; x_wconf 62' lang='lat' dir='ltr'><strong>quamne</strong></span> <span class='ocrx_word' id='word_1_308' title='bbox 2312 2694 2466 2750; x_wconf 82' lang='lat' dir='ltr'><strong>reddi</strong></span> <span class='ocrx_word' id='word_1_309' title='bbox 2484 2695 2662 2767; x_wconf 83' lang='lat' dir='ltr'><strong>jubet.</strong></span> 
     </span>
    </p>
   </div>
   <div class='ocr_carea' id='block_1_42' title="bbox 201 2923 3536 3031">
    <p class='ocr_par' dir='ltr' id='par_1_42' title="bbox 201 2923 3536 3031">
     <span class='ocr_line' id='line_1_42' title="bbox 201 2923 3536 3031; baseline 0.009 -45"><span class='ocrx_word' id='word_1_310' title='bbox 201 2940 419 3031; x_wconf 56' lang='lat' dir='ltr'><strong>Gauro,</strong></span> <span class='ocrx_word' id='word_1_311' title='bbox 450 2951 551 3031; x_wconf 47' lang='lat' dir='ltr'><strong>re;</strong></span> <span class='ocrx_word' id='word_1_312' title='bbox 598 2931 1065 3031; x_wconf 45' lang='lat' dir='ltr'><strong>totiushAnglia},</strong></span> <span class='ocrx_word' id='word_1_313' title='bbox 1114 2936 1178 3031; x_wconf 37' lang='lat' dir='ltr'><strong>et.</strong></span> <span class='ocrx_word' id='word_1_314' title='bbox 1220 2927 1679 3031; x_wconf 53' lang='lat' dir='ltr'><strong>Danamarchif,</strong></span> <span class='ocrx_word' id='word_1_315' title='bbox 1726 2928 1784 2981; x_wconf 78' lang='lat' dir='ltr'><strong>et</strong></span> <span class='ocrx_word' id='word_1_316' title='bbox 1820 2923 1863 2991; x_wconf 88' lang='lat' dir='ltr'>C</span> <span class='ocrx_word' id='word_1_317' title='bbox 1892 2944 1950 3031; x_wconf 73' lang='lat' dir='ltr'><strong>et</strong></span> <span class='ocrx_word' id='word_1_318' title='bbox 1978 2942 2269 3015; x_wconf 80' lang='lat' dir='ltr'><strong>argenteis</strong></span> <span class='ocrx_word' id='word_1_319' title='bbox 2299 2961 2475 3016; x_wconf 88' lang='lat' dir='ltr'><strong>quam</strong></span> <span class='ocrx_word' id='word_1_320' title='bbox 2507 2945 2566 3002; x_wconf 89' lang='lat' dir='ltr'><strong>in</strong></span> <span class='ocrx_word' id='word_1_321' title='bbox 2598 2947 2793 3020; x_wconf 85' lang='lat' dir='ltr'><strong>palliis</strong></span> <span class='ocrx_word' id='word_1_322' title='bbox 2831 2954 2888 3006; x_wconf 89' lang='lat' dir='ltr'><strong>et</strong></span> <span class='ocrx_word' id='word_1_323' title='bbox 2923 2954 3185 3010; x_wconf 84' lang='lat' dir='ltr'><strong>vestibus</strong></span> <span class='ocrx_word' id='word_1_324' title='bbox 3212 2956 3378 3014; x_wconf 82' lang='lat' dir='ltr'><strong>valde</strong></span> <span class='ocrx_word' id='word_1_325' title='bbox 3408 2975 3536 3031; x_wconf 85' lang='lat' dir='ltr'><strong>pre-</strong></span> 
     </span>
    </p>
   </div>
   <div class='ocr_carea' id='block_1_43' title="bbox 130 3019 1784 3098">
    <p class='ocr_par' dir='ltr' id='par_1_43' title="bbox 130 3019 1784 3098">
     <span class='ocr_line' id='line_1_43' title="bbox 130 3019 1784 3098; baseline -0.007 -15"><span class='ocrx_word' id='word_1_326' title='bbox 130 3024 476 3098; x_wconf 68' lang='lat' dir='ltr'><strong>Norwegiaa,</strong></span> <span class='ocrx_word' id='word_1_327' title='bbox 499 3027 556 3080; x_wconf 90' lang='lat' dir='ltr'><strong>et</strong></span> <span class='ocrx_word' id='word_1_328' title='bbox 580 3022 764 3097; x_wconf 86' lang='lat' dir='ltr'><strong>partis</strong></span> <span class='ocrx_word' id='word_1_329' title='bbox 785 3023 1131 3089; x_wconf 90' lang='lat' dir='ltr'><strong>Suavorum,</strong></span> <span class='ocrx_word' id='word_1_330' title='bbox 1150 3022 1437 3075; x_wconf 70' lang='lat' dir='ltr'><strong>AILNOTHO</strong></span> <span class='ocrx_word' id='word_1_331' title='bbox 1463 3019 1587 3091; x_wconf 86' lang='lat' dir='ltr'><strong>[al.,</strong></span> <span class='ocrx_word' id='word_1_332' title='bbox 1613 3019 1784 3073; x_wconf 82' lang='lat' dir='ltr'><strong>EGEL-</strong></span> 
     </span>
    </p>
   </div>
   <div class='ocr_carea' id='block_1_44' title="bbox 131 3107 1779 3187">
    <p class='ocr_par' dir='ltr' id='par_1_44' title="bbox 131 3107 1779 3187">
     <span class='ocr_line' id='line_1_44' title="bbox 131 3107 1779 3187; baseline -0.007 -14"><span class='ocrx_word' id='word_1_333' title='bbox 131 3115 342 3187; x_wconf 65' lang='grc' dir='ltr'><strong>ωσι-ΒΟ]</strong></span> <span class='ocrx_word' id='word_1_334' title='bbox 374 3112 845 3185; x_wconf 86' lang='lat' dir='ltr'><strong>metropolitano,</strong></span> <span class='ocrx_word' id='word_1_335' title='bbox 877 3115 935 3167; x_wconf 90' lang='lat' dir='ltr'><strong>et</strong></span> <span class='ocrx_word' id='word_1_336' title='bbox 971 3113 1219 3166; x_wconf 82' lang='lat' dir='ltr'><strong>ALFRICO</strong></span> <span class='ocrx_word' id='word_1_337' title='bbox 1260 3107 1631 3175; x_wconf 88' lang='lat' dir='ltr'><strong>Eboracensi,</strong></span> <span class='ocrx_word' id='word_1_338' title='bbox 1657 3124 1779 3163; x_wconf 90' lang='lat' dir='ltr'><strong>om-</strong></span> 
     </span>
    </p>
   </div>
   <div class='ocr_carea' id='block_1_45' title="bbox 130 3196 1780 3276">
    <p class='ocr_par' dir='ltr' id='par_1_45' title="bbox 130 3196 1780 3276">
     <span class='ocr_line' id='line_1_45' title="bbox 130 3196 1780 3276; baseline -0.005 -15"><span class='ocrx_word' id='word_1_339' title='bbox 130 3204 429 3276; x_wconf 89' lang='lat' dir='ltr'><strong>nibusque</strong></span> <span class='ocrx_word' id='word_1_340' title='bbox 459 3201 748 3276; x_wconf 91' lang='lat' dir='ltr'><strong>episcopis</strong></span> <span class='ocrx_word' id='word_1_341' title='bbox 776 3205 831 3257; x_wconf 89' lang='lat' dir='ltr'><strong>et</strong></span> <span class='ocrx_word' id='word_1_342' title='bbox 863 3200 1235 3273; x_wconf 89' lang='lat' dir='ltr'><strong>primatibus,</strong></span> <span class='ocrx_word' id='word_1_343' title='bbox 1255 3201 1314 3254; x_wconf 91' lang='lat' dir='ltr'><strong>et</strong></span> <span class='ocrx_word' id='word_1_344' title='bbox 1342 3197 1447 3253; x_wconf 89' lang='lat' dir='ltr'><strong>toti</strong></span> <span class='ocrx_word' id='word_1_345' title='bbox 1479 3196 1636 3270; x_wconf 88' lang='lat' dir='ltr'><strong>genti</strong></span> <span class='ocrx_word' id='word_1_346' title='bbox 1666 3198 1780 3252; x_wconf 92' lang='lat' dir='ltr'><strong>An-</strong></span> 
     </span>
    </p>
   </div>
   <div class='ocr_carea' id='block_1_46' title="bbox 129 3286 1672 3368">
    <p class='ocr_par' dir='ltr' id='par_1_46' title="bbox 129 3286 1672 3368">
     <span class='ocr_line' id='line_1_46' title="bbox 129 3286 1672 3368; baseline -0.005 -18"><span class='ocrx_word' id='word_1_347' title='bbox 129 3294 387 3368; x_wconf 84' lang='lat' dir='ltr'><strong>glorum,</strong></span> <span class='ocrx_word' id='word_1_348' title='bbox 417 3296 539 3348; x_wconf 88' lang='lat' dir='ltr'><strong>tam</strong></span> <span class='ocrx_word' id='word_1_349' title='bbox 570 3289 866 3347; x_wconf 90' lang='lat' dir='ltr'><strong>nobilibus</strong></span> <span class='ocrx_word' id='word_1_350' title='bbox 897 3305 1074 3361; x_wconf 90' lang='lat' dir='ltr'><strong>quam</strong></span> <span class='ocrx_word' id='word_1_351' title='bbox 1105 3286 1369 3360; x_wconf 89' lang='lat' dir='ltr'><strong>plebeiis,</strong></span> <span class='ocrx_word' id='word_1_352' title='bbox 1401 3288 1672 3342; x_wconf 85' lang='lat' dir='ltr'><strong>salutem.</strong></span> 
     </span>
    </p>
   </div>
   <div class='ocr_carea' id='block_1_47' title="bbox 203 3377 1780 3455">
    <p class='ocr_par' dir='ltr' id='par_1_47' title="bbox 203 3377 1780 3455">
     <span class='ocr_line' id='line_1_47' title="bbox 203 3377 1780 3455; baseline -0.005 -17"><span class='ocrx_word' id='word_1_353' title='bbox 203 3382 282 3455; x_wconf 90' lang='grc'>(1)</span> <span class='ocrx_word' id='word_1_354' title='bbox 314 3380 560 3438; x_wconf 82' lang='lat' dir='ltr'><strong>Notifico</strong></span> <span class='ocrx_word' id='word_1_355' title='bbox 580 3380 743 3436; x_wconf 91' lang='lat' dir='ltr'><strong>vobis</strong></span> <span class='ocrx_word' id='word_1_356' title='bbox 765 3395 859 3435; x_wconf 91' lang='lat' dir='ltr'><strong>me</strong></span> <span class='ocrx_word' id='word_1_357' title='bbox 880 3378 1108 3434; x_wconf 86' lang='lat' dir='ltr'><strong>noviter</strong></span> <span class='ocrx_word' id='word_1_358' title='bbox 1129 3377 1266 3433; x_wconf 89' lang='lat' dir='ltr'><strong>iisse</strong></span> <span class='ocrx_word' id='word_1_359' title='bbox 1287 3377 1530 3431; x_wconf 86' lang='lat' dir='ltr'><strong>Romam</strong></span> <span class='ocrx_word' id='word_1_360' title='bbox 1552 3378 1780 3431; x_wconf 89' lang='lat' dir='ltr'><strong>oratum</strong></span> 
     </span>
    </p>
   </div>
   <div class='ocr_carea' id='block_1_48' title="bbox 134 3463 1781 3544">
    <p class='ocr_par' dir='ltr' id='par_1_48' title="bbox 134 3463 1781 3544">
     <span class='ocr_line' id='line_1_48' title="bbox 134 3463 1781 3544; baseline -0.004 -16"><span class='ocrx_word' id='word_1_361' title='bbox 134 3488 240 3544; x_wconf 90' lang='lat' dir='ltr'><strong>pro</strong></span> <span class='ocrx_word' id='word_1_362' title='bbox 257 3470 657 3542; x_wconf 87' lang='lat' dir='ltr'><strong>redemptione</strong></span> <span class='ocrx_word' id='word_1_363' title='bbox 676 3467 1082 3541; x_wconf 85' lang='lat' dir='ltr'><strong>peccaminum</strong></span> <span class='ocrx_word' id='word_1_364' title='bbox 1099 3482 1384 3536; x_wconf 90' lang='lat' dir='ltr'><strong>meorum,</strong></span> <span class='ocrx_word' id='word_1_365' title='bbox 1400 3469 1456 3520; x_wconf 91' lang='lat' dir='ltr'><strong>et</strong></span> <span class='ocrx_word' id='word_1_366' title='bbox 1472 3482 1575 3537; x_wconf 91' lang='lat' dir='ltr'><strong>pro</strong></span> <span class='ocrx_word' id='word_1_367' title='bbox 1593 3463 1781 3521; x_wconf 87' lang='lat' dir='ltr'><strong>salute</strong></span> 
     </span>
    </p>
   </div>
   <div class='ocr_carea' id='block_1_49' title="bbox 132 3554 1779 3633">
    <p class='ocr_par' dir='ltr' id='par_1_49' title="bbox 132 3554 1779 3633">
     <span class='ocr_line' id='line_1_49' title="bbox 132 3554 1779 3633; baseline -0.004 -18"><span class='ocrx_word' id='word_1_368' title='bbox 132 3557 707 3633; x_wconf 86' lang='lat' dir='ltr'><strong>regnorum,quique</strong></span> <span class='ocrx_word' id='word_1_369' title='bbox 736 3573 865 3613; x_wconf 90' lang='lat' dir='ltr'><strong>meo</strong></span> <span class='ocrx_word' id='word_1_370' title='bbox 896 3556 1201 3626; x_wconf 85' lang='lat' dir='ltr'><strong>subjacent</strong></span> <span class='ocrx_word' id='word_1_371' title='bbox 1236 3554 1507 3627; x_wconf 90' lang='lat' dir='ltr'><strong>regimini</strong></span> <span class='ocrx_word' id='word_1_372' title='bbox 1537 3554 1779 3627; x_wconf 88' lang='lat' dir='ltr'><strong>populo-</strong></span> 
     </span>
    </p>
   </div>
   <div class='ocr_carea' id='block_1_50' title="bbox 130 3643 1781 3720">
    <p class='ocr_par' dir='ltr' id='par_1_50' title="bbox 130 3643 1781 3720">
     <span class='ocr_line' id='line_1_50' title="bbox 130 3643 1781 3720; baseline -0.004 -14"><span class='ocrx_word' id='word_1_373' title='bbox 130 3666 287 3706; x_wconf 86' lang='lat' dir='ltr'><strong>rum.</strong></span> <span class='ocrx_word' id='word_1_374' title='bbox 318 3648 479 3704; x_wconf 89' lang='lat' dir='ltr'><strong>Hanc</strong></span> <span class='ocrx_word' id='word_1_375' title='bbox 508 3647 743 3720; x_wconf 84' lang='lat' dir='ltr'><strong>quidem</strong></span> <span class='ocrx_word' id='word_1_376' title='bbox 777 3645 1191 3720; x_wconf 82' lang='lat' dir='ltr'><strong>profectionem</strong></span> <span class='ocrx_word' id='word_1_377' title='bbox 1221 3644 1336 3699; x_wconf 89' lang='lat' dir='ltr'><strong>Deo</strong></span> <span class='ocrx_word' id='word_1_378' title='bbox 1359 3643 1485 3714; x_wconf 87' lang='lat' dir='ltr'><strong>jam</strong></span> <span class='ocrx_word' id='word_1_379' title='bbox 1516 3643 1657 3699; x_wconf 90' lang='lat' dir='ltr'><strong>olim</strong></span> <span class='ocrx_word' id='word_1_380' title='bbox 1689 3644 1781 3699; x_wconf 89' lang='lat' dir='ltr'><strong>de-</strong></span> 
     </span>
    </p>
   </div>
   <div class='ocr_carea' id='block_1_51' title="bbox 126 3732 1779 3809">
    <p class='ocr_par' dir='ltr' id='par_1_51' title="bbox 126 3732 1779 3809">
     <span class='ocr_line' id='line_1_51' title="bbox 126 3732 1779 3809; baseline -0.004 -15"><span class='ocrx_word' id='word_1_381' title='bbox 126 3754 422 3806; x_wconf 88' lang='lat' dir='ltr'><strong>voveram,</strong></span> <span class='ocrx_word' id='word_1_382' title='bbox 454 3738 556 3794; x_wconf 90' lang='lat' dir='ltr'><strong>sed</strong></span> <span class='ocrx_word' id='word_1_383' title='bbox 605 3754 709 3809; x_wconf 91' lang='lat' dir='ltr'><strong>pro</strong></span> <span class='ocrx_word' id='word_1_384' title='bbox 755 3735 1003 3809; x_wconf 85' lang='lat' dir='ltr'><strong>negotiis</strong></span> <span class='ocrx_word' id='word_1_385' title='bbox 1035 3734 1197 3807; x_wconf 87' lang='lat' dir='ltr'><strong>regni</strong></span> <span class='ocrx_word' id='word_1_386' title='bbox 1245 3738 1302 3789; x_wconf 91' lang='lat' dir='ltr'><strong>et</strong></span> <span class='ocrx_word' id='word_1_387' title='bbox 1354 3733 1546 3789; x_wconf 84' lang='lat' dir='ltr'><strong>causis</strong></span> <span class='ocrx_word' id='word_1_388' title='bbox 1592 3732 1779 3804; x_wconf 90' lang='lat' dir='ltr'><strong>impe-</strong></span> 
     </span>
    </p>
   </div>
   <div class='ocr_carea' id='block_1_52' title="bbox 126 3822 1777 3898">
    <p class='ocr_par' dir='ltr' id='par_1_52' title="bbox 126 3822 1777 3898">
     <span class='ocr_line' id='line_1_52' title="bbox 126 3822 1777 3898; baseline -0.005 -14"><span class='ocrx_word' id='word_1_389' title='bbox 126 3827 448 3888; x_wconf 86' lang='lat' dir='ltr'><strong>dientibus.</strong></span> <span class='ocrx_word' id='word_1_390' title='bbox 478 3826 786 3898; x_wconf 89' lang='lat' dir='ltr'><strong>hucusque</strong></span> <span class='ocrx_word' id='word_1_391' title='bbox 828 3841 944 3881; x_wconf 92' lang='lat' dir='ltr'><strong>non</strong></span> <span class='ocrx_word' id='word_1_392' title='bbox 983 3827 1246 3896; x_wconf 90' lang='lat' dir='ltr'><strong>poteram</strong></span> <span class='ocrx_word' id='word_1_393' title='bbox 1289 3822 1584 3895; x_wconf 87' lang='lat' dir='ltr'><strong>perficere.</strong></span> <span class='ocrx_word' id='word_1_394' title='bbox 1612 3823 1777 3877; x_wconf 91' lang='lat' dir='ltr'><strong>Nunc</strong></span> 
     </span>
    </p>
   </div>
   <div class='ocr_carea' id='block_1_53' title="bbox 127 3910 1780 3989">
    <p class='ocr_par' dir='ltr' id='par_1_53' title="bbox 127 3910 1780 3989">
     <span class='ocr_line' id='line_1_53' title="bbox 127 3910 1780 3989; baseline -0.004 -17"><span class='ocrx_word' id='word_1_395' title='bbox 127 3920 326 3973; x_wconf 89' lang='lat' dir='ltr'><strong>autem</strong></span> <span class='ocrx_word' id='word_1_396' title='bbox 364 3915 481 3989; x_wconf 88' lang='lat' dir='ltr'><strong>ipsi</strong></span> <span class='ocrx_word' id='word_1_397' title='bbox 510 3916 626 3973; x_wconf 91' lang='lat' dir='ltr'><strong>Deo</strong></span> <span class='ocrx_word' id='word_1_398' title='bbox 676 3931 804 3970; x_wconf 90' lang='lat' dir='ltr'><strong>meo</strong></span> <span class='ocrx_word' id='word_1_399' title='bbox 852 3912 1236 3986; x_wconf 89' lang='lat' dir='ltr'><strong>omnipotenti</strong></span> <span class='ocrx_word' id='word_1_400' title='bbox 1264 3910 1431 3967; x_wconf 90' lang='lat' dir='ltr'><strong>valde</strong></span> <span class='ocrx_word' id='word_1_401' title='bbox 1479 3910 1780 3966; x_wconf 88' lang='lat' dir='ltr'><strong>humiliter</strong></span> 
     </span>
    </p>
   </div>
   <div class='ocr_carea' id='block_1_54' title="bbox 124 3999 1779 4080">
    <p class='ocr_par' dir='ltr' id='par_1_54' title="bbox 124 3999 1779 4080">
     <span class='ocr_line' id='line_1_54' title="bbox 124 3999 1779 4080; baseline -0.004 -18"><span class='ocrx_word' id='word_1_402' title='bbox 124 4005 348 4080; x_wconf 85' lang='lat' dir='ltr'><strong>gratias</strong></span> <span class='ocrx_word' id='word_1_403' title='bbox 379 4020 487 4078; x_wconf 87' lang='lat' dir='ltr'><strong>ago</strong></span> <span class='ocrx_word' id='word_1_404' title='bbox 526 4005 683 4077; x_wconf 89' lang='lat' dir='ltr'><strong>quod</strong></span> <span class='ocrx_word' id='word_1_405' title='bbox 710 4004 1014 4059; x_wconf 87' lang='lat' dir='ltr'><strong>concessit</strong></span> <span class='ocrx_word' id='word_1_406' title='bbox 1054 4002 1115 4057; x_wconf 90' lang='lat' dir='ltr'><strong>in</strong></span> <span class='ocrx_word' id='word_1_407' title='bbox 1143 4001 1265 4056; x_wconf 90' lang='lat' dir='ltr'><strong>vita</strong></span> <span class='ocrx_word' id='word_1_408' title='bbox 1296 4017 1427 4056; x_wconf 88' lang='lat' dir='ltr'><strong>mea</strong></span> <span class='ocrx_word' id='word_1_409' title='bbox 1455 3999 1686 4055; x_wconf 89' lang='lat' dir='ltr'><strong>Petrum</strong></span> <span class='ocrx_word' id='word_1_410' title='bbox 1722 4004 1779 4055; x_wconf 92' lang='lat' dir='ltr'><strong>et</strong></span> 
     </span>
    </p>
   </div>
   <div class='ocr_carea' id='block_1_55' title="bbox 124 4088 1774 4165">
    <p class='ocr_par' dir='ltr' id='par_1_55' title="bbox 124 4088 1774 4165">
     <span class='ocr_line' id='line_1_55' title="bbox 124 4088 1774 4165; baseline -0.005 -14"><span class='ocrx_word' id='word_1_411' title='bbox 124 4093 377 4151; x_wconf 89' lang='lat' dir='ltr'><strong>Paulum</strong></span> <span class='ocrx_word' id='word_1_412' title='bbox 424 4091 988 4165; x_wconf 86' lang='lat' dir='ltr'><strong>beatos-apostolos,</strong></span> <span class='ocrx_word' id='word_1_413' title='bbox 1021 4096 1078 4148; x_wconf 90' lang='lat' dir='ltr'><strong>et</strong></span> <span class='ocrx_word' id='word_1_414' title='bbox 1124 4105 1299 4146; x_wconf 89' lang='lat' dir='ltr'><strong>omne</strong></span> <span class='ocrx_word' id='word_1_415' title='bbox 1351 4088 1774 4156; x_wconf 88' lang='lat' dir='ltr'><strong>sanctuarium,</strong></span> 
     </span>
    </p>
   </div>
   <div class='ocr_carea' id='block_1_56' title="bbox 125 4177 1773 4256">
    <p class='ocr_par' dir='ltr' id='par_1_56' title="bbox 125 4177 1773 4256">
     <span class='ocr_line' id='line_1_56' title="bbox 125 4177 1773 4256; baseline -0.005 -16"><span class='ocrx_word' id='word_1_416' title='bbox 125 4184 284 4256; x_wconf 88' lang='lat' dir='ltr'><strong>quod</strong></span> <span class='ocrx_word' id='word_1_417' title='bbox 308 4184 465 4240; x_wconf 89' lang='lat' dir='ltr'><strong>intra</strong></span> <span class='ocrx_word' id='word_1_418' title='bbox 485 4183 691 4239; x_wconf 89' lang='lat' dir='ltr'><strong>urbem</strong></span> <span class='ocrx_word' id='word_1_419' title='bbox 713 4183 956 4239; x_wconf 87' lang='lat' dir='ltr'><strong>Romam</strong></span> <span class='ocrx_word' id='word_1_420' title='bbox 976 4185 1078 4237; x_wconf 90' lang='lat' dir='ltr'><strong>aut</strong></span> <span class='ocrx_word' id='word_1_421' title='bbox 1093 4183 1255 4236; x_wconf 84' lang='lat' dir='ltr'><strong>extra</strong></span> <span class='ocrx_word' id='word_1_422' title='bbox 1271 4177 1569 4234; x_wconf 88' lang='lat' dir='ltr'><strong>addiscere</strong></span> <span class='ocrx_word' id='word_1_423' title='bbox 1590 4178 1773 4250; x_wconf 89' lang='lat' dir='ltr'><strong>potui,</strong></span> 
     </span>
    </p>
   </div>
   <div class='ocr_carea' id='block_1_57' title="bbox 126 4268 1777 4345">
    <p class='ocr_par' dir='ltr' id='par_1_57' title="bbox 126 4268 1777 4345">
     <span class='ocr_line' id='line_1_57' title="bbox 126 4268 1777 4345; baseline -0.004 -17"><span class='ocrx_word' id='word_1_424' title='bbox 126 4276 414 4345; x_wconf 86' lang='lat' dir='ltr'><strong>expetere,</strong></span> <span class='ocrx_word' id='word_1_425' title='bbox 437 4274 514 4339; x_wconf 89' lang='lat' dir='ltr'><strong>et,</strong></span> <span class='ocrx_word' id='word_1_426' title='bbox 537 4271 862 4328; x_wconf 90' lang='lat' dir='ltr'><strong>secundum</strong></span> <span class='ocrx_word' id='word_1_427' title='bbox 884 4268 1242 4325; x_wconf 88' lang='lat' dir='ltr'><strong>desiderium</strong></span> <span class='ocrx_word' id='word_1_428' title='bbox 1275 4284 1493 4335; x_wconf 90' lang='lat' dir='ltr'><strong>meum,</strong></span> <span class='ocrx_word' id='word_1_429' title='bbox 1519 4284 1777 4339; x_wconf 81' lang='lat' dir='ltr'><strong>praesen-</strong></span> 
     </span>
    </p>
   </div>
   <div class='ocr_carea' id='block_1_58' title="bbox 1889 3029 3540 3119">
    <p class='ocr_par' dir='ltr' id='par_1_58' title="bbox 1889 3029 3540 3119">
     <span class='ocr_line' id='line_1_58' title="bbox 1889 3029 3540 3119; baseline 0.013 -34"><span class='ocrx_word' id='word_1_430' title='bbox 1889 3029 2078 3119; x_wconf 88' lang='lat' dir='ltr'><strong>tiosis.</strong></span> <span class='ocrx_word' id='word_1_431' title='bbox 2115 3032 2371 3090; x_wconf 91' lang='lat' dir='ltr'><strong>Locutus</strong></span> <span class='ocrx_word' id='word_1_432' title='bbox 2401 3052 2533 3092; x_wconf 89' lang='lat' dir='ltr'><strong>sum</strong></span> <span class='ocrx_word' id='word_1_433' title='bbox 2564 3037 2745 3110; x_wconf 89' lang='lat' dir='ltr'><strong>igitur</strong></span> <span class='ocrx_word' id='word_1_434' title='bbox 2773 3056 2906 3097; x_wconf 89' lang='lat' dir='ltr'><strong>cum</strong></span> <span class='ocrx_word' id='word_1_435' title='bbox 2947 3042 3075 3115; x_wconf 87' lang='lat' dir='ltr'><strong>ipso</strong></span> <span class='ocrx_word' id='word_1_436' title='bbox 3105 3029 3454 3119; x_wconf 75' lang='lat' dir='ltr'><strong>imperatore</strong></span> <span class='ocrx_word' id='word_1_437' title='bbox 3482 3053 3540 3105; x_wconf 88' lang='lat' dir='ltr'><strong>et</strong></span> 
     </span>
    </p>
   </div>
   <div class='ocr_carea' id='block_1_59' title="bbox 1889 3118 3541 3201">
    <p class='ocr_par' dir='ltr' id='par_1_59' title="bbox 1889 3118 3541 3201">
     <span class='ocr_line' id='line_1_59' title="bbox 1889 3118 3541 3201; baseline 0.013 -28"><span class='ocrx_word' id='word_1_438' title='bbox 1889 3118 2126 3175; x_wconf 92' lang='lat' dir='ltr'><strong>domino</strong></span> <span class='ocrx_word' id='word_1_439' title='bbox 2159 3138 2328 3194; x_wconf 88' lang='lat' dir='ltr'><strong>papa,</strong></span> <span class='ocrx_word' id='word_1_440' title='bbox 2349 3127 2406 3179; x_wconf 89' lang='lat' dir='ltr'><strong>et</strong></span> <span class='ocrx_word' id='word_1_441' title='bbox 2434 3124 2799 3199; x_wconf 90' lang='lat' dir='ltr'><strong>principibus</strong></span> <span class='ocrx_word' id='word_1_442' title='bbox 2821 3128 2919 3201; x_wconf 89' lang='lat' dir='ltr'><strong>qui</strong></span> <span class='ocrx_word' id='word_1_443' title='bbox 2943 3130 3025 3187; x_wconf 90' lang='lat' dir='ltr'><strong>ibi</strong></span> <span class='ocrx_word' id='word_1_444' title='bbox 3047 3118 3233 3200; x_wconf 89' lang='lat' dir='ltr'><strong>erant,</strong></span> <span class='ocrx_word' id='word_1_445' title='bbox 3254 3136 3323 3192; x_wconf 88' lang='lat' dir='ltr'><strong>de</strong></span> <span class='ocrx_word' id='word_1_446' title='bbox 3345 3153 3541 3194; x_wconf 86' lang='lat' dir='ltr'><strong>neces-</strong></span> 
     </span>
    </p>
   </div>
   <div class='ocr_carea' id='block_1_60' title="bbox 1891 3207 3539 3294">
    <p class='ocr_par' dir='ltr' id='par_1_60' title="bbox 1891 3207 3539 3294">
     <span class='ocr_line' id='line_1_60' title="bbox 1891 3207 3539 3294; baseline 0.012 -30"><span class='ocrx_word' id='word_1_447' title='bbox 1891 3207 2166 3265; x_wconf 88' lang='lat' dir='ltr'><strong>sitatibus</strong></span> <span class='ocrx_word' id='word_1_448' title='bbox 2202 3211 2382 3268; x_wconf 85' lang='lat' dir='ltr'><strong>totius</strong></span> <span class='ocrx_word' id='word_1_449' title='bbox 2410 3213 2607 3286; x_wconf 87' lang='lat' dir='ltr'><strong>populi</strong></span> <span class='ocrx_word' id='word_1_450' title='bbox 2645 3216 2780 3284; x_wconf 90' lang='lat' dir='ltr'><strong>mei,</strong></span> <span class='ocrx_word' id='word_1_451' title='bbox 2800 3221 2919 3273; x_wconf 89' lang='lat' dir='ltr'><strong>tam</strong></span> <span class='ocrx_word' id='word_1_452' title='bbox 2964 3221 3135 3294; x_wconf 89' lang='lat' dir='ltr'><strong>Angli</strong></span> <span class='ocrx_word' id='word_1_453' title='bbox 3168 3225 3539 3294; x_wconf 90' lang='lat' dir='ltr'><strong>quamani,se</strong></span> 
     </span>
    </p>
   </div>
   <div class='ocr_carea' id='block_1_61' title="bbox 1891 3298 3539 3380">
    <p class='ocr_par' dir='ltr' id='par_1_61' title="bbox 1891 3298 3539 3380">
     <span class='ocr_line' id='line_1_61' title="bbox 1891 3298 3539 3380; baseline 0.011 -28"><span class='ocrx_word' id='word_1_454' title='bbox 1891 3302 1957 3353; x_wconf 89' lang='lat' dir='ltr'><strong>ut</strong></span> <span class='ocrx_word' id='word_1_455' title='bbox 1984 3298 2068 3354; x_wconf 89' lang='lat' dir='ltr'><strong>eis</strong></span> <span class='ocrx_word' id='word_1_456' title='bbox 2089 3301 2503 3357; x_wconf 87' lang='lat' dir='ltr'><strong>concederetur</strong></span> <span class='ocrx_word' id='word_1_457' title='bbox 2531 3302 2623 3359; x_wconf 84' lang='lat' dir='ltr'><strong>lex</strong></span> <span class='ocrx_word' id='word_1_458' title='bbox 2643 3306 2865 3377; x_wconf 60' lang='lat' dir='ltr'><strong>aequior</strong></span> <span class='ocrx_word' id='word_1_459' title='bbox 2884 3310 2940 3362; x_wconf 89' lang='lat' dir='ltr'><strong>et</strong></span> <span class='ocrx_word' id='word_1_460' title='bbox 2960 3325 3071 3380; x_wconf 85' lang='lat' dir='ltr'><strong>pax</strong></span> <span class='ocrx_word' id='word_1_461' title='bbox 3089 3312 3350 3368; x_wconf 88' lang='lat' dir='ltr'><strong>securior</strong></span> <span class='ocrx_word' id='word_1_462' title='bbox 3369 3313 3428 3369; x_wconf 91' lang='lat' dir='ltr'><strong>in</strong></span> <span class='ocrx_word' id='word_1_463' title='bbox 3446 3315 3539 3371; x_wconf 88' lang='lat' dir='ltr'><strong>via</strong></span> 
     </span>
    </p>
   </div>
   <div class='ocr_carea' id='block_1_62' title="bbox 1892 3385 3539 3472">
    <p class='ocr_par' dir='ltr' id='par_1_62' title="bbox 1892 3385 3539 3472">
     <span class='ocr_line' id='line_1_62' title="bbox 1892 3385 3539 3472; baseline 0.012 -32"><span class='ocrx_word' id='word_1_464' title='bbox 1892 3385 2136 3442; x_wconf 82' lang='lat' dir='ltr'><strong>Romam</strong></span> <span class='ocrx_word' id='word_1_465' title='bbox 2169 3389 2443 3456; x_wconf 86' lang='lat' dir='ltr'><strong>adeundi,</strong></span> <span class='ocrx_word' id='word_1_466' title='bbox 2463 3395 2519 3447; x_wconf 91' lang='lat' dir='ltr'><strong>et</strong></span> <span class='ocrx_word' id='word_1_467' title='bbox 2548 3409 2620 3448; x_wconf 91' lang='lat' dir='ltr'><strong>ne</strong></span> <span class='ocrx_word' id='word_1_468' title='bbox 2647 3397 2728 3449; x_wconf 87' lang='lat' dir='ltr'><strong>tot</strong></span> <span class='ocrx_word' id='word_1_469' title='bbox 2761 3393 3049 3454; x_wconf 87' lang='lat' dir='ltr'><strong>clausuris</strong></span> <span class='ocrx_word' id='word_1_470' title='bbox 3075 3416 3178 3472; x_wconf 89' lang='lat' dir='ltr'><strong>per</strong></span> <span class='ocrx_word' id='word_1_471' title='bbox 3204 3400 3358 3457; x_wconf 88' lang='lat' dir='ltr'><strong>viam</strong></span> <span class='ocrx_word' id='word_1_472' title='bbox 3386 3420 3539 3460; x_wconf 89' lang='lat' dir='ltr'><strong>arce-</strong></span> 
     </span>
    </p>
   </div>
   <div class='ocr_carea' id='block_1_63' title="bbox 1890 3478 3532 3561">
    <p class='ocr_par' dir='ltr' id='par_1_63' title="bbox 1890 3478 3532 3561">
     <span class='ocr_line' id='line_1_63' title="bbox 1890 3478 3532 3561; baseline 0.012 -32"><span class='ocrx_word' id='word_1_473' title='bbox 1890 3478 2107 3544; x_wconf 90' lang='lat' dir='ltr'><strong>rentur,</strong></span> <span class='ocrx_word' id='word_1_474' title='bbox 2141 3480 2199 3531; x_wconf 89' lang='lat' dir='ltr'><strong>et</strong></span> <span class='ocrx_word' id='word_1_475' title='bbox 2227 3482 2463 3550; x_wconf 88' lang='lat' dir='ltr'><strong>prepter</strong></span> <span class='ocrx_word' id='word_1_476' title='bbox 2489 3479 2779 3551; x_wconf 83' lang='lat' dir='ltr'><strong>injustam</strong></span> <span class='ocrx_word' id='word_1_477' title='bbox 2811 3484 3092 3543; x_wconf 89' lang='lat' dir='ltr'><strong>telonium</strong></span> <span class='ocrx_word' id='word_1_478' title='bbox 3131 3488 3532 3561; x_wconf 81' lang='lat' dir='ltr'><strong>fatigarentur.</strong></span> 
     </span>
    </p>
   </div>
   <div class='ocr_carea' id='block_1_64' title="bbox 1888 3564 3533 3651">
    <p class='ocr_par' dir='ltr' id='par_1_64' title="bbox 1888 3564 3533 3651">
     <span class='ocr_line' id='line_1_64' title="bbox 1888 3564 3533 3651; baseline 0.012 -34"><span class='ocrx_word' id='word_1_479' title='bbox 1888 3564 2225 3637; x_wconf 85' lang='lat' dir='ltr'><strong>Annuitque</strong></span> <span class='ocrx_word' id='word_1_480' title='bbox 2248 3568 2559 3640; x_wconf 89' lang='lat' dir='ltr'><strong>postulatis</strong></span> <span class='ocrx_word' id='word_1_481' title='bbox 2587 3569 2922 3645; x_wconf 88' lang='lat' dir='ltr'><strong>imperator,</strong></span> <span class='ocrx_word' id='word_1_482' title='bbox 2955 3580 3012 3631; x_wconf 88' lang='lat' dir='ltr'><strong>et</strong></span> <span class='ocrx_word' id='word_1_483' title='bbox 3042 3576 3385 3651; x_wconf 87' lang='lat' dir='ltr'><strong>Rodulphus</strong></span> <span class='ocrx_word' id='word_1_484' title='bbox 3415 3597 3533 3650; x_wconf 84' lang='lat' dir='ltr'><strong>rex,</strong></span> 
     </span>
    </p>
   </div>
   <div class='ocr_carea' id='block_1_65' title="bbox 1889 3654 3537 3739">
    <p class='ocr_par' dir='ltr' id='par_1_65' title="bbox 1889 3654 3537 3739">
     <span class='ocr_line' id='line_1_65' title="bbox 1889 3654 3537 3739; baseline 0.008 -32"><span class='ocrx_word' id='word_1_485' title='bbox 1889 3654 1988 3725; x_wconf 90' lang='lat' dir='ltr'><strong>qui</strong></span> <span class='ocrx_word' id='word_1_486' title='bbox 2022 3655 2271 3712; x_wconf 78' lang='lat' dir='ltr'><strong>maxime</strong></span> <span class='ocrx_word' id='word_1_487' title='bbox 2301 3655 2563 3729; x_wconf 89' lang='lat' dir='ltr'><strong>ipsarum</strong></span> <span class='ocrx_word' id='word_1_488' title='bbox 2594 3661 3000 3719; x_wconf 88' lang='lat' dir='ltr'><strong>clausurarum</strong></span> <span class='ocrx_word' id='word_1_489' title='bbox 3027 3665 3376 3739; x_wconf 86' lang='lat' dir='ltr'><strong>dominator,</strong></span> <span class='ocrx_word' id='word_1_490' title='bbox 3401 3686 3537 3726; x_wconf 55' lang='lat' dir='ltr'><strong>cun.-</strong></span> 
     </span>
    </p>
   </div>
   <div class='ocr_carea' id='block_1_66' title="bbox 1887 3743 3532 3829">
    <p class='ocr_par' dir='ltr' id='par_1_66' title="bbox 1887 3743 3532 3829">
     <span class='ocr_line' id='line_1_66' title="bbox 1887 3743 3532 3829; baseline 0.01 -30"><span class='ocrx_word' id='word_1_491' title='bbox 1887 3743 2079 3815; x_wconf 91' lang='lat' dir='ltr'><strong>ctique</strong></span> <span class='ocrx_word' id='word_1_492' title='bbox 2111 3746 2405 3819; x_wconf 90' lang='lat' dir='ltr'><strong>principes</strong></span> <span class='ocrx_word' id='word_1_493' title='bbox 2426 3747 2632 3805; x_wconf 88' lang='lat' dir='ltr'><strong>edictis</strong></span> <span class='ocrx_word' id='word_1_494' title='bbox 2654 3749 2984 3822; x_wconf 83' lang='lat' dir='ltr'><strong>ﬁrmarunt,</strong></span> <span class='ocrx_word' id='word_1_495' title='bbox 3008 3759 3073 3811; x_wconf 90' lang='lat' dir='ltr'><strong>ut</strong></span> <span class='ocrx_word' id='word_1_496' title='bbox 3103 3755 3370 3813; x_wconf 89' lang='lat' dir='ltr'><strong>homines</strong></span> <span class='ocrx_word' id='word_1_497' title='bbox 3397 3759 3532 3829; x_wconf 86' lang='lat' dir='ltr'><strong>mei,</strong></span> 
     </span>
    </p>
   </div>
   <div class='ocr_carea' id='block_1_67' title="bbox 1886 3834 3532 3917">
    <p class='ocr_par' dir='ltr' id='par_1_67' title="bbox 1886 3834 3532 3917">
     <span class='ocr_line' id='line_1_67' title="bbox 1886 3834 3532 3917; baseline 0.013 -31"><span class='ocrx_word' id='word_1_498' title='bbox 1886 3834 2006 3887; x_wconf 90' lang='lat' dir='ltr'><strong>tam</strong></span> <span class='ocrx_word' id='word_1_499' title='bbox 2038 3845 2388 3891; x_wconf 78' lang='lat' dir='ltr'><strong>mercatores</strong></span> <span class='ocrx_word' id='word_1_500' title='bbox 2418 3852 2597 3908; x_wconf 92' lang='lat' dir='ltr'><strong>quam</strong></span> <span class='ocrx_word' id='word_1_501' title='bbox 2648 3838 2745 3895; x_wconf 89' lang='lat' dir='ltr'><strong>alii</strong></span> <span class='ocrx_word' id='word_1_502' title='bbox 2793 3842 2997 3899; x_wconf 89' lang='lat' dir='ltr'><strong>orandi</strong></span> <span class='ocrx_word' id='word_1_503' title='bbox 3047 3845 3234 3917; x_wconf 86' lang='lat' dir='ltr'><strong>gratia</strong></span> <span class='ocrx_word' id='word_1_504' title='bbox 3261 3846 3532 3916; x_wconf 86' lang='lat' dir='ltr'><strong>viatores,</strong></span> 
     </span>
    </p>
   </div>
   <div class='ocr_carea' id='block_1_68' title="bbox 1888 3921 3533 4006">
    <p class='ocr_par' dir='ltr' id='par_1_68' title="bbox 1888 3921 3533 4006">
     <span class='ocr_line' id='line_1_68' title="bbox 1888 3921 3533 4006; baseline 0.01 -29"><span class='ocrx_word' id='word_1_505' title='bbox 1888 3921 2108 3994; x_wconf 86' lang='lat' dir='ltr'><strong>absque</strong></span> <span class='ocrx_word' id='word_1_506' title='bbox 2125 3924 2282 3979; x_wconf 89' lang='lat' dir='ltr'><strong>omni</strong></span> <span class='ocrx_word' id='word_1_507' title='bbox 2303 3926 2542 3998; x_wconf 89' lang='lat' dir='ltr'><strong>angaria</strong></span> <span class='ocrx_word' id='word_1_508' title='bbox 2558 3926 2967 3987; x_wconf 89' lang='lat' dir='ltr'><strong>clausurarum</strong></span> <span class='ocrx_word' id='word_1_509' title='bbox 2985 3936 3043 3988; x_wconf 93' lang='lat' dir='ltr'><strong>et</strong></span> <span class='ocrx_word' id='word_1_510' title='bbox 3060 3933 3508 3993; x_wconf 84' lang='lat' dir='ltr'><strong>teloneariorum</strong></span> <span class='ocrx_word' id='word_1_511' title='bbox 3520 3981 3533 4006; x_wconf 92' lang='lat'><strong>,</strong></span> 
     </span>
    </p>
   </div>
   <div class='ocr_carea' id='block_1_69' title="bbox 1886 4011 3046 4084">
    <p class='ocr_par' dir='ltr' id='par_1_69' title="bbox 1886 4011 3046 4084">
     <span class='ocr_line' id='line_1_69' title="bbox 1886 4011 3046 4084; baseline 0.012 -20"><span class='ocrx_word' id='word_1_512' title='bbox 1886 4011 2059 4066; x_wconf 81' lang='lat' dir='ltr'><strong>firma</strong></span> <span class='ocrx_word' id='word_1_513' title='bbox 2088 4029 2229 4084; x_wconf 88' lang='lat' dir='ltr'><strong>pace</strong></span> <span class='ocrx_word' id='word_1_514' title='bbox 2261 4014 2507 4071; x_wconf 88' lang='lat' dir='ltr'><strong>Romam</strong></span> <span class='ocrx_word' id='word_1_515' title='bbox 2538 4021 2674 4072; x_wconf 86' lang='lat' dir='ltr'><strong>eant</strong></span> <span class='ocrx_word' id='word_1_516' title='bbox 2702 4022 2758 4073; x_wconf 86' lang='lat' dir='ltr'><strong>et</strong></span> <span class='ocrx_word' id='word_1_517' title='bbox 2787 4020 3046 4078; x_wconf 88' lang='lat' dir='ltr'><strong>redeant.</strong></span> 
     </span>
    </p>
   </div>
   <div class='ocr_carea' id='block_1_70' title="bbox 1957 4100 3537 4189">
    <p class='ocr_par' dir='ltr' id='par_1_70' title="bbox 1957 4100 3537 4189">
     <span class='ocr_line' id='line_1_70' title="bbox 1957 4100 3537 4189; baseline 0.011 -33"><span class='ocrx_word' id='word_1_518' title='bbox 1957 4100 2327 4174; x_wconf 87' lang='lat' dir='ltr'><strong>Conquestus</strong></span> <span class='ocrx_word' id='word_1_519' title='bbox 2360 4122 2490 4161; x_wconf 91' lang='lat' dir='ltr'><strong>sum</strong></span> <span class='ocrx_word' id='word_1_520' title='bbox 2524 4107 2735 4164; x_wconf 87' lang='lat' dir='ltr'><strong>iterum</strong></span> <span class='ocrx_word' id='word_1_521' title='bbox 2781 4125 2978 4167; x_wconf 87' lang='lat' dir='ltr'><strong>coram</strong></span> <span class='ocrx_word' id='word_1_522' title='bbox 3010 4113 3247 4169; x_wconf 89' lang='lat' dir='ltr'><strong>domino</strong></span> <span class='ocrx_word' id='word_1_523' title='bbox 3276 4132 3446 4189; x_wconf 89' lang='lat' dir='ltr'><strong>papa,</strong></span> <span class='ocrx_word' id='word_1_524' title='bbox 3479 4122 3537 4173; x_wconf 89' lang='lat' dir='ltr'><strong>et</strong></span> 
     </span>
    </p>
   </div>
   <div class='ocr_carea' id='block_1_71' title="bbox 1888 4189 3534 4277">
    <p class='ocr_par' dir='ltr' id='par_1_71' title="bbox 1888 4189 3534 4277">
     <span class='ocr_line' id='line_1_71' title="bbox 1888 4189 3534 4277; baseline 0.011 -33"><span class='ocrx_word' id='word_1_525' title='bbox 1888 4189 2031 4245; x_wconf 89' lang='lat' dir='ltr'><strong>mihi</strong></span> <span class='ocrx_word' id='word_1_526' title='bbox 2058 4191 2226 4248; x_wconf 87' lang='lat' dir='ltr'><strong>valde</strong></span> <span class='ocrx_word' id='word_1_527' title='bbox 2251 4194 2560 4267; x_wconf 88' lang='lat' dir='ltr'><strong>displicere</strong></span> <span class='ocrx_word' id='word_1_528' title='bbox 2581 4197 2701 4253; x_wconf 83' lang='lat' dir='ltr'><strong>dixi</strong></span> <span class='ocrx_word' id='word_1_529' title='bbox 2723 4200 2879 4270; x_wconf 92' lang='lat' dir='ltr'><strong>quod</strong></span> <span class='ocrx_word' id='word_1_530' title='bbox 2903 4201 3013 4256; x_wconf 89' lang='lat' dir='ltr'><strong>mei</strong></span> <span class='ocrx_word' id='word_1_531' title='bbox 3039 4201 3534 4277; x_wconf 76' lang='lat' dir='ltr'><strong>archiepiscopiin</strong></span> 
     </span>
    </p>
   </div>
   <div class='ocr_carea' id='block_1_72' title="bbox 1885 4283 3536 4367">
    <p class='ocr_par' dir='ltr' id='par_1_72' title="bbox 1885 4283 3536 4367">
     <span class='ocr_line' id='line_1_72' title="bbox 1885 4283 3536 4367; baseline 0.009 -31"><span class='ocrx_word' id='word_1_532' title='bbox 1885 4283 2051 4336; x_wconf 89' lang='lat' dir='ltr'><strong>tantu</strong></span> <span class='ocrx_word' id='word_1_533' title='bbox 2062 4298 2117 4335; x_wconf 90' lang='lat' dir='ltr'><strong>m</strong></span> <span class='ocrx_word' id='word_1_534' title='bbox 2132 4298 2202 4336; x_wconf 89' lang='lat' dir='ltr'><strong>an</strong></span> <span class='ocrx_word' id='word_1_535' title='bbox 2209 4283 2592 4355; x_wconf 88' lang='lat' dir='ltr'><strong>gariabantur</strong></span> <span class='ocrx_word' id='word_1_536' title='bbox 2606 4287 3000 4346; x_wconf 88' lang='lat' dir='ltr'><strong>immensitate</strong></span> <span class='ocrx_word' id='word_1_537' title='bbox 3017 4291 3393 4362; x_wconf 88' lang='lat' dir='ltr'><strong>pecuniarum</strong></span> <span class='ocrx_word' id='word_1_538' title='bbox 3407 4311 3536 4367; x_wconf 69' lang='lat' dir='ltr'><strong>qua:</strong></span> 
     </span>
    </p>
   </div>
   <div class='ocr_carea' id='block_1_73' title="bbox 124 4357 3545 4457">
    <p class='ocr_par' dir='ltr' id='par_1_73' title="bbox 124 4357 3545 4457">
     <span class='ocr_line' id='line_1_73' title="bbox 124 4357 3545 4457; baseline 0.004 -30"><span class='ocrx_word' id='word_1_539' title='bbox 124 4361 347 4457; x_wconf 53' lang='lat' dir='ltr'><strong>iialitel:</strong></span> <span class='ocrx_word' id='word_1_540' title='bbox 390 4360 652 4457; x_wconf 59' lang='grc' dir='ltr'><strong>νθιξθτθινί</strong></span> <span class='ocrx_word' id='word_1_541' title='bbox 682 4364 752 4457; x_wconf 44' lang='grc' dir='ltr'><strong>ετο-</strong></span> <span class='ocrx_word' id='word_1_542' title='bbox 787 4357 1300 4457; x_wconf 44' lang='grc' dir='ltr'><strong>αᾷρτειτθοβξίξῖθο</strong></span> <span class='ocrx_word' id='word_1_543' title='bbox 1360 4358 1469 4457; x_wconf 58' lang='grc' dir='ltr'><strong>Ῐξοθ</strong></span> <span class='ocrx_word' id='word_1_544' title='bbox 1524 4357 1777 4457; x_wconf 51' lang='grc' dir='ltr'><strong>ῐξθιξίωθ</strong></span> <span class='ocrx_word' id='word_1_545' title='bbox 1805 4362 1854 4427; x_wconf 90' lang='lat' dir='ltr'><strong>D</strong></span> <span class='ocrx_word' id='word_1_546' title='bbox 1886 4369 1957 4425; x_wconf 93' lang='lat' dir='ltr'><strong>ab</strong></span> <span class='ocrx_word' id='word_1_547' title='bbox 2001 4370 2086 4425; x_wconf 89' lang='lat' dir='ltr'><strong>eis</strong></span> <span class='ocrx_word' id='word_1_548' title='bbox 2141 4374 2579 4457; x_wconf 79' lang='lat' dir='ltr'><strong>expetebantur,</strong></span> <span class='ocrx_word' id='word_1_549' title='bbox 2610 4376 2751 4431; x_wconf 89' lang='lat' dir='ltr'><strong>dum</strong></span> <span class='ocrx_word' id='word_1_550' title='bbox 2805 4394 2908 4450; x_wconf 91' lang='lat' dir='ltr'><strong>pro</strong></span> <span class='ocrx_word' id='word_1_551' title='bbox 2966 4357 3142 4451; x_wconf 75' lang='lat' dir='ltr'><strong>pallio</strong></span> <span class='ocrx_word' id='word_1_552' title='bbox 3200 4357 3536 4457; x_wconf 75' lang='lat' dir='ltr'><strong>accipiendo</strong></span> 
     </span>
    </p>
   </div>
   <div class='ocr_carea' id='block_1_74' title="bbox 126 4446 1776 4524">
    <p class='ocr_par' dir='ltr' id='par_1_74' title="bbox 126 4446 1776 4524">
     <span class='ocr_line' id='line_1_74' title="bbox 126 4446 1776 4524; baseline -0.004 -17"><span class='ocrx_word' id='word_1_553' title='bbox 126 4450 373 4524; x_wconf 89' lang='lat' dir='ltr'><strong>patravi,</strong></span> <span class='ocrx_word' id='word_1_554' title='bbox 397 4449 537 4523; x_wconf 89' lang='lat' dir='ltr'><strong>quia</strong></span> <span class='ocrx_word' id='word_1_555' title='bbox 565 4467 600 4506; x_wconf 91' lang='lat' dir='ltr'><strong>a</strong></span> <span class='ocrx_word' id='word_1_556' title='bbox 628 4448 994 4523; x_wconf 87' lang='lat' dir='ltr'><strong>sapientibus</strong></span> <span class='ocrx_word' id='word_1_557' title='bbox 1033 4446 1211 4504; x_wconf 90' lang='lat' dir='ltr'><strong>didici</strong></span> <span class='ocrx_word' id='word_1_558' title='bbox 1242 4450 1509 4502; x_wconf 91' lang='lat' dir='ltr'><strong>sanctum</strong></span> <span class='ocrx_word' id='word_1_559' title='bbox 1541 4447 1776 4502; x_wconf 90' lang='lat' dir='ltr'><strong>Petrum</strong></span> 
     </span>
    </p>
   </div>
   <div class='ocr_carea' id='block_1_75' title="bbox 125 4527 1774 4613">
    <p class='ocr_par' dir='ltr' id='par_1_75' title="bbox 125 4527 1774 4613">
     <span class='ocr_line' id='line_1_75' title="bbox 125 4527 1774 4613; baseline -0.004 -17"><span class='ocrx_word' id='word_1_560' title='bbox 125 4539 459 4613; x_wconf 87' lang='lat' dir='ltr'><strong>apostolum</strong></span> <span class='ocrx_word' id='word_1_561' title='bbox 486 4554 761 4612; x_wconf 84' lang='lat' dir='ltr'><strong>magnam</strong></span> <span class='ocrx_word' id='word_1_562' title='bbox 793 4541 1137 4612; x_wconf 88' lang='lat' dir='ltr'><strong>potestatem</strong></span> <span class='ocrx_word' id='word_1_563' title='bbox 1161 4527 1455 4610; x_wconf 84' lang='lat' dir='ltr'><strong>accepisse</strong></span> <span class='ocrx_word' id='word_1_564' title='bbox 1476 4553 1510 4593; x_wconf 90' lang='lat' dir='ltr'><strong>a</strong></span> <span class='ocrx_word' id='word_1_565' title='bbox 1529 4535 1774 4591; x_wconf 89' lang='lat' dir='ltr'><strong>Domino</strong></span> 
     </span>
    </p>
   </div>
   <div class='ocr_carea' id='block_1_76' title="bbox 124 4624 1775 4702">
    <p class='ocr_par' dir='ltr' id='par_1_76' title="bbox 124 4624 1775 4702">
     <span class='ocr_line' id='line_1_76' title="bbox 124 4624 1775 4702; baseline -0.003 -19"><span class='ocrx_word' id='word_1_566' title='bbox 124 4627 349 4702; x_wconf 86' lang='lat' dir='ltr'><strong>ligandi</strong></span> <span class='ocrx_word' id='word_1_567' title='bbox 380 4632 555 4701; x_wconf 89' lang='lat' dir='ltr'><strong>atque</strong></span> <span class='ocrx_word' id='word_1_568' title='bbox 596 4627 879 4698; x_wconf 90' lang='lat' dir='ltr'><strong>solvendi,</strong></span> <span class='ocrx_word' id='word_1_569' title='bbox 912 4626 1265 4699; x_wconf 89' lang='lat' dir='ltr'><strong>clavigerum</strong></span> <span class='ocrx_word' id='word_1_570' title='bbox 1299 4642 1427 4682; x_wconf 87' lang='lat' dir='ltr'><strong>esse</strong></span> <span class='ocrx_word' id='word_1_571' title='bbox 1474 4624 1635 4697; x_wconf 90' lang='lat' dir='ltr'><strong>regni</strong></span> <span class='ocrx_word' id='word_1_572' title='bbox 1668 4642 1775 4680; x_wconf 80' lang='lat' dir='ltr'><strong>cce-</strong></span> 
     </span>
    </p>
   </div>
   <div class='ocr_carea' id='block_1_77' title="bbox 122 4714 1770 4790">
    <p class='ocr_par' dir='ltr' id='par_1_77' title="bbox 122 4714 1770 4790">
     <span class='ocr_line' id='line_1_77' title="bbox 122 4714 1770 4790; baseline -0.001 -19"><span class='ocrx_word' id='word_1_573' title='bbox 122 4715 311 4787; x_wconf 87' lang='lat' dir='ltr'><strong>lestis,</strong></span> <span class='ocrx_word' id='word_1_574' title='bbox 342 4719 401 4773; x_wconf 89' lang='lat' dir='ltr'><strong>et</strong></span> <span class='ocrx_word' id='word_1_575' title='bbox 437 4716 568 4773; x_wconf 89' lang='lat' dir='ltr'><strong>ideo</strong></span> <span class='ocrx_word' id='word_1_576' title='bbox 618 4715 944 4790; x_wconf 88' lang='lat' dir='ltr'><strong>specialiter</strong></span> <span class='ocrx_word' id='word_1_577' title='bbox 994 4716 1123 4787; x_wconf 87' lang='lat' dir='ltr'><strong>ejus</strong></span> <span class='ocrx_word' id='word_1_578' title='bbox 1176 4714 1567 4788; x_wconf 88' lang='lat' dir='ltr'><strong>patrocinium</strong></span> <span class='ocrx_word' id='word_1_579' title='bbox 1618 4715 1770 4786; x_wconf 89' lang='lat' dir='ltr'><strong>apud</strong></span> 
     </span>
    </p>
   </div>
   <div class='ocr_carea' id='block_1_78' title="bbox 120 4805 1164 4880">
    <p class='ocr_par' dir='ltr' id='par_1_78' title="bbox 120 4805 1164 4880">
     <span class='ocr_line' id='line_1_78' title="bbox 120 4805 1164 4880; baseline -0.003 -17"><span class='ocrx_word' id='word_1_580' title='bbox 120 4806 309 4865; x_wconf 88' lang='lat' dir='ltr'><strong>Deum</strong></span> <span class='ocrx_word' id='word_1_581' title='bbox 340 4810 606 4880; x_wconf 82' lang='lat' dir='ltr'><strong>expetere</strong></span> <span class='ocrx_word' id='word_1_582' title='bbox 633 4805 803 4863; x_wconf 88' lang='lat' dir='ltr'><strong>valde</strong></span> <span class='ocrx_word' id='word_1_583' title='bbox 836 4805 978 4862; x_wconf 90' lang='lat' dir='ltr'><strong>utile</strong></span> <span class='ocrx_word' id='word_1_584' title='bbox 1008 4806 1164 4862; x_wconf 82' lang='lat' dir='ltr'><strong>duxi.</strong></span> 
     </span>
    </p>
   </div>
   <div class='ocr_carea' id='block_1_79' title="bbox 1887 4459 3534 4544">
    <p class='ocr_par' dir='ltr' id='par_1_79' title="bbox 1887 4459 3534 4544">
     <span class='ocr_line' id='line_1_79' title="bbox 1887 4459 3534 4544; baseline 0.011 -33"><span class='ocrx_word' id='word_1_585' title='bbox 1887 4459 2212 4514; x_wconf 89' lang='lat' dir='ltr'><strong>secundum</strong></span> <span class='ocrx_word' id='word_1_586' title='bbox 2244 4477 2468 4517; x_wconf 87' lang='lat' dir='ltr'><strong>morem</strong></span> <span class='ocrx_word' id='word_1_587' title='bbox 2513 4465 2899 4535; x_wconf 85' lang='lat' dir='ltr'><strong>apostolicam</strong></span> <span class='ocrx_word' id='word_1_588' title='bbox 2929 4469 3128 4525; x_wconf 90' lang='lat' dir='ltr'><strong>sedem</strong></span> <span class='ocrx_word' id='word_1_589' title='bbox 3168 4477 3534 4544; x_wconf 83' lang='lat' dir='ltr'><strong>expeterent;</strong></span> 
     </span>
    </p>
   </div>
   <div class='ocr_carea' id='block_1_80' title="bbox 1884 4546 3533 4628">
    <p class='ocr_par' dir='ltr' id='par_1_80' title="bbox 1884 4546 3533 4628">
     <span class='ocr_line' id='line_1_80' title="bbox 1884 4546 3533 4628; baseline 0.01 -28"><span class='ocrx_word' id='word_1_590' title='bbox 1884 4546 2304 4619; x_wconf 88' lang='lat' dir='ltr'><strong>decretumque</strong></span> <span class='ocrx_word' id='word_1_591' title='bbox 2333 4553 2424 4605; x_wconf 90' lang='lat' dir='ltr'><strong>est</strong></span> <span class='ocrx_word' id='word_1_592' title='bbox 2466 4568 2538 4608; x_wconf 90' lang='lat' dir='ltr'><strong>ne</strong></span> <span class='ocrx_word' id='word_1_593' title='bbox 2567 4551 2625 4607; x_wconf 89' lang='lat' dir='ltr'><strong>id</strong></span> <span class='ocrx_word' id='word_1_594' title='bbox 2658 4554 2931 4628; x_wconf 83' lang='lat' dir='ltr'><strong>deinceps</strong></span> <span class='ocrx_word' id='word_1_595' title='bbox 2975 4557 3096 4613; x_wconf 85' lang='lat' dir='ltr'><strong>ﬁat.</strong></span> <span class='ocrx_word' id='word_1_596' title='bbox 3128 4558 3349 4614; x_wconf 89' lang='lat' dir='ltr'><strong>Cuncta</strong></span> <span class='ocrx_word' id='word_1_597' title='bbox 3378 4562 3533 4617; x_wconf 87' lang='lat' dir='ltr'><strong>enim</strong></span> 
     </span>
    </p>
   </div>
   <div class='ocr_carea' id='block_1_81' title="bbox 1886 4636 3579 4722">
    <p class='ocr_par' dir='ltr' id='par_1_81' title="bbox 1886 4636 3579 4722">
     <span class='ocr_line' id='line_1_81' title="bbox 1886 4636 3579 4722; baseline 0.011 -34"><span class='ocrx_word' id='word_1_598' title='bbox 1886 4652 2012 4707; x_wconf 66' lang='lat' dir='ltr'><strong>qua</strong></span> <span class='ocrx_word' id='word_1_599' title='bbox 2043 4652 2078 4692; x_wconf 88' lang='lat' dir='ltr'><strong>a</strong></span> <span class='ocrx_word' id='word_1_600' title='bbox 2105 4636 2342 4692; x_wconf 91' lang='lat' dir='ltr'><strong>domino</strong></span> <span class='ocrx_word' id='word_1_601' title='bbox 2390 4656 2563 4712; x_wconf 88' lang='lat' dir='ltr'><strong>papa,</strong></span> <span class='ocrx_word' id='word_1_602' title='bbox 2597 4644 2654 4697; x_wconf 92' lang='lat' dir='ltr'><strong>et</strong></span> <span class='ocrx_word' id='word_1_603' title='bbox 2709 4643 2780 4698; x_wconf 89' lang='lat' dir='ltr'><strong>ab</strong></span> <span class='ocrx_word' id='word_1_604' title='bbox 2840 4643 3211 4717; x_wconf 89' lang='lat' dir='ltr'><strong>imperatore,</strong></span> <span class='ocrx_word' id='word_1_605' title='bbox 3246 4652 3303 4703; x_wconf 91' lang='lat' dir='ltr'><strong>et</strong></span> <span class='ocrx_word' id='word_1_606' title='bbox 3339 4666 3374 4703; x_wconf 88' lang='lat' dir='ltr'><strong>a</strong></span> <span class='ocrx_word' id='word_1_607' title='bbox 3404 4665 3537 4722; x_wconf 87' lang='lat' dir='ltr'><strong>rege</strong></span> <span class='ocrx_word' id='word_1_608' title='bbox 3574 4716 3579 4721; x_wconf 31' lang='grc' dir='ltr'><em>η</em></span> 
     </span>
    </p>
   </div>
   <div class='ocr_carea' id='block_1_82' title="bbox 1884 4724 3608 4810">
    <p class='ocr_par' dir='ltr' id='par_1_82' title="bbox 1884 4724 3608 4810">
     <span class='ocr_line' id='line_1_82' title="bbox 1884 4724 3608 4810; baseline 0.01 -32"><span class='ocrx_word' id='word_1_609' title='bbox 1884 4725 2003 4780; x_wconf 88' lang='lat' dir='ltr'><strong>Rod</strong></span> <span class='ocrx_word' id='word_1_610' title='bbox 2014 4724 2069 4780; x_wconf 88' lang='lat' dir='ltr'><strong>ul</strong></span> <span class='ocrx_word' id='word_1_611' title='bbox 2078 4724 2192 4798; x_wconf 91' lang='lat' dir='ltr'><strong>pho</strong></span> <span class='ocrx_word' id='word_1_612' title='bbox 2211 4727 2549 4800; x_wconf 76' lang='lat' dir='ltr'><strong>caeterisque</strong></span> <span class='ocrx_word' id='word_1_613' title='bbox 2564 4730 2950 4804; x_wconf 89' lang='lat' dir='ltr'><strong>principibus,</strong></span> <span class='ocrx_word' id='word_1_614' title='bbox 2968 4750 3070 4805; x_wconf 87' lang='lat' dir='ltr'><strong>per</strong></span> <span class='ocrx_word' id='word_1_615' title='bbox 3082 4751 3331 4810; x_wconf 86' lang='lat' dir='ltr'><strong>quorum</strong></span> <span class='ocrx_word' id='word_1_616' title='bbox 3350 4740 3536 4794; x_wconf 87' lang='lat' dir='ltr'><strong>terras</strong></span> <span class='ocrx_word' id='word_1_617' title='bbox 3604 4793 3608 4799; x_wconf 88' lang='grc'><em>,</em></span> 
     </span>
    </p>
   </div>
   <div class='ocr_carea' id='block_1_83' title="bbox 1884 4814 3537 4897">
    <p class='ocr_par' dir='ltr' id='par_1_83' title="bbox 1884 4814 3537 4897">
     <span class='ocr_line' id='line_1_83' title="bbox 1884 4814 3537 4897; baseline 0.008 -28"><span class='ocrx_word' id='word_1_618' title='bbox 1884 4814 2053 4870; x_wconf 90' lang='lat' dir='ltr'><strong>nobis</strong></span> <span class='ocrx_word' id='word_1_619' title='bbox 2085 4814 2374 4870; x_wconf 88' lang='lat' dir='ltr'><strong>transitus</strong></span> <span class='ocrx_word' id='word_1_620' title='bbox 2400 4820 2491 4873; x_wconf 90' lang='lat' dir='ltr'><strong>est</strong></span> <span class='ocrx_word' id='word_1_621' title='bbox 2514 4818 2586 4873; x_wconf 90' lang='lat' dir='ltr'><strong>ad</strong></span> <span class='ocrx_word' id='word_1_622' title='bbox 2614 4819 2881 4889; x_wconf 88' lang='lat' dir='ltr'><strong>Romam,</strong></span> <span class='ocrx_word' id='word_1_623' title='bbox 2907 4838 3010 4893; x_wconf 92' lang='lat' dir='ltr'><strong>pro</strong></span> <span class='ocrx_word' id='word_1_624' title='bbox 3037 4839 3178 4879; x_wconf 62' lang='lat' dir='ltr'><strong>mea:</strong></span> <span class='ocrx_word' id='word_1_625' title='bbox 3203 4824 3395 4897; x_wconf 89' lang='lat' dir='ltr'><strong>gentis</strong></span> <span class='ocrx_word' id='word_1_626' title='bbox 3427 4825 3537 4882; x_wconf 88' lang='lat' dir='ltr'><strong>uti-</strong></span> 
     </span>
    </p>
   </div>
   <div class='ocr_carea' id='block_1_84' title="bbox 192 4894 3539 4980">
    <p class='ocr_par' dir='ltr' id='par_1_84' title="bbox 192 4894 3539 4980">
     <span class='ocr_line' id='line_1_84' title="bbox 192 4894 3539 4980; baseline 0.008 -32"><span class='ocrx_word' id='word_1_627' title='bbox 192 4896 283 4954; x_wconf 88' lang='lat' dir='ltr'><strong>Sit</strong></span> <span class='ocrx_word' id='word_1_628' title='bbox 311 4900 507 4953; x_wconf 89' lang='lat' dir='ltr'><strong>autem</strong></span> <span class='ocrx_word' id='word_1_629' title='bbox 538 4896 701 4953; x_wconf 90' lang='lat' dir='ltr'><strong>vobis</strong></span> <span class='ocrx_word' id='word_1_630' title='bbox 741 4899 943 4953; x_wconf 89' lang='lat' dir='ltr'><strong>notum</strong></span> <span class='ocrx_word' id='word_1_631' title='bbox 977 4895 1117 4969; x_wconf 82' lang='lat' dir='ltr'><strong>quia</strong></span> <span class='ocrx_word' id='word_1_632' title='bbox 1146 4911 1361 4968; x_wconf 84' lang='lat' dir='ltr'><strong>magna</strong></span> <span class='ocrx_word' id='word_1_633' title='bbox 1403 4894 1772 4967; x_wconf 79' lang='lat' dir='ltr'><strong>congregatio</strong></span> <span class='ocrx_word' id='word_1_634' title='bbox 1879 4902 2043 4960; x_wconf 89' lang='lat' dir='ltr'><strong>litate</strong></span> <span class='ocrx_word' id='word_1_635' title='bbox 2074 4902 2466 4976; x_wconf 79' lang='lat' dir='ltr'><strong>postulabam,</strong></span> <span class='ocrx_word' id='word_1_636' title='bbox 2498 4905 2749 4964; x_wconf 90' lang='lat' dir='ltr'><strong>libenter</strong></span> <span class='ocrx_word' id='word_1_637' title='bbox 2787 4916 3140 4980; x_wconf 89' lang='lat' dir='ltr'><strong>annuerunt,</strong></span> <span class='ocrx_word' id='word_1_638' title='bbox 3172 4894 3231 4969; x_wconf 79' lang='lat' dir='ltr'><strong>et</strong></span> <span class='ocrx_word' id='word_1_639' title='bbox 3259 4930 3539 4975; x_wconf 86' lang='lat' dir='ltr'><strong>concessa</strong></span> 
     </span>
    </p>
   </div>
   <div class='ocr_carea' id='block_1_85' title="bbox 119 4982 1773 5058">
    <p class='ocr_par' dir='ltr' id='par_1_85' title="bbox 119 4982 1773 5058">
     <span class='ocr_line' id='line_1_85' title="bbox 119 4982 1773 5058; baseline -0.002 -16"><span class='ocrx_word' id='word_1_640' title='bbox 119 4985 433 5057; x_wconf 87' lang='lat' dir='ltr'><strong>nobilium,</strong></span> <span class='ocrx_word' id='word_1_641' title='bbox 465 4985 526 5041; x_wconf 90' lang='lat' dir='ltr'><strong>in</strong></span> <span class='ocrx_word' id='word_1_642' title='bbox 556 4986 687 5058; x_wconf 90' lang='lat' dir='ltr'><strong>ipsa</strong></span> <span class='ocrx_word' id='word_1_643' title='bbox 715 4985 1081 5043; x_wconf 89' lang='lat' dir='ltr'><strong>solemnitate</strong></span> <span class='ocrx_word' id='word_1_644' title='bbox 1103 4984 1387 5057; x_wconf 88' lang='lat' dir='ltr'><strong>paschali,</strong></span> <span class='ocrx_word' id='word_1_645' title='bbox 1409 4982 1488 5038; x_wconf 89' lang='lat' dir='ltr'><strong>ibi</strong></span> <span class='ocrx_word' id='word_1_646' title='bbox 1516 4999 1651 5039; x_wconf 88' lang='lat' dir='ltr'><strong>cum</strong></span> <span class='ocrx_word' id='word_1_647' title='bbox 1677 4984 1773 5039; x_wconf 91' lang='lat' dir='ltr'><strong>do-</strong></span> 
     </span>
    </p>
   </div>
   <div class='ocr_carea' id='block_1_86' title="bbox 116 5074 1768 5148">
    <p class='ocr_par' dir='ltr' id='par_1_86' title="bbox 116 5074 1768 5148">
     <span class='ocr_line' id='line_1_86' title="bbox 116 5074 1768 5148; baseline -0.003 -16"><span class='ocrx_word' id='word_1_648' title='bbox 116 5076 282 5132; x_wconf 89' lang='lat' dir='ltr'><strong>mino</strong></span> <span class='ocrx_word' id='word_1_649' title='bbox 340 5091 493 5148; x_wconf 89' lang='lat' dir='ltr'><strong>papa</strong></span> <span class='ocrx_word' id='word_1_650' title='bbox 546 5074 773 5133; x_wconf 87' lang='lat' dir='ltr'><strong>Joanne</strong></span> <span class='ocrx_word' id='word_1_651' title='bbox 822 5079 880 5132; x_wconf 91' lang='lat' dir='ltr'><strong>et</strong></span> <span class='ocrx_word' id='word_1_652' title='bbox 927 5075 1277 5148; x_wconf 88' lang='lat' dir='ltr'><strong>imperatore</strong></span> <span class='ocrx_word' id='word_1_653' title='bbox 1306 5074 1577 5130; x_wconf 88' lang='lat' dir='ltr'><strong>Cunrado</strong></span> <span class='ocrx_word' id='word_1_654' title='bbox 1623 5078 1768 5141; x_wconf 89' lang='lat' dir='ltr'><strong>erat,</strong></span> 
     </span>
    </p>
   </div>
   <div class='ocr_carea' id='block_1_87' title="bbox 116 5164 1770 5239">
    <p class='ocr_par' dir='ltr' id='par_1_87' title="bbox 116 5164 1770 5239">
     <span class='ocr_line' id='line_1_87' title="bbox 116 5164 1770 5239; baseline 0 -18"><span class='ocrx_word' id='word_1_655' title='bbox 116 5164 347 5222; x_wconf 89' lang='lat' dir='ltr'><strong>scilicet</strong></span> <span class='ocrx_word' id='word_1_656' title='bbox 374 5180 582 5221; x_wconf 90' lang='lat' dir='ltr'><strong>omnes</strong></span> <span class='ocrx_word' id='word_1_657' title='bbox 607 5165 898 5239; x_wconf 90' lang='lat' dir='ltr'><strong>principes</strong></span> <span class='ocrx_word' id='word_1_658' title='bbox 917 5164 1200 5238; x_wconf 89' lang='lat' dir='ltr'><strong>gentium,</strong></span> <span class='ocrx_word' id='word_1_659' title='bbox 1222 5182 1256 5220; x_wconf 91' lang='lat' dir='ltr'><strong>a</strong></span> <span class='ocrx_word' id='word_1_660' title='bbox 1279 5168 1475 5221; x_wconf 88' lang='lat' dir='ltr'><strong>monte</strong></span> <span class='ocrx_word' id='word_1_661' title='bbox 1503 5165 1770 5238; x_wconf 89' lang='lat' dir='ltr'><strong>Gargano</strong></span> 
     </span>
    </p>
   </div>
   <div class='ocr_carea' id='block_1_88' title="bbox 116 5254 1773 5327">
    <p class='ocr_par' dir='ltr' id='par_1_88' title="bbox 116 5254 1773 5327">
     <span class='ocr_line' id='line_1_88' title="bbox 116 5254 1773 5327; baseline 0 -18"><span class='ocrx_word' id='word_1_662' title='bbox 116 5270 312 5327; x_wconf 85' lang='lat' dir='ltr'><strong>usque</strong></span> <span class='ocrx_word' id='word_1_663' title='bbox 341 5255 411 5310; x_wconf 87' lang='lat' dir='ltr'><strong>ad</strong></span> <span class='ocrx_word' id='word_1_664' title='bbox 449 5254 608 5311; x_wconf 89' lang='lat' dir='ltr'><strong>istud</strong></span> <span class='ocrx_word' id='word_1_665' title='bbox 639 5255 969 5327; x_wconf 84' lang='lat' dir='ltr'><strong>proximum</strong></span> <span class='ocrx_word' id='word_1_666' title='bbox 1010 5272 1188 5321; x_wconf 85' lang='lat' dir='ltr'><strong>mare,</strong></span> <span class='ocrx_word' id='word_1_667' title='bbox 1214 5254 1310 5326; x_wconf 90' lang='lat' dir='ltr'><strong>qui</strong></span> <span class='ocrx_word' id='word_1_668' title='bbox 1358 5271 1562 5310; x_wconf 88' lang='lat' dir='ltr'><strong>omnes</strong></span> <span class='ocrx_word' id='word_1_669' title='bbox 1597 5272 1684 5309; x_wconf 91' lang='lat' dir='ltr'><strong>me</strong></span> <span class='ocrx_word' id='word_1_670' title='bbox 1716 5259 1773 5309; x_wconf 88' lang='lat' dir='ltr'><strong>et</strong></span> 
     </span>
    </p>
   </div>
   <div class='ocr_carea' id='block_1_89' title="bbox 114 5342 1769 5417">
    <p class='ocr_par' dir='ltr' id='par_1_89' title="bbox 114 5342 1769 5417">
     <span class='ocr_line' id='line_1_89' title="bbox 114 5342 1769 5417; baseline 0 -18"><span class='ocrx_word' id='word_1_671' title='bbox 114 5342 437 5400; x_wconf 77' lang='lat' dir='ltr'><strong>honorifice</strong></span> <span class='ocrx_word' id='word_1_672' title='bbox 457 5349 850 5416; x_wconf 87' lang='lat' dir='ltr'><strong>suscepere,et</strong></span> <span class='ocrx_word' id='word_1_673' title='bbox 864 5344 1193 5417; x_wconf 84' lang='lat' dir='ltr'><strong>magniﬁcis</strong></span> <span class='ocrx_word' id='word_1_674' title='bbox 1209 5344 1378 5401; x_wconf 91' lang='lat' dir='ltr'><strong>donis</strong></span> <span class='ocrx_word' id='word_1_675' title='bbox 1395 5345 1769 5401; x_wconf 85' lang='lat' dir='ltr'><strong>honoravere.</strong></span> 
     </span>
    </p>
   </div>
   <div class='ocr_carea' id='block_1_90' title="bbox 118 5431 1775 5508">
    <p class='ocr_par' dir='ltr' id='par_1_90' title="bbox 118 5431 1775 5508">
     <span class='ocr_line' id='line_1_90' title="bbox 118 5431 1775 5508; baseline 0.002 -21"><span class='ocrx_word' id='word_1_676' title='bbox 118 5431 373 5488; x_wconf 82' lang='lat' dir='ltr'><strong>Maxime</strong></span> <span class='ocrx_word' id='word_1_677' title='bbox 404 5437 601 5489; x_wconf 87' lang='lat' dir='ltr'><strong>autem</strong></span> <span class='ocrx_word' id='word_1_678' title='bbox 633 5435 704 5490; x_wconf 92' lang='lat' dir='ltr'><strong>ab</strong></span> <span class='ocrx_word' id='word_1_679' title='bbox 733 5433 1083 5508; x_wconf 86' lang='lat' dir='ltr'><strong>imperatore</strong></span> <span class='ocrx_word' id='word_1_680' title='bbox 1112 5433 1282 5491; x_wconf 87' lang='lat' dir='ltr'><strong>donis</strong></span> <span class='ocrx_word' id='word_1_681' title='bbox 1303 5434 1477 5490; x_wconf 88' lang='lat' dir='ltr'><strong>variis</strong></span> <span class='ocrx_word' id='word_1_682' title='bbox 1498 5438 1554 5489; x_wconf 91' lang='lat' dir='ltr'><strong>et</strong></span> <span class='ocrx_word' id='word_1_683' title='bbox 1574 5451 1775 5490; x_wconf 90' lang='lat' dir='ltr'><strong>mune-</strong></span> 
     </span>
    </p>
   </div>
   <div class='ocr_carea' id='block_1_91' title="bbox 116 5519 1773 5596">
    <p class='ocr_par' dir='ltr' id='par_1_91' title="bbox 116 5519 1773 5596">
     <span class='ocr_line' id='line_1_91' title="bbox 116 5519 1773 5596; baseline 0.002 -19"><span class='ocrx_word' id='word_1_684' title='bbox 116 5519 286 5578; x_wconf 87' lang='lat' dir='ltr'><strong>ribus</strong></span> <span class='ocrx_word' id='word_1_685' title='bbox 317 5522 590 5595; x_wconf 89' lang='lat' dir='ltr'><strong>pretiosis</strong></span> <span class='ocrx_word' id='word_1_686' title='bbox 620 5522 940 5581; x_wconf 88' lang='lat' dir='ltr'><strong>honoratus</strong></span> <span class='ocrx_word' id='word_1_687' title='bbox 968 5541 1124 5596; x_wconf 87' lang='lat' dir='ltr'><strong>sum,</strong></span> <span class='ocrx_word' id='word_1_688' title='bbox 1157 5530 1274 5581; x_wconf 88' lang='lat' dir='ltr'><strong>tam</strong></span> <span class='ocrx_word' id='word_1_689' title='bbox 1299 5523 1361 5580; x_wconf 89' lang='lat' dir='ltr'><strong>in</strong></span> <span class='ocrx_word' id='word_1_690' title='bbox 1390 5523 1546 5581; x_wconf 88' lang='lat' dir='ltr'><strong>vasis</strong></span> <span class='ocrx_word' id='word_1_691' title='bbox 1580 5523 1773 5580; x_wconf 88' lang='lat' dir='ltr'><strong>aureis</strong></span> 
     </span>
    </p>
   </div>
   <div class='ocr_carea' id='block_1_92' title="bbox 198 5694 1346 5777">
    <p class='ocr_par' dir='ltr' id='par_1_92' title="bbox 198 5694 1346 5777">
     <span class='ocr_line' id='line_1_92' title="bbox 198 5694 1346 5777; baseline 0.004 -22"><span class='ocrx_word' id='word_1_692' title='bbox 198 5700 272 5773; x_wconf 90' lang='grc'><strong>(1)</strong></span> <span class='ocrx_word' id='word_1_693' title='bbox 299 5700 502 5758; x_wconf 88' lang='lat' dir='ltr'><strong>Malm.</strong></span> <span class='ocrx_word' id='word_1_694' title='bbox 534 5702 691 5759; x_wconf 87' lang='lat' dir='ltr'><strong>Gest.</strong></span> <span class='ocrx_word' id='word_1_695' title='bbox 722 5694 844 5777; x_wconf 85' lang='lat' dir='ltr'><strong>reg.</strong></span> <span class='ocrx_word' id='word_1_696' title='bbox 872 5702 973 5760; x_wconf 88' lang='lat' dir='ltr'><strong>lib.</strong></span> <span class='ocrx_word' id='word_1_697' title='bbox 1005 5722 1065 5774; x_wconf 83' lang='lat'><strong>11,</strong></span> <span class='ocrx_word' id='word_1_698' title='bbox 1098 5720 1224 5777; x_wconf 90' lang='lat' dir='ltr'><strong>cap.</strong></span> <span class='ocrx_word' id='word_1_699' title='bbox 1258 5707 1346 5762; x_wconf 91' lang='grc'><strong>11.</strong></span> 
     </span>
    </p>
   </div>
   <div class='ocr_carea' id='block_1_93' title="bbox 1880 4993 3538 5079">
    <p class='ocr_par' dir='ltr' id='par_1_93' title="bbox 1880 4993 3538 5079">
     <span class='ocr_line' id='line_1_93' title="bbox 1880 4993 3538 5079; baseline 0.008 -29"><span class='ocrx_word' id='word_1_700' title='bbox 1880 4993 2059 5050; x_wconf 90' lang='lat' dir='ltr'><strong>etiam</strong></span> <span class='ocrx_word' id='word_1_701' title='bbox 2087 4998 2454 5050; x_wconf 89' lang='lat' dir='ltr'><strong>sacramento</strong></span> <span class='ocrx_word' id='word_1_702' title='bbox 2478 4995 2880 5067; x_wconf 84' lang='lat' dir='ltr'><strong>ﬁrmaverunt,</strong></span> <span class='ocrx_word' id='word_1_703' title='bbox 2903 5000 3014 5056; x_wconf 90' lang='lat' dir='ltr'><strong>sub</strong></span> <span class='ocrx_word' id='word_1_704' title='bbox 3036 5002 3371 5061; x_wconf 87' lang='lat' dir='ltr'><strong>testimonio</strong></span> <span class='ocrx_word' id='word_1_705' title='bbox 3398 5023 3538 5079; x_wconf 90' lang='lat' dir='ltr'><strong>qua-</strong></span> 
     </span>
    </p>
   </div>
   <div class='ocr_carea' id='block_1_94' title="bbox 1877 5082 3539 5166">
    <p class='ocr_par' dir='ltr' id='par_1_94' title="bbox 1877 5082 3539 5166">
     <span class='ocr_line' id='line_1_94' title="bbox 1877 5082 3539 5166; baseline 0.008 -27"><span class='ocrx_word' id='word_1_706' title='bbox 1877 5094 2016 5147; x_wconf 84' lang='lat' dir='ltr'><strong>tuor</strong></span> <span class='ocrx_word' id='word_1_707' title='bbox 2044 5082 2614 5156; x_wconf 88' lang='lat' dir='ltr'><strong>arehiepiscoporum</strong></span> <span class='ocrx_word' id='word_1_708' title='bbox 2660 5091 2717 5142; x_wconf 89' lang='lat' dir='ltr'><strong>et</strong></span> <span class='ocrx_word' id='word_1_709' title='bbox 2760 5088 2963 5162; x_wconf 89' lang='lat' dir='ltr'><strong>viginti</strong></span> <span class='ocrx_word' id='word_1_710' title='bbox 3018 5084 3448 5166; x_wconf 85' lang='lat' dir='ltr'><strong>episcoporum,</strong></span> <span class='ocrx_word' id='word_1_711' title='bbox 3479 5101 3539 5153; x_wconf 89' lang='lat' dir='ltr'><strong>et</strong></span> 
     </span>
    </p>
   </div>
   <div class='ocr_carea' id='block_1_95' title="bbox 1880 5172 3535 5258">
    <p class='ocr_par' dir='ltr' id='par_1_95' title="bbox 1880 5172 3535 5258">
     <span class='ocr_line' id='line_1_95' title="bbox 1880 5172 3535 5258; baseline 0.009 -30"><span class='ocrx_word' id='word_1_712' title='bbox 1880 5172 2205 5229; x_wconf 79' lang='lat' dir='ltr'><strong>innumerae</strong></span> <span class='ocrx_word' id='word_1_713' title='bbox 2263 5172 2662 5233; x_wconf 88' lang='lat' dir='ltr'><strong>multitudinis</strong></span> <span class='ocrx_word' id='word_1_714' title='bbox 2722 5178 2937 5234; x_wconf 86' lang='lat' dir='ltr'><strong>ducum</strong></span> <span class='ocrx_word' id='word_1_715' title='bbox 2984 5184 3042 5235; x_wconf 91' lang='lat' dir='ltr'><strong>et</strong></span> <span class='ocrx_word' id='word_1_716' title='bbox 3090 5182 3376 5240; x_wconf 90' lang='lat' dir='ltr'><strong>nobilium</strong></span> <span class='ocrx_word' id='word_1_717' title='bbox 3407 5203 3535 5258; x_wconf 65' lang='lat' dir='ltr'><strong>qua:</strong></span> 
     </span>
    </p>
   </div>
   <div class='ocr_carea' id='block_1_96' title="bbox 1883 5263 3539 5348">
    <p class='ocr_par' dir='ltr' id='par_1_96' title="bbox 1883 5263 3539 5348">
     <span class='ocr_line' id='line_1_96' title="bbox 1883 5263 3539 5348; baseline 0.008 -32"><span class='ocrx_word' id='word_1_718' title='bbox 1883 5263 2102 5317; x_wconf 86' lang='lat' dir='ltr'><strong>aderat.</strong></span> <span class='ocrx_word' id='word_1_719' title='bbox 2122 5264 2485 5335; x_wconf 86' lang='lat' dir='ltr'><strong>Quapropter</strong></span> <span class='ocrx_word' id='word_1_720' title='bbox 2504 5264 2620 5321; x_wconf 89' lang='lat' dir='ltr'><strong>Deo</strong></span> <span class='ocrx_word' id='word_1_721' title='bbox 2647 5265 3031 5339; x_wconf 84' lang='lat' dir='ltr'><strong>omnipotenti</strong></span> <span class='ocrx_word' id='word_1_722' title='bbox 3063 5271 3285 5343; x_wconf 86' lang='lat' dir='ltr'><strong>gratias</strong></span> <span class='ocrx_word' id='word_1_723' title='bbox 3316 5276 3539 5348; x_wconf 86' lang='lat' dir='ltr'><strong>magni-</strong></span> 
     </span>
    </p>
   </div>
   <div class='ocr_carea' id='block_1_97' title="bbox 1882 5352 3539 5436">
    <p class='ocr_par' dir='ltr' id='par_1_97' title="bbox 1882 5352 3539 5436">
     <span class='ocr_line' id='line_1_97' title="bbox 1882 5352 3539 5436; baseline 0.008 -31"><span class='ocrx_word' id='word_1_724' title='bbox 1882 5352 2023 5407; x_wconf 87' lang='lat' dir='ltr'><strong>ﬁcas</strong></span> <span class='ocrx_word' id='word_1_725' title='bbox 2056 5352 2254 5420; x_wconf 90' lang='lat' dir='ltr'><strong>reddo,</strong></span> <span class='ocrx_word' id='word_1_726' title='bbox 2279 5352 2418 5426; x_wconf 90' lang='lat' dir='ltr'><strong>quia</strong></span> <span class='ocrx_word' id='word_1_727' title='bbox 2452 5354 2650 5411; x_wconf 89' lang='lat' dir='ltr'><strong>omnia</strong></span> <span class='ocrx_word' id='word_1_728' title='bbox 2678 5372 2805 5428; x_wconf 64' lang='lat' dir='ltr'><strong>qua</strong></span> <span class='ocrx_word' id='word_1_729' title='bbox 2844 5356 3329 5429; x_wconf 84' lang='lat' dir='ltr'><strong>desideraveram,</strong></span> <span class='ocrx_word' id='word_1_730' title='bbox 3362 5367 3539 5436; x_wconf 89' lang='lat' dir='ltr'><strong>prout</strong></span> 
     </span>
    </p>
   </div>
   <div class='ocr_carea' id='block_1_98' title="bbox 1882 5442 3535 5522">
    <p class='ocr_par' dir='ltr' id='par_1_98' title="bbox 1882 5442 3535 5522">
     <span class='ocr_line' id='line_1_98' title="bbox 1882 5442 3535 5522; baseline 0.009 -27"><span class='ocrx_word' id='word_1_731' title='bbox 1882 5444 2076 5496; x_wconf 89' lang='lat' dir='ltr'><strong>mente</strong></span> <span class='ocrx_word' id='word_1_732' title='bbox 2101 5442 2492 5514; x_wconf 89' lang='lat' dir='ltr'><strong>decreveram,</strong></span> <span class='ocrx_word' id='word_1_733' title='bbox 2525 5460 2800 5518; x_wconf 87' lang='lat' dir='ltr'><strong>prospere</strong></span> <span class='ocrx_word' id='word_1_734' title='bbox 2831 5446 3351 5522; x_wconf 84' lang='lat' dir='ltr'><strong>perfeci,votisque</strong></span> <span class='ocrx_word' id='word_1_735' title='bbox 3388 5451 3535 5510; x_wconf 85' lang='lat' dir='ltr'><strong>meis</strong></span> 
     </span>
    </p>
   </div>
   <div class='ocr_carea' id='block_1_99' title="bbox 1884 5530 2440 5592">
    <p class='ocr_par' dir='ltr' id='par_1_99' title="bbox 1884 5530 2440 5592">
     <span class='ocr_line' id='line_1_99' title="bbox 1884 5530 2440 5592; baseline 0.009 -6"><span class='ocrx_word' id='word_1_736' title='bbox 1884 5531 1954 5588; x_wconf 92' lang='lat' dir='ltr'><strong>ad</strong></span> <span class='ocrx_word' id='word_1_737' title='bbox 1987 5530 2133 5587; x_wconf 88' lang='lat' dir='ltr'><strong>velle</strong></span> <span class='ocrx_word' id='word_1_738' title='bbox 2164 5532 2440 5592; x_wconf 82' lang='lat' dir='ltr'><strong>satisfeci.</strong></span> 
     </span>
    </p>
   </div>
  </div>
