3962 6384
355 387 510 450 1163

355 610 494 666 toris
523 609 778 680 Augusti.
813 606 980 663 Locus
1012 600 1238 672 fsigitli
1270 600 1424 656 Cerei
1450 596 1738 669 deperditi.

424 698 544 770 Ego
575 693 822 768 Ogerius
853 693 954 750 Dei
985 690 1174 766 gratia
1202 686 1564 761 Hiporiensis
1595 686 1905 758 episcopus
1945 687 2003 738 et

356 784 742 843 eaneellarius
769 783 894 838 vice
925 779 1264 838 Herimanni
1296 775 1625 834 eanoellarii
1672 772 1998 845 recognovi.

433 915 448 930 .
483 915 499 930 .
535 915 550 930 .
581 915 595 930 .
633 913 646 929 .
683 911 698 927 .
730 869 1049 928 Dominicaa
1080 864 1506 925 Incarnationis
1545 862 1859 919 millesimo
1900 878 2004 915 no-
2099 905 2108 916 .

355 961 680 1036 nagesimo,
699 978 756 1016 v1
769 958 1108 1026 indictione,
1126 958 1404 1028 regnante
1416 953 1686 1010 Heinrico
1699 951 2010 1023 imperato-

357 1066 420 1108 re
451 1049 527 1107 ΙΙΙ
556 1049 721 1122 regni
750 1050 880 1121 ejus
900 1064 1053 1114 xxxv,
1071 1043 1302 1117 imperii
1318 1047 1514 1099 autem
1534 1056 1655 1098 vm.
1674 1044 1793 1094 Hoc
1809 1042 2006 1093 actum

361 1142 450 1195 est
481 1154 557 1195 Iv.
589 1138 678 1192 Id.
710 1135 926 1209 Aprilis
955 1134 1215 1192 Veronae.
1249 1132 1312 1188 In
1344 1131 1445 1187 Dei
1480 1129 1716 1185 nomine
1739 1126 2004 1182 feliciter.

361 1230 570 1284 Amen.

1111 1348 1251 1402 XIV.

370 1440 598 1498 Domitio
624 1439 809 1497 Cestri
827 1438 980 1505 Novi,
1017 1435 1346 1507 Campitelli,
1396 1442 1447 1489 et
1489 1430 1825 1507 Scorciaroti
1861 1430 2010 1507 facta

436 1511 643 1568 Carioni
710 1498 977 1582 episcopo,
999 1498 1315 1582 Mantuano,
1351 1507 1580 1582 ejusque
1634 1498 1897 1567 ecclesiae,
1943 1498 2010 1553 ab

395 1593 397 1597 ‘
433 1584 690 1638 Heinrico
713 1578 836 1653 rege
865 1578 951 1648 IV,
985 1581 1312 1651 imperatore
1342 1578 1440 1632 III.

982 1696 1172 1765 (Anno
1205 1690 1388 1761 1093.)

683 1809 1054 1881 [Memnona
1086 1809 1274 1879 Antig.
1295 1805 1445 1873 Itat.,
1472 1803 1541 1871 V,
1568 1803 1698 1869 645]

438 1943 506 1993 In
519 1934 756 1992 nomine
773 1936 986 1990 sanctae
999 1928 2016 1997 etindividuaeTrinitatis,usmmcus

373 2027 694 2098 imperator
721 2022 954 2093 semper
981 2023 1302 2094 Augustus.

443 2111 732 2177 Quoniam
759 2113 1156 2182 opportunum
1188 2108 1379 2173 nobis,
1410 2111 1468 2162 et
1486 2106 1628 2162 utile
1649 2104 1820 2161 valde
1843 2103 2041 2160 statui

377 2219 443 2258 ac
469 2200 664 2257 decori
694 2199 857 2272 regni
889 2203 946 2254 et
973 2197 1203 2270 imperii
1235 2195 1416 2252 nostri
1449 2195 1742 2252 evidenter
1770 2210 1898 2250 esse
1929 2209 2021 2248 co-

377 2289 718 2364 gnoscimus
736 2287 897 2344 sanis
916 2289 1250 2342 nostrorum
1274 2283 1534 2340 ﬁdelium
1558 2282 1840 2350 consiliis,
1859 2283 1916 2338 in
1930 2282 2023 2337 his

378 2377 630 2436 maxime
660 2393 787 2448 quas
818 2376 890 2432 ad
911 2391 1112 2430 curam
1135 2378 1192 2429 et
1213 2373 1493 2430 honorem
1516 2371 1699 2428 nostri
1721 2371 2025 2443 regiminis

377 2466 693 2541 pertinent,
727 2464 1064 2536 dilligenter
1093 2463 1576 2529 condescendere,
1608 2461 1658 2517 si
1691 2460 1831 2532 quid
1879 2460 2026 2514 forte

375 2554 648 2620 occurrit,
670 2554 823 2626 quod
843 2553 1126 2608 honorem
1143 2555 1410 2608 nostrum
1423 2567 1538 2607 non
1557 2549 1804 2618 minuat,
1821 2553 1877 2604 et
1893 2565 2026 2604 san-

376 2647 530 2701 ctam
548 2640 1382 2708 sublimetEcclesiam,eorum
1397 2639 1735 2695 nullatenus
1748 2638 2030 2692 debemus

379 2731 664 2790 salutaria
682 2730 926 2788 consilia
943 2734 1336 2785 contemnere.
1361 2728 1510 2783 Dicit
1525 2744 1777 2798 namque
1790 2726 2032 2798 Sapien-

379 2821 465 2877 tia
491 2836 504 2876 :
540 2819 752 2876 Omnia
781 2819 871 2874 fac
902 2834 1038 2873 eum
1069 2816 1337 2885 consilio,
1371 2821 1428 2871 et
1459 2819 1659 2887 postea
1690 2831 1805 2870 non
1843 2813 2032 2886 poeni-

381 2907 537 2964 tebis
565 2907 756 2979 (Eccti.
787 2922 965 2974 xxxn,
995 2905 1108 2976 24).
1141 2905 1244 2960 Est
1273 2920 1527 2976 quoque,
1571 2905 1744 2974 juxta
1781 2901 2032 2958 Psalmi-

388 2999 566 3062 stam,
601 2993 754 3065 regis
783 2993 972 3048 honor
995 2992 1290 3063 judicium
1312 2995 1367 3048 et
1378 2991 1675 3062 justitiam
1692 2989 1953 3063 diligere,
1977 2993 2036 3045 et

381 3083 447 3138 in
477 3081 716 3138 veritate
745 3097 919 3153 posse
949 3081 1141 3136 dicere
1185 3097 1319 3136 cum
1369 3079 1721 3136 Psalmista:
1768 3077 2032 3144 Domine,

384 3169 702 3226 dileximus
734 3170 1003 3225 decorem
1054 3170 1265 3226 domus
1312 3173 1423 3224 tuae
1475 3170 1649 3240 (Psal.
1699 3168 1911 3240 xxv,8).
1963 3167 2036 3222 Ut

1713 369 2023 436 MONUM.
2074 363 2397 432 DIPLOM.

427 521 664 592 Signum
691 516 881 575 damni
910 513 1159 574 Heinrici
1185 512 1339 568 tertii
1367 509 1716 566 invictissimi
1762 510 1999 579 impera-
2031 507 2085 572 Α

3609 350 3770 424 1161·

2875 493 2999 548 XV.

2113 590 2359 646 Heinrici
2387 589 2533 657 regis
2565 589 2638 642 IV
2674 583 3018 657 imperatoris
3039 578 3412 657 _Ill_diplom_¢_z
3467 573 3770 657 eonﬁrma-

2179 663 2383 717 tori-um
2411 647 2773 730 quorumlibet
2793 656 3014 726 jurium
3036 647 3332 706 Ticinensis
3359 647 3628 704 Ecclesia.

2729 745 2915 817 (Anno
2962 741 3143 813 1093.)

2402 843 2750 904 [ΜυιὶΑτοΒῃ
2777 834 2960 903 Antiq.
2995 830 3142 886 Itat..
3178 827 3275 892 VI,
3323 826 3482 896 327.]

2191 968 2203 981 .
2243 968 2254 980 .
2292 968 2304 980 .
2342 968 2353 980 .
2393 969 2405 981 .
2442 967 2454 979 .
2496 967 2508 980 .
2547 965 2559 978 .
2592 966 2646 978 ..
2709 921 3038 976 interventu
3108 931 3341 989 quoque
3407 909 3774 968 marchionis

2115 1013 2418 1083 Wilielmi,
2452 1011 2775 1068 Arduinus.
2813 1053 2826 1064 .
2859 1051 2871 1063 .
2905 1051 2917 1063 .
2955 1049 2966 1061 .
3003 1045 3018 1062 .
3053 1047 3066 1060 .
3117 1004 3333 1060 civium
3392 999 3774 1073 Papiensium

2117 1105 2408 1175 majorum
2425 1105 2481 1158 et
2518 1101 2836 1166 minorum,
2859 1094 3131 1169 Papiensi
3149 1091 3413 1148 Ecclesia
3439 1087 3775 1145 beatissimi

2116 1193 2244 1265 Syri
2273 1190 2511 1264 gloriosi
2544 1187 2917 1253 confessoris,
2960 1185 3131 1255 cujus
3162 1182 3257 1254 pio
3292 1181 3624 1235 interventu
3662 1195 3776 1232 no-

2119 1287 2306 1338 strum
2337 1280 2492 1352 viget
2523 1277 2860 1350 imperium.
2892 1316 2904 1328 .
2945 1317 2956 1328 .
2993 1317 3004 1329 .
3043 1317 3054 1328 .
3093 1315 3105 1328 .
3143 1313 3155 1325 .
3190 1269 3470 1342 leguntur
3499 1283 3602 1340 per
3617 1266 3774 1322 hanc

2120 1367 2522 1443 praeceptalem
2554 1365 2830 1438 paginam
2841 1365 2976 1434 jure
3007 1359 3245 1433 perenni
3267 1359 3559 1413 donamus
3597 1359 3779 1426 atque

2119 1458 2514 1525 concedimus,
2567 1453 2918 1510 nominatim
2972 1449 3241 1506 videlicet
3286 1447 3776 1501 Brementensem

2121 1547 2412 1602 abbatiam
2455 1561 2588 1600 cum
2637 1542 2910 1597 omnibus
2956 1556 3081 1611 qua
3133 1537 3204 1591 ad
3254 1534 3418 1590 illam
3452 1530 3776 1605 pertinent,

2123 1635 2348 1702 castris,
2380 1633 2666 1701 curtibus,
2697 1629 2875 1695 villis,
2903 1625 3164 1698 capellis,
3197 1622 3383 1690 silvis,
3415 1620 3609 1687 terris,
3649 1615 3776 1673 cul-

2122 1725 2199 1780 tis
2230 1729 2288 1779 et
2317 1721 2575 1784 incultis,
2602 1718 2858 1792 pascuis,
2883 1715 3220 1790 paludibus,
3245 1711 3434 1785 aquis,
3459 1723 3779 1782 aquarum-

2125 1830 2236 1885 que
2267 1810 2637 1875 decursibus,
2670 1804 3116 1880 piscationibus,
3151 1799 3524 1866 molendinis,
3558 1793 3775 1854 destri-

2127 1903 2258 1968 ctis,
2291 1899 2558 1966 teloneis,
2606 1894 2970 1968 albergariis,
3023 1891 3254 1965 placitis
3312 1889 3518 1944 invest.
3556 1927 3569 1941 .
3608 1927 3622 1940 .
3662 1926 3676 1939 .
3716 1925 3729 1938 .
3769 1925 3785 1938 .

2127 1989 2584 2052 conditionibus,
2618 2003 2684 2042 ac
2716 1980 3148 2047 familiis,cellis
3172 1995 3404 2052 quoque
3429 1973 3786 2032 nominatim

2129 2081 2223 2136 hic
2241 2078 2454 2134 notatis
2475 2095 2487 2132 :
2507 2079 2784 2130 Sanctum
2807 2074 3042 2128 Petrum
3065 2070 3123 2124 in
3143 2066 3468 2132 Novalesio,
3503 2078 3786 2136 campum

2129 2167 2371 2230 Merleti,
2406 2168 2685 2221 Sanctum
2716 2163 3007 2218 Andream
3039 2160 3100 2213 in
3122 2157 3401 2223 Taurino,
3425 2153 3781 2217 Babianum,

2133 2273 2355 2314 serram
2407 2253 2604 2309 Sancti
2655 2251 2830 2316 Petri,
2877 2248 3083 2306 cellam
3124 2245 3452 2308 Cavalariae,
3501 2244 3786 2296 Sanctum

2133 2347 2368 2402 Petrum
2400 2344 2457 2397 in
2490 2343 2705 2415 Pagno,
2741 2339 3086 2405 Polentiam,
3122 2337 3400 2392 Sanctum
3434 2332 3673 2387 Petrum
3711 2329 3786 2384 ad

2134 2435 2437 2500 Wascum,
2470 2433 2743 2487 Sanctam
2792 2426 3038 2482 Mariam
3083 2425 3142 2480 in
3191 2421 3403 2489 Polexi,
3457 2418 3667 2475 cellam
3715 2417 3786 2473 de

2136 2521 2460 2595 Supunigo,
2493 2519 2700 2575 cellam
2730 2518 2800 2572 de
2833 2513 3155 2577 Laumello,
3187 2515 3460 2567 Sanctam
3491 2505 3785 2580 Agatham

2137 2613 2196 2668 in
2229 2610 2485 2678 Balsula,
2510 2609 2837 2673 Rometam,
2870 2603 3107 2660 castella
3130 2601 3306 2657 etiam
3336 2599 3782 2669 Castagnetum,

2140 2702 2426 2765 Gunzove,
2503 2698 2784 2753 Sanctum
2859 2693 3236 2757 Salvatorem,
3313 2692 3464 2743 Cano
3499 2728 3512 2740 .
3551 2727 3564 2739 .
3610 2727 3623 2740 .
3665 2727 3677 2738 .
3713 2726 3727 2739 .
3767 2725 3780 2738 .

2140 2791 2448 2854 Tanetum,
2482 2785 2860 2852 Palaciolum,
2891 2780 3170 2848 Cisalum,
3205 2795 3306 2834 seu
3339 2780 3576 2833 caeteras
3606 2772 3788 2831 cellas

2145 2921 2158 2934 .
2197 2921 2209 2933 .
2247 2920 2259 2933 .
2299 2921 2309 2932 .
2349 2919 2360 2932 .
2401 2919 2411 2932 .
2450 2918 2462 2930 .
2496 2878 2690 2930 curtes
2715 2878 2773 2929 et
2817 2888 3020 2927 omnes
3051 2886 3143 2925 res
3185 2869 3256 2923 ad
3308 2865 3644 2939 praedictam
3686 2862 3790 2918 ab-

2141 2966 2358 3022 batiam
2396 2970 2452 3020 et
2473 2963 2648 3019 cellas
2677 2963 3057 3035 pertinentes.
3089 2997 3105 3014 .
3137 3002 3149 3014 .
3188 3000 3200 3012 .
3239 3000 3253 3014 .
3290 2999 3302 3011 .
3357 2955 3417 3009 in
3466 2953 3789 3026 integrum.

2143 3057 2200 3112 Si
2235 3055 2369 3126 quis
2401 3053 2582 3126 igitur
2607 3053 2743 3120 dux,
2774 3048 3058 3116 marchio,
3079 3063 3293 3115 comes,
3316 3045 3660 3108 vicecomes,
3688 3044 3794 3096 aut

2144 3143 2416 3217 quaelibet
2445 3142 2562 3198 alia
2591 3157 2839 3214 persona
2865 3139 3017 3194 hanc
3051 3132 3459 3208 praeceptalem
3508 3130 3790 3204 paginam

389 3219 700 3226 ---ν-ω---
739 3219 1003 3225 __--____
1058 3219 1263 3226 _-____
1318 3219 1420 3224 --π
1477 3219 1648 3240 κ-
1899 3219 1911 3223 _
1973 3219 1999 3222 _

385 3258 567 3330 igitur
595 3273 699 3330 per
742 3257 1022 3314 honorem
1075 3261 1132 3312 et
1179 3256 1695 3329 ampliﬁcationem
1745 3219 2020 3313 donorum

2192 3232 2361 3288 lolare
2390 3229 2853 3303 praesumpserit,
2888 3225 3049 3282 mille
3070 3225 3250 3280 libras
3268 3219 3793 3293 aurioptimicom-

2255 3321 2286 3330 ..
2473 3321 2486 3330 .
2815 3322 2823 3330 .
2998 3316 3054 3330 ..
3167 3315 3179 3330 .
3211 3312 3242 3330 ι.
3301 3310 3662 3330 ηη,ε-ι-ι-μ
3694 3324 3768 3330 __

383 3346 506 3416 Dei,
539 3346 712 3418 cujus
743 3346 982 3402 servitio
1013 3363 1217 3401 vacare
1246 3346 1530 3402 debemus
1560 3346 1924 3402 incessanter
1964 3363 2032 3402 ex

383 3434 718 3504 dilectione,
735 3435 785 3491 si
817 3433 1031 3491 salvari
1063 3434 1337 3508 cupimus
1371 3438 1427 3490 et
1457 3439 1732 3492 aeternam
1755 3435 2033 3507 consequi

384 3523 656 3596 gloriam,
681 3527 1019 3580 nostrorum
1043 3540 1182 3580 sane
1203 3523 1467 3579 ﬁdelium
1489 3524 1733 3581 consilia
1752 3525 1865 3596 piis
1882 3524 2035 3580 auri-

383 3612 499 3669 bus
529 3611 929 3681 exaudientes,
960 3616 1017 3669 et
1048 3613 1119 3669 ad
1153 3613 1393 3685 dignam
1424 3613 1810 3682 ethumilem,
1831 3617 1888 3670 et
1908 3612 2032 3668 lau-

386 3699 642 3758 dabilem
702 3701 1044 3774 petitionem
1097 3701 1351 3759 Cononis
1415 3702 1717 3757 Mantuani
1778 3701 2034 3774 episcopi

389 3787 705 3847 clementer
734 3790 1130 3862 respicientes,
1163 3792 1430 3846 Castrum
1451 3789 1696 3857 Novum,
1729 3793 1784 3845 et
1813 3790 2040 3863 Campi-

387 3877 618 3949 tellum,
669 3883 844 3951 atque
889 3878 1316 3935 Scorciarolum
1363 3895 1497 3934 cum
1530 3879 1803 3934 omnibus
1836 3895 2038 3934 eorum

393 3966 762 4038 pertinentiis
786 3967 948 4022 intus
978 3970 1036 4022 et
1066 3965 1226 4031 foris,
1261 3967 1422 4022 salva
1444 3971 1642 4022 nostra
1657 3966 1841 4039 regali
1856 3968 2036 4038 justi-

387 4053 492 4121 tia,
525 4071 628 4126 per
647 4054 799 4112 hanc
830 4061 1089 4110 nostram
1107 4054 1506 4126 praeceptalem
1531 4056 1804 4128 paginam
1822 4055 2038 4111 haben-

394 4142 471 4198 da
500 4143 835 4214 perenniter
864 4147 1037 4215 atque
1068 4142 1424 4214 possidenda
1453 4143 1578 4199 sine
1609 4143 1876 4199 molestia
1907 4145 2041 4215 jure

396 4230 1385 4303 proprietarioMantuanazEcelesite
1399 4232 1884 4288 concessimus.Si
1908 4233 2041 4304 quis

393 4317 580 4390 igitur
611 4320 750 4385 dux,
800 4319 1082 4386 marchio,
1134 4335 1350 4390 comes,
1377 4320 1722 4388 vicecomes,
1785 4325 1885 4375 aut
1929 4321 2044 4377 alia

393 4403 670 4478 qualibet
697 4421 966 4478 persona,
998 4407 1405 4480 cujuscunque
1447 4409 1798 4464 conditionis
1847 4409 2042 4478 fuerit,

391 4493 544 4549 hanc
565 4496 825 4550 nostram
860 4496 1265 4568 praeceptalem
1315 4497 1592 4569 paginam
1641 4497 1853 4554 violare
1895 4515 2042 4571 pras-

395 4581 903 4654 sumpserit,mille
918 4583 1096 4641 libras
1112 4585 1238 4641 auri
1253 4585 1384 4657 puri
1400 4586 1833 4658 compositurus
1845 4587 2037 4643 banno
2071 4606 2118 4671 D

393 4674 592 4727 nostro
613 4672 744 4744 subj
754 4673 1340 4742 acebit,medietatem
1361 4678 1568 4730 nostrae
1583 4691 1844 4745 camerae,
1860 4680 1916 4732 et
1927 4691 2042 4731 me-

395 4758 670 4816 dietatem
702 4761 990 4833 praedictae
1013 4760 1304 4817 Ecclesiae.
1324 4761 1396 4817 Ut
1422 4767 1614 4819 autem
1634 4763 2042 4820 inviolabiliter

393 4848 465 4903 ab
495 4848 769 4904 omnibus
802 4850 1163 4919 observetur,
1195 4849 1452 4925 imagine
1483 4853 1665 4909 nostri
1690 4853 1866 4926 sigilli
1898 4853 2042 4909 insi-

393 4935 546 5006 gniri
576 4935 886 5009 diligenter
905 4938 1224 5009 jussimus.

464 5023 696 5096 Signum
725 5025 916 5082 damni
943 5029 1191 5084 Heinrici
1214 5029 1557 5102 imperatoris
1578 5031 1826 5099 Augusti.

467 5113 682 5171 Datum
716 5133 872 5172 anno
903 5116 1215 5174 Dominieae
1249 5119 1541 5174 Incarnat.
1584 5121 1734 5187 1093,
1766 5124 2042 5192 regnante

399 5201 616 5260 domno
648 5204 916 5262 Heinrico
939 5207 1336 5264 Romanorum
1386 5203 1737 5280 imperatore
1777 5211 2041 5282 Augusto

398 5309 588 5362 XXXIX,
623 5293 946 5367 imperante
974 5313 1107 5353 vero
1137 5315 1212 5363 IX,
1248 5297 1564 5354 indictione
1592 5314 1722 5355 vero
1743 5316 1796 5354 ν.

468 5383 720 5443 Auotum
751 5383 1000 5442 Mantuae
1032 5384 1294 5442 feliciter.

2141 3321 2441 3395 positurus
2473 3321 2667 3376 hanno
2700 3322 2898 3374 nostro
2923 3312 3270 3386 subjacebit,
3295 3310 3669 3368 medietatem
3694 3324 3795 3363 no-

2142 3415 2275 3466 strae
2299 3426 2564 3475 camerae,
2589 3413 2648 3464 et
2678 3407 3052 3463 medietatem
3078 3402 3366 3476 praedictae
3390 3397 3658 3470 Papiensi
3683 3398 3792 3452 Ec-

2142 3499 2348 3556 clesiae.
2384 3499 2547 3564 Quod
2581 3501 2645 3553 ut
2672 3496 2868 3552 verius
2914 3494 3204 3561 credatur,
3263 3494 3321 3546 et
3377 3489 3450 3545 ab
3509 3487 3792 3544 omnibus

2142 3587 2556 3644 inviolabiliter
2587 3587 2943 3653 observetur,
2977 3581 3363 3655 impressione
3393 3575 3578 3634 nostri
3609 3573 3797 3649 sigilli

2137 3677 2432 3750 jussimus
2464 3675 2757 3748 insigniri.

2216 3767 2449 3836 Signum
2493 3766 2684 3821 clo-mni
2737 3764 2985 3820 Heinrici
3022 3763 3390 3818 Romanorum
3446 3756 3799 3828 imperatoris

2146 3857 2499 3911 invictissimi
2529 3857 2687 3926 atque
2702 3854 2946 3925 piissimi
2975 3853 3035 3906 in
3063 3853 3263 3906 virtute
3281 3849 3400 3903 Dei.

2218 3945 2335 4016 Ego
2366 3943 2654 4016 Oglerius,
2671 3942 2772 3998 Dei
2790 3942 3001 4013 gratia,
3025 3937 3384 4011 Hiporiensis
3405 3935 3718 4008 episcopus
3737 3937 3803 3988 et

2148 4032 2553 4099 cancellarius,
2587 4031 2709 4085 vice
2743 4028 3079 4085 Herimanni
3111 4025 3471 4081 Coloniensis
3502 4019 3793 4094 archiepi-

2151 4120 2309 4190 scopi
2341 4117 2832 4174 archicancellarii
2855 4114 3184 4186 recognovi.

2223 4213 2391 4263 Anno
2423 4205 2734 4261 Dominicis
2757 4200 3182 4259 Inearnationis
3209 4198 3522 4255 millesimo
3548 4215 3802 4272 nonage-

2154 4299 2302 4354 simo
2334 4294 2526 4361 tertio,
2576 4293 2893 4349 indictione
2941 4291 3154 4364 prima,
3197 4290 3476 4361 regnante
3523 4288 3804 4343 Heinrico

2149 4403 2342 4452 xxx1x,
2376 4385 2707 4457 imperante
2737 4386 2929 4438 autem
2963 4398 3040 4446 1x,
3074 4395 3275 4436 mense
3299 4376 3470 4432 Maio.

2222 4477 2432 4531 Actum
2464 4476 2554 4529 est
2575 4472 2764 4544 Papiae
2787 4470 3047 4526 feliciter.

2891 4559 3034 4615 XVI.

2149 4654 2431 4711 Decretum
2462 4651 2706 4706 Heinrici
2734 4650 3083 4721 imperatoris
3114 4646 3266 4721 tertii
3291 4642 3702 4721 promulgatum
3742 4642 3802 4696 in

2219 4726 2419 4797 placito
2450 4723 2671 4797 Patavii
2688 4712 2870 4797 halgi'to
2897 4737 2997 4797 pro
3028 4719 3204 4797 tutela
3226 4712 3607 4797 guorumdqm
3627 4713 3793 4794 bon-o-

2225 4785 2370 4862 rum,
2435 4794 2504 4848 ad
2571 4793 2861 4849 monachos
2897 4785 2913 4793 ’
2936 4793 3147 4848 Sanctae
3210 4785 3441 4846 Iustinae
3505 4785 3796 4840 Patavinae

2221 4868 2603 4940 spectantium.

2771 4937 2964 5008 (Anno
2998 4934 3179 5003 1095.)

2436 5028 2786 5098 [MURATORL
2821 5027 3004 5094 Antiq,
3055 5023 3200 5089 Ital.,
3251 5019 3322 5085 ΙΙ,
3364 5016 3516 5087 943.]

2222 5117 2373 5172 Dum
2409 5117 2466 5169 in
2498 5115 2598 5170 Dei
2631 5113 2864 5169 nomine
2895 5113 2955 5168 in
2985 5099 3215 5167 civitate
3247 5105 3444 5163 Patavi
3494 5105 3554 5159 in
3608 5102 3796 5160 Broilo

2143 5208 2313 5279 juxta
2333 5202 2722 5276 episcopalem
2747 5203 2989 5258 domum
3005 5199 3065 5254 in
3073 5197 3300 5270 judicio
3322 5193 3614 5251 residebat
3635 5193 3795 5248 dom-

2153 5312 2264 5350 nus
2296 5293 2623 5360 Heinricus,
2650 5291 2746 5346 Dei
2779 5289 2987 5363 gratia,
3021 5288 3231 5344 tertius
3262 5286 3660 5342 Romanorum
3692 5279 3796 5334 im-

2151 5387 2383 5456 perator
2409 5383 2734 5454 Augustus,
2765 5379 2999 5434 adesset
3029 5393 3164 5433 cum
3194 5393 3259 5431 eo
3289 5372 3656 5428 Walbrunus
3688 5370 3793 5422 Ve-

2153 5471 2421 5528 ronensis
2449 5470 2759 5543 episcopus
2788 5483 2854 5522 ac
2884 5465 3289 5531 cancellarius,
3314 5459 3709 5528 Bruchardus,
3741 5459 3797 5512 et

2152 5560 2488 5617 Walnerius
2519 5555 2912 5623 marchiones,
2936 5554 3281 5613 Bonefacius
3302 5565 3520 5616 eomes,
3545 5546 3793 5603 Manfre-
3847 5567 3856 5571 ·

2154 5651 2266 5713 dus
2311 5663 2528 5722 comes,
2578 5645 2928 5720 Hisnardus,
2985 5643 3383 5728 Aldecherius,
3441 5635 3789 5718 Aiehardus,
