3962 6378
114 454 284 525 ’1188

1272 458 1816 526 ΛΕΤΗΕΕΗΕῸῙΙΒ
1859 458 1910 525 II
1956 457 2114 525 REX
2161 460 2388 524 ANGL.

3373 440 3530 525 me

124 596 262 669 Ugo,
295 595 651 653 Gumbertus
682 594 934 667 judices,
992 594 1337 670 Peregrinus
1389 596 1460 652 de
1517 596 1763 665 Verona,
1792 597 1850 666 Α
1885 596 2207 653 nasterium
2234 596 2306 651 de
2337 592 2624 668 praedictis
2657 593 2832 650 rebus
2861 593 3186 667 inquietare
3215 600 3317 651 aut
3348 595 3528 653 mole-

123 685 373 742 Ubertus
401 686 474 741 de
507 684 916 753 Fontanaviva,
950 688 1125 753 Cono,
1158 685 1507 741 Gumbertus
1537 686 1609 741 de
1636 685 1764 743 Tal-

119 791 281 840 sano,
316 773 619 831 Odelricus
676 775 750 829 de
806 773 1146 843 Salvazano,
1205 774 1362 830 Ucho
1419 774 1490 830 de
1543 773 1767 843 Casale,

121 862 476 931 Baronzello,
510 866 565 920 et
588 864 742 919 Cono
773 863 1046 932 Patuaro,
1082 864 1414 919 Bernardus
1459 863 1764 920 Almenar-

118 953 209 1021 do,
240 953 366 1010 Odo
395 952 469 1008 de
496 951 770 1008 Justinus
785 952 988 1024 judex,
1009 958 1067 1009 et
1087 951 1298 1024 reliqui
1319 951 1539 1025 plures.
1566 952 1765 1025 Ibique

116 1042 169 1097 in
203 1058 409 1098 eorum
436 1041 676 1097 veniens
706 1041 1014 1113 praesentia
1036 1041 1295 1097 Joannes
1355 1042 1658 1115 presbyter
1707 1045 1765 1097 et

114 1131 458 1199 monachus,
492 1130 653 1203 prior
682 1130 1024 1187 monasterii
1053 1134 1271 1186 Sanctae
1301 1129 1569 1195 Justinze,
1624 1146 1760 1186 cum

114 1219 333 1276 ceteris
361 1218 667 1276 monachis
686 1219 950 1291 ejusdem
975 1220 1334 1285 monasterii,
1359 1218 1603 1274 insimul
1626 1235 1760 1275 cum

112 1308 370 1383 lngelero
399 1309 680 1364 advocato
711 1308 1097 1380 suprascripti
1130 1308 1496 1371 monasterii,
1550 1307 1759 1364 retule-

117 1401 249 1454 runt
277 1401 336 1453 et
362 1400 664 1470 cmperunt
693 1396 902 1464 dicere,
937 1413 1003 1452 ac
1056 1395 1353 1469 postulare
1409 1397 1755 1452 mercedem.

118 1507 144 1537 κ
176 1486 437 1543 Petimus
458 1486 531 1542 ad
554 1502 678 1553 vos,
701 1486 916 1541 domne
938 1485 1274 1557 imperator,
1299 1489 1363 1540 ut
1381 1502 1504 1554 vos,
1527 1490 1762 1557 propter

114 1577 296 1632 Deum
329 1592 394 1631 ac
415 1579 673 1631 vestram
728 1575 1083 1642 mercedem,
1110 1573 1357 1629 mittatis
1381 1574 1640 1630 bandum
1667 1591 1763 1630 su-

115 1681 217 1737 per
246 1680 373 1732 nos,
405 1668 464 1719 et
491 1680 668 1736 super
695 1662 826 1719 illas
879 1680 972 1718 res
1029 1679 1177 1735 quas
1233 1679 1335 1718 rex
1382 1662 1631 1719 Litulfus
1688 1664 1762 1719 de

113 1753 349 1812 Cararia
374 1752 469 1809 hic
501 1754 557 1808 in
616 1756 811 1808 vestra
866 1752 1175 1823 praesentia
1225 1752 1394 1806 nobis
1452 1751 1757 1819 refudavit,

115 1842 336 1899 scilicet
364 1846 589 1898 curtem
616 1858 743 1913 quae
765 1844 1003 1896 vocatur
1022 1839 1400 1905 Montesilice,
1423 1856 1557 1895 cum
1580 1840 1763 1895 omni-

113 1933 224 1987 bus
259 1932 435 1987 rebus
464 1931 536 1987 ad
570 1931 757 2002 ipsam
775 1933 997 1985 curtem
1021 1928 1470 2001 pertinentibus,
1495 1934 1554 1984 et
1583 1946 1762 2001 super

120 2019 252 2077 illas
284 2036 397 2087 res,
429 2035 576 2091 quas
607 2018 744 2075 Milo
775 2022 831 2073 et
859 2018 1166 2074 Heinricus
1195 2017 1459 2089 germani
1492 2017 1763 2073 similiter

115 2108 209 2164 hic
230 2108 291 2165 in
316 2112 513 2164 vestra
542 2108 851 2179 praesentia
881 2106 1051 2163 nobis
1077 2106 1511 2175 refudaverunt,
1537 2106 1762 2162 scilicet

116 2195 273 2265 villa,
304 2213 433 2270 qua:
465 2196 681 2251 dicitur
724 2194 1015 2268 Lignaria,
1078 2200 1136 2251 et
1185 2194 1323 2250 villa
1369 2212 1495 2266 quae
1548 2195 1763 2250 dicitur

117 2284 361 2353 Ronchi,
392 2300 524 2339 cum
547 2283 822 2340 omnibus
872 2283 1235 2356 pertinentiis
1293 2283 1437 2350 suis,
1493 2287 1550 2338 et
1602 2282 1758 2351 villa,

117 2390 242 2446 que
275 2373 490 2429 dicitur
516 2373 793 2437 Tribano,
824 2377 881 2428 et
913 2373 1099 2445 Caput
1129 2372 1315 2427 Silvae.
1352 2396 1377 2421 »
1412 2374 1575 2428 Tunc
1624 2390 1758 2428 cum

117 2462 430 2535 praedictus
456 2462 708 2518 domnus
726 2460 1252 2535 imperatortaliter
1264 2462 1525 2517 audisset
1539 2478 1759 2518 merce-

117 2551 272 2620 dem,
304 2567 410 2624 per
429 2550 699 2623 judieum
719 2550 1053 2618 consilium,
1076 2550 1174 2623 qui
1199 2549 1278 2605 ibi
1299 2551 1565 2620 aderant,
1584 2555 1639 2607 et
1658 2568 1761 2623 per

115 2641 350 2708 fustem,
384 2655 559 2713 quem
590 2639 649 2695 in
682 2656 791 2696 sua
821 2641 1053 2695 tenebat
1078 2656 1282 2705 manu,
1315 2638 1477 2693 misit
1500 2640 1756 2695 bandum

114 2745 289 2803 super
316 2727 622 2802 praedictos
650 2728 969 2785 monachos
999 2732 1056 2784 et
1083 2745 1261 2800 super
1289 2745 1491 2784 eorum
1515 2728 1755 2784 advoca-

114 2822 260 2886 tum,
291 2822 351 2874 et
380 2833 558 2890 super
596 2818 939 2890 praedictum
991 2818 1435 2884 monasterium,
1475 2821 1534 2872 et
1580 2834 1758 2889 super

115 2907 637 2979 praedictasomnes
650 2906 782 2962 illas
795 2923 909 2975 res,
934 2923 1062 2979 quae
1086 2907 1357 2979 superius
1384 2906 1661 2979 leguntur
1696 2905 1754 2960 in

114 2996 431 3069 integrum,
456 2999 522 3051 ut
549 2993 749 3051 nullus
770 2995 1050 3067 quislibet
1070 2995 1245 3051 homo
1273 2994 1614 3068 praedictum
1638 3011 1760 3050 mo-

1875 690 2053 754 stare,
2094 685 2182 741 vel
2216 684 2501 740 devestire
2533 683 2761 739 audeat.
2798 683 2906 747 Qui
2951 700 3086 740 vero
3140 683 3249 741 hoc
3307 684 3525 753 fecerit,

1875 775 2019 831 sciat
2050 790 2111 831 se
2143 773 2611 845 compositurum
2644 773 2769 828 auri
2800 772 2985 845 optini
3035 772 3215 829 libras
3266 776 3527 840 centum,

1873 864 2244 919 medietatem
2269 879 2509 918 cameras
2532 860 2731 918 domui
2753 862 3217 934 imperatoris,et
3243 862 3526 920 medieta-

1871 957 1988 1008 tem
2015 953 2088 1007 ad
2118 951 2465 1024 praedictum
2498 952 2921 1007 monasterium
2975 951 3198 1008 Sancta:
3252 951 3522 1010 Justina.

1873 1042 1940 1097 Et
1964 1040 2379 1114 insupermisit
2428 1041 2712 1107 bandum,
2743 1043 2808 1096 ut
2827 1039 3365 1114 nullusepiscopus,
3399 1040 3529 1109 nul-

1870 1129 2080 1202 lusque
2110 1130 2293 1186 abbas
2324 1130 2633 1202 praedictas
2656 1146 2748 1185 res
2797 1130 3010 1185 audeat
3066 1129 3126 1184 in
3175 1122 3523 1187 beneﬁcium

1870 1217 2041 1273 alicui
2074 1219 2211 1275 dare
2242 1217 2331 1274 vel
2366 1206 2481 1291 per
2496 1217 2734 1274 titulum
2764 1218 3029 1291 pignoris
3049 1216 3223 1274 alicui
3243 1215 3521 1293 obligare,

1868 1306 1956 1363 vel
1986 1307 2693 1380 quodcunqueingenium
2712 1307 3034 1364 amanibus
3055 1307 3302 1363 fratrum
3333 1307 3525 1364 aufer-

1869 1413 1947 1451 re.
1983 1396 2090 1461 Qui
2120 1413 2258 1452 vero
2273 1397 2381 1452 hoc
2393 1396 2610 1464 fecerit,
2628 1396 2777 1452 sciat
2794 1412 2856 1452 se
2887 1397 3353 1469 compositurum
3370 1398 3522 1470 parti

1869 1486 2120 1557 publicae
2153 1484 2281 1541 auri
2314 1484 2520 1558 optimi
2552 1485 2735 1542 libras
2751 1489 3008 1541 centum.
3033 1485 3224 1541 Finita
3239 1489 3297 1541 et
3321 1502 3521 1555 causa,

1869 1577 1927 1628 et
1945 1572 2149 1629 notitia
2169 1590 2273 1647 pro
2288 1572 2596 1629 securitate
2608 1573 3075 1647 suprascriptum
3096 1574 3519 1631 monasterium

1869 1661 2095 1718 Sanctae
2116 1662 2367 1718 Justinaa
2397 1663 2522 1718 ﬁeri
2554 1663 3009 1719 admonuerunt.

1941 1751 2185 1818 Quidem
2216 1755 2273 1806 et
2303 1767 2407 1824 ego
2426 1751 2682 1807 Joannes
2700 1751 2966 1808 notarius
2987 1767 3056 1808 ex
3066 1751 3334 1823 jussione
3349 1752 3521 1809 dom-

1870 1839 2674 1912 niimperatoris,etjudicum
2718 1840 3520 1914 admonitionescripsi,anno

1868 1929 1939 1984 ab
1955 1928 2359 1984 Incarnatione
2378 1928 2611 1985 Domini
2625 1928 2851 1985 nostriJ
2857 1944 2962 1985 esu
2973 1928 3188 1985 Christi
3201 1928 3520 1986 millesimo

1872 2016 2250 2089 nonagesimo
2282 2016 2508 2088 quinto,
2538 2018 2794 2073 secundo
2828 2016 3112 2075 Kalendas
3143 2016 3325 2085 Junii,
3362 2018 3522 2075 indi-

1872 2106 2059 2160 ctione
2080 2104 2270 2160 tertia.

1938 2201 2002 2265 ›ι‹
2029 2194 2148 2267 Ego
2178 2194 2488 2251 Heinricus
2521 2195 2618 2251 Dei
2649 2195 2840 2267 gratia
2869 2195 3079 2252 tertius
3120 2196 3520 2254 Romanorum

1870 2282 2188 2355 imperator
2203 2285 2504 2356 Augustus
2524 2283 2869 2357 subscripsi.

1937 2380 2001 2443 ›ι‹
2029 2372 2146 2445 Ego
2163 2371 2515 2429 Wilbrunus
2534 2372 2919 2430 cancellarius
2938 2391 3006 2430 ex
3014 2375 3039 2445 j
3049 2375 3289 2432 ussione
3312 2377 3516 2433 domni

1869 2461 2240 2534 imperatoris
2270 2479 2451 2517 manu
2482 2479 2613 2518 mea
2633 2462 2977 2536 subscripsi.

1937 2555 2000 2618 ἄ(
2030 2551 2146 2623 Ego
2177 2550 2651 2622 Isnardusjudex
2671 2551 3014 2625 subscripsi.
3060 2574 3067 2578 ·

1936 2637 2000 2702 ’Β
2030 2640 2144 2713 Ego
2174 2638 2514 2713 Aldegerius
2527 2641 2711 2713 judex
2740 2641 2997 2699 interfui.

1935 2735 1999 2799 ᾖ
2027 2729 2145 2801 Ego
2176 2728 2296 2801 Ugo
2320 2729 2504 2800 judex
2532 2729 2791 2785 interfui.

1934 2817 1996 2879 ti
2025 2819 2142 2891 Ego
2174 2818 2528 2874 Gumbertus
2546 2818 2729 2890 judex
2758 2819 3016 2876 interfui.

2028 2907 2147 2980 Ego
2177 2906 2738 2979 Agichardusjudex
2752 2908 3010 2965 interfui.

2027 2997 2144 3069 Ego
2176 2996 2526 3069 Peregrinus
2547 2997 2730 3069 judcx
2760 2996 3025 3054 interfui

2026 3121 3520 3154 tu

632 3209 1992 3414 ANGLORUM
2120 3245 2976 3416 REGUM

1302 3497 1423 3562 QUI
1462 3496 1755 3553 SECULO
1794 3496 1865 3553 XI
1906 3496 2306 3553 FLORUERE.

458 3651 859 3769 LEGES
971 3653 2027 3770 EGCLESIASTlC/E
2132 3655 2288 3767 ET
2396 3655 3168 3839 Dl‘PLOMATA

972 3977 2377 4111 ETHELREDUS
2481 3982 2630 4107 ΙΙ

1526 4196 1728 4279 (Anno
1757 4196 2104 4277 979-1016.)

1623 4369 1937 4381 -ι--ιιιι-

654 4458 1057 4554 LEGES
1127 4456 2140 4552 ECCLESIASTICXE
2208 4456 2966 4555 ETHELREDI

1237 4628 1471 4699 (MANSI,
1506 4628 1708 4685 Cone-il.
1743 4630 1885 4683 tom.
1920 4627 2065 4694 XIX,
2101 4625 2209 4682 col.
2241 4625 2392 4697 319.)

113 4870 360 4938 Quatuor
386 4872 576 4942 partes
619 4868 891 4925 habentur
918 4871 979 4924 in
1023 4869 1339 4927 Jornalensi
1380 4872 1800 4997 τηαηιιδσνίρεῗ)ι
1824 4870 1945 4926 Tres
1990 4871 2199 4997 ρζὶίὶεεδ
2247 4870 2329 4925 nil
2385 4868 2673 4941 Conferant
2720 4871 2784 4925 in
2834 4887 2954 4927 rem
2995 4873 3268 4941 Ecclesiae,
3329 4879 3521 4948 quarta

1466 4957 1586 4997 vero
1610 4958 1715 4997 sun
1804 4958 1881 4997 aee
1907 4958 2030 4997 cam
2056 4958 2091 4996 u
2157 4983 2168 4996 .

1466 4957 1586 4998 vero
1610 4957 1738 4997 sunt
1766 4957 1881 4997 I180
1907 4957 2168 5014 capitula.

527 5101 765 5158 TITULI
809 5101 1066 5159 CAPITU
1075 5102 1342 5159 LORUM.

108 5190 144 5243 1.
174 5191 250 5248 De
276 5190 515 5247 denario
544 5199 750 5249 sancte
779 5193 1027 5248 Ecclesiae
1069 5192 1267 5260 dando,
1317 5196 1371 5247 et
1414 5192 1479 5249 de
1524 5192 1766 5249 decima-

174 5282 325 5338 tione
356 5281 711 5354 thaynorum.

109 5369 174 5422 11.
205 5370 282 5426 De
299 5370 540 5443 jejunio,
572 5372 624 5426 et
644 5371 939 5442 feriatione
967 5372 1141 5427 trium
1167 5370 1381 5427 dierum
1409 5374 1536 5427 ante
1562 5378 1764 5443 festum

172 5461 359 5515 sancti
399 5458 682 5518 Michalis.

112 5547 196 5614 ιη.
230 5546 377 5616 Quid
404 5549 531 5619 regi
557 5555 610 5604 et
626 5548 830 5621 populo
858 5552 1010 5605 omni
1035 5549 1123 5605 die
1143 5552 1213 5606 sit
1233 5550 1585 5607 cantandum.

116 5635 195 5691 IV.
242 5638 322 5695 De
376 5637 870 5696 consuetudinibus
924 5646 1133 5699 sanctw
1187 5641 1286 5696 Dei
1336 5640 1589 5699 Ecclesia:
1646 5638 1767 5696 red-

118 5723 324 5788 dandis.

1792 5106 1839 5170 D
1877 5104 1932 5160 V.
1965 5104 2043 5160 Ne
2072 5105 2196 5175 quis
2224 5103 2491 5160 vendatur
2505 5104 2661 5159 extra
2676 5104 2940 5175 patriam.

1883 5194 1959 5249 VI.
1985 5194 2061 5250 De
2089 5195 2327 5250 roboria.

1878 5272 1982 5340 VH.
2017 5284 2090 5339 De
2120 5284 2492 5355 eleemosynis,
2525 5286 2577 5338 et
2604 5283 3025 5341 rectitudinibus
3054 5284 3313 5342 ecclesiae.

1944 5388 2069 5428 HEC
2108 5387 2530 5429 INSTITUERUNT
2569 5389 2679 5428 REX
2715 5389 3097 5431 ETHELREDUS
3136 5389 3203 5430 ET

2088 5478 2388 5519 SAPIENTES
2426 5478 2562 5519 EJUS
2599 5479 2753 5519 APUD
2785 5479 2981 5519 HABAM

2519 5551 2897 5609 CAPITULA.

1946 5639 1991 5695 Ι.
2024 5640 2088 5695 In
2114 5639 2325 5713 primis
2358 5644 2423 5696 ut
2447 5656 2603 5697 unus
2660 5646 2815 5699 Deus
2845 5640 3527 5716 superomniadiligatur

1887 5734 1944 5789 st
1971 5728 2307 5803 honoretur,
2339 5732 2396 5788 et
2425 5732 2491 5789 ut
2520 5746 2726 5793 omnes
2752 5731 2874 5813 regi
2896 5730 3048 5795 's’uo’
3073 5735 3319 5813 pareant
3372 5729 3526 5809 sicut
3578 5772 3581 5777 -
