3962 6372
85 457 88 462 .
160 400 328 466 Μϐῦ

1307 407 1854 472 IETHELREDUS
1895 407 1949 470 Il
1992 408 2150 471 REX
2193 404 2427 473 ANGL.

3406 373 3585 469 4170'

152 539 342 611 judex
372 555 487 596 non
509 539 1212 612 potestaccedererectam
1226 544 1436 616 judicii
1459 544 1806 600 satisfactio-
1835 548 1891 616 Α
1918 543 2106 600 lendas
2148 558 2441 615 personam
2485 544 2723 600 hominis
2764 545 2826 599 in
2869 542 3100 616 judicio,
3128 558 3225 601 nec
3253 544 3563 624 procliqu‘o

161 645 330 696 nem;
365 645 504 684 nam
535 646 638 702 per
668 630 882 687 furoris
906 631 1345 689 exczscationem
1380 651 1495 689 non
1536 633 1812 706 perspicit
1916 635 2085 705 [acies
2114 642 2174 688 ut
2203 651 2238 688 α
2264 649 2388 688 vero
2418 633 2672 701 declines,
2698 639 2748 690 et
2777 637 2986 708 injuste
3003 634 3235 706 judices.
3259 625 3563 707 Susceptio

158 717 534 774 rectitudinis
573 718 918 776 claritatem.
951 726 1187 777 Justum
1230 723 1523 794 judicium
1568 727 1675 789 est,
1710 723 1810 778 ubi

157 823 276 861 non
315 823 567 878 persona
615 808 1036 866 consideratur.
1092 811 1389 885 Scriptum
1421 815 1509 868 est
1541 830 1553 868 :
1587 814 1704 868 Non
1729 817 1810 867 at-

1920 722 2181 778 muneris
2211 725 2302 778 est
2332 722 2597 778 dimissio
2627 723 2908 780 veritatis.

158 955 3568 984 Ἢ

910 1098 1677 1189 PRIVILEGIUM
1736 1101 2073 1189 REGIS
2143 1100 2820 1189 AETHELREDI

1335 1277 1473 1334 PRO
1514 1279 1846 1334 ECCLESIA
1884 1279 2401 1336 CANTUARIENSI

164 1427 290 1501 Quo
321 1427 663 1507 ojecte'onem
693 1429 1043 1519 clericorum
1073 1428 1143 1489 de
1171 1431 1523 1519 monasterio
1555 1430 1784 1519 C(zrzsn'
1807 1430 2222 1519 Cantuarzensz‘
2247 1440 2300 1519 et
2330 1430 2726 1519 z'nductgpnem
2752 1435 3174 1519 monachorum
3213 1437 3568 1519 gratulatur

711 1519 767 1568 et
795 1507 1108 1589 conﬁrmat
1137 1511 1310 1571 villas
1339 1510 1523 1572 eidem
1550 1511 1870 1592 plurimas,
1904 1521 1958 1572 et
1986 1511 2354 1592 amplissima
2377 1513 2697 1594 privilegia
2727 1514 3011 1578 concedit.

729 1670 962 1740 (MANSI,
997 1671 1200 1727 Concil.
1227 1674 1372 1726 tom.
1405 1671 1549 1740 XIX,
1585 1671 1692 1726 col.
1725 1671 1850 1742 321,
1877 1684 1947 1726 ex
1976 1687 2088 1727 ms.
2122 1672 2481 1739 Cottoniano,
2518 1673 2780 1730 Claudius
2807 1675 2872 1730 A.
2906 1675 2984 1747 3.)

1649 1825 2072 1836 —————-————-—

232 1950 295 2004 In
323 1947 558 2004 nomine
589 1946 819 2003 Domini
850 1947 950 2003 Dei
978 1947 1555 2022 omnipotentis.Ego
1578 1953 1808 2031 ErHEL-
1840 1954 1889 2019 Β
1923 1951 2127 2007 Cantio
2158 1951 2488 2024 Meapham,
2523 1952 2815 2025 Culingas.
2852 1956 2918 2009 In
2950 1953 3189 2012 Suthria
3215 1967 3396 2030 prope
3427 1959 3574 2016 Leni-

160 2054 374 2104 nsnus,
396 2036 495 2093 Dei
522 2037 710 2109 gratia
738 2036 930 2109 gentis
958 2037 1212 2110 Anglicas
1263 2054 1378 2106 rex,
1405 2041 1462 2093 et
1492 2039 1810 2094 monarcha

161 2128 343 2185 etiam
374 2126 620 2182 aliarum
652 2124 979 2181 insularum
1012 2125 1576 2198 circumjacentiurn.

232 2217 449 2273 Notum
467 2215 614 2271 facio
629 2214 886 2288 Anglicis
908 2214 1255 2271 Christianis
1271 2216 1426 2288 quod
1444 2217 1810 2272 venerandus

162 2305 638 2377 archiepiscopus
649 2303 1012 2372 /Elfricus,ex
1033 2305 1349 2377 episcopali
1370 2322 1478 2362 sua
1498 2307 1806 2379 sapientia,

161 2413 305 2452 cura
332 2411 426 2450 me
451 2393 604 2449 circa
631 2396 918 2465 praecepta
940 2393 1040 2448 Dei
1072 2393 1285 2466 saepius
1306 2399 1654 2466 occupatum
1679 2397 1806 2452 red-

165 2485 348 2551 didit;
396 2499 502 2557 ego
559 2483 734 2538 etiam
784 2482 881 2538 Dei
933 2482 1234 2551 instinctu,
1271 2484 1556 2556 quidquid
1603 2485 1807 2540 divinae

161 2571 324 2628 illius
353 2570 626 2628 doctrinae
659 2577 715 2627 et
744 2571 1169 2643 praedicationis
1218 2572 1363 2627 mihi
1410 2573 1807 2629 necessarium

161 2662 338 2718 fuerit
367 2660 569 2717 sedulo
618 2660 919 2717 addiscere
943 2661 1089 2717 volo.
1124 2662 1194 2716 Et
1240 2662 1390 2717 hanc
1438 2662 1807 2734 disciplinam

162 2750 425 2823 intelligo
456 2767 560 2823 per
587 2750 894 2805 hominum
928 2749 1210 2805 malitiam
1243 2755 1300 2806 et
1329 2751 1675 2823 injustitiam
1719 2753 1807 2806 ni-

163 2839 278 2897 mis
307 2839 422 2895 late
451 2838 737 2912 perditam
771 2842 827 2893 et
859 2838 1133 2894 abolitam
1159 2857 1305 2895 esse.

237 2931 302 2984 In
334 2927 628 2984 intellectu
660 2943 790 2983 meo
822 2927 996 2984 etiam
1027 2928 1193 2985 video
1223 2933 1280 2985 et
1323 2929 1490 3002 plane
1523 2929 1808 3002 perspicio

163 3020 319 3076 hanc
339 3017 713 3090 disciplinam
729 3033 831 3090 per
847 3019 1320 3090 presbyterorum
1334 3019 1620 3075 incuriam
1639 3019 1808 3092 longe

162 3109 397 3181 lateque
447 3106 806 3180 negligenter
849 3111 1206 3180 corruptam,
1241 3125 1306 3162 ac
1353 3109 1455 3163 Dei
1507 3109 1807 3164 servitium

163 3198 452 3254 omissum
483 3200 540 3251 et
568 3197 886 3269 frigescens
917 3213 1044 3252 esse
1071 3197 1444 3253 vehementer
1474 3198 1660 3253 doleo.
1681 3199 1807 3254 Dixi

161 3287 341 3344 etiam
373 3284 721 3342 consiliariis
748 3287 911 3356 meis,
948 3285 1047 3358 qui
1078 3285 1222 3341 mihi
1265 3287 1334 3342 de
1384 3288 1558 3342 rebus
1597 3287 1808 3344 divinis

160 3382 220 3433 et
249 3376 568 3432 mundanis
597 3374 907 3430 consilium
939 3376 1098 3443 dant,
1123 3377 1278 3448 quod
1308 3376 1460 3432 Deus
1489 3375 1606 3432 illis
1639 3377 1808 3433 intel-

159 3466 382 3523 lectum
436 3464 658 3520 dederit
687 3464 746 3520 in
779 3464 958 3520 animi
1008 3465 1121 3520 mei
1169 3465 1598 3521 exaltationem.
1646 3468 1809 3522 Tunc

158 3555 244 3611 illi
277 3554 645 3626 inquiebant,
678 3553 796 3609 Deo
827 3553 1169 3626 opitulante,
1206 3553 1417 3611 melius
1435 3555 1574 3622 fore,
1602 3555 1650 3610 si
1682 3573 1808 3628 pre-

160 3645 428 3718 sbyteros
460 3643 530 3698 ab
563 3641 822 3698 ecclesiis
853 3641 1066 3698 Christi
1097 3648 1332 3715 propter
1361 3643 1670 3700 manifesta
1693 3643 1814 3700 illo-

161 3748 295 3788 rum
327 3730 547 3788 scelera
577 3735 633 3787 et
663 3731 911 3787 crimina
940 3731 1308 3804 expellerem,
1341 3737 1397 3788 et
1444 3733 1503 3787 in
1553 3733 1811 3788 ecclesiis

161 3821 380 3879 Christi
412 3820 719 3876 monastici
744 3820 968 3877 ordinis
987 3821 1257 3878 homines
1270 3821 1812 3894 constituerem,qui

162 3927 269 3984 pro
300 3927 394 3965 me
423 3914 481 3965 et
510 3914 679 3982 gente
710 3926 840 3965 mea
870 3911 1087 3966 ibidem
1121 3911 1226 3966 rite
1250 3911 1364 3966 Deo
1389 3928 1586 3984 preces
1606 3916 1662 3967 et
1680 3927 1810 3984 gra-

161 3999 276 4055 tias
325 3998 656 4054 lunderent.
694 3999 810 4054 Hoc
843 3999 997 4054 idem
1048 4016 1152 4071 ego
1200 3999 1391 4068 effeci;
1448 4000 1507 4055 in
1552 4000 1812 4056 ecclesiis

166 4088 383 4146 Christi
423 4088 740 4143 monachos
784 4088 1058 4143 constitui
1107 4090 1177 4144 ad
1227 4105 1426 4144 eorum
1481 4090 1811 4162 exemplum

167 4194 318 4251 quos
349 4177 409 4233 S.
431 4178 796 4249 Augustinus
827 4177 940 4232 huc
972 4177 1166 4234 attulit
1197 4180 1350 4251 quod
1382 4179 1478 4235 ille
1510 4179 1731 4236 scilicet
1755 4180 1812 4235 in

165 4265 430 4323 ecclesiis
459 4266 668 4322 Christi
699 4283 771 4323 ex
800 4267 857 4322 S.
889 4268 1145 4340 Gregorii
1177 4273 1480 4340 praecepto,
1514 4274 1570 4324 et
1617 4270 1813 4340 magni

167 4355 324 4428 regis
375 4355 715 4411 Ethelberti
759 4355 1000 4412 consilio
1049 4361 1104 4412 et
1152 4356 1386 4425 auxilio,
1429 4374 1527 4414 eos
1583 4362 1816 4414 sanctos

167 4444 490 4502 monachos
514 4444 731 4500 ibidem
763 4444 1089 4511 collocaret,
1123 4463 1269 4518 quos
1296 4464 1494 4503 secum
1515 4447 1574 4501 in
1597 4452 1815 4502 terram

166 4535 320 4591 hanc
364 4532 662 4589 attulerat.
703 4535 772 4589 Et
817 4551 950 4589 cum
996 4535 1266 4591 monachi
1316 4538 1692 4608 postmodum
1743 4536 1815 4590 ob

166 4627 436 4680 sanctam
466 4639 665 4678 eorum
701 4624 1198 4681 conversationem
1225 4625 1480 4697 episc0pi
1499 4623 1635 4682 facti
1657 4628 1814 4693 sunt,

1919 2039 2125 2095 dinum
2154 2041 2591 2114 Wealawyroth
2614 2041 2816 2098 itidem
2841 2041 2993 2099 ultra
3012 2043 3571 2105 Thamissin.Hrise-

1918 2130 2142 2201 byrgan
2176 2131 2248 2185 ad
2281 2131 2606 2203 marginem
2635 2131 2921 2201 Cilternte,
2955 2134 3026 2188 ad
3079 2135 3285 2191 urbem
3315 2136 3569 2194 ecclesias

1918 2218 2131 2275 Christi
2179 2236 2359 2292 prope
2410 2220 2706 2290 adjacens.
2757 2224 2823 2276 In
2885 2221 3123 2278 Essexia
3172 2223 3454 2299 Laellin'g.
3502 2231 3568 2284 In

1919 2308 2184 2364 orientali
2214 2308 2421 2381 Anglia
2449 2308 2769 2374 Hadleh,et
2795 2309 3007 2366 vicinia
3026 2309 3324 2370 Illaleh‘.-Ih
3347 2316 3569 2373 'Paneta

1919 2397 2152 2469 regione
2183 2396 2391 2470 aliquae
2417 2400 2602 2454 terra.

1991 2487 2077 2541 Sit
2101 2487 2484 2565 imposterum
2511 2487 2620 2542 hoc
2649 2487 3009 2544 antedictum
3035 2490 3458 2548 monasterium
3493 2494 3567 2550 ab

1919 2576 2076 2632 omni
2111 2579 2337 2631 terreno
2369 2576 2615 2640 servitio,
2647 2576 2900 2633 liberum
2947 2594 3083 2633 cum
3130 2577 3406 2636 omnibus
3433 2581 3568 2638 vilis

1919 2667 1991 2720 ad
2021 2665 2079 2720 id
2114 2665 2562 2737 pertinentibus,
2593 2666 2704 2722 hoc
2751 2671 2840 2722 est
2877 2666 2936 2722 in
2983 2668 3231 2741 campis,
3265 2672 3322 2725 et
3362 2668 3422 2724 in
3469 2687 3568 2744 pa-

1918 2753 2095 2821 scuis,
2130 2759 2186 2810 et
2210 2754 2269 2808 in
2301 2755 2503 2826 pratis,
2527 2759 2582 2810 et
2612 2755 2670 2810 in
2702 2754 2949 2825 silvis,et
2976 2756 3035 2812 in
3067 2758 3336 2815 mariscis
3367 2757 3563 2829 salsis,

1918 2847 1973 2899 et
1999 2844 2056 2899 in
2089 2843 2530 2916 piscationibus,
2564 2848 2620 2899 et
2647 2843 2706 2899 in
2748 2845 3178 2916 venationibus,
3209 2851 3266 2903 et
3288 2847 3350 2904 in
3377 2866 3562 2905 aucu-

1918 2931 2273 3003 pationibus,
2297 2932 2551 3004 exceptis
2581 2931 2674 2987 his
2702 2931 3150 2999 tribus,scilicet
3178 2935 3562 3007 expeditione,

1918 3019 2183 3092 pontium
2211 3019 2542 3088 refectione,
2570 3025 2627 3076 et
2656 3021 2881 3077 arcium
2920 3023 3304 3096 reparatione.
3338 3023 3398 3080 Si
3431 3025 3564 3095 quis

1917 3110 2064 3165 bene
2078 3113 2341 3165 moratus
2353 3108 2524 3165 homo
2537 3109 2645 3164 hoc
2657 3109 3023 3182 privilegium
3049 3128 3246 3168 meum
3268 3112 3566 3170 beneficiis

1918 3198 2310 3271 augeat,Deus
2339 3197 2706 3270 omnipotens
2731 3199 3151 3256 habitationem
3173 3202 3300 3272 ejus
3319 3201 3380 3257 in
3402 3201 3565 3260 ccele-

1920 3287 2109 3343 stibus
2139 3287 2708 3356 mansionibus,cum
2733 3287 3009 3343 omnibus
3038 3288 3256 3344 sanctis
3286 3290 3567 3347 cumulet.

1921 3377 1980 3433 Si
2013 3379 2208 3430 autem
2226 3374 2438 3447 aliquis
2456 3375 2646 3432 malus
2663 3375 2838 3437 homo
2855 3393 2890 3432 a
2909 3376 3140 3433 diabolo
3166 3376 3566 3436 inﬂammatus

1921 3465 2017 3531 sit,
2051 3467 2117 3519 ut
2146 3464 2255 3518 hoc
2285 3481 2482 3519 meum
2512 3464 2880 3538 privilegium
2910 3464 3220 3534 diminuat,
3269 3467 3357 3523 vel
3405 3468 3568 3540 parvi

1922 3553 2116 3624 faciat,
2151 3553 2227 3608 sit
2257 3552 2450 3608 socius
2478 3552 2644 3608 Judae
2675 3553 2988 3626 proditoris
3035 3553 3251 3610 Christi
3282 3554 3570 3612 laceretur

1922 3660 2133 3698 canum
2152 3642 3269 3707 infernaliumdentibusinterterribilia
3290 3644 3567 3718 gehennaa

1922 3731 2209 3803 supplicia
2240 3747 2373 3786 cum
2406 3731 2681 3786 omnibus
2710 3730 2960 3788 diabolis
2998 3732 3222 3804 absque
3270 3731 3391 3790 ullo
3427 3733 3566 3801 fine,

1921 3821 2035 3877 nisi
2068 3820 2211 3875 illud
2241 3828 2371 3876 ante
2401 3820 2625 3876 obitum
2658 3837 2832 3876 suum
2863 3821 2971 3877 rite
2995 3820 3392 3878 emendaverit
3413 3822 3568 3895 quod

1923 3914 2122 3965 contra
2149 3909 2465 3965 Dominum
2497 3926 2673 3965 suum
2705 3909 2881 3982 impie
2910 3909 3570 3984 deliquerat.Siquidem

1923 3999 2108 4055 satius
2131 4002 2219 4054 est
2249 3999 2549 4054 hominem
2576 4016 2609 4054 a
2627 3999 2878 4071 peccatis
2900 4015 3100 4056 cavere
3121 4016 3301 4073 quam
3322 4017 3391 4057 ea
3409 4000 3570 4056 labo-

1925 4088 2074 4143 riose
2105 4088 2434 4143 emendare.
2469 4088 2720 4144 Obsecro
2750 4091 2806 4144 et
2834 4089 3040 4160 adjuro
3086 4104 3421 4156 vos,omnes
3456 4088 3572 4147 mei

1924 4176 2168 4248 legitimi
2200 4193 2760 4250 succcssores,reges
2791 4181 2849 4232 et
2878 4176 3135 4250 episcopi
3161 4181 3219 4233 et
3245 4181 3566 4245 senatores,

1924 4266 2232 4337 gentisque
2282 4265 2695 4334 dominatores,
2731 4281 2802 4321 ne
2860 4266 2991 4322 sitis
3046 4265 3300 4325 ecclesiae
3356 4265 3572 4323 Christi

1925 4354 2250 4424 praedones,
2281 4355 2382 4409 sed
2417 4359 2482 4409 ut
2513 4355 2642 4410 sitis
2672 4354 2861 4410 seduli
2909 4355 3183 4411 custodes
3231 4353 3572 4428 patrimonii

1925 4441 2158 4510 Christi,
2191 4447 2249 4498 et
2281 4443 2702 4498 monachorum
2733 4443 2990 4512 illorum,
3025 4443 3126 4516 qui
3165 4443 3246 4499 ibi
3285 4443 3402 4500 Deo
3451 4460 3574 4500 ser-

1923 4531 2113 4598 viunt,
2145 4535 2210 4585 ut
2239 4531 2298 4586 in
2330 4536 2676 4603 perpetuum
2716 4533 2935 4606 requie,
2967 4533 3086 4588 vita
3113 4536 3326 4588 aeterna
3355 4536 3412 4589 et
3429 4548 3575 4606 gau-

1928 4621 2022 4675 dio
2053 4620 2328 4675 fruamini
2361 4637 2492 4675 cum
2526 4621 2802 4677 omnibus
2833 4623 2961 4694 ejus
2992 4621 3212 4679 sanctis
3251 4636 3482 4692 semper
3513 4619 3574 4676 in

163 4718 333 4769 terra
407 4728 609 4767 eorum
685 4712 1087 4768 ecclesiasticae
1142 4714 1443 4770 ﬂorebant.
1506 4713 1819 4770 Monachos
1851 4707 1896 4771 D
1928 4713 2227 4766 aeternum.
2263 4711 2469 4764 Amen.

167 4801 348 4859 etiam
396 4800 504 4857 hos
550 4800 767 4858 ibidem
800 4801 1152 4872 habitantes,
1186 4808 1567 4876 congregatos
1599 4821 1725 4859 esse
1758 4803 1816 4858 in

165 4895 453 4947 aeternum
497 4890 606 4946 hoc
654 4890 952 4963 privilegio
1006 4893 1305 4958 confirmo,
1359 4897 1415 4946 et
1470 4892 1817 4947 nominatim

165 4979 438 5037 describo
478 4979 712 5036 illorum
763 4982 958 5045 urbes,
995 4997 1126 5053 quae
1174 4979 1501 5053 antiquitus
1546 4985 1602 5036 ct
1648 4998 1683 5036 a
1726 4998 1818 5036 me

165 5067 492 5141 Anglorum
535 5083 763 5141 rege,ac
793 5069 864 5124 ab
891 5068 1022 5124 aliis
1047 5068 1319 5125 ﬁdelibus
1344 5068 1683 5125 hominibus
1713 5069 1815 5125 ha-

167 5161 377 5213 ctenus
403 5156 476 5212 ad
507 5155 742 5212 illorum
774 5174 1001 5213 sacram
1035 5158 1232 5213 sedem
1263 5174 1548 5213 concessae
1579 5163 1735 5213 sunt.

239 5245 440 5301 Prima
467 5249 556 5300 est
584 5245 868 5318 Eastrige,
897 5263 1074 5318 quam
1107 5245 1400 5317 regionem
1431 5247 1501 5301 ad
1545 5247 1819 5302 ecclesias

167 5332 388 5390 Christi
420 5349 522 5406 pro
549 5333 750 5390 anima
770 5339 1046 5401 mea,tam
1072 5335 1131 5389 in
1153 5333 1324 5389 terris
1347 5351 1523 5406 quam
1546 5336 1605 5390 in
1629 5335 1819 5391 littore

169 5423 664 5495 maris,perpetuo
685 5425 1116 5480 concedo.Tum
1137 5423 1436 5493 Joccham,
1451 5423 1818 5497 Bosingtum,

168 5512 464 5568 Edesham
494 5516 552 5568 et
579 5513 850 5583 Apeldra,
912 5513 1132 5569 Berwic
1188 5511 1448 5585 parvula,
1509 5516 1566 5568 et
1622 5514 1818 5586 Swyr-

170 5599 440 5656 dhlincas
497 5601 900 5670 Prmostatum,
963 5601 1277 5670 Gravanea,
1350 5601 1579 5675 Wylan,
1642 5601 1817 5669 Ciart,

171 5689 475 5754 Fernleah.
534 5690 599 5748 In
665 5691 918 5749 Suvﬂ'exia
975 5691 1303 5764 Peccingas.
1366 5692 1430 5749 In
1477 5690 1821 5750 occidentali

2000 4801 2113 4871 Ego
2144 4797 2507 4853 {Ethelredus
2539 4799 2893 4871 Angliac,hoc
2924 4799 3179 4857 ecclesiae
3210 4796 3428 4855 Christi
3456 4795 3574 4871 pri-

1923 4888 2197 4961 vilegium
2231 4905 2298 4942 ex
2329 4886 2668 4942 auctoritate
2698 4886 2910 4944 Christi
2942 4889 3244 4945 confirmo.

1999 4980 2116 5050 Ego
2162 4976 2452 5043 jEll‘ricus,
2503 4975 2771 5032 Ecclesiae
2818 4977 3029 5034 Christi
3077 4977 3573 5051 archiepiscopus,

1927 5068 2063 5123 boni
2096 5066 2250 5139 regis
2279 5064 2740 5121 muniﬁcentiam
2769 5065 2936 5138 signo
2979 5066 3170 5123 crucis
3199 5066 3260 5122 in
3293 5069 3573 5122 aeternum

1927 5157 2256 5212 corroboro.

2000 5247 2113 5318 Ego
2136 5243 2994 5312 Wull‘stanus,Londinensium
3012 5243 3573 5316 episcopus,domini

1928 5335 2040 5389 mei
2073 5333 2254 5390 nobili
2280 5335 2431 5390 dono
2462 5350 2694 5406 semper
2721 5333 3039 5390 consentio.
3462 5347 3464 5350 '

1998 5425 2116 5496 Ego
2145 5422 2431 5490 1Elt'heah,
2464 5423 2964 5480 Wintoniensium
2989 5420 3439 5495 episcopus,hoc
3471 5438 3573 5478 an-

1927 5511 2124 5569 tedicti
2156 5511 2310 5582 regis
2342 5513 2628 5584 scriptum
2660 5513 2806 5570 meis
2836 5512 3059 5570 viribus
3091 5509 3393 5567 conﬁrmo.

1996 5602 2113 5674 Ego
2145 5600 2554 5673 Ordhbyrhtus
2583 5603 2891 5676 episcopus
2941 5601 3096 5659 idem
3116 5598 3282 5675 ghoc]
3301 5613 3437 5655 cum
3473 5599 3575 5656 D’ei

1928 5690 2329 5750 benedictione
2358 5689 2489 5748 feci.
