3962 6398
152 410 315 481 H73

1408 417 1768 484 CANUTUS
1811 416 1836 480 Ῑ
1879 413 2036 480 REX
2081 413 2313 479 ANGL.

3397 395 3597 484 1114'

153 550 251 609 tiis
281 549 665 621 sacerdotem,
703 548 802 626 qui
831 548 1173 628 regulariter
1201 552 1362 622 vivit,
1395 556 1593 610 oneret
1623 557 1798 626 atque
1825 553 1881 622 Α
1909 551 2204 626 gnationis
2234 549 2483 624 gradum
2507 545 2568 606 in
2586 545 2820 624 propria
2839 547 3122 610 afﬁnitate
3138 568 3402 628 unquam
3421 573 3557 616 uxo-

151 641 250 698 ille
280 642 407 714 ipse
435 641 704 699 conscius
737 643 813 698 sit
859 644 1222 712 innocentiae,
1255 643 1504 699 celebret
1535 642 1798 710 missam,

153 731 204 789 si
233 731 494 798 audet,et
519 736 729 804 purget
757 731 920 789 solus
951 732 1210 805 seipsum
1245 750 1347 804 per
1381 732 1564 788 solam
1596 732 1804 787 eucha-

150 820 380 877 ristiam
413 837 446 875 a
476 819 729 892 simplici
771 821 1175 889 accusatione;
1209 827 1264 876 ct
1308 820 1598 893 triplicem
1639 837 1803 876 accu-

151 908 440 964 sationem
473 914 700 980 purget,
735 909 784 964 si
812 911 1023 965 audeat
1052 910 1229 964 etiam
1261 910 1318 964 in
1357 911 1414 965 S.
1448 908 1804 964 eucharistia

152 1014 289 1054 cum
309 997 540 1054 duobus
561 999 826 1069 ejusdem
850 1015 983 1054 cum
997 1013 1063 1054 eo
1087 999 1330 1054 ordinis.
1353 999 1412 1053 Si
1445 997 1575 1067 quis
1607 999 1804 1053 diaco-

149 1103 296 1142 num
326 1087 689 1158 accuset,qui
722 1087 1066 1160 regulariter
1093 1087 1250 1155 vivit,
1271 1086 1524 1159 simplici
1558 1103 1803 1142 accusa-

155 1175 335 1245 tione,
360 1179 558 1230 sumat
588 1176 735 1231 duos
781 1177 1048 1247 ejusdem
1101 1177 1425 1231 secundum
1473 1175 1715 1242 ordinis,
1748 1179 1804 1230 et

151 1268 364 1338 purget
394 1280 456 1320 se
481 1279 615 1319 cum
645 1263 783 1320 illis.
802 1266 874 1320 Et
903 1265 951 1319 si
986 1269 1290 1320 accusetur
1317 1263 1533 1336 triplici
1567 1280 1801 1319 accusa-

148 1353 534 1420 tione,sumat
564 1369 665 1410 sex
694 1354 960 1424 ejusdem
992 1354 1218 1410 ordinis
1252 1355 1330 1425 (et
1360 1354 1483 1426 ipse
1515 1353 1592 1408 sit
1622 1353 1800 1424 septi-

150 1443 308 1512 mus)
331 1445 390 1498 et
413 1446 624 1515 purget
639 1459 702 1498 se
725 1442 931 1498 illis.Si
963 1443 1225 1515 plebeius
1258 1442 1530 1498 sacerdos
1561 1458 1802 1497 accusa-

150 1531 413 1587 tionibus
441 1534 710 1587 oneretur
739 1533 893 1604 quod
917 1531 1242 1605 regularem
1264 1532 1442 1587 vitam
1465 1547 1580 1585 non
1610 1531 1801 1603 degat,

151 1624 365 1693 purget
410 1637 470 1676 se
530 1620 684 1676 sicut
742 1621 1025 1677 diaconus
1083 1621 1183 1694 qui
1237 1621 1564 1694 regularem
1621 1621 1802 1674 vitam

149 1708 366 1781 agit.Et
397 1708 445 1766 si
475 1709 608 1782 quis
639 1709 846 1766 amicis
867 1709 1216 1766 destitutum
1241 1709 1440 1765 altaris
1463 1707 1802 1764 ministrum

150 1797 625 1855 accusationibus
646 1803 866 1865 oneret,
883 1799 982 1871 qui
1001 1817 1117 1855 non
1138 1797 1799 1864 habetsacramentales,

147 1889 242 1986 eat
271 1886 553 1985 adoﬁ'am
608 1890 992 1956 exsecratam,
1021 1890 1078 1941 et
1130 1886 1211 1941 ibi
1270 1887 1390 1955 ﬁat,
1425 1885 1597 1940 sicuti
1647 1888 1800 1983 Deus
1831 1921 1879 1986 B

144 1974 414 2042 voluerit,
435 1975 548 2030 nisi
576 1992 639 2031 se
670 1976 850 2047 per.S.
876 1975 1292 2031 eucharistiam
1316 1991 1567 2047 purgare
1594 1972 1800 2046 possit.

146 2063 220 2119 Et
243 2063 296 2119 si
329 2063 463 2136 quis
493 2065 676 2120 sacris
729 2064 1030 2120 initiatum
1090 2063 1409 2119 inimicitiae
1468 2065 1720 2130 accuset,
1751 2066 1808 2117 et

147 2152 308 2208 dicat
337 2153 494 2224 quod
526 2152 826 2208 homicidii
876 2157 1078 2208 auctor
1135 2153 1230 2220 sit,
1263 2152 1353 2208 vel
1410 2151 1803 2222 consiliarius,

147 2245 361 2314 purget
397 2259 458 2298 se
484 2258 588 2314 per
616 2246 895 2314 cognatos
925 2241 1193 2313 suos,qui
1214 2240 1582 2296 inimicitiam
1603 2239 1806 2295 tolera-

145 2347 208 2387 re
231 2330 320 2387 vel
345 2332 657 2387 emendare
677 2331 987 2387 debent.Et
1017 2331 1065 2386 si
1094 2331 1171 2386 sit
1191 2330 1456 2402 cognatis
1485 2328 1802 2384 destitutus

139 2423 352 2493 purget
381 2436 443 2475 se
475 2436 580 2491 per
608 2420 818 2488 socios,
841 2419 929 2475 vel
955 2419 1251 2491 jejunium
1280 2418 1581 2491 suscipiat,
1615 2416 1663 2472 si
1696 2433 1800 2472 au-

141 2509 360 2575 deat,ct
392 2525 459 2563 ea
490 2509 562 2563 ad
594 2509 767 2564 olI'am
815 2513 1195 2573 exsecratam,
1228 2512 1285 2563 et
1344 2507 1423 2561 ibi
1481 2507 1602 2574 ﬁat,
1628 2505 1801 2560 sicuti

139 2601 296 2654 Deus
305 2599 329 2668 j
339 2597 752 2653 udicaverit.Et
767 2597 1092 2653 nullustem
1104 2596 1180 2670 pli
1199 2595 1521 2652 monachus
1536 2610 1797 2666 unquam

133 2687 271 2758 jure
300 2685 616 2742 inimicitiae
644 2686 1182 2758 compensationem
1214 2690 1429 2759 petere,
1464 2701 1569 2740 nec
1600 2683 1796 2738 inimi-

144 2774 294 2832 citiae
315 2775 853 2847 compensationem
887 2775 1106 2831 solvere
1143 2779 1394 2844 tenetur,
1428 2775 1681 2846 deponat
1702 2788 1795 2826 co-

145 2862 442 2936 gnationis
473 2862 652 2935 leges,
673 2880 807 2920 cum
829 2864 1040 2920 transit
1062 2865 1132 2920 ad
1166 2864 1323 2937 leges
1354 2862 1668 2936 regulares.
1703 2861 1793 2928 Et,

143 2952 196 3010 si
226 2953 529 3026 presbyter
557 2969 818 3025 unquam
848 2954 1024 3008 fuerit
1051 2953 1236 3008 falsus
1267 2953 1452 3017 testis,
1484 2950 1572 3006 vel
1603 2951 1796 3022 perju-

1912 658 2034 698 rem
2067 642 2263 709 ducat,
2297 657 2486 712 neque
2515 642 2745 714 cognati
2801 642 2892 698 sui
2941 641 3202 716 viduam,
3231 644 3326 700 cui
3355 646 3558 703 eadem

1909 731 2124 786 vicinia
2152 735 2438 802 cognatus
2467 735 2612 797 erat,
2636 747 2825 803 neque
2853 734 3160 805 cognatam
3191 732 3390 790 uxoris
3421 751 3560 806 suae,

1913 836 2092 891 quam
2142 823 2314 875 antea
2361 819 2648 875 habuerat
2695 819 2842 892 ipse,
2901 838 3092 893 neque
3139 823 3562 896 susceptricem

1915 924 2303 979 suam,neque
2333 900 2731 964 consecratam
2761 909 3263 984 vestalem,neque
3292 913 3564 985 repudia-

1915 1001 2037 1052 tam
2069 996 2284 1068 aliquis
2316 995 2685 1053 Christianus
2705 1014 2967 1069 unquam
2998 1016 3236 1056 uxorem
3267 1001 3565 1071 ducat,ne-

1914 1102 2027 1157 que
2049 1085 2310 1157 aliquam
2352 1086 2714 1141 meretricem
2759 1103 3023 1159 unquam
3068 1092 3339 1157 sectetur,
3371 1107 3559 1163 neque

1912 1174 2111 1247 plures
2137 1192 2254 1229 una
2286 1191 2462 1231 uxore
2491 1175 2724 1241 habeat,
2758 1179 2815 1230 et
2871 1193 2937 1232 ea
2967 1176 3045 1232 sit
3091 1176 3351 1250 legitime
3380 1183 3564 1252 nupta

1912 1279 2075 1330 uxor,
2111 1264 2211 1318 sed
2239 1261 2462 1320 habitet
2483 1280 2617 1318 cum
2663 1263 2765 1318 illa
2793 1265 2936 1333 sola,
2970 1265 3233 1337 quandiu
3262 1265 3393 1339 ipsa
3417 1267 3566 1324 vixe-

1913 1352 2007 1406 rit.
2042 1351 2128 1406 Ita
2159 1368 2390 1423 semper
2420 1352 2654 1421 (facere)
2681 1352 2853 1408 debet
2907 1353 3007 1424 qui
3064 1354 3166 1410 Dei
3212 1355 3370 1428 leges
3400 1357 3564 1428 juste

1912 1455 2135 1506 curare,
2169 1445 2227 1496 et
2256 1441 2328 1496 ab
2362 1440 2575 1496 inferni
2607 1441 2876 1498 incendio
2917 1441 3177 1499 animam
3225 1461 3396 1502 suam
3427 1462 3561 1502 cus-

1912 1529 2100 1585 todire
2128 1528 2286 1584 velit.

2309 1617 2453 1675 VIII.
2488 1619 2564 1674 De
2591 1618 2816 1675 decimis
2845 1618 3152 1677 reddendis.

1982 1707 2053 1762 Et
2082 1706 2490 1778 persolvantur
2519 1707 2620 1763 Dei
2644 1708 2784 1778 jura
2835 1708 3040 1779 quovis
3066 1725 3218 1766 anno
3242 1710 3401 1782 juste
3430 1711 3564 1768 dili-

1913 1798 2116 1866 genter
2134 1795 2244 1851 hoe
2274 1800 2364 1852 est
2395 1795 2674 1852 arationis
2703 1796 3072 1872 eleemosyna
3101 1799 3326 1855 decimo
3357 1801 3563 1872 quinto

1911 1883 2005 1939 die
2034 1901 2069 1938 a
2093 1883 2392 1955 Paschate,
2425 1888 2482 1940 et
2510 1885 2735 1940 fetuum
2769 1885 3004 1941 decimae
3045 1887 3118 1942 ad
3165 1887 3561 1958 Pentecosten,

1920 1976 1977 2027 et
2003 1974 2169 2027 terrze
2197 1971 2468 2044 primitiae
2492 1974 2564 2029 ad
2587 1973 2803 2029 festum
2820 1974 3099 2030 Omnium
3129 1975 3567 2045 Sanctorum;et

1917 2060 1967 2115 si
1995 2061 2128 2132 quis
2159 2065 2301 2117 tunc
2345 2061 2602 2117 decimas
2634 2061 2963 2134 persolvere
2994 2061 3158 2132 nolit,
3193 2065 3387 2136 prouti
3417 2065 3564 2122 dixi-

1917 2165 2070 2215 mus,
2102 2149 2211 2205 hoc
2240 2153 2331 2206 est
2360 2149 2619 2206 decimas
2641 2151 2786 2224 agri,
2820 2151 3024 2208 eodem
3038 2153 3212 2208 modo
3224 2170 3290 2210 ac
3303 2157 3564 2211 aratrum

1914 2255 2290 2309 progressum
2309 2238 2446 2294 fecit
2471 2257 2484 2308 ;
2505 2242 2642 2294 tunc
2677 2240 3024 2296 conveniant
3046 2241 3201 2314 regis
3217 2243 3588 2315 praepositus

1912 2331 1969 2382 et
1996 2326 2274 2398 episcopi,
2308 2331 2364 2382 et
2402 2327 2568 2383 fundi
2591 2328 2868 2384 dominus
2889 2331 2946 2383 et
2966 2329 3220 2385 ecclesiae
3241 2332 3566 2404 presbyter,

1911 2419 1968 2470 et
1997 2424 2238 2471 sumant
2258 2415 2436 2471 invito
2462 2416 2560 2472 illo
2613 2416 2902 2472 decimam
2942 2421 3168 2489 partem
3190 2435 3296 2490 pro
3321 2419 3567 2477 ecclesia

1909 2504 1981 2558 ad
2018 2521 2195 2576 quam
2219 2504 2554 2578 pertinet,et
2578 2504 2882 2577 assignent
2905 2505 2957 2561 ei
2979 2523 3196 2562 nonam
3219 2511 3443 2580 partem
3469 2526 3484 2577 ;
3508 2514 3568 2566 et

1908 2592 2205 2648 dividatur
2225 2597 2426 2648 octava
2449 2610 2586 2672 pars
2616 2593 2677 2648 in
2699 2595 2837 2661 duo,
2871 2598 2929 2650 et
2970 2596 3160 2667 capiat
3186 2599 3353 2652 terra;
3382 2597 3564 2654 domi-

1906 2698 2019 2736 nus
2046 2680 2445 2748 dimidium,et
2467 2681 2784 2737 dimidium
2805 2682 3264 2756 episcopus,sive
3286 2684 3365 2741 sit
3383 2683 3558 2758 regis,

1906 2769 2026 2826 sive
2055 2771 2220 2826 thani
2253 2770 2540 2826 minister.

2357 2869 2450 2924 1Χ.
2483 2870 2556 2925 De
2584 2885 2810 2926 nummo
2840 2871 3100 2927 Romano.

1973 2957 2043 3010 Et
2073 2956 2351 3013 denarius
2380 2958 2535 3012 Petri
2567 2959 2639 3013 ad
2671 2958 2889 3014 festum
2918 2959 3070 3016 Petri
3102 2959 3408 3031 (solvatur)
3435 2964 3492 3018 et
3507 2962 3558 3018 i

144 3040 366 3112 rus,vel
397 3042 535 3097 furti
567 3043 857 3110 conscius,
881 3047 982 3098 aut
1011 3042 1384 3099 consiliarius
1425 3041 1619 3106 fuerit,
1653 3043 1793 3093 tunc
1902 3045 2034 3116 quis
2065 3061 2200 3100 eum
2236 3062 2422 3118 usque
2452 3046 2763 3118 postillum
2793 3047 2948 3104 diem
2979 3048 3544 3123 retinuerit,detepi-

143 3130 225 3186 sit
255 3130 620 3220 sanctiﬁcata
647 3130 893 3186 ecclesia
939 3131 1228 3220 exclusus,
1253 3134 1309 3185 et
1338 3130 1543 3220 perdat
1573 3128 1792 3199 ubique
1899 3150 2074 3206 scopo
2097 3132 2262 3190 illum
2287 3136 2617 3202 denarium,
2652 3140 2708 3191 et
2740 3137 2917 3193 addat
2941 3154 3055 3193 xxx
3083 3141 3140 3194 et
3169 3137 3289 3212 regi
3311 3142 3556 3220 centum.

141 3223 269 3274 tam
302 3218 637 3275 societatem
668 3236 846 3292 quam
868 3219 1272 3288 amicitiam,et
1291 3219 1610 3291 cujuslibet
1627 3231 1792 3272 vene-

146 3307 462 3376 rationem,
482 3308 595 3364 nisi
628 3290 781 3381 apud
812 3309 997 3364 Deum
1015 3313 1070 3364 et
1101 3309 1254 3381 apud
1286 3290 1556 3364 homines
1587 3306 1794 3378 majori
1827 3290 1869 3356 C

143 3397 324 3454 modo
354 3399 909 3470 compenset,prouti
939 3398 1246 3470 episcopus
1268 3413 1402 3452 eum
1429 3396 1791 3462 instruxerit,

145 3488 206 3540 et
233 3484 528 3541 inveniam
579 3485 689 3542 sibi
739 3487 1167 3558 ﬁdejussorem,
1203 3487 1359 3558 quod
1410 3485 1796 3560 imposterum

145 3589 385 3646 semper
435 3591 470 3629 a
513 3573 692 3630 simili
749 3574 1036 3647 (crimine)
1094 3579 1430 3631 cessaturus
1489 3575 1586 3630 sit.
1620 3574 1704 3644 Et,
1748 3574 1798 3628 si

145 3678 289 3718 eum
318 3677 570 3735 purgare
598 3663 755 3731 velit,
787 3667 994 3736 purget
1023 3679 1126 3735 pro
1157 3662 1292 3719 facti
1325 3664 1518 3730 modo,
1552 3663 1670 3718 sive
1692 3663 1801 3717 tri-

150 3749 293 3823 plici
325 3751 444 3807 sive
472 3750 725 3823 simplici
757 3752 1100 3825 purgatione
1131 3770 1233 3825 pro
1265 3752 1402 3807 facti
1437 3753 1629 3808 modo.

208 3866 303 3922 VI.
333 3867 650 3923 Exhortatio
679 3868 748 3924 ad
793 3869 1193 3935 ecclesiasticos,
1227 3872 1286 3923 ut
1317 3875 1502 3922 sancte
1529 3869 1737 3922 vivant.

228 3982 302 4038 Et
330 3980 601 4038 volumus
631 3986 696 4038 ut
716 3982 1032 4054 cujuslibet
1053 3982 1272 4039 ordinis
1294 3983 1400 4036 viri
1423 3982 1731 4055 diligenter
1745 3999 1807 4038 se

158 4070 877 4144 submittantsingulijuri
918 4073 1072 4143 quod
1087 4072 1159 4127 ad
1190 4088 1289 4127 eos
1305 4070 1638 4142 pertinet,et
1663 4089 1806 4143 prae-

161 4159 368 4218 sertim
382 4159 482 4216 Dei
498 4159 775 4228 ministri,
800 4161 1056 4232 episcopi
1069 4165 1126 4216 et
1156 4161 1416 4227 abbates,
1451 4160 1722 4216 monachi
1754 4165 1811 4216 et

162 4246 470 4314 moniales,
504 4247 766 4308 canonici
788 4252 846 4304 et
871 4249 1119 4305 vestales
1149 4250 1220 4304 ad
1253 4253 1475 4304 rectum
1507 4248 1809 4317 inclinent,

162 4339 222 4393 et
248 4334 592 4408 regulariter
622 4336 837 4404 vivant,
862 4340 918 4393 et
937 4337 1029 4392 die
1051 4355 1116 4393 ac
1129 4341 1314 4405 nocte,
1349 4354 1500 4410 saepe
1533 4342 1590 4392 et
1614 4339 1814 4394 crebro

162 4424 467 4481 Christum
500 4425 789 4497 invocent,
821 4430 878 4482 et
905 4443 1007 4498 pro
1039 4426 1200 4482 omni
1245 4427 1457 4498 populo
1487 4426 1815 4483 Christiano

164 4513 481 4587 diligenter
511 4513 888 4571 intercedant.
927 4516 994 4570 Et
1022 4532 1226 4571 omnes
1261 4516 1358 4571 Dei
1389 4515 1690 4571 ministros
1719 4532 1818 4570 ro-

167 4618 382 4676 gamus
413 4606 471 4658 et
501 4603 864 4671 docemus,et
892 4604 1216 4677 praesertim
1239 4605 1590 4671 sacerdotes,
1614 4609 1680 4659 ut
1706 4605 1820 4660 Deo

170 4691 468 4759 obediant,
505 4697 562 4748 et
591 4693 920 4749 castitatem
945 4698 1159 4759 ament,
1182 4698 1240 4749 et
1269 4698 1508 4750 caveant
1536 4693 1646 4750 sibi
1679 4693 1824 4766 ipsis

173 4779 244 4835 ab
275 4778 366 4836 ira
394 4779 518 4848 Dei,
553 4785 610 4837 et
639 4782 710 4837 ab
769 4786 1052 4838 aestuante
1105 4783 1373 4839 incendio
1405 4783 1562 4854 quod
1595 4782 1735 4838 furit
1763 4783 1824 4838 in

171 4868 423 4925 inferno.
456 4867 915 4943 Diligentissime
941 4871 1126 4927 sciant
1147 4872 1303 4943 quod
1325 4871 1563 4928 omnino
1586 4889 1702 4927 non
1727 4872 1824 4927 de-

175 4957 356 5014 beant
371 4957 562 5014 coitus
581 4975 758 5015 causa
775 4977 908 5016 cum
959 4960 1178 5017 femina
1197 4960 1652 5016 communicare.
1681 4961 1750 5015 Et
1779 4961 1829 5015 si

179 5045 314 5117 quis
346 5046 420 5102 ab
450 5063 517 5102 eo
548 5048 842 5106 abstinere
870 5053 928 5106 et
947 5049 1277 5106 castitatem
1299 5065 1529 5105 servare
1550 5047 1706 5117 velit,
1723 5049 1830 5104 ha-

179 5134 317 5191 beat
345 5134 447 5190 Dei
470 5135 1026 5207 misericordiam,et
1055 5139 1248 5210 quoad
1271 5143 1562 5194 terrenam
1595 5155 1834 5193 venera-

183 5224 400 5279 tionem
435 5225 513 5281 sit
535 5227 670 5297 jure
699 5227 862 5283 thani
891 5229 1123 5302 dignus.
1159 5229 1230 5283 Et
1281 5227 1526 5298 quilibet
1555 5227 1832 5282 Christia-

185 5328 298 5369 nus
327 5330 396 5368 ex
424 5313 633 5371 timore
663 5315 892 5372 Domini
925 5317 1016 5372 sui
1066 5317 1354 5388 injustum
1381 5314 1599 5370 coitum
1633 5315 1836 5370 sedulo

185 5400 381 5473 evitet,
409 5407 466 5458 et
495 5402 654 5476 leges
686 5404 1108 5462 ecclesiasticas
1131 5407 1293 5476 juste
1324 5404 1608 5460 observet.

583 5509 702 5566 VII.
736 5512 812 5567 De
831 5513 1103 5584 conjugiis
1127 5511 1446 5582 prohibitis.

261 5612 554 5670 Docemus
584 5615 760 5672 etiam
810 5622 868 5673 et
897 5633 1195 5689 rogamus,
1229 5621 1286 5672 et
1337 5617 1395 5670 in
1451 5615 1551 5670 Dei
1607 5616 1844 5672 nomine

217 5716 559 5768 mperamss
591 5720 663 5760 ne
687 5704 898 5778 aliquis
921 5706 1287 5762 Christianus
1331 5706 1722 5762 infrasextum
1757 5723 1849 5761 co-

1895 3221 2100 3295 viginti
2132 3223 2372 3279 solidos.

2340 3321 2400 3376 X.
2433 3323 2507 3378 De
2531 3323 2801 3393 primitiis
2820 3325 3110 3380 seminum.

1977 3410 2045 3464 Et
2072 3410 2367 3464 seminum
2390 3410 2659 3482 primitiae
2683 3411 2754 3466 ad
2781 3411 3016 3468 Martini
3037 3413 3397 3481 festum,etsi
3418 3414 3552 3486 quis

1906 3514 2198 3569 casusque
2247 3502 2378 3570 post
2403 3497 2571 3553 illum
2603 3499 2761 3553 diem
2820 3499 3148 3571 retinuerit,
3179 3501 3275 3558 det
3302 3515 3404 3559 eas
3427 3502 3555 3576 epi—

1909 3603 2103 3659 scopo,
2137 3590 2194 3642 et
2223 3591 2563 3659 compenset
2605 3588 2882 3644 undecies
2939 3593 2997 3644 et
3024 3588 3146 3663 regi
3176 3605 3284 3647 cxx
3311 3590 3553 3648 solidos.

1981 3676 2070 3731 ΧΙ.
2104 3678 2177 3731 De
2201 3675 2423 3732 decimis
2450 3676 2519 3732 ad
2547 3678 2832 3733 ecclesiam
2869 3677 3031 3734 thani
3059 3679 3480 3751 pertinentibus.

1983 3765 2042 3821 Si
2076 3765 2208 3836 quis
2230 3769 2371 3820 tunc
2399 3765 2617 3823 thanus
2649 3767 2744 3835 sit,
2779 3767 2877 3840 qui
2936 3768 2997 3823 in
3049 3768 3422 3840 possessione
3451 3786 3561 3841 sua

1913 3853 2222 3910 ecclesiam
2256 3855 2487 3923 habeat,
2522 3855 2581 3911 in
2621 3873 2739 3928 qua
2786 3857 2863 3912 sit
2917 3856 3338 3926 ccemeterium,
3368 3859 3564 3914 tradat

1914 3946 2056 3999 tunc
2076 3943 2308 3999 tertiam
2325 3947 2547 4016 partem
2586 3945 2956 4018 propriarum
2987 3945 3349 4003 decimarum
3381 3945 3562 4004 eccle-

1918 4032 2016 4088 siae
2050 4033 2264 4088 suae.Et
2294 4033 2341 4088 si
2375 4033 2510 4105 quis
2541 4033 2847 4090 ecclesiam
2876 4035 3091 4092 habeat
3119 4036 3180 4091 in
3203 4052 3319 4108 qua
3345 4052 3462 4092 non
3479 4040 3568 4093 est

1921 4122 2340 4190 coemeterium,
2375 4123 2472 4178 det
2502 4139 2571 4178 ex
2602 4140 2658 4178 1x
2697 4123 2964 4195 partibus
2998 4124 3335 4197 presbytero
3367 4141 3475 4180 suo
3505 4125 3564 4180 id

1922 4211 2076 4282 quod
2108 4209 2263 4278 velit,
2307 4214 2364 4266 et
2412 4211 2660 4284 quilibet
2712 4211 2970 4268 ecclesia:
3026 4229 3236 4269 census
3287 4212 3567 4286 primario

1922 4300 2189 4355 tradatur
2221 4300 2439 4371 templo
2471 4317 2540 4357 ex
2568 4300 2844 4357 omnibus
2873 4301 3265 4375 ingenuorum
3295 4299 3459 4358 focis.

2307 4388 2427 4444 XII.
2459 4391 2534 4445 De
2554 4392 2791 4462 pecunia
2812 4407 2914 4463 pro
2941 4392 3198 4449 lucernis.

1999 4479 2068 4530 Et
2099 4493 2381 4533 nummus
2412 4478 2740 4535 candelaris
2787 4484 2876 4536 ter
2917 4479 3237 4553 quotannis
3269 4479 3574 4554 (solvatur)

1930 4564 2119 4637 primo
2149 4564 2345 4636 vigilia
2376 4566 2698 4632 Paschatis,
2733 4585 2865 4624 cera
2899 4568 3114 4625 valoris
3162 4568 3390 4624 dimidii
3423 4567 3577 4624 oboll

1856 4655 1901 4720 D
1933 4669 2036 4726 pro
2067 4651 2329 4724 qualibet
2353 4654 2526 4725 hyda,
2560 4659 2617 4710 et
2646 4656 2856 4711 deinde
2897 4657 2970 4711 ad
3029 4656 3298 4712 omnium
3342 4658 3580 4712 sancto-

1932 4758 2064 4798 rum
2096 4741 2309 4796 festum
2341 4746 2426 4796 tot
2453 4742 2648 4810 etiam,
2683 4749 2741 4799 et
2769 4748 2973 4817 postea
3001 4745 3074 4800 ad
3107 4743 3578 4800 Puriﬂcationem

1935 4832 2114 4888 beatae
2140 4828 2329 4885 Maria:
2360 4829 2646 4886 similiter.
3648 4830 3650 4834 ’

1937 4921 2082 4976 XIII.
2119 4921 2187 4976 De
2211 4921 2445 4990 pecunia
2468 4936 2586 4991 qum
2614 4921 2820 5048 dicit}?
2845 4921 3156 4993 symbolum
3183 4922 3412 4992 animae,
3439 4924 3492 4979 et
3519 4921 3584 4979 de

2610 5009 2741 5048 senu
2791 5010 2915 5048 ure.

2610 5009 2915 5063 seputtura.

2012 5083 2081 5136 Et
2109 5079 2513 5152 aequissimum
2541 5083 2710 5137 estut
2733 5082 2982 5154 pecunia
3001 5081 3345 5151 sepulcralis
3357 5096 3589 5156 semper

1943 5169 2203 5226 solvatur
2233 5171 2303 5224 ad
2337 5173 2602 5241 apertum
2643 5169 3002 5242 sepulcrum,
3035 5176 3093 5227 et
3117 5171 3166 5228 si
3198 5170 3330 5244 quis
3350 5171 3589 5245 aliquod

1945 5275 2156 5330 corpus
2187 5276 2254 5314 ex
2286 5275 2394 5313 sua
2441 5258 2716 5330 parochia
2757 5259 2895 5314 alibi
2952 5260 3302 5333 humaverit,
3333 5261 3593 5318 solvatur

1949 5347 2334 5403 nihilominus
2391 5347 2636 5420 pecunia
2687 5349 3034 5422 scpulcralls
3093 5349 3178 5405 illi
3234 5349 3487 5408 ecclesias
3520 5351 3591 5406 ad

1950 5453 2126 5508 quam
2160 5435 2307 5492 illud
2339 5436 2610 5508 pertinet.

1950 5526 2093 5582 XIV.
2119 5527 2193 5580 De
2212 5525 2309 5579 Dei
2329 5525 2574 5595 juribus,
2625 5529 2796 5599 festis,
2831 5536 2882 5584 et
2904 5528 3138 5602 jejuniis
3193 5527 3596 5583 conservandis.

2023 5615 2093 5669 Et
2123 5612 2320 5668 omnia
2343 5613 2592 5686 Deijura
2615 5621 3041 5689 praeserventur
3060 5615 3373 5688 diligenter
3406 5615 3601 5688 prouti

1960 5701 2360 5761 necessarium
2383 5708 2499 5770 est;
2527 5705 2672 5761 festa
2703 5710 2761 5762 et
2781 5706 3011 5781 jejunia
3033 5705 3226 5764 debito
3258 5704 3429 5762 modo
3459 5702 3603 5762 cele-
