3962 6404
357 364 516 467 {‘15.

353 584 441 642 ti’o'
465 582 612 639 adis
638 570 874 637 Saturni
906 568 1051 635 liora
1088 568 1512 650 pomeridiana,
1547 568 1736 647 usque
1785 575 1856 639 ad
1884 573 1999 630 diei

356 666 533 730 Lunae
563 662 855 738 auroram,
887 672 946 723 et
974 665 1217 738 quilibet
1247 664 1397 721 alius
1427 662 1553 720 dies
1584 662 1790 733 festus,
1810 663 2002 736 prouti

357 760 617 818 indictus
646 758 842 815 fuerit.
1022 755 1027 759 ’
1064 755 1070 761 ’
1370 768 1373 771 ·
1498 748 1503 753 ’

660 856 661 863 “
784 856 788 863 ’
843 862 957 919 XV.
991 864 1066 918 De
1088 862 1175 918 die
1202 862 1503 917 Dominico.
1578 910 1581 913 .

429 963 501 1018 Et
528 960 621 1016 die
650 950 802 1016 Solis
833 961 1226 1014 mercaturam
1270 956 1446 1013 etiam
1477 956 1843 1014 severissime
1874 974 2005 1029 pro-

359 1038 656 1116 hibemus,
688 1052 745 1107 et
801 1064 1035 1103 omnem
1095 1050 1440 1102 conventum
1487 1045 1708 1120 populi,
1742 1045 1854 1101 nisi
1904 1062 2007 1118 pro

362 1124 627 1196 maxima,
649 1136 993 1197 necessitate
1016 1135 1112 1213 sit,
1141 1139 1198 1191 et
1226 1135 1685 1206 venationem,et
1716 1135 1786 1190 ab
1818 1134 2009 1190 omni-

365 1229 480 1285 bus
510 1212 828 1285 mundanis
859 1224 1133 1303 operibus
1159 1224 1215 1278 in
1260 1223 1369 1278 hoc
1426 1229 1627 1279 sancto
1686 1222 1778 1278 die
1807 1222 2007 1279 sedulo

369 1314 725 1387 cessandum
747 1318 854 1371 est.

776 1476 779 1481 γ
938 1401 1076 1458 XVI.
1106 1402 1184 1456 De
1202 1402 1454 1473 jejuniis.

436 1507 510 1562 Et
540 1507 605 1560 ut
632 1500 935 1575 quodlibet
970 1500 1301 1572 injunctum
1343 1498 1638 1570 jejunium
1686 1515 1821 1555 cum
1853 1497 2014 1554 omni

368 1592 672 1668 diligentia
716 1592 1075 1659 observetur,
1106 1588 1225 1665 sive
1284 1587 1362 1643 sit
1411 1586 1707 1659 jejunium
1754 1588 2014 1651 Quatuor

365 1685 742 1757 Temporum,
775 1680 894 1736 sive
918 1678 995 1735 sit
1014 1675 1311 1751 jejunium
1340 1674 1872 1749 Quadragesimale,
1893 1676 2012 1732 sive

369 1762 447 1845 sit
475 1770 636 1841 aliud
668 1769 1062 1843 quodcunque
1084 1765 1466 1841 jejunium,et
1494 1763 1756 1836 quolibet
1778 1764 1925 1820 festo
1946 1765 2009 1820 B.

1721 351 2033 455 manu.
2080 350 2400 449 omen.

351 460 596 556 bmntur
617 514 630 565 ;
654 498 711 551 et
740 493 842 550 ﬂat
873 492 1131 571 quolibet
1151 489 1243 563 die
1264 489 1565 570 Dominico
1581 488 1710 570 festi
1742 460 1992 566 celebra-
2019 487 2077 565 Α
2104 484 2212 540 hoc
2241 486 2330 540 est
2358 482 2592 558 propria
2620 481 2738 557 vita
2766 497 2947 559 quam
2974 494 3077 554 pro
3126 474 3293 549 nobis
3333 474 3615 541 omnibus
3641 480 3755 534 tra-

353 584 441 629 H’n'
465 582 612 629 mlta
638 570 873 629 Saturni
906 570 1051 629 hora
1088 570 1512 629 nomeridiana.
1547 568 1736 629 usque
1785 575 1856 629 ad
1884 573 1999 629 diei
2113 570 2283 629 didit.
2319 572 2584 629 redemit.

2153 570 2283 637 idit,
2319 572 2584 629 redemit.

3609 339 3765 429 me

2373 670 2509 726 XIX.
2544 670 2621 739 Ad
2649 670 3043 745 eucharistiam
3072 673 3125 723 et
3152 667 3492 738 probitatem.

2186 761 2255 815 Et
2275 760 2520 832 quilibet
2534 758 2903 815 Christianus
2923 757 3098 813 faciat
3118 755 3274 829 quod
3295 755 3492 828 ipsum
3514 760 3765 830 oportet;

2116 849 2419 904 incumbat
2443 846 2948 904 Christianissimo
2972 863 3077 902 suo
3110 844 3434 921 diligenter,
3454 848 3512 902 et
3540 861 3770 917 praepa-

2117 941 2205 993 ret
2227 953 2286 993 se
2311 936 2485 992 etiam
2509 937 2581 992 ad
2598 935 3143 992 communionems.
3157 932 3536 990 Eucharistiaa
3555 933 3769 991 saltem

2118 1031 2207 1082 ter
2234 1025 2295 1081 in
2328 1041 2480 1081 anno
2509 1023 2749 1081 cuilibet
2780 1024 2880 1097 qui
2906 1023 3203 1097 propriam
3235 1022 3655 1079 necessitatem.
3677 1023 3768 1078 in-

2119 1114 2375 1188 lelligere
2397 1113 2534 1169 velit
2549 1130 2788 1171 necesse
2803 1117 2910 1182 est,
2932 1117 2989 1169 et
3005 1113 3247 1169 verbum
3279 1129 3345 1168 ac
3378 1112 3595 1181 factum
3628 1128 3772 1186 erga

2121 1203 2443 1276 quemlibet
2471 1202 2728 1259 amicum
2759 1203 2988 1259 ordinet
3036 1219 3171 1257 cum
3195 1201 3449 1273 justitia,
3482 1205 3541 1261 et
3562 1202 3770 1273 jusju-

2122 1282 2373 1349 randum
2394 1309 2460 1348 ac
2484 1291 2670 1348 fcedus
2701 1295 2867 1348 caute
2911 1295 3101 1348 servet
3127 1308 3140 1359 ;
3165 1295 3223 1346 et
3252 1289 3556 1368 quodlibet
3586 1290 3772 1362 injus-

2122 1385 2248 1437 tum
2270 1381 2579 1453 diligenter
2606 1398 2675 1436 ex
2698 1380 2808 1436 hac
2829 1384 2983 1435 terra
3001 1379 3290 1451 ejiciatur,
3324 1382 3614 1457 quantum
3643 1379 3773 1441 ﬁeri

2123 1473 2333 1543 potest,
2365 1475 2421 1525 et
2445 1468 2725 1543 diligatur
2748 1469 2847 1525 Dei
2871 1467 3109 1538 justitia
3149 1468 3364 1526 abhinc
3411 1467 3615 1541 sedulo
3644 1484 3772 1523 ver-

2124 1559 2215 1615 bis
2248 1563 2304 1615 et
2333 1558 2519 1614 factis.
2550 1559 2714 1615 Tune
2760 1558 2929 1615 nobis
2977 1556 3253 1615 omnibus
3311 1557 3417 1631 Dei
3446 1556 3781 1629 misericor-

2124 1647 2221 1703 dia
2252 1645 2632 1720 pr0pinquior
2662 1646 2788 1703 erit.

2440 1744 2551 1801 XX.
2585 1744 2664 1800 Ad
2692 1745 3008 1815 ﬁdelitatem
3027 1759 3159 1819 erga
3184 1743 3453 1809 dominos.

369 1838 589 1927 Mariae,
620 1831 854 1916 et.festo
886 1831 1290 1927 cujuscunque
1317 1831 1561 1926 apostoli
1583 1854 2001 1925 jejunetur,ex-

2193 1831 2501 1907 Agendum
2532 1835 2817 1890 faciamus
2846 1833 3023 1889 etiam
3056 1831 3441 1901 sedulo,sicut
3468 1832 3775 1904 docemus,

370 1951 537 2022 c'epto
557 1934 1040 2018 festonilippiet
1059 1942 1465 2015 Jacobi,(quia)
1495 1959 1614 1998 non
1644 1943 2013 2016 injungimus

371 2034 613 2109 aliquod
634 2034 931 2107 jejunium
955 2036 1089 2089 ante
1111 2031 1324 2089 festum
1348 2030 1732 2100 Paschatis,et
1752 2031 2016 2104 quolibet

371 2116 466 2184 die
492 2120 736 2182 Veneris
767 2122 889 2197 (sit)
911 2120 1226 2193 jejunium,
1259 2119 1373 2181 nisi
1420 2119 1495 2177 sit
1538 2120 1774 2190 festum,
1810 2125 1867 2177 et
1898 2138 2013 2176 non

372 2212 617 2285 necesse
640 2217 725 2271 est
748 2202 1018 2284 jejunare
1043 2226 1077 2267 a
1104 2209 1383 2267 Paschate
1418 2225 1604 2282 usque
1634 2209 1707 2265 ad
1740 2211 2013 2266 Penteco-

371 2294 522 2373 sten,
540 2302 653 2358 nisi
681 2302 1012 2373 injunctum
1039 2299 1134 2364 sit,
1168 2298 1251 2353 vel
1277 2298 1402 2370 ipse
1431 2298 1669 2356 omnino
1698 2298 1836 2355 velit
1856 2300 2013 2373 jeju-

371 2410 535 2465 nare,
567 2391 651 2448 uti
680 2390 857 2447 etiam
889 2390 922 2444 a
947 2386 1135 2443 Natali
1165 2386 1397 2444 Domini
1431 2404 1617 2461 usque
1649 2389 1720 2444 ad
1753 2392 2015 2447 octavam

370 2480 727 2556 Epiphaniae,
759 2477 854 2533 hic
883 2480 972 2533 est
999 2479 1220 2547 septem
1250 2474 1375 2532 dies
1422 2480 1555 2547 post
1599 2477 2013 2537 duodecimum

370 2571 527 2639 diem
555 2569 789 2626 festum.

578 2748 579 2751 η
743 2672 911 2743 XVll.
944 2673 1017 2728 De
1042 2672 1370 2743 temporibus
1381 2674 1638 2743 justitiae.

438 2787 510 2842 Et
539 2781 919 2857 prohibemus
947 2776 1235 2833 ordalium
1266 2794 1333 2833 ac
1346 2778 1687 2849 juramenta
1715 2778 1878 2834 festis
1900 2779 2012 2835 die-

368 2875 503 2941 bus,
527 2876 584 2928 et
611 2870 820 2927 diebus
851 2870 1108 2935 Quatuor
1132 2867 1507 2938 Temporum,
1538 2869 1593 2922 et
1623 2867 1830 2923 diebus
1860 2869 2011 2931 Qua-

367 2957 876 3035 dragesimalibus,
911 2960 968 3011 et
988 2955 1169 3028 justis
1197 2954 1403 3011 diebus
1439 2954 1823 3027 jejunalibus,
1855 2960 1912 3011 et
1940 2958 2011 3013 ab

365 3052 633 3109 Adventu
653 3046 880 3111 Domini
910 3045 1243 3118 usquedum
1272 3047 1510 3099 octavus
1531 3043 1657 3100 dies
1676 3060 1856 3115 supra
1875 3045 2012 3101 duo-

371 3139 669 3203 decimum
686 3135 838 3194 diem
880 3133 1172 3208 praeteriit,
1205 3136 1261 3190 et
1290 3150 1325 3188 a
1353 3132 1797 3204 Septuagesima
1827 3124 2012 3205 usque

372 3231 446 3287 ad
478 3225 770 3284 decimum
800 3225 1071 3297 quintum
1095 3222 1251 3279 diem
1274 3238 1453 3293 supra
1482 3219 1798 3277 Pascha.Et
1823 3223 2010 3279 sancti
2043 3220 2086 3285 C

371 3314 683 3375 Edweardi
731 3314 943 3385 festum
1003 3310 1296 3386 sapientes
1350 3309 1670 3381 elegerunt,
1699 3314 1766 3366 ut
1797 3311 2016 3369 festum

374 3407 764 3466 celebraretur
805 3419 909 3477 per
945 3416 1181 3458 omnem
1231 3397 1524 3470 Angliam,
1558 3398 1639 3469 (b.
1700 3416 1749 3455 e.
1800 3415 1894 3456 xw
1923 3401 2017 3458 die

376 3490 685 3564 Martii,xv
712 3493 835 3551 Kal.
867 3491 1109 3565 Aprilis,
1142 3492 1199 3545 et
1227 3486 1413 3544 sancti
1448 3487 1738 3544 Dunstani
1777 3488 2012 3556 festum,

376 3605 472 3644 11v
500 3584 622 3644 Kal.
653 3582 954 3657 Junii,hoc
975 3583 1065 3635 est
1080 3593 1192 3632 xxx
1214 3575 1309 3632 die
1330 3575 1389 3631 in
1406 3574 1650 3632 Maio.Et
1681 3576 1775 3632 his
1793 3581 2013 3635 sanctis

373 3668 953 3750 temporibus,prouti
971 3669 1201 3741 justum
1227 3663 1494 3730 est,inter
1513 3680 1718 3721 omnes
1737 3665 2013 3723 Christia-

370 3782 478 3821 nos
493 3781 605 3837 pax
624 3766 681 3820 et
700 3758 1011 3821 concordia
1033 3754 1129 3823 sit,
1163 3757 1220 3809 et
1247 3751 1440 3808 omnis
1479 3752 1640 3810 fraus
1669 3754 2006 3826 dissipetur.

366 3853 513 3911 Etsi
544 3852 677 3926 quis
707 3847 883 3907 alicui
905 3843 1344 3916 {idejussionem
1365 3840 1452 3898 vel
1471 3843 2008 3914 compensationem

364 3960 468 4016 pro
498 3943 677 4000 rebus
705 3935 954 3998 terrenis
1002 3931 1290 3998 debuerit,
1325 3930 1531 3986 reddat
1561 3930 1612 3985 ei
1644 3930 1848 3988 sedulo
1876 3938 2009 3991 ante

356 4031 443 4089 vel
475 4036 627 4105 post.

356 4139 552 4195 XVIII.
584 4139 693 4194 Pia
719 4131 1028 4192 exhortatio
1071 4126 1589 4253 atziimftonfessionem
1637 4129 1689 4182 et
1730 4132 2001 4200 paenae"-

430 4317 726 4388 Rogamus
756 4308 932 4367 etiam
948 4321 1052 4377 per
1066 4302 1169 4359 Dei
1198 4317 1454 4359 amorem
1483 4306 1550 4357 ut
1569 4302 1811 4375 quilibet
1837 4306 1999 4363 Chri-

358 4404 589 4461 stianus
618 4397 909 4469 intelligat
943 4391 1144 4450 sedulo
1184 4390 1485 4464 proprium
1525 4407 1701 4448 suum
1740 4410 1999 4452 commo-

358 4493 522 4549 dum.
554 4490 704 4546 Ante
737 4482 1183 4554 omniatempus
1203 4479 1440 4551 aliquod
1463 4486 1796 4553 exspectare
1827 4484 1997 4539 debe-

2124 1924 2312 1979 simus
2334 1940 2564 1996 semper
2586 1923 2823 1978 domino
2841 1925 3040 1979 nostro
3057 1922 3447 1993 obsequentes
3468 1927 3529 1978 et
3543 1922 3775 1990 ﬁdeles,

2122 2016 2180 2069 et
2194 2016 2474 2085 perpetuo
2496 2011 2771 2073 omnibus
2785 2011 3006 2067 viribus
3033 2010 3253 2065 cultum
3267 2010 3461 2083 ipsius,
3474 2014 3779 2080 tueamur,

2123 2106 2182 2158 et
2209 2101 2566 2161 voluntatem
2599 2102 2726 2173 ejus
2747 2099 3274 2173 operemur.0mne
3302 2115 3580 2170 namque,
3606 2088 3775 2171 quod

2125 2207 2387 2262 unquam
2418 2206 2523 2263 pro
2551 2205 2685 2245 vero
2718 2189 2961 2244 Domino
2987 2186 3237 2245 ﬁdeliter
3251 2187 3779 2256 fecerimus,omne

2123 2278 2269 2337 illud
2292 2279 2460 2336 nobis
2491 2279 2638 2351 ipsis
2686 2277 2934 2335 facimus
2964 2277 3036 2332 ad
3089 2277 3372 2348 majorem
3430 2276 3775 2339 utilitatem;

2124 2367 2213 2423 Illi
2245 2383 2500 2440 namque
2522 2370 2676 2422 certe
2705 2366 2860 2423 Deus
2908 2365 3202 2439 gratiosus
3258 2370 3367 2434 est,
3401 2366 3500 2438 qui
3532 2366 3780 2424 domino

2124 2474 2231 2513 suo
2261 2473 2390 2512 vere
2411 2457 2740 2529 obsequens
2760 2459 2867 2510 est.
2888 2454 3101 2529 Magna
3123 2454 3299 2511 etiam
3313 2453 3554 2512 cuilibet
3581 2456 3776 2516 domi-

2123 2562 2198 2605 no
2228 2549 2319 2601 est
2346 2544 2570 2600 utilitas
2599 2548 2664 2600 ut
2692 2542 2946 2600 famulos
2978 2560 3116 2601 suos
3139 2544 3302 2614 juste
3331 2543 3635 2616 gubernet.
3717 2600 3721 2604 .

2245 2635 2384 2691 XXI.
2418 2634 2497 2690 Ad
2528 2635 2698 2690 Deum
2724 2650 2795 2707 ea
2823 2634 3040 2688 intimis
3068 2632 3354 2688 colendam
3381 2637 3432 2688 ei
3462 2633 3645 2703 ﬁdem.

2194 2723 2261 2779 Et
2289 2740 2492 2779 omnes
2521 2722 2885 2780 Christianos
2910 2738 3087 2795 quam
3127 2720 3577 2794 diligentissime
3599 2722 3775 2780 doee~

2123 2828 2277 2877 mus,
2308 2817 2373 2867 ut
2402 2811 2674 2867 interiore
2702 2811 2874 2867 corde
2905 2811 3090 2866 Deum
3142 2826 3374 2882 semper
3410 2809 3680 2884 diligant,
3717 2818 3781 2870 et

2119 2917 2323 2956 verum
2354 2898 2921 2957 Christianissimum
2952 2898 3200 2955 libenter
3220 2903 3469 2965 servent,
3501 2904 3561 2957 et
3587 2901 3776 2959 eccle-

2122 2988 2390 3045 siasticos
2419 2989 2685 3046 doctores
2711 2988 2915 3045 sedulo
2945 2989 3208 3053 audiant,
3223 2992 3280 3044 et
3310 2987 3412 3045 Dei
3443 2989 3795 3051 doctrinam-

2121 3094 2188 3133 ac
2212 3076 2368 3150 leges
2427 3077 2897 3151 eontemplentur
2935 3094 3000 3134 ae
3047 3081 3487 3149 perscrutantur
3533 3095 3688 3151 saape
3718 3084 3780 3137 et

2125 3167 2326 3222 crebro
2358 3166 2653 3244 propriam
2686 3184 2857 3222 suam
2888 3166 3222 3237 utilitatem.

2251 3255 2412 3327 XXII.
2450 3258 2511 3313 Ut
2541 3257 2853 3313 Orationem
2882 3257 3217 3383 ῗιίέηιὶἔιίοαητ
3249 3258 3301 3311 et
3327 3256 3652 3328 Symbolum

2817 3344 2880 3382 ca
2957 3345 3030 3382 an
3061 3369 3073 3382 .

2817 3344 3073 3382 caueant.

2196 3417 2486 3473 Docemus
2516 3416 2691 3473 etiam
2720 3421 2785 3473 ut
2815 3416 3060 3490 quilibet
3084 3417 3450 3474 Christianus
3482 3418 3691 3487 discat,
3707 3423 3779 3476 ut

2124 3504 2333 3563 saltem
2365 3506 2550 3578 possit
2577 3523 2771 3562 veram
2795 3506 2967 3563 fidem
2982 3505 3492 3579 recteintelligere,
3526 3511 3584 3563 et
3604 3510 3778 3569 Pater

2120 3602 2303 3651 noster
2327 3600 2407 3650 ac
2424 3594 2597 3651 Credo
2626 3595 2833 3663 discat,
2857 3594 3135 3667 quoniam
3181 3612 3297 3650 uno
3338 3595 3582 3670 quilibet
3609 3596 3775 3654 Chri-

2120 3683 2347 3740 stianus
2375 3685 2559 3740 Deum
2608 3683 2940 3757 implorare,
2982 3687 3038 3739 et
3095 3682 3275 3740 altero
3331 3702 3529 3741 veram
3588 3682 3768 3759 ﬁdem

2121 3773 2425 3829 ostendere
2463 3773 2650 3828 debet.
2685 3773 2954 3829 Christus
2982 3771 3109 3845 ipse
3157 3773 3360 3828 orabat
3406 3774 3571 3846 prius
3600 3775 3770 3833 Pater

2116 3866 2317 3931 noster,
2350 3866 2407 3917 et
2436 3861 2587 3917 hanc
2635 3862 2954 3917 orationem
3002 3860 3322 3933 discipulos
3352 3878 3491 3918 suos
3521 3861 3769 3920 docebat

2117 3952 2321 4021 (Matth.
2353 3954 2454 4020 v1).
2486 3951 2556 4006 Et
2601 3951 2661 4005 in
2720 3949 2978 4006 oratione
3025 3949 3134 4004 hac
3191 3939 3587 4007 ecclesiastica
3626 3957 3767 4008 sunt

2115 4046 2338 4112 septem
2368 4039 2696 4112 petitiones,
2730 4037 2882 4094 hanc
2917 4036 2963 4092 si
2988 4037 3122 4107 quis
3162 4055 3231 4092 ex
3260 4039 3457 4094 animo
3489 4030 3760 4107 oraverit,

2115 4129 2389 4186 nuntium
2419 4141 2651 4197 semper
2666 4125 2847 4180 mittit
2866 4124 2938 4179 ad
2964 4124 3145 4178 Deum
3160 4124 3357 4196 ipsum
3371 4143 3474 4196 pro
3497 4128 3764 4198 quolibet

2112 4218 2419 4274 commodo
2451 4214 2603 4286 quod
2636 4213 2747 4284 ipsi
2807 4211 3205 4268 necessarium
3250 4216 3358 4279 est,
3392 4213 3510 4270 sive
3557 4216 3615 4271 in
3652 4208 3763 4274 hac

2109 4307 2247 4373 vita,
2282 4305 2401 4360 sive
2431 4304 2489 4359 in
2524 4302 2739 4357 futura.
2764 4300 2877 4357 Sed
2910 4301 3205 4371 quemodo
3237 4299 3371 4373 quis
3393 4319 3657 4375 unquam
3692 4323 3764 4363 ex

2110 4394 2304 4450 animo
2337 4392 2408 4448 ad
2439 4391 2624 4449 Deum
2656 4406 2820 4445 orare
2851 4392 3064 4461 potest,
3097 4389 3209 4446 nisi
3259 4391 3551 4447 internam
3583 4392 3763 4451 habet

2107 4481 2474 4549 charitatem,
2508 4483 2566 4535 et
2591 4495 2785 4534 veram
2817 4478 2877 4534 in
2908 4479 3093 4535 Deum
3118 4480 3323 4550 ﬁdem,
3349 4474 3629 4553 quoniam
3659 4483 3760 4540 ille
3792 4474 3827 4511 ’ν

357 4596 514 4645 mus,
547 4593 679 4634 cum
703 4570 1149 4647 quod,quandiu
1170 4567 2001 4642 potuimus,paruerimusdili-
2031 4586 2075 4649 D
2107 4570 2380 4641 deinceps
2410 4585 2524 4624 non
2556 4565 2678 4624 obit
2707 4572 2953 4624 mortem
2985 4567 3043 4624 in
3094 4568 3563 4627 Christianorum
3594 4589 3755 4629 rom-

357 4671 558 4743 genter
571 4662 854 4723 voluntati
878 4661 1001 4726 Dei,
1034 4656 1203 4714 nobis
1236 4656 1459 4730 gratius
1480 4657 1590 4713 erit
1619 4676 1792 4731 quam
1827 4677 1999 4715 omne

354 4758 509 4830 quod
524 4756 582 4813 in
602 4758 724 4811 toto
739 4752 877 4809 orbe
891 4752 998 4805 est.
1023 4747 1134 4804 Sed
1155 4751 1294 4801 tunc
1315 4746 1641 4818 simplicem
1666 4747 1991 4802 mercedem

353 4847 566 4903 habere
595 4844 878 4900 debemus
921 4839 1047 4910 ejus
1091 4835 1244 4908 quod
1284 4834 1344 4889 in
1374 4835 1494 4890 vita
1523 4838 1694 4890 antea
1724 4834 1989 4889 fecimus.

350 4937 503 4992 Voce
529 4933 692 4990 illius
712 4934 873 4995 tunc,
888 4928 989 4999 qui
1011 4927 1456 4999 promeruerunt
1476 4922 1686 4978 inferni
1722 4921 1989 4979 multam.

350 5024 462 5080 Sed
482 5020 876 5095 agendum,qu
886 5033 978 5070 am
997 5013 1442 5086 diligentissime
1475 5027 1509 5066 a
1525 5009 1776 5081 peccatis
1802 5026 1990 5065 rever-

348 5094 631 5179 tamur,et
654 5105 873 5179 singuli
903 5103 1112 5160 delicta
1141 5105 1342 5158 nostra
1392 5094 1749 5153 confessario
1792 5102 1990 5155 nostro

349 5198 553 5258 sedulo
585 5196 1059 5259 eonﬁteamur,ut
1089 5204 1320 5262 semper
1349 5184 1773 5255 abstineamus,
1804 5203 1869 5241 ac
1900 5205 1988 5244 se-

348 5289 487 5346 dulo
503 5283 1058 5359 compensemus.Et
1088 5276 1304 5352 singuli
1336 5276 1602 5329 nostrum
1636 5270 1768 5328 aliis
1792 5275 1987 5346 injun-

346 5372 558 5452 gamus
579 5376 733 5450 quod
756 5374 1025 5431 volumus
1045 5374 1110 5424 ut
1138 5366 1308 5423 nobis
1339 5363 1704 5452 injungatur.
1741 5362 1869 5421 Haec
1899 5372 1987 5423 est

345 5448 434 5526 lex
456 5448 640 5541 justa,
673 5470 729 5523 et
763 5468 873 5521 Deo
902 5459 1069 5517 valde
1091 5456 1339 5529 grata,et
1364 5451 1415 5506 is
1460 5448 1572 5541 erit
1611 5448 1986 5513 felicissimus

345 5560 444 5632 qui
464 5539 661 5630 legem
692 5555 845 5610 hanc
876 5545 1207 5608 servaverit.
1241 5542 1505 5632 Namque
1536 5539 1688 5597 Deus
1718 5544 1983 5618 omnipo-

342 5627 472 5703 tens
502 5627 610 5702 nos
656 5658 860 5702 omnes
919 5634 1153 5702 ereavit,
1183 5635 1240 5688 et
1267 5627 1478 5685 deinde
1531 5645 1742 5705 magno
1797 5635 1983 5706 pretio

2110 4658 2407 4726 munione,
2451 4674 2555 4713 nec
2601 4657 2659 4712 in
2718 4661 3055 4715 consecrato
3094 4659 3423 4715 ecemeterio
3480 4659 3752 4735 quiescit,

2104 4763 2295 4819 neque
2323 4747 2384 4802 in
2416 4746 2532 4804 vita
2573 4764 2682 4803 sua
2721 4750 2779 4802 S.
2811 4747 3225 4804 eucharistiam
3269 4749 3536 4822 percipit,
3564 4760 3767 4824 neque

2103 4834 2293 4893 bonus
2320 4840 2408 4893 est
2437 4835 2934 4909 Christianus,qui
2960 4837 3072 4893 hoc
3102 4838 3327 4894 discere
3355 4838 3501 4895 nolit
3525 4859 3537 4909 ;
3564 4856 3750 4913 neque

2102 4923 2200 4981 ille
2231 4926 2423 4981 debite
2452 4925 2633 4982 alium
2665 4927 2962 4998 suscipere
2992 4931 3184 4999 potest
3213 4928 3285 4984 ad
3317 4928 3629 5001 baptisma,
3659 4920 3745 4987 vel

2101 5014 2171 5070 ad
2205 5015 2730 5084 conﬁrmationem,
2764 5015 2877 5072 nisi
2937 5016 3059 5072 haec
3109 5017 3318 5085 discat,
3352 5022 3417 5072 ut
3469 5019 3618 5077 bene
3648 5019 3747 5075 illa

2100 5104 2273 5159 norit.

2488 5194 2690 5251 XXIII.
2729 5196 2792 5252 Ut
2830 5196 3089 5252 exitialia
3113 5197 3348 5266 fugiant.

2170 5281 2455 5338 Docemus
2486 5282 2686 5352 etiam,
2719 5286 2785 5338 ut
2822 5283 3078 5339 exitialia
3108 5288 3344 5355 peccata
3373 5288 3431 5341 et
3458 5284 3743 5342 diabolica

2096 5371 2249 5426 facta
2279 5388 2457 5443 quam
2487 5370 2936 5443 diligentissime
2965 5389 3001 5427 a
3060 5371 3318 5443 quolibet
3346 5362 3744 5440 evitentur,'et

2096 5463 2549 5530 compensentur
2574 5458 3150 5532 libentissimeJuxta
3178 5462 3518 5519 confessarii
3549 5463 3740 5519 consi-

2094 5548 2261 5616 lium,
2297 5548 2346 5604 si
2378 5548 2513 5621 quis
2546 5564 2648 5620 per
2697 5546 2913 5603 diaboli
2953 5548 3389 5624 instigatienem
3417 5551 3476 5609 in
3507 5556 3742 5625 peccata

2096 5635 2270 5711 fuerit
2300 5636 2523 5710 lapsus.
