  <div class='ocr_page' id='page_1' title='image "/cluster/home/n/w/nwhite01/storage/ocr_20150623/151/umn.31951002477444s/714.png"; bbox 0 0 3962 6426; ppageno 0'>
   <div class='ocr_carea' id='block_1_1' title="bbox 162 414 321 499">
    <p class='ocr_par' dir='ltr' id='par_1_1' title="bbox 162 414 321 499">
     <span class='ocr_line' id='line_1_1' title="bbox 162 414 321 499; baseline -0.019 -18"><span class='ocrx_word' id='word_1_1' title='bbox 162 414 321 499; x_wconf 61' lang='grc' dir='ltr'>ματ</span> 
     </span>
    </p>
   </div>
   <div class='ocr_carea' id='block_1_2' title="bbox 539 542 1436 621">
    <p class='ocr_par' dir='ltr' id='par_1_2' title="bbox 539 542 1436 621">
     <span class='ocr_line' id='line_1_2' title="bbox 539 542 1436 621; baseline -0.007 -16"><span class='ocrx_word' id='word_1_2' title='bbox 539 544 730 621; x_wconf 82' lang='grc' dir='ltr'>ΧΧΙν.</span> <span class='ocrx_word' id='word_1_3' title='bbox 759 545 827 603; x_wconf 86' lang='lat' dir='ltr'>Et</span> <span class='ocrx_word' id='word_1_4' title='bbox 854 547 1000 603; x_wconf 84' lang='lat' dir='ltr'>inter</span> <span class='ocrx_word' id='word_1_5' title='bbox 1029 542 1140 603; x_wconf 68' lang='lat' dir='ltr'>haec</span> <span class='ocrx_word' id='word_1_6' title='bbox 1166 547 1436 617; x_wconf 79' lang='lat' dir='ltr'>stuprum.</span> 
     </span>
    </p>
   </div>
   <div class='ocr_carea' id='block_1_3' title="bbox 236 632 1810 707">
    <p class='ocr_par' dir='ltr' id='par_1_3' title="bbox 236 632 1810 707">
     <span class='ocr_line' id='line_1_3' title="bbox 236 632 1810 707; baseline -0.003 -13"><span class='ocrx_word' id='word_1_7' title='bbox 236 637 526 694; x_wconf 89' lang='lat' dir='ltr'>Docemus</span> <span class='ocrx_word' id='word_1_8' title='bbox 555 636 733 691; x_wconf 89' lang='lat' dir='ltr'>etiam</span> <span class='ocrx_word' id='word_1_9' title='bbox 764 638 830 690; x_wconf 90' lang='lat' dir='ltr'>ut</span> <span class='ocrx_word' id='word_1_10' title='bbox 854 634 1122 692; x_wconf 83' lang='lat' dir='ltr'>homines</span> <span class='ocrx_word' id='word_1_11' title='bbox 1152 651 1186 690; x_wconf 89' lang='lat' dir='ltr'>a</span> <span class='ocrx_word' id='word_1_12' title='bbox 1220 632 1373 707; x_wconf 91' lang='lat' dir='ltr'>turpi</span> <span class='ocrx_word' id='word_1_13' title='bbox 1404 636 1630 706; x_wconf 87' lang='lat' dir='ltr'>stupro,</span> <span class='ocrx_word' id='word_1_14' title='bbox 1652 641 1706 689; x_wconf 86' lang='lat' dir='ltr'>et</span> <span class='ocrx_word' id='word_1_15' title='bbox 1738 636 1810 689; x_wconf 91' lang='lat' dir='ltr'>ab</span> 
     </span>
    </p>
   </div>
   <div class='ocr_carea' id='block_1_4' title="bbox 169 722 1815 803">
    <p class='ocr_par' dir='ltr' id='par_1_4' title="bbox 169 722 1815 803">
     <span class='ocr_line' id='line_1_4' title="bbox 169 722 1815 803; baseline -0.002 -21"><span class='ocrx_word' id='word_1_16' title='bbox 169 726 372 784; x_wconf 88' lang='lat' dir='ltr'>illicito</span> <span class='ocrx_word' id='word_1_17' title='bbox 400 723 735 803; x_wconf 70' lang='lat' dir='ltr'>concubitu,</span> <span class='ocrx_word' id='word_1_18' title='bbox 768 727 825 781; x_wconf 88' lang='lat' dir='ltr'>et</span> <span class='ocrx_word' id='word_1_19' title='bbox 853 724 925 781; x_wconf 90' lang='lat' dir='ltr'>ab</span> <span class='ocrx_word' id='word_1_20' title='bbox 957 723 1119 781; x_wconf 90' lang='lat' dir='ltr'>omni</span> <span class='ocrx_word' id='word_1_21' title='bbox 1149 722 1434 780; x_wconf 88' lang='lat' dir='ltr'>adulterio</span> <span class='ocrx_word' id='word_1_22' title='bbox 1465 726 1815 780; x_wconf 79' lang='lat' dir='ltr'>moneantur</span> 
     </span>
    </p>
   </div>
   <div class='ocr_carea' id='block_1_5' title="bbox 170 804 832 889">
    <p class='ocr_par' dir='ltr' id='par_1_5' title="bbox 170 804 832 889">
     <span class='ocr_line' id='line_1_5' title="bbox 170 804 832 889; baseline -0.015 -11"><span class='ocrx_word' id='word_1_23' title='bbox 170 804 401 889; x_wconf 71' lang='lat' dir='ltr'>semper</span> <span class='ocrx_word' id='word_1_24' title='bbox 430 831 492 873; x_wconf 91' lang='lat' dir='ltr'>se</span> <span class='ocrx_word' id='word_1_25' title='bbox 520 814 832 872; x_wconf 87' lang='lat' dir='ltr'>abstinere.</span> 
     </span>
    </p>
   </div>
   <div class='ocr_carea' id='block_1_6' title="bbox 204 898 1642 984">
    <p class='ocr_par' dir='ltr' id='par_1_6' title="bbox 204 898 1642 984">
     <span class='ocr_line' id='line_1_6' title="bbox 204 898 1642 984; baseline -0.001 -15"><span class='ocrx_word' id='word_1_26' title='bbox 204 898 209 901; x_wconf 40' lang='grc'><strong>⁷</strong></span> <span class='ocrx_word' id='word_1_27' title='bbox 332 913 505 971; x_wconf 85' lang='lat' dir='ltr'>XXV.</span> <span class='ocrx_word' id='word_1_28' title='bbox 539 915 606 973; x_wconf 89' lang='lat' dir='ltr'>Ut</span> <span class='ocrx_word' id='word_1_29' title='bbox 635 919 863 969; x_wconf 77' lang='lat' dir='ltr'>caveant</span> <span class='ocrx_word' id='word_1_30' title='bbox 886 914 994 968; x_wconf 89' lang='lat' dir='ltr'>sibi</span> <span class='ocrx_word' id='word_1_31' title='bbox 1021 912 1087 967; x_wconf 88' lang='lat' dir='ltr'>de</span> <span class='ocrx_word' id='word_1_32' title='bbox 1114 912 1389 968; x_wconf 80' lang='lat' dir='ltr'>tremendo</span> <span class='ocrx_word' id='word_1_33' title='bbox 1409 912 1642 984; x_wconf 82' lang='lat' dir='ltr'>judicio.</span> 
     </span>
    </p>
   </div>
   <div class='ocr_carea' id='block_1_7' title="bbox 236 999 1813 1074">
    <p class='ocr_par' dir='ltr' id='par_1_7' title="bbox 236 999 1813 1074">
     <span class='ocr_line' id='line_1_7' title="bbox 236 999 1813 1074; baseline -0.001 -13"><span class='ocrx_word' id='word_1_34' title='bbox 236 1004 529 1061; x_wconf 89' lang='lat' dir='ltr'>Docemus</span> <span class='ocrx_word' id='word_1_35' title='bbox 556 1001 732 1057; x_wconf 88' lang='lat' dir='ltr'>etiam</span> <span class='ocrx_word' id='word_1_36' title='bbox 762 1004 829 1056; x_wconf 92' lang='lat' dir='ltr'>ut</span> <span class='ocrx_word' id='word_1_37' title='bbox 857 1000 1102 1073; x_wconf 85' lang='lat' dir='ltr'>quilibet</span> <span class='ocrx_word' id='word_1_38' title='bbox 1128 999 1301 1056; x_wconf 91' lang='lat' dir='ltr'>homo</span> <span class='ocrx_word' id='word_1_39' title='bbox 1350 999 1658 1074; x_wconf 87' lang='lat' dir='ltr'>diligenter</span> <span class='ocrx_word' id='word_1_40' title='bbox 1710 1002 1813 1059; x_wconf 89' lang='lat' dir='ltr'>Dei</span> 
     </span>
    </p>
   </div>
   <div class='ocr_carea' id='block_1_8' title="bbox 167 1089 1816 1157">
    <p class='ocr_par' dir='ltr' id='par_1_8' title="bbox 167 1089 1816 1157">
     <span class='ocr_line' id='line_1_8' title="bbox 167 1089 1816 1157; baseline -0.001 -8"><span class='ocrx_word' id='word_1_41' title='bbox 167 1093 438 1149; x_wconf 83' lang='lat' dir='ltr'>timorem</span> <span class='ocrx_word' id='word_1_42' title='bbox 471 1091 531 1145; x_wconf 91' lang='lat' dir='ltr'>in</span> <span class='ocrx_word' id='word_1_43' title='bbox 551 1090 749 1146; x_wconf 86' lang='lat' dir='ltr'>animo</span> <span class='ocrx_word' id='word_1_44' title='bbox 771 1107 876 1145; x_wconf 89' lang='lat' dir='ltr'>suo</span> <span class='ocrx_word' id='word_1_45' title='bbox 898 1089 1128 1157; x_wconf 84' lang='lat' dir='ltr'><strong>habeat,</strong></span> <span class='ocrx_word' id='word_1_46' title='bbox 1152 1092 1209 1146; x_wconf 90' lang='lat' dir='ltr'>et</span> <span class='ocrx_word' id='word_1_47' title='bbox 1227 1089 1321 1146; x_wconf 90' lang='lat' dir='ltr'>die</span> <span class='ocrx_word' id='word_1_48' title='bbox 1342 1107 1407 1147; x_wconf 87' lang='lat' dir='ltr'>ac</span> <span class='ocrx_word' id='word_1_49' title='bbox 1430 1095 1595 1147; x_wconf 89' lang='lat' dir='ltr'>nocte</span> <span class='ocrx_word' id='word_1_50' title='bbox 1617 1097 1816 1150; x_wconf 82' lang='lat' dir='ltr'>caveat</span> 
     </span>
    </p>
   </div>
   <div class='ocr_carea' id='block_1_9' title="bbox 170 1179 1814 1254">
    <p class='ocr_par' dir='ltr' id='par_1_9' title="bbox 170 1179 1814 1254">
     <span class='ocr_line' id='line_1_9' title="bbox 170 1179 1814 1254; baseline -0.001 -16"><span class='ocrx_word' id='word_1_51' title='bbox 170 1199 203 1238; x_wconf 86' lang='lat' dir='ltr'>a</span> <span class='ocrx_word' id='word_1_52' title='bbox 230 1180 502 1254; x_wconf 75' lang='lat' dir='ltr'>peccatis,</span> <span class='ocrx_word' id='word_1_53' title='bbox 531 1179 686 1247; x_wconf 87' lang='lat' dir='ltr'>diem</span> <span class='ocrx_word' id='word_1_54' title='bbox 699 1179 909 1251; x_wconf 88' lang='lat' dir='ltr'>judicii</span> <span class='ocrx_word' id='word_1_55' title='bbox 930 1179 1130 1235; x_wconf 88' lang='lat' dir='ltr'>timeat</span> <span class='ocrx_word' id='word_1_56' title='bbox 1145 1223 1158 1247; x_wconf 91' lang='lat'>,</span> <span class='ocrx_word' id='word_1_57' title='bbox 1181 1183 1238 1235; x_wconf 91' lang='lat' dir='ltr'>et</span> <span class='ocrx_word' id='word_1_58' title='bbox 1259 1179 1334 1235; x_wconf 92' lang='lat' dir='ltr'>ab</span> <span class='ocrx_word' id='word_1_59' title='bbox 1354 1179 1578 1237; x_wconf 89' lang='lat' dir='ltr'>inferno</span> <span class='ocrx_word' id='word_1_60' title='bbox 1601 1181 1814 1237; x_wconf 87' lang='lat' dir='ltr'>abhor-</span> 
     </span>
    </p>
   </div>
   <div class='ocr_carea' id='block_1_10' title="bbox 171 1268 1814 1341">
    <p class='ocr_par' dir='ltr' id='par_1_10' title="bbox 171 1268 1814 1341">
     <span class='ocr_line' id='line_1_10' title="bbox 171 1268 1814 1341; baseline 0 -13"><span class='ocrx_word' id='word_1_61' title='bbox 171 1274 312 1341; x_wconf 84' lang='lat' dir='ltr'>reat,</span> <span class='ocrx_word' id='word_1_62' title='bbox 343 1274 404 1327; x_wconf 85' lang='lat' dir='ltr'>et</span> <span class='ocrx_word' id='word_1_63' title='bbox 430 1284 662 1341; x_wconf 83' lang='lat' dir='ltr'>semper</span> <span class='ocrx_word' id='word_1_64' title='bbox 689 1268 867 1333; x_wconf 86' lang='lat' dir='ltr'>ﬁnem</span> <span class='ocrx_word' id='word_1_65' title='bbox 904 1268 1133 1324; x_wconf 89' lang='lat' dir='ltr'>dierum</span> <span class='ocrx_word' id='word_1_66' title='bbox 1178 1272 1368 1324; x_wconf 85' lang='lat' dir='ltr'>astare</span> <span class='ocrx_word' id='word_1_67' title='bbox 1412 1269 1522 1325; x_wconf 86' lang='lat' dir='ltr'>sibi</span> <span class='ocrx_word' id='word_1_68' title='bbox 1571 1270 1814 1328; x_wconf 89' lang='lat' dir='ltr'>arbitre-</span> 
     </span>
    </p>
   </div>
   <div class='ocr_carea' id='block_1_11' title="bbox 167 1363 283 1420">
    <p class='ocr_par' dir='ltr' id='par_1_11' title="bbox 167 1363 283 1420">
     <span class='ocr_line' id='line_1_11' title="bbox 167 1363 283 1420; baseline 0 -5"><span class='ocrx_word' id='word_1_69' title='bbox 167 1363 283 1420; x_wconf 87' lang='lat' dir='ltr'>tur.</span> 
     </span>
    </p>
   </div>
   <div class='ocr_carea' id='block_1_12' title="bbox 236 1462 1741 1538">
    <p class='ocr_par' dir='ltr' id='par_1_12' title="bbox 236 1462 1741 1538">
     <span class='ocr_line' id='line_1_12' title="bbox 236 1462 1741 1538; baseline 0 -16"><span class='ocrx_word' id='word_1_70' title='bbox 236 1463 438 1522; x_wconf 79' lang='lat' dir='ltr'><strong>XXVI.</strong></span> <span class='ocrx_word' id='word_1_71' title='bbox 461 1467 529 1522; x_wconf 84' lang='lat' dir='ltr'>Ut</span> <span class='ocrx_word' id='word_1_72' title='bbox 547 1465 784 1536; x_wconf 74' lang='lat' dir='ltr'>episcopi</span> <span class='ocrx_word' id='word_1_73' title='bbox 801 1467 857 1520; x_wconf 85' lang='lat' dir='ltr'>et</span> <span class='ocrx_word' id='word_1_74' title='bbox 877 1463 1176 1520; x_wconf 73' lang='lat' dir='ltr'>sacerdotes</span> <span class='ocrx_word' id='word_1_75' title='bbox 1197 1462 1305 1535; x_wconf 80' lang='lat' dir='ltr'>ﬁde</span> <span class='ocrx_word' id='word_1_76' title='bbox 1323 1465 1518 1520; x_wconf 81' lang='lat' dir='ltr'>obeant</span> <span class='ocrx_word' id='word_1_77' title='bbox 1537 1467 1741 1538; x_wconf 75' lang='lat' dir='ltr'>ofﬁcia.</span> 
     </span>
    </p>
   </div>
   <div class='ocr_carea' id='block_1_13' title="bbox 237 1552 1818 1628">
    <p class='ocr_par' dir='ltr' id='par_1_13' title="bbox 237 1552 1818 1628">
     <span class='ocr_line' id='line_1_13' title="bbox 237 1552 1818 1628; baseline 0.002 -19"><span class='ocrx_word' id='word_1_78' title='bbox 237 1553 510 1626; x_wconf 83' lang='lat' dir='ltr'>Episcopi</span> <span class='ocrx_word' id='word_1_79' title='bbox 540 1552 661 1608; x_wconf 89' lang='lat' dir='ltr'>sint</span> <span class='ocrx_word' id='word_1_80' title='bbox 691 1568 987 1624; x_wconf 73' lang='lat' dir='ltr'>praecones</span> <span class='ocrx_word' id='word_1_81' title='bbox 1012 1556 1070 1607; x_wconf 93' lang='lat' dir='ltr'>et</span> <span class='ocrx_word' id='word_1_82' title='bbox 1098 1553 1364 1608; x_wconf 90' lang='lat' dir='ltr'>doctores</span> <span class='ocrx_word' id='word_1_83' title='bbox 1396 1552 1593 1628; x_wconf 88' lang='lat' dir='ltr'>legum</span> <span class='ocrx_word' id='word_1_84' title='bbox 1616 1555 1736 1621; x_wconf 89' lang='lat' dir='ltr'>Dei,</span> <span class='ocrx_word' id='word_1_85' title='bbox 1761 1561 1818 1612; x_wconf 89' lang='lat' dir='ltr'>et</span> 
     </span>
    </p>
   </div>
   <div class='ocr_carea' id='block_1_14' title="bbox 168 1640 1816 1715">
    <p class='ocr_par' dir='ltr' id='par_1_14' title="bbox 168 1640 1816 1715">
     <span class='ocr_line' id='line_1_14' title="bbox 168 1640 1816 1715; baseline 0.001 -16"><span class='ocrx_word' id='word_1_86' title='bbox 168 1642 458 1715; x_wconf 74' lang='lat' dir='ltr'>explicent</span> <span class='ocrx_word' id='word_1_87' title='bbox 489 1657 555 1697; x_wconf 91' lang='lat' dir='ltr'>ac</span> <span class='ocrx_word' id='word_1_88' title='bbox 586 1640 850 1714; x_wconf 88' lang='lat' dir='ltr'>exemplo</span> <span class='ocrx_word' id='word_1_89' title='bbox 891 1657 1000 1696; x_wconf 90' lang='lat' dir='ltr'>suo</span> <span class='ocrx_word' id='word_1_90' title='bbox 1048 1641 1294 1696; x_wconf 90' lang='lat' dir='ltr'>doceant</span> <span class='ocrx_word' id='word_1_91' title='bbox 1341 1641 1591 1698; x_wconf 86' lang='lat' dir='ltr'>libenter</span> <span class='ocrx_word' id='word_1_92' title='bbox 1636 1644 1816 1702; x_wconf 87' lang='lat' dir='ltr'>eccle-</span> 
     </span>
    </p>
   </div>
   <div class='ocr_carea' id='block_1_15' title="bbox 168 1722 1818 1803">
    <p class='ocr_par' dir='ltr' id='par_1_15' title="bbox 168 1722 1818 1803">
     <span class='ocr_line' id='line_1_15' title="bbox 168 1722 1818 1803; baseline -0.001 -13"><span class='ocrx_word' id='word_1_93' title='bbox 168 1730 409 1790; x_wconf 86' lang='lat' dir='ltr'>siastica</span> <span class='ocrx_word' id='word_1_94' title='bbox 436 1729 651 1799; x_wconf 67' lang='lat' dir='ltr'>ofﬁcia,</span> <span class='ocrx_word' id='word_1_95' title='bbox 683 1730 946 1786; x_wconf 87' lang='lat' dir='ltr'>attendat</span> <span class='ocrx_word' id='word_1_96' title='bbox 972 1729 1067 1785; x_wconf 90' lang='lat' dir='ltr'>his</span> <span class='ocrx_word' id='word_1_97' title='bbox 1097 1730 1433 1803; x_wconf 89' lang='lat' dir='ltr'>quicunque</span> <span class='ocrx_word' id='word_1_98' title='bbox 1459 1722 1616 1787; x_wconf 84' lang='lat' dir='ltr'>velit.</span> <span class='ocrx_word' id='word_1_99' title='bbox 1661 1736 1818 1799; x_wconf 89' lang='lat' dir='ltr'>Quo-</span> 
     </span>
    </p>
   </div>
   <div class='ocr_carea' id='block_1_16' title="bbox 167 1819 1819 1896">
    <p class='ocr_par' dir='ltr' id='par_1_16' title="bbox 167 1819 1819 1896">
     <span class='ocr_line' id='line_1_16' title="bbox 167 1819 1819 1896; baseline 0 -18"><span class='ocrx_word' id='word_1_100' title='bbox 167 1820 329 1878; x_wconf 87' lang='lat' dir='ltr'>niam</span> <span class='ocrx_word' id='word_1_101' title='bbox 360 1819 593 1876; x_wconf 89' lang='lat' dir='ltr'>inutilis</span> <span class='ocrx_word' id='word_1_102' title='bbox 622 1823 825 1892; x_wconf 81' lang='lat' dir='ltr'>pastor</span> <span class='ocrx_word' id='word_1_103' title='bbox 849 1819 1178 1875; x_wconf 74' lang='lat' dir='ltr'>invenietur</span> <span class='ocrx_word' id='word_1_104' title='bbox 1198 1820 1382 1893; x_wconf 86' lang='lat' dir='ltr'>gregi,</span> <span class='ocrx_word' id='word_1_105' title='bbox 1405 1820 1507 1892; x_wconf 86' lang='lat' dir='ltr'>qui</span> <span class='ocrx_word' id='word_1_106' title='bbox 1530 1821 1677 1878; x_wconf 88' lang='lat' dir='ltr'>nolit</span> <span class='ocrx_word' id='word_1_107' title='bbox 1695 1840 1819 1896; x_wconf 90' lang='lat' dir='ltr'>gre-</span> 
     </span>
    </p>
   </div>
   <div class='ocr_carea' id='block_1_17' title="bbox 1414 409 2318 481">
    <p class='ocr_par' dir='ltr' id='par_1_17' title="bbox 1414 409 2318 481">
     <span class='ocr_line' id='line_1_17' title="bbox 1414 409 2318 481; baseline 0 -8"><span class='ocrx_word' id='word_1_108' title='bbox 1414 410 1778 481; x_wconf 76' lang='lat' dir='ltr'>CANUTUS</span> <span class='ocrx_word' id='word_1_109' title='bbox 1792 422 1799 429; x_wconf 83' lang='grc'><em>’</em></span> <span class='ocrx_word' id='word_1_110' title='bbox 1814 410 1847 472; x_wconf 66' lang='grc' dir='ltr'><strong>Ἰ</strong></span> <span class='ocrx_word' id='word_1_111' title='bbox 1890 409 2045 474; x_wconf 77' lang='lat' dir='ltr'>REX</span> <span class='ocrx_word' id='word_1_112' title='bbox 2086 410 2318 475; x_wconf 77' lang='lat' dir='ltr'>ANGL.</span> 
     </span>
    </p>
   </div>
   <div class='ocr_carea' id='block_1_18' title="bbox 3399 404 3565 469">
    <p class='ocr_par' dir='ltr' id='par_1_18' title="bbox 3399 404 3565 469">
     <span class='ocr_line' id='line_1_18' title="bbox 3399 404 3565 469; baseline -0.006 -1"><span class='ocrx_word' id='word_1_113' title='bbox 3399 404 3565 469; x_wconf 74' lang='lat' dir='ltr'>H78</span> 
     </span>
    </p>
   </div>
   <div class='ocr_carea' id='block_1_19' title="bbox 1836 534 3564 625">
    <p class='ocr_par' dir='ltr' id='par_1_19' title="bbox 1836 534 3564 625">
     <span class='ocr_line' id='line_1_19' title="bbox 1836 534 3564 625; baseline 0.003 -26"><span class='ocrx_word' id='word_1_114' title='bbox 1836 548 1893 612; x_wconf 78' lang='grc' dir='ltr'><strong>Α</strong></span> <span class='ocrx_word' id='word_1_115' title='bbox 1920 544 2187 614; x_wconf 79' lang='lat' dir='ltr'>ducatur,</span> <span class='ocrx_word' id='word_1_116' title='bbox 2219 546 2321 603; x_wconf 83' lang='lat' dir='ltr'>sed</span> <span class='ocrx_word' id='word_1_117' title='bbox 2344 542 2653 620; x_wconf 84' lang='lat' dir='ltr'>diligenter</span> <span class='ocrx_word' id='word_1_118' title='bbox 2672 545 2952 613; x_wconf 81' lang='lat' dir='ltr'>foveatur,</span> <span class='ocrx_word' id='word_1_119' title='bbox 2976 534 3049 602; x_wconf 88' lang='lat' dir='ltr'>ne</span> <span class='ocrx_word' id='word_1_120' title='bbox 3071 545 3270 625; x_wconf 88' lang='lat' dir='ltr'>anima</span> <span class='ocrx_word' id='word_1_121' title='bbox 3284 548 3564 621; x_wconf 82' lang='lat' dir='ltr'>perdatur</span> 
     </span>
    </p>
   </div>
   <div class='ocr_carea' id='block_1_20' title="bbox 1921 634 3232 708">
    <p class='ocr_par' dir='ltr' id='par_1_20' title="bbox 1921 634 3232 708">
     <span class='ocr_line' id='line_1_20' title="bbox 1921 634 3232 708; baseline 0 -18"><span class='ocrx_word' id='word_1_122' title='bbox 1921 651 2099 707; x_wconf 89' lang='lat' dir='ltr'>quam</span> <span class='ocrx_word' id='word_1_123' title='bbox 2128 635 2392 692; x_wconf 86' lang='lat' dir='ltr'>Christus</span> <span class='ocrx_word' id='word_1_124' title='bbox 2421 634 2657 708; x_wconf 90' lang='lat' dir='ltr'>propria</span> <span class='ocrx_word' id='word_1_125' title='bbox 2685 652 2792 693; x_wconf 87' lang='lat' dir='ltr'>sua</span> <span class='ocrx_word' id='word_1_126' title='bbox 2818 635 2939 693; x_wconf 86' lang='lat' dir='ltr'>vita</span> <span class='ocrx_word' id='word_1_127' title='bbox 2965 636 3232 693; x_wconf 86' lang='lat' dir='ltr'>redemit.</span> 
     </span>
    </p>
   </div>
   <div class='ocr_carea' id='block_1_21' title="bbox 1923 731 3561 808">
    <p class='ocr_par' dir='ltr' id='par_1_21' title="bbox 1923 731 3561 808">
     <span class='ocr_line' id='line_1_21' title="bbox 1923 731 3561 808; baseline 0.005 -22"><span class='ocrx_word' id='word_1_128' title='bbox 1923 731 2016 787; x_wconf 80' lang='lat' dir='ltr'>1V.</span> <span class='ocrx_word' id='word_1_129' title='bbox 2050 733 2123 788; x_wconf 88' lang='lat' dir='ltr'>De</span> <span class='ocrx_word' id='word_1_130' title='bbox 2152 735 2318 805; x_wconf 82' lang='lat' dir='ltr'>sagis,</span> <span class='ocrx_word' id='word_1_131' title='bbox 2350 734 2638 805; x_wconf 73' lang='lat' dir='ltr'>sortilegis,</span> <span class='ocrx_word' id='word_1_132' title='bbox 2674 738 2808 802; x_wconf 86' lang='lat' dir='ltr'>etc.,</span> <span class='ocrx_word' id='word_1_133' title='bbox 2838 734 3123 806; x_wconf 76' lang='lat' dir='ltr'>ejiciendis</span> <span class='ocrx_word' id='word_1_134' title='bbox 3155 736 3267 807; x_wconf 88' lang='lat' dir='ltr'>(LI.</span> <span class='ocrx_word' id='word_1_135' title='bbox 3302 737 3435 793; x_wconf 89' lang='lat' dir='ltr'>Sax.</span> <span class='ocrx_word' id='word_1_136' title='bbox 3487 738 3561 808; x_wconf 81' lang='grc'>4).</span> 
     </span>
    </p>
   </div>
   <div class='ocr_carea' id='block_1_22' title="bbox 1994 822 3565 898">
    <p class='ocr_par' dir='ltr' id='par_1_22' title="bbox 1994 822 3565 898">
     <span class='ocr_line' id='line_1_22' title="bbox 1994 822 3565 898; baseline 0.004 -22"><span class='ocrx_word' id='word_1_137' title='bbox 1994 822 2378 879; x_wconf 89' lang='lat' dir='ltr'>Prohibemus</span> <span class='ocrx_word' id='word_1_138' title='bbox 2407 823 2583 879; x_wconf 90' lang='lat' dir='ltr'>etiam</span> <span class='ocrx_word' id='word_1_139' title='bbox 2616 828 2681 879; x_wconf 90' lang='lat' dir='ltr'>ut</span> <span class='ocrx_word' id='word_1_140' title='bbox 2707 827 2922 880; x_wconf 87' lang='lat' dir='ltr'>terram</span> <span class='ocrx_word' id='word_1_141' title='bbox 2950 823 3412 898; x_wconf 85' lang='lat' dir='ltr'>circumquaque</span> <span class='ocrx_word' id='word_1_142' title='bbox 3433 826 3565 882; x_wconf 91' lang='lat' dir='ltr'>dili-</span> 
     </span>
    </p>
   </div>
   <div class='ocr_carea' id='block_1_23' title="bbox 1923 912 3565 985">
    <p class='ocr_par' dir='ltr' id='par_1_23' title="bbox 1923 912 3565 985">
     <span class='ocr_line' id='line_1_23' title="bbox 1923 912 3565 985; baseline 0.004 -19"><span class='ocrx_word' id='word_1_143' title='bbox 1923 914 2125 983; x_wconf 88' lang='lat' dir='ltr'>genter</span> <span class='ocrx_word' id='word_1_144' title='bbox 2155 912 2439 968; x_wconf 90' lang='lat' dir='ltr'>mundare</span> <span class='ocrx_word' id='word_1_145' title='bbox 2470 912 2772 985; x_wconf 83' lang='lat' dir='ltr'>incipiant,</span> <span class='ocrx_word' id='word_1_146' title='bbox 2805 916 2862 968; x_wconf 90' lang='lat' dir='ltr'>et</span> <span class='ocrx_word' id='word_1_147' title='bbox 2890 930 2925 969; x_wconf 90' lang='lat' dir='ltr'>a</span> <span class='ocrx_word' id='word_1_148' title='bbox 2945 914 3212 971; x_wconf 82' lang='lat' dir='ltr'>nefandis</span> <span class='ocrx_word' id='word_1_149' title='bbox 3232 915 3565 973; x_wconf 81' lang='lat' dir='ltr'>actionibus</span> 
     </span>
    </p>
   </div>
   <div class='ocr_carea' id='block_1_24' title="bbox 1922 999 3567 1078">
    <p class='ocr_par' dir='ltr' id='par_1_24' title="bbox 1922 999 3567 1078">
     <span class='ocr_line' id='line_1_24' title="bbox 1922 999 3567 1078; baseline 0.004 -24"><span class='ocrx_word' id='word_1_150' title='bbox 1922 999 2140 1072; x_wconf 92' lang='lat' dir='ltr'>ubique</span> <span class='ocrx_word' id='word_1_151' title='bbox 2169 1001 2520 1057; x_wconf 82' lang='lat' dir='ltr'>abstineant.</span> <span class='ocrx_word' id='word_1_152' title='bbox 2552 1003 2624 1057; x_wconf 90' lang='lat' dir='ltr'>Et</span> <span class='ocrx_word' id='word_1_153' title='bbox 2652 1000 2702 1058; x_wconf 88' lang='lat' dir='ltr'>si</span> <span class='ocrx_word' id='word_1_154' title='bbox 2733 1019 2904 1077; x_wconf 63' lang='lat' dir='ltr'>sagis,</span> <span class='ocrx_word' id='word_1_155' title='bbox 2935 1001 3023 1059; x_wconf 90' lang='lat' dir='ltr'>vel</span> <span class='ocrx_word' id='word_1_156' title='bbox 3065 1003 3297 1071; x_wconf 86' lang='lat' dir='ltr'>harioli,</span> <span class='ocrx_word' id='word_1_157' title='bbox 3350 1005 3567 1078; x_wconf 86' lang='lat' dir='ltr'>sicarii,</span> 
     </span>
    </p>
   </div>
   <div class='ocr_carea' id='block_1_25' title="bbox 1921 1086 3565 1165">
    <p class='ocr_par' dir='ltr' id='par_1_25' title="bbox 1921 1086 3565 1165">
     <span class='ocr_line' id='line_1_25' title="bbox 1921 1086 3565 1165; baseline 0.004 -22"><span class='ocrx_word' id='word_1_158' title='bbox 1921 1086 2010 1144; x_wconf 87' lang='lat' dir='ltr'>vel</span> <span class='ocrx_word' id='word_1_159' title='bbox 2044 1089 2379 1146; x_wconf 86' lang='lat' dir='ltr'>meretrices</span> <span class='ocrx_word' id='word_1_160' title='bbox 2410 1088 2624 1146; x_wconf 88' lang='lat' dir='ltr'>alicubi</span> <span class='ocrx_word' id='word_1_161' title='bbox 2654 1090 2714 1145; x_wconf 91' lang='lat' dir='ltr'>in</span> <span class='ocrx_word' id='word_1_162' title='bbox 2753 1091 2988 1165; x_wconf 81' lang='lat' dir='ltr'>regione</span> <span class='ocrx_word' id='word_1_163' title='bbox 3033 1092 3565 1164; x_wconf 88' lang='lat' dir='ltr'>deprehendantur,</span> 
     </span>
    </p>
   </div>
   <div class='ocr_carea' id='block_1_26' title="bbox 1923 1178 3571 1254">
    <p class='ocr_par' dir='ltr' id='par_1_26' title="bbox 1923 1178 3571 1254">
     <span class='ocr_line' id='line_1_26' title="bbox 1923 1178 3571 1254; baseline 0.004 -21"><span class='ocrx_word' id='word_1_164' title='bbox 1923 1178 2248 1233; x_wconf 87' lang='lat' dir='ltr'>educantur</span> <span class='ocrx_word' id='word_1_165' title='bbox 2278 1178 2482 1234; x_wconf 92' lang='lat' dir='ltr'>sedulo</span> <span class='ocrx_word' id='word_1_166' title='bbox 2513 1196 2582 1234; x_wconf 87' lang='lat' dir='ltr'>ex</span> <span class='ocrx_word' id='word_1_167' title='bbox 2612 1182 2766 1235; x_wconf 91' lang='lat' dir='ltr'>terra</span> <span class='ocrx_word' id='word_1_168' title='bbox 2794 1178 2916 1248; x_wconf 86' lang='lat' dir='ltr'>illa,</span> <span class='ocrx_word' id='word_1_169' title='bbox 2947 1179 3035 1235; x_wconf 91' lang='lat' dir='ltr'>vel</span> <span class='ocrx_word' id='word_1_170' title='bbox 3065 1180 3123 1235; x_wconf 91' lang='lat' dir='ltr'>in</span> <span class='ocrx_word' id='word_1_171' title='bbox 3150 1185 3306 1237; x_wconf 89' lang='lat' dir='ltr'>terra</span> <span class='ocrx_word' id='word_1_172' title='bbox 3330 1187 3571 1254; x_wconf 81' lang='lat' dir='ltr'>pereant</span> 
     </span>
    </p>
   </div>
   <div class='ocr_carea' id='block_1_27' title="bbox 1925 1266 3571 1344">
    <p class='ocr_par' dir='ltr' id='par_1_27' title="bbox 1925 1266 3571 1344">
     <span class='ocr_line' id='line_1_27' title="bbox 1925 1266 3571 1344; baseline 0.004 -23"><span class='ocrx_word' id='word_1_173' title='bbox 1925 1266 2184 1338; x_wconf 91' lang='lat' dir='ltr'>omnino,</span> <span class='ocrx_word' id='word_1_174' title='bbox 2217 1267 2329 1323; x_wconf 87' lang='lat' dir='ltr'>nisi</span> <span class='ocrx_word' id='word_1_175' title='bbox 2353 1271 2584 1324; x_wconf 89' lang='lat' dir='ltr'>cessent</span> <span class='ocrx_word' id='word_1_176' title='bbox 2612 1285 2646 1323; x_wconf 88' lang='lat' dir='ltr'>a</span> <span class='ocrx_word' id='word_1_177' title='bbox 2675 1268 2843 1324; x_wconf 89' lang='lat' dir='ltr'>factis</span> <span class='ocrx_word' id='word_1_178' title='bbox 2873 1268 3066 1339; x_wconf 87' lang='lat' dir='ltr'>malis,</span> <span class='ocrx_word' id='word_1_179' title='bbox 3095 1274 3152 1325; x_wconf 90' lang='lat' dir='ltr'>et</span> <span class='ocrx_word' id='word_1_180' title='bbox 3172 1271 3381 1344; x_wconf 85' lang='lat' dir='ltr'>majori</span> <span class='ocrx_word' id='word_1_181' title='bbox 3398 1273 3571 1331; x_wconf 87' lang='lat' dir='ltr'>modo</span> 
     </span>
    </p>
   </div>
   <div class='ocr_carea' id='block_1_28' title="bbox 1925 1355 3572 1435">
    <p class='ocr_par' dir='ltr' id='par_1_28' title="bbox 1925 1355 3572 1435">
     <span class='ocr_line' id='line_1_28' title="bbox 1925 1355 3572 1435; baseline 0.004 -25"><span class='ocrx_word' id='word_1_182' title='bbox 1925 1359 2320 1427; x_wconf 89' lang='lat' dir='ltr'>compensent.</span> <span class='ocrx_word' id='word_1_183' title='bbox 2342 1355 2719 1427; x_wconf 75' lang='lat' dir='ltr'>Praecipimus</span> <span class='ocrx_word' id='word_1_184' title='bbox 2740 1356 2914 1413; x_wconf 89' lang='lat' dir='ltr'>etiam</span> <span class='ocrx_word' id='word_1_185' title='bbox 2939 1360 3002 1411; x_wconf 91' lang='lat' dir='ltr'>ut</span> <span class='ocrx_word' id='word_1_186' title='bbox 3022 1358 3253 1431; x_wconf 79' lang='lat' dir='ltr'>profugi</span> <span class='ocrx_word' id='word_1_187' title='bbox 3268 1364 3324 1415; x_wconf 90' lang='lat' dir='ltr'>et</span> <span class='ocrx_word' id='word_1_188' title='bbox 3345 1359 3572 1435; x_wconf 84' lang='lat' dir='ltr'>exleges</span> 
     </span>
    </p>
   </div>
   <div class='ocr_carea' id='block_1_29' title="bbox 1926 1445 3571 1519">
    <p class='ocr_par' dir='ltr' id='par_1_29' title="bbox 1926 1445 3571 1519">
     <span class='ocr_line' id='line_1_29' title="bbox 1926 1445 3571 1519; baseline 0.005 -20"><span class='ocrx_word' id='word_1_189' title='bbox 1926 1445 2024 1500; x_wconf 90' lang='lat' dir='ltr'>Dei</span> <span class='ocrx_word' id='word_1_190' title='bbox 2057 1461 2123 1501; x_wconf 89' lang='lat' dir='ltr'>ac</span> <span class='ocrx_word' id='word_1_191' title='bbox 2155 1445 2484 1513; x_wconf 87' lang='lat' dir='ltr'>hominum,</span> <span class='ocrx_word' id='word_1_192' title='bbox 2518 1463 2586 1502; x_wconf 84' lang='lat' dir='ltr'>ex</span> <span class='ocrx_word' id='word_1_193' title='bbox 2616 1445 2806 1519; x_wconf 88' lang='lat' dir='ltr'>patria</span> <span class='ocrx_word' id='word_1_194' title='bbox 2832 1447 3310 1517; x_wconf 79' lang='lat' dir='ltr'>exterminentur,</span> <span class='ocrx_word' id='word_1_195' title='bbox 3353 1449 3466 1506; x_wconf 89' lang='lat' dir='ltr'>nisi</span> <span class='ocrx_word' id='word_1_196' title='bbox 3508 1468 3571 1507; x_wconf 89' lang='lat' dir='ltr'>se</span> 
     </span>
    </p>
   </div>
   <div class='ocr_carea' id='block_1_30' title="bbox 1924 1533 3570 1608">
    <p class='ocr_par' dir='ltr' id='par_1_30' title="bbox 1924 1533 3570 1608">
     <span class='ocr_line' id='line_1_30' title="bbox 1924 1533 3570 1608; baseline 0.004 -18"><span class='ocrx_word' id='word_1_197' title='bbox 1924 1533 2277 1590; x_wconf 87' lang='lat' dir='ltr'>submittant</span> <span class='ocrx_word' id='word_1_198' title='bbox 2298 1539 2355 1590; x_wconf 90' lang='lat' dir='ltr'>et</span> <span class='ocrx_word' id='word_1_199' title='bbox 2376 1551 2551 1607; x_wconf 75' lang='lat' dir='ltr'>quam</span> <span class='ocrx_word' id='word_1_200' title='bbox 2575 1533 3018 1608; x_wconf 85' lang='lat' dir='ltr'>diligentissime</span> <span class='ocrx_word' id='word_1_201' title='bbox 3038 1538 3368 1603; x_wconf 84' lang='lat' dir='ltr'>emendent.</span> <span class='ocrx_word' id='word_1_202' title='bbox 3394 1540 3461 1597; x_wconf 86' lang='lat' dir='ltr'>Et</span> <span class='ocrx_word' id='word_1_203' title='bbox 3481 1541 3570 1596; x_wconf 87' lang='lat' dir='ltr'>fu-</span> 
     </span>
    </p>
   </div>
   <div class='ocr_carea' id='block_1_31' title="bbox 1926 1622 3575 1698">
    <p class='ocr_par' dir='ltr' id='par_1_31' title="bbox 1926 1622 3575 1698">
     <span class='ocr_line' id='line_1_31' title="bbox 1926 1622 3575 1698; baseline 0.005 -21"><span class='ocrx_word' id='word_1_204' title='bbox 1926 1640 2017 1679; x_wconf 88' lang='lat' dir='ltr'>res</span> <span class='ocrx_word' id='word_1_205' title='bbox 2049 1639 2116 1678; x_wconf 89' lang='lat' dir='ltr'>ac</span> <span class='ocrx_word' id='word_1_206' title='bbox 2146 1622 2402 1679; x_wconf 90' lang='lat' dir='ltr'>latrones</span> <span class='ocrx_word' id='word_1_207' title='bbox 2434 1623 2651 1696; x_wconf 89' lang='lat' dir='ltr'>publici</span> <span class='ocrx_word' id='word_1_208' title='bbox 2684 1623 2839 1681; x_wconf 79' lang='lat' dir='ltr'>brevi</span> <span class='ocrx_word' id='word_1_209' title='bbox 2870 1628 3129 1698; x_wconf 89' lang='lat' dir='ltr'>pereant,</span> <span class='ocrx_word' id='word_1_210' title='bbox 3180 1627 3296 1682; x_wconf 87' lang='lat' dir='ltr'>nisi</span> <span class='ocrx_word' id='word_1_211' title='bbox 3344 1634 3575 1689; x_wconf 86' lang='lat' dir='ltr'>cessent</span> 
     </span>
    </p>
   </div>
   <div class='ocr_carea' id='block_1_32' title="bbox 1927 1711 2382 1792">
    <p class='ocr_par' dir='ltr' id='par_1_32' title="bbox 1927 1711 2382 1792">
     <span class='ocr_line' id='line_1_32' title="bbox 1927 1711 2382 1792; baseline 0 -25"><span class='ocrx_word' id='word_1_212' title='bbox 1927 1720 1984 1792; x_wconf 86' lang='lat' dir='ltr'>(a</span> <span class='ocrx_word' id='word_1_213' title='bbox 2015 1711 2382 1780; x_wconf 87' lang='lat' dir='ltr'>malefactis).</span> 
     </span>
    </p>
   </div>
   <div class='ocr_carea' id='block_1_33' title="bbox 1926 1808 3572 1890">
    <p class='ocr_par' dir='ltr' id='par_1_33' title="bbox 1926 1808 3572 1890">
     <span class='ocr_line' id='line_1_33' title="bbox 1926 1808 3572 1890; baseline 0.005 -26"><span class='ocrx_word' id='word_1_214' title='bbox 1926 1808 1994 1865; x_wconf 88' lang='lat' dir='ltr'>V.</span> <span class='ocrx_word' id='word_1_215' title='bbox 2025 1811 2093 1865; x_wconf 89' lang='lat' dir='ltr'>De</span> <span class='ocrx_word' id='word_1_216' title='bbox 2108 1811 2887 1883; x_wconf 84' lang='lat' dir='ltr'>gentiliumsuperstitionibus</span> <span class='ocrx_word' id='word_1_217' title='bbox 2906 1812 3182 1869; x_wconf 82' lang='lat' dir='ltr'>abolendis</span> <span class='ocrx_word' id='word_1_218' title='bbox 3202 1814 3317 1887; x_wconf 17' lang='lat' dir='ltr'>(LVI.</span> <span class='ocrx_word' id='word_1_219' title='bbox 3341 1815 3472 1889; x_wconf 76' lang='lat' dir='ltr'>Sax.</span> <span class='ocrx_word' id='word_1_220' title='bbox 3496 1817 3572 1890; x_wconf 88' lang='lat'>5).</span> 
     </span>
    </p>
   </div>
   <div class='ocr_carea' id='block_1_34' title="bbox 170 1898 3576 1983">
    <p class='ocr_par' dir='ltr' id='par_1_34' title="bbox 170 1898 3576 1983">
     <span class='ocr_line' id='line_1_34' title="bbox 170 1898 3576 1983; baseline 0.004 -35"><span class='ocrx_word' id='word_1_221' title='bbox 170 1926 324 1983; x_wconf 58' lang='lat' dir='ltr'>gem,</span> <span class='ocrx_word' id='word_1_222' title='bbox 356 1924 532 1980; x_wconf 71' lang='lat' dir='ltr'>quem</span> <span class='ocrx_word' id='word_1_223' title='bbox 564 1909 716 1965; x_wconf 69' lang='lat' dir='ltr'>tueri</span> <span class='ocrx_word' id='word_1_224' title='bbox 747 1908 938 1975; x_wconf 60' lang='lat' dir='ltr'>debet,</span> <span class='ocrx_word' id='word_1_225' title='bbox 971 1907 1223 1964; x_wconf 70' lang='lat' dir='ltr'>clamore</span> <span class='ocrx_word' id='word_1_226' title='bbox 1245 1909 1574 1977; x_wconf 60' lang='lat' dir='ltr'>defendere,</span> <span class='ocrx_word' id='word_1_227' title='bbox 1600 1912 1650 1967; x_wconf 71' lang='lat' dir='ltr'>si</span> <span class='ocrx_word' id='word_1_228' title='bbox 1677 1912 1822 1969; x_wconf 68' lang='lat' dir='ltr'>alias</span> <span class='ocrx_word' id='word_1_229' title='bbox 1851 1914 1901 1980; x_wconf 81' lang='grc' dir='ltr'>Β</span> <span class='ocrx_word' id='word_1_230' title='bbox 2000 1898 2387 1955; x_wconf 85' lang='lat' dir='ltr'>Prohibemus</span> <span class='ocrx_word' id='word_1_231' title='bbox 2417 1899 2592 1956; x_wconf 89' lang='lat' dir='ltr'>etiam</span> <span class='ocrx_word' id='word_1_232' title='bbox 2628 1899 2781 1956; x_wconf 89' lang='lat' dir='ltr'>serio</span> <span class='ocrx_word' id='word_1_233' title='bbox 2811 1900 3250 1959; x_wconf 87' lang='lat' dir='ltr'>ethnicismum.</span> <span class='ocrx_word' id='word_1_234' title='bbox 3286 1904 3576 1962; x_wconf 83' lang='lat' dir='ltr'>Ethnicis-</span> 
     </span>
    </p>
   </div>
   <div class='ocr_carea' id='block_1_35' title="bbox 170 1996 1813 2073">
    <p class='ocr_par' dir='ltr' id='par_1_35' title="bbox 170 1996 1813 2073">
     <span class='ocr_line' id='line_1_35' title="bbox 170 1996 1813 2073; baseline 0 -18"><span class='ocrx_word' id='word_1_235' title='bbox 170 1998 377 2073; x_wconf 85' lang='lat' dir='ltr'>possit,</span> <span class='ocrx_word' id='word_1_236' title='bbox 409 2014 545 2053; x_wconf 91' lang='lat' dir='ltr'>cum</span> <span class='ocrx_word' id='word_1_237' title='bbox 571 1996 807 2069; x_wconf 89' lang='lat' dir='ltr'>aliquod</span> <span class='ocrx_word' id='word_1_238' title='bbox 835 1997 1120 2052; x_wconf 87' lang='lat' dir='ltr'>damnum</span> <span class='ocrx_word' id='word_1_239' title='bbox 1152 1998 1313 2070; x_wconf 88' lang='lat' dir='ltr'>gregi</span> <span class='ocrx_word' id='word_1_240' title='bbox 1345 2014 1551 2055; x_wconf 85' lang='lat' dir='ltr'>nocere</span> <span class='ocrx_word' id='word_1_241' title='bbox 1590 2000 1813 2073; x_wconf 88' lang='lat' dir='ltr'>incipit.</span> 
     </span>
    </p>
   </div>
   <div class='ocr_carea' id='block_1_36' title="bbox 167 2076 1815 2161">
    <p class='ocr_par' dir='ltr' id='par_1_36' title="bbox 167 2076 1815 2161">
     <span class='ocr_line' id='line_1_36' title="bbox 167 2076 1815 2161; baseline 0.001 -18"><span class='ocrx_word' id='word_1_242' title='bbox 167 2085 411 2143; x_wconf 88' lang='lat' dir='ltr'>Nullum</span> <span class='ocrx_word' id='word_1_243' title='bbox 440 2088 533 2142; x_wconf 89' lang='lat' dir='ltr'>est</span> <span class='ocrx_word' id='word_1_244' title='bbox 561 2086 841 2142; x_wconf 88' lang='lat' dir='ltr'>damnum</span> <span class='ocrx_word' id='word_1_245' title='bbox 876 2086 1018 2141; x_wconf 89' lang='lat' dir='ltr'>adeo</span> <span class='ocrx_word' id='word_1_246' title='bbox 1042 2085 1265 2141; x_wconf 90' lang='lat' dir='ltr'>malum</span> <span class='ocrx_word' id='word_1_247' title='bbox 1294 2102 1358 2141; x_wconf 89' lang='lat' dir='ltr'>ac</span> <span class='ocrx_word' id='word_1_248' title='bbox 1377 2086 1648 2144; x_wconf 87' lang='lat' dir='ltr'>diabolus</span> <span class='ocrx_word' id='word_1_249' title='bbox 1673 2076 1815 2161; x_wconf 86' lang='lat' dir='ltr'>ipse,</span> 
     </span>
    </p>
   </div>
   <div class='ocr_carea' id='block_1_37' title="bbox 170 2170 1819 2249">
    <p class='ocr_par' dir='ltr' id='par_1_37' title="bbox 170 2170 1819 2249">
     <span class='ocr_line' id='line_1_37' title="bbox 170 2170 1819 2249; baseline 0.002 -17"><span class='ocrx_word' id='word_1_250' title='bbox 170 2175 274 2249; x_wconf 88' lang='lat' dir='ltr'>qui</span> <span class='ocrx_word' id='word_1_251' title='bbox 300 2191 533 2248; x_wconf 86' lang='lat' dir='ltr'>semper</span> <span class='ocrx_word' id='word_1_252' title='bbox 561 2174 673 2231; x_wconf 91' lang='lat' dir='ltr'>hoc</span> <span class='ocrx_word' id='word_1_253' title='bbox 703 2192 888 2233; x_wconf 88' lang='lat' dir='ltr'>unum</span> <span class='ocrx_word' id='word_1_254' title='bbox 912 2170 1258 2243; x_wconf 81' lang='lat' dir='ltr'>meditatur,</span> <span class='ocrx_word' id='word_1_255' title='bbox 1282 2177 1575 2246; x_wconf 90' lang='lat' dir='ltr'>quomodo</span> <span class='ocrx_word' id='word_1_256' title='bbox 1596 2178 1819 2235; x_wconf 86' lang='lat' dir='ltr'>anima-</span> 
     </span>
    </p>
   </div>
   <div class='ocr_carea' id='block_1_38' title="bbox 169 2263 1824 2340">
    <p class='ocr_par' dir='ltr' id='par_1_38' title="bbox 169 2263 1824 2340">
     <span class='ocr_line' id='line_1_38' title="bbox 169 2263 1824 2340; baseline 0.002 -19"><span class='ocrx_word' id='word_1_257' title='bbox 169 2265 287 2321; x_wconf 88' lang='lat' dir='ltr'>bus</span> <span class='ocrx_word' id='word_1_258' title='bbox 309 2264 619 2320; x_wconf 89' lang='lat' dir='ltr'>hominum</span> <span class='ocrx_word' id='word_1_259' title='bbox 650 2263 907 2320; x_wconf 88' lang='lat' dir='ltr'>maxime</span> <span class='ocrx_word' id='word_1_260' title='bbox 935 2280 1143 2320; x_wconf 89' lang='lat' dir='ltr'>nocere</span> <span class='ocrx_word' id='word_1_261' title='bbox 1172 2265 1377 2336; x_wconf 83' lang='lat' dir='ltr'>possit.</span> <span class='ocrx_word' id='word_1_262' title='bbox 1409 2265 1558 2322; x_wconf 90' lang='lat' dir='ltr'>Tum</span> <span class='ocrx_word' id='word_1_263' title='bbox 1599 2273 1824 2340; x_wconf 87' lang='lat' dir='ltr'>oportet</span> 
     </span>
    </p>
   </div>
   <div class='ocr_carea' id='block_1_39' title="bbox 171 2351 1821 2427">
    <p class='ocr_par' dir='ltr' id='par_1_39' title="bbox 171 2351 1821 2427">
     <span class='ocr_line' id='line_1_39' title="bbox 171 2351 1821 2427; baseline 0.003 -19"><span class='ocrx_word' id='word_1_264' title='bbox 171 2356 444 2427; x_wconf 86' lang='lat' dir='ltr'>pastores</span> <span class='ocrx_word' id='word_1_265' title='bbox 472 2369 600 2409; x_wconf 87' lang='lat' dir='ltr'>esse</span> <span class='ocrx_word' id='word_1_266' title='bbox 627 2351 795 2408; x_wconf 88' lang='lat' dir='ltr'>valde</span> <span class='ocrx_word' id='word_1_267' title='bbox 821 2352 1048 2424; x_wconf 88' lang='lat' dir='ltr'>vigiles,</span> <span class='ocrx_word' id='word_1_268' title='bbox 1075 2356 1133 2408; x_wconf 88' lang='lat' dir='ltr'>et</span> <span class='ocrx_word' id='word_1_269' title='bbox 1150 2352 1460 2426; x_wconf 87' lang='lat' dir='ltr'>diligenter</span> <span class='ocrx_word' id='word_1_270' title='bbox 1479 2356 1821 2426; x_wconf 86' lang='lat' dir='ltr'>clamantes,</span> 
     </span>
    </p>
   </div>
   <div class='ocr_carea' id='block_1_40' title="bbox 172 2441 1825 2515">
    <p class='ocr_par' dir='ltr' id='par_1_40' title="bbox 172 2441 1825 2515">
     <span class='ocr_line' id='line_1_40' title="bbox 172 2441 1825 2515; baseline 0.002 -17"><span class='ocrx_word' id='word_1_271' title='bbox 172 2442 275 2515; x_wconf 87' lang='lat' dir='ltr'>qui</span> <span class='ocrx_word' id='word_1_272' title='bbox 300 2442 374 2497; x_wconf 91' lang='lat' dir='ltr'>ab</span> <span class='ocrx_word' id='word_1_273' title='bbox 393 2441 505 2498; x_wconf 92' lang='lat' dir='ltr'>hoc</span> <span class='ocrx_word' id='word_1_274' title='bbox 524 2441 749 2498; x_wconf 89' lang='lat' dir='ltr'>latrone</span> <span class='ocrx_word' id='word_1_275' title='bbox 768 2441 1003 2514; x_wconf 91' lang='lat' dir='ltr'>publico</span> <span class='ocrx_word' id='word_1_276' title='bbox 1029 2441 1310 2515; x_wconf 85' lang='lat' dir='ltr'>pepulum</span> <span class='ocrx_word' id='word_1_277' title='bbox 1334 2444 1481 2499; x_wconf 89' lang='lat' dir='ltr'>tueri</span> <span class='ocrx_word' id='word_1_278' title='bbox 1506 2445 1736 2502; x_wconf 86' lang='lat' dir='ltr'>debent.</span> <span class='ocrx_word' id='word_1_279' title='bbox 1758 2447 1825 2503; x_wconf 92' lang='lat' dir='ltr'>Hi</span> 
     </span>
    </p>
   </div>
   <div class='ocr_carea' id='block_1_41' title="bbox 176 2529 1828 2607">
    <p class='ocr_par' dir='ltr' id='par_1_41' title="bbox 176 2529 1828 2607">
     <span class='ocr_line' id='line_1_41' title="bbox 176 2529 1828 2607; baseline 0.002 -20"><span class='ocrx_word' id='word_1_280' title='bbox 176 2533 321 2593; x_wconf 86' lang='lat' dir='ltr'>sunt</span> <span class='ocrx_word' id='word_1_281' title='bbox 349 2529 607 2602; x_wconf 89' lang='lat' dir='ltr'>episcopi</span> <span class='ocrx_word' id='word_1_282' title='bbox 636 2534 693 2585; x_wconf 90' lang='lat' dir='ltr'>et</span> <span class='ocrx_word' id='word_1_283' title='bbox 724 2530 1066 2603; x_wconf 83' lang='lat' dir='ltr'>presbyteri,</span> <span class='ocrx_word' id='word_1_284' title='bbox 1094 2531 1195 2603; x_wconf 90' lang='lat' dir='ltr'>qui</span> <span class='ocrx_word' id='word_1_285' title='bbox 1216 2530 1673 2589; x_wconf 88' lang='lat' dir='ltr'>ecclesiasticum</span> <span class='ocrx_word' id='word_1_286' title='bbox 1698 2536 1828 2607; x_wconf 87' lang='lat' dir='ltr'>gre-</span> 
     </span>
    </p>
   </div>
   <div class='ocr_carea' id='block_1_42' title="bbox 173 2619 1829 2694">
    <p class='ocr_par' dir='ltr' id='par_1_42' title="bbox 173 2619 1829 2694">
     <span class='ocr_line' id='line_1_42' title="bbox 173 2619 1829 2694; baseline 0.002 -18"><span class='ocrx_word' id='word_1_287' title='bbox 173 2635 309 2694; x_wconf 90' lang='lat' dir='ltr'>gem</span> <span class='ocrx_word' id='word_1_288' title='bbox 339 2619 647 2687; x_wconf 82' lang='lat' dir='ltr'>defendere</span> <span class='ocrx_word' id='word_1_289' title='bbox 675 2622 734 2674; x_wconf 89' lang='lat' dir='ltr'>et</span> <span class='ocrx_word' id='word_1_290' title='bbox 759 2619 909 2675; x_wconf 90' lang='lat' dir='ltr'>tueri</span> <span class='ocrx_word' id='word_1_291' title='bbox 940 2620 1154 2675; x_wconf 90' lang='lat' dir='ltr'>debent</span> <span class='ocrx_word' id='word_1_292' title='bbox 1174 2637 1277 2692; x_wconf 90' lang='lat' dir='ltr'>per</span> <span class='ocrx_word' id='word_1_293' title='bbox 1306 2621 1600 2693; x_wconf 87' lang='lat' dir='ltr'>sapientes</span> <span class='ocrx_word' id='word_1_294' title='bbox 1613 2624 1829 2679; x_wconf 87' lang='lat' dir='ltr'>doctri-</span> 
     </span>
    </p>
   </div>
   <div class='ocr_carea' id='block_1_43' title="bbox 175 2707 1834 2781">
    <p class='ocr_par' dir='ltr' id='par_1_43' title="bbox 175 2707 1834 2781">
     <span class='ocr_line' id='line_1_43' title="bbox 175 2707 1834 2781; baseline 0.002 -16"><span class='ocrx_word' id='word_1_295' title='bbox 175 2725 309 2777; x_wconf 88' lang='lat' dir='ltr'>nas,</span> <span class='ocrx_word' id='word_1_296' title='bbox 342 2724 417 2764; x_wconf 88' lang='lat' dir='ltr'>ne</span> <span class='ocrx_word' id='word_1_297' title='bbox 449 2707 708 2764; x_wconf 88' lang='lat' dir='ltr'>furiosus</span> <span class='ocrx_word' id='word_1_298' title='bbox 737 2707 1157 2781; x_wconf 85' lang='lat' dir='ltr'>lycanthropus</span> <span class='ocrx_word' id='word_1_299' title='bbox 1187 2726 1323 2766; x_wconf 90' lang='lat' dir='ltr'>eum</span> <span class='ocrx_word' id='word_1_300' title='bbox 1345 2710 1596 2767; x_wconf 89' lang='lat' dir='ltr'>nimium</span> <span class='ocrx_word' id='word_1_301' title='bbox 1621 2712 1834 2770; x_wconf 88' lang='lat' dir='ltr'>discer-</span> 
     </span>
    </p>
   </div>
   <div class='ocr_carea' id='block_1_44' title="bbox 180 2797 1836 2872">
    <p class='ocr_par' dir='ltr' id='par_1_44' title="bbox 180 2797 1836 2872">
     <span class='ocr_line' id='line_1_44' title="bbox 180 2797 1836 2872; baseline 0.004 -19"><span class='ocrx_word' id='word_1_302' title='bbox 180 2802 306 2870; x_wconf 86' lang='lat' dir='ltr'>pat,</span> <span class='ocrx_word' id='word_1_303' title='bbox 339 2800 442 2854; x_wconf 88' lang='lat' dir='ltr'>aut</span> <span class='ocrx_word' id='word_1_304' title='bbox 469 2797 688 2855; x_wconf 87' lang='lat' dir='ltr'>multos</span> <span class='ocrx_word' id='word_1_305' title='bbox 716 2814 786 2855; x_wconf 86' lang='lat' dir='ltr'>ex</span> <span class='ocrx_word' id='word_1_306' title='bbox 814 2797 1210 2856; x_wconf 88' lang='lat' dir='ltr'>ecclesiastico</span> <span class='ocrx_word' id='word_1_307' title='bbox 1238 2815 1412 2872; x_wconf 86' lang='lat' dir='ltr'>grege</span> <span class='ocrx_word' id='word_1_308' title='bbox 1442 2802 1725 2859; x_wconf 88' lang='lat' dir='ltr'>mordeat.</span> <span class='ocrx_word' id='word_1_309' title='bbox 1766 2804 1836 2859; x_wconf 86' lang='lat' dir='ltr'>Et</span> 
     </span>
    </p>
   </div>
   <div class='ocr_carea' id='block_1_45' title="bbox 181 2878 1834 2962">
    <p class='ocr_par' dir='ltr' id='par_1_45' title="bbox 181 2878 1834 2962">
     <span class='ocr_line' id='line_1_45' title="bbox 181 2878 1834 2962; baseline 0.005 -21"><span class='ocrx_word' id='word_1_310' title='bbox 181 2886 233 2943; x_wconf 90' lang='lat' dir='ltr'>si</span> <span class='ocrx_word' id='word_1_311' title='bbox 264 2885 402 2958; x_wconf 86' lang='lat' dir='ltr'>quis</span> <span class='ocrx_word' id='word_1_312' title='bbox 432 2878 685 2947; x_wconf 79' lang='lat' dir='ltr'>maxime</span> <span class='ocrx_word' id='word_1_313' title='bbox 715 2891 899 2954; x_wconf 90' lang='lat' dir='ltr'>curet,</span> <span class='ocrx_word' id='word_1_314' title='bbox 929 2891 993 2942; x_wconf 93' lang='lat' dir='ltr'>ut</span> <span class='ocrx_word' id='word_1_315' title='bbox 1015 2887 1115 2943; x_wconf 89' lang='lat' dir='ltr'>Dei</span> <span class='ocrx_word' id='word_1_316' title='bbox 1147 2888 1373 2944; x_wconf 91' lang='lat' dir='ltr'>nuntiis</span> <span class='ocrx_word' id='word_1_317' title='bbox 1403 2889 1654 2962; x_wconf 89' lang='lat' dir='ltr'>obediat,</span> <span class='ocrx_word' id='word_1_318' title='bbox 1679 2892 1834 2949; x_wconf 90' lang='lat' dir='ltr'>idem</span> 
     </span>
    </p>
   </div>
   <div class='ocr_carea' id='block_1_46' title="bbox 179 2975 1834 3050">
    <p class='ocr_par' dir='ltr' id='par_1_46' title="bbox 179 2975 1834 3050">
     <span class='ocr_line' id='line_1_46' title="bbox 179 2975 1834 3050; baseline 0.004 -18"><span class='ocrx_word' id='word_1_319' title='bbox 179 2979 272 3048; x_wconf 83' lang='lat' dir='ltr'>est</span> <span class='ocrx_word' id='word_1_320' title='bbox 300 2991 372 3032; x_wconf 86' lang='lat' dir='ltr'>ac</span> <span class='ocrx_word' id='word_1_321' title='bbox 400 2975 452 3031; x_wconf 91' lang='lat' dir='ltr'>si</span> <span class='ocrx_word' id='word_1_322' title='bbox 481 2975 598 3032; x_wconf 91' lang='lat' dir='ltr'>Deo</span> <span class='ocrx_word' id='word_1_323' title='bbox 628 2975 741 3048; x_wconf 91' lang='lat' dir='ltr'>ipsi</span> <span class='ocrx_word' id='word_1_324' title='bbox 773 2977 1025 3032; x_wconf 88' lang='lat' dir='ltr'>obediat.</span> <span class='ocrx_word' id='word_1_325' title='bbox 1060 2977 1302 3050; x_wconf 90' lang='lat' dir='ltr'>Semper</span> <span class='ocrx_word' id='word_1_326' title='bbox 1344 2977 1422 3033; x_wconf 92' lang='lat' dir='ltr'>sit</span> <span class='ocrx_word' id='word_1_327' title='bbox 1470 2996 1684 3036; x_wconf 90' lang='lat' dir='ltr'>nomen</span> <span class='ocrx_word' id='word_1_328' title='bbox 1733 2982 1834 3039; x_wconf 89' lang='lat' dir='ltr'>Dei</span> 
     </span>
    </p>
   </div>
   <div class='ocr_carea' id='block_1_47' title="bbox 182 3062 1837 3142">
    <p class='ocr_par' dir='ltr' id='par_1_47' title="bbox 182 3062 1837 3142">
     <span class='ocr_line' id='line_1_47' title="bbox 182 3062 1837 3142; baseline 0.004 -21"><span class='ocrx_word' id='word_1_329' title='bbox 182 3062 580 3133; x_wconf 80' lang='lat' dir='ltr'>benedictum,</span> <span class='ocrx_word' id='word_1_330' title='bbox 615 3068 674 3121; x_wconf 90' lang='lat' dir='ltr'>et</span> <span class='ocrx_word' id='word_1_331' title='bbox 700 3065 778 3121; x_wconf 91' lang='lat' dir='ltr'>sit</span> <span class='ocrx_word' id='word_1_332' title='bbox 800 3064 930 3123; x_wconf 90' lang='lat' dir='ltr'>laus</span> <span class='ocrx_word' id='word_1_333' title='bbox 970 3065 1041 3133; x_wconf 92' lang='lat' dir='ltr'>ei,</span> <span class='ocrx_word' id='word_1_334' title='bbox 1094 3083 1160 3122; x_wconf 90' lang='lat' dir='ltr'>ac</span> <span class='ocrx_word' id='word_1_335' title='bbox 1208 3066 1395 3123; x_wconf 91' lang='lat' dir='ltr'>honor</span> <span class='ocrx_word' id='word_1_336' title='bbox 1441 3073 1498 3124; x_wconf 90' lang='lat' dir='ltr'>et</span> <span class='ocrx_word' id='word_1_337' title='bbox 1544 3069 1730 3142; x_wconf 90' lang='lat' dir='ltr'>gloria</span> <span class='ocrx_word' id='word_1_338' title='bbox 1778 3074 1837 3128; x_wconf 90' lang='lat' dir='ltr'>in</span> 
     </span>
    </p>
   </div>
   <div class='ocr_carea' id='block_1_48' title="bbox 184 3152 1108 3210">
    <p class='ocr_par' dir='ltr' id='par_1_48' title="bbox 184 3152 1108 3210">
     <span class='ocr_line' id='line_1_48' title="bbox 184 3152 1108 3210; baseline 0 0"><span class='ocrx_word' id='word_1_339' title='bbox 184 3169 395 3210; x_wconf 91' lang='lat' dir='ltr'>omnes</span> <span class='ocrx_word' id='word_1_340' title='bbox 425 3152 622 3209; x_wconf 61' lang='lat' dir='ltr'>saeculi</span> <span class='ocrx_word' id='word_1_341' title='bbox 651 3157 867 3210; x_wconf 68' lang='lat' dir='ltr'>aetates.</span> <span class='ocrx_word' id='word_1_342' title='bbox 903 3157 1108 3210; x_wconf 91' lang='lat' dir='ltr'>Amen.</span> 
     </span>
    </p>
   </div>
   <div class='ocr_carea' id='block_1_49' title="bbox 254 3235 1836 3316">
    <p class='ocr_par' dir='ltr' id='par_1_49' title="bbox 254 3235 1836 3316">
     <span class='ocr_line' id='line_1_49' title="bbox 254 3235 1836 3316; baseline 0.004 -16"><span class='ocrx_word' id='word_1_343' title='bbox 254 3243 377 3300; x_wconf 89' lang='lat' dir='ltr'>Hoc</span> <span class='ocrx_word' id='word_1_344' title='bbox 403 3246 495 3299; x_wconf 89' lang='lat' dir='ltr'>est</span> <span class='ocrx_word' id='word_1_345' title='bbox 515 3235 790 3300; x_wconf 63' lang='lat' dir='ltr'>saeculare</span> <span class='ocrx_word' id='word_1_346' title='bbox 810 3243 1122 3300; x_wconf 90' lang='lat' dir='ltr'>consilium</span> <span class='ocrx_word' id='word_1_347' title='bbox 1146 3246 1301 3316; x_wconf 93' lang='lat' dir='ltr'>quod</span> <span class='ocrx_word' id='word_1_348' title='bbox 1321 3261 1390 3301; x_wconf 87' lang='lat' dir='ltr'>ex</span> <span class='ocrx_word' id='word_1_349' title='bbox 1409 3249 1836 3307; x_wconf 88' lang='lat' dir='ltr'>consultatione</span> 
     </span>
    </p>
   </div>
   <div class='ocr_carea' id='block_1_50' title="bbox 182 3331 1834 3410">
    <p class='ocr_par' dir='ltr' id='par_1_50' title="bbox 182 3331 1834 3410">
     <span class='ocr_line' id='line_1_50' title="bbox 182 3331 1834 3410; baseline 0.005 -21"><span class='ocrx_word' id='word_1_350' title='bbox 182 3348 324 3389; x_wconf 89' lang='lat' dir='ltr'>cum</span> <span class='ocrx_word' id='word_1_351' title='bbox 355 3331 720 3404; x_wconf 87' lang='lat' dir='ltr'>sapientibus</span> <span class='ocrx_word' id='word_1_352' title='bbox 751 3333 897 3390; x_wconf 90' lang='lat' dir='ltr'>meis</span> <span class='ocrx_word' id='word_1_353' title='bbox 926 3332 1056 3390; x_wconf 90' lang='lat' dir='ltr'>volo</span> <span class='ocrx_word' id='word_1_354' title='bbox 1076 3339 1142 3390; x_wconf 92' lang='lat' dir='ltr'>ut</span> <span class='ocrx_word' id='word_1_355' title='bbox 1171 3334 1510 3392; x_wconf 87' lang='lat' dir='ltr'>observetur</span> <span class='ocrx_word' id='word_1_356' title='bbox 1530 3355 1632 3410; x_wconf 90' lang='lat' dir='ltr'>per</span> <span class='ocrx_word' id='word_1_357' title='bbox 1650 3343 1834 3397; x_wconf 89' lang='lat' dir='ltr'>totam</span> 
     </span>
    </p>
   </div>
   <div class='ocr_carea' id='block_1_51' title="bbox 177 3419 478 3495">
    <p class='ocr_par' dir='ltr' id='par_1_51' title="bbox 177 3419 478 3495">
     <span class='ocr_line' id='line_1_51' title="bbox 177 3419 478 3495; baseline -0.003 -17"><span class='ocrx_word' id='word_1_358' title='bbox 177 3419 478 3495; x_wconf 84' lang='lat' dir='ltr'>Angliam.</span> 
     </span>
    </p>
   </div>
   <div class='ocr_carea' id='block_1_52' title="bbox 451 3510 1671 3596">
    <p class='ocr_par' dir='ltr' id='par_1_52' title="bbox 451 3510 1671 3596">
     <span class='ocr_line' id='line_1_52' title="bbox 451 3510 1671 3596; baseline 0.004 -20"><span class='ocrx_word' id='word_1_359' title='bbox 451 3519 494 3576; x_wconf 93' lang='grc' dir='ltr'>Ῑ.</span> <span class='ocrx_word' id='word_1_360' title='bbox 526 3520 602 3577; x_wconf 86' lang='lat' dir='ltr'>De</span> <span class='ocrx_word' id='word_1_361' title='bbox 619 3521 849 3593; x_wconf 85' lang='lat' dir='ltr'>justitia</span> <span class='ocrx_word' id='word_1_362' title='bbox 876 3521 1149 3595; x_wconf 61' lang='lat' dir='ltr'>efferenda</span> <span class='ocrx_word' id='word_1_363' title='bbox 1178 3522 1288 3593; x_wconf 89' lang='lat' dir='ltr'>(LI.</span> <span class='ocrx_word' id='word_1_364' title='bbox 1324 3524 1454 3579; x_wconf 87' lang='lat' dir='ltr'>Sax.</span> <span class='ocrx_word' id='word_1_365' title='bbox 1490 3525 1564 3596; x_wconf 93' lang='grc'>1).</span> <span class='ocrx_word' id='word_1_366' title='bbox 1665 3510 1671 3515; x_wconf 60' lang='grc'><strong>’</strong></span> 
     </span>
    </p>
   </div>
   <div class='ocr_carea' id='block_1_53' title="bbox 252 3606 1837 3688">
    <p class='ocr_par' dir='ltr' id='par_1_53' title="bbox 252 3606 1837 3688">
     <span class='ocr_line' id='line_1_53' title="bbox 252 3606 1837 3688; baseline 0.006 -25"><span class='ocrx_word' id='word_1_367' title='bbox 252 3606 374 3664; x_wconf 86' lang='lat' dir='ltr'>Hoc</span> <span class='ocrx_word' id='word_1_368' title='bbox 403 3608 583 3682; x_wconf 91' lang='lat' dir='ltr'>igitur</span> <span class='ocrx_word' id='word_1_369' title='bbox 610 3612 700 3665; x_wconf 90' lang='lat' dir='ltr'>est</span> <span class='ocrx_word' id='word_1_370' title='bbox 729 3610 1011 3682; x_wconf 90' lang='lat' dir='ltr'>primum,</span> <span class='ocrx_word' id='word_1_371' title='bbox 1044 3611 1201 3683; x_wconf 90' lang='lat' dir='ltr'>quod</span> <span class='ocrx_word' id='word_1_372' title='bbox 1225 3610 1371 3676; x_wconf 85' lang='lat' dir='ltr'>volo,</span> <span class='ocrx_word' id='word_1_373' title='bbox 1396 3616 1460 3667; x_wconf 90' lang='lat' dir='ltr'>ut</span> <span class='ocrx_word' id='word_1_374' title='bbox 1480 3614 1655 3683; x_wconf 59' lang='lat' dir='ltr'>justas</span> <span class='ocrx_word' id='word_1_375' title='bbox 1678 3614 1837 3688; x_wconf 86' lang='lat' dir='ltr'>leges</span> 
     </span>
    </p>
   </div>
   <div class='ocr_carea' id='block_1_54' title="bbox 178 3695 1893 3776">
    <p class='ocr_par' dir='ltr' id='par_1_54' title="bbox 178 3695 1893 3776">
     <span class='ocr_line' id='line_1_54' title="bbox 178 3695 1893 3776; baseline 0.005 -24"><span class='ocrx_word' id='word_1_376' title='bbox 178 3695 544 3765; x_wconf 88' lang='lat' dir='ltr'>sanciantur,</span> <span class='ocrx_word' id='word_1_377' title='bbox 577 3702 635 3755; x_wconf 91' lang='lat' dir='ltr'>et</span> <span class='ocrx_word' id='word_1_378' title='bbox 660 3698 934 3770; x_wconf 77' lang='lat' dir='ltr'>quaelibet</span> <span class='ocrx_word' id='word_1_379' title='bbox 963 3698 1257 3771; x_wconf 83' lang='lat' dir='ltr'>injustitia</span> <span class='ocrx_word' id='word_1_380' title='bbox 1278 3701 1479 3757; x_wconf 89' lang='lat' dir='ltr'>sedulo</span> <span class='ocrx_word' id='word_1_381' title='bbox 1500 3703 1834 3776; x_wconf 89' lang='lat' dir='ltr'>damnetur,</span> <span class='ocrx_word' id='word_1_382' title='bbox 1889 3716 1893 3723; x_wconf 88' lang='lat'><strong>&#39;</strong></span> 
     </span>
    </p>
   </div>
   <div class='ocr_carea' id='block_1_55' title="bbox 178 3778 1834 3864">
    <p class='ocr_par' dir='ltr' id='par_1_55' title="bbox 178 3778 1834 3864">
     <span class='ocr_line' id='line_1_55' title="bbox 178 3778 1834 3864; baseline 0.004 -21"><span class='ocrx_word' id='word_1_383' title='bbox 178 3790 241 3843; x_wconf 86' lang='lat' dir='ltr'>et</span> <span class='ocrx_word' id='word_1_384' title='bbox 266 3790 336 3841; x_wconf 88' lang='lat' dir='ltr'>ut</span> <span class='ocrx_word' id='word_1_385' title='bbox 363 3778 691 3844; x_wconf 86' lang='lat' dir='ltr'>sarculetur</span> <span class='ocrx_word' id='word_1_386' title='bbox 722 3791 780 3843; x_wconf 88' lang='lat' dir='ltr'>et</span> <span class='ocrx_word' id='word_1_387' title='bbox 807 3787 1137 3844; x_wconf 90' lang='lat' dir='ltr'>eradicetur</span> <span class='ocrx_word' id='word_1_388' title='bbox 1173 3790 1475 3861; x_wconf 89' lang='lat' dir='ltr'>quodlibet</span> <span class='ocrx_word' id='word_1_389' title='bbox 1520 3791 1834 3864; x_wconf 76' lang='lat' dir='ltr'>injustam,</span> 
     </span>
    </p>
   </div>
   <div class='ocr_carea' id='block_1_56' title="bbox 179 3866 1838 3953">
    <p class='ocr_par' dir='ltr' id='par_1_56' title="bbox 179 3866 1838 3953">
     <span class='ocr_line' id='line_1_56' title="bbox 179 3866 1838 3953; baseline 0.005 -23"><span class='ocrx_word' id='word_1_390' title='bbox 179 3890 364 3948; x_wconf 90' lang='lat' dir='ltr'>quam</span> <span class='ocrx_word' id='word_1_391' title='bbox 395 3866 846 3949; x_wconf 83' lang='lat' dir='ltr'>diligentissime</span> <span class='ocrx_word' id='word_1_392' title='bbox 878 3877 1063 3948; x_wconf 89' lang='lat' dir='ltr'>possit</span> <span class='ocrx_word' id='word_1_393' title='bbox 1091 3877 1161 3933; x_wconf 91' lang='lat' dir='ltr'>de</span> <span class='ocrx_word' id='word_1_394' title='bbox 1197 3877 1302 3933; x_wconf 90' lang='lat' dir='ltr'>hac</span> <span class='ocrx_word' id='word_1_395' title='bbox 1333 3882 1504 3948; x_wconf 89' lang='lat' dir='ltr'>terra,</span> <span class='ocrx_word' id='word_1_396' title='bbox 1530 3884 1587 3936; x_wconf 89' lang='lat' dir='ltr'>et</span> <span class='ocrx_word' id='word_1_397' title='bbox 1610 3899 1838 3953; x_wconf 91' lang='lat' dir='ltr'>promo-</span> 
     </span>
    </p>
   </div>
   <div class='ocr_carea' id='block_1_57' title="bbox 176 3954 1836 4045">
    <p class='ocr_par' dir='ltr' id='par_1_57' title="bbox 176 3954 1836 4045">
     <span class='ocr_line' id='line_1_57' title="bbox 176 3954 1836 4045; baseline 0.005 -26"><span class='ocrx_word' id='word_1_398' title='bbox 176 3967 387 4020; x_wconf 88' lang='lat' dir='ltr'>veatur</span> <span class='ocrx_word' id='word_1_399' title='bbox 411 3964 511 4021; x_wconf 89' lang='lat' dir='ltr'>Dei</span> <span class='ocrx_word' id='word_1_400' title='bbox 533 3954 788 4037; x_wconf 84' lang='lat' dir='ltr'>justitia,</span> <span class='ocrx_word' id='word_1_401' title='bbox 813 3982 879 4021; x_wconf 91' lang='lat' dir='ltr'>ac</span> <span class='ocrx_word' id='word_1_402' title='bbox 900 3966 958 4021; x_wconf 91' lang='lat' dir='ltr'>in</span> <span class='ocrx_word' id='word_1_403' title='bbox 981 3969 1283 4037; x_wconf 88' lang='lat' dir='ltr'>posterum</span> <span class='ocrx_word' id='word_1_404' title='bbox 1306 3984 1531 4038; x_wconf 90' lang='lat' dir='ltr'>omnes,</span> <span class='ocrx_word' id='word_1_405' title='bbox 1552 3973 1674 4026; x_wconf 88' lang='lat' dir='ltr'>tam</span> <span class='ocrx_word' id='word_1_406' title='bbox 1698 3989 1836 4045; x_wconf 89' lang='lat' dir='ltr'>pau-</span> 
     </span>
    </p>
   </div>
   <div class='ocr_carea' id='block_1_58' title="bbox 178 4051 1834 4130">
    <p class='ocr_par' dir='ltr' id='par_1_58' title="bbox 178 4051 1834 4130">
     <span class='ocr_line' id='line_1_58' title="bbox 178 4051 1834 4130; baseline 0.006 -22"><span class='ocrx_word' id='word_1_407' title='bbox 178 4068 351 4125; x_wconf 90' lang='lat' dir='ltr'>peres</span> <span class='ocrx_word' id='word_1_408' title='bbox 367 4069 546 4125; x_wconf 86' lang='lat' dir='ltr'>quam</span> <span class='ocrx_word' id='word_1_409' title='bbox 567 4051 796 4122; x_wconf 88' lang='lat' dir='ltr'>divites,</span> <span class='ocrx_word' id='word_1_410' title='bbox 813 4055 949 4126; x_wconf 91' lang='lat' dir='ltr'>jure</span> <span class='ocrx_word' id='word_1_411' title='bbox 968 4054 1199 4127; x_wconf 89' lang='lat' dir='ltr'>publico</span> <span class='ocrx_word' id='word_1_412' title='bbox 1222 4055 1512 4125; x_wconf 88' lang='lat' dir='ltr'>fruantur,</span> <span class='ocrx_word' id='word_1_413' title='bbox 1538 4060 1834 4130; x_wconf 86' lang='lat' dir='ltr'>etjustum</span> 
     </span>
    </p>
   </div>
   <div class='ocr_carea' id='block_1_59' title="bbox 174 4139 947 4214">
    <p class='ocr_par' dir='ltr' id='par_1_59' title="bbox 174 4139 947 4214">
     <span class='ocr_line' id='line_1_59' title="bbox 174 4139 947 4214; baseline 0.003 -17"><span class='ocrx_word' id='word_1_414' title='bbox 174 4139 303 4200; x_wconf 87' lang='lat' dir='ltr'>illis</span> <span class='ocrx_word' id='word_1_415' title='bbox 323 4141 619 4214; x_wconf 77' lang='lat' dir='ltr'>judicium</span> <span class='ocrx_word' id='word_1_416' title='bbox 653 4143 947 4199; x_wconf 87' lang='lat' dir='ltr'>reddatur.</span> 
     </span>
    </p>
   </div>
   <div class='ocr_carea' id='block_1_60' title="bbox 176 4248 1833 4329">
    <p class='ocr_par' dir='ltr' id='par_1_60' title="bbox 176 4248 1833 4329">
     <span class='ocr_line' id='line_1_60' title="bbox 176 4248 1833 4329; baseline 0.005 -24"><span class='ocrx_word' id='word_1_417' title='bbox 176 4248 248 4305; x_wconf 90' lang='lat' dir='ltr'>II.</span> <span class='ocrx_word' id='word_1_418' title='bbox 281 4249 359 4305; x_wconf 82' lang='lat' dir='ltr'>De</span> <span class='ocrx_word' id='word_1_419' title='bbox 384 4250 766 4307; x_wconf 79' lang='lat' dir='ltr'>misericordia</span> <span class='ocrx_word' id='word_1_420' title='bbox 793 4250 1099 4307; x_wconf 77' lang='lat' dir='ltr'>exhibenda</span> <span class='ocrx_word' id='word_1_421' title='bbox 1129 4253 1191 4306; x_wconf 84' lang='lat' dir='ltr'>in</span> <span class='ocrx_word' id='word_1_422' title='bbox 1210 4251 1425 4324; x_wconf 84' lang='lat' dir='ltr'>judicio</span> <span class='ocrx_word' id='word_1_423' title='bbox 1456 4254 1568 4326; x_wconf 89' lang='lat' dir='ltr'>(LI.</span> <span class='ocrx_word' id='word_1_424' title='bbox 1596 4255 1727 4313; x_wconf 83' lang='lat' dir='ltr'>Sax.</span> <span class='ocrx_word' id='word_1_425' title='bbox 1755 4258 1833 4329; x_wconf 86' lang='lat'>2).</span> 
     </span>
    </p>
   </div>
   <div class='ocr_carea' id='block_1_61' title="bbox 249 4355 1835 4437">
    <p class='ocr_par' dir='ltr' id='par_1_61' title="bbox 249 4355 1835 4437">
     <span class='ocr_line' id='line_1_61' title="bbox 249 4355 1835 4437; baseline 0.006 -26"><span class='ocrx_word' id='word_1_426' title='bbox 249 4355 543 4424; x_wconf 83' lang='lat' dir='ltr'>Docemus</span> <span class='ocrx_word' id='word_1_427' title='bbox 573 4356 749 4413; x_wconf 89' lang='lat' dir='ltr'>etiam</span> <span class='ocrx_word' id='word_1_428' title='bbox 775 4358 953 4430; x_wconf 91' lang='lat' dir='ltr'>quod,</span> <span class='ocrx_word' id='word_1_429' title='bbox 976 4357 1108 4414; x_wconf 90' lang='lat' dir='ltr'>licet</span> <span class='ocrx_word' id='word_1_430' title='bbox 1128 4358 1262 4430; x_wconf 90' lang='lat' dir='ltr'>quis</span> <span class='ocrx_word' id='word_1_431' title='bbox 1282 4358 1606 4433; x_wconf 89' lang='lat' dir='ltr'>delinquat,</span> <span class='ocrx_word' id='word_1_432' title='bbox 1633 4367 1689 4419; x_wconf 90' lang='lat' dir='ltr'>et</span> <span class='ocrx_word' id='word_1_433' title='bbox 1710 4364 1835 4437; x_wconf 88' lang='lat' dir='ltr'>ipse</span> 
     </span>
    </p>
   </div>
   <div class='ocr_carea' id='block_1_62' title="bbox 172 4443 1832 4525">
    <p class='ocr_par' dir='ltr' id='par_1_62' title="bbox 172 4443 1832 4525">
     <span class='ocr_line' id='line_1_62' title="bbox 172 4443 1832 4525; baseline 0.004 -25"><span class='ocrx_word' id='word_1_434' title='bbox 172 4443 470 4518; x_wconf 83' lang='lat' dir='ltr'>profunde</span> <span class='ocrx_word' id='word_1_435' title='bbox 500 4446 799 4519; x_wconf 67' lang='lat' dir='ltr'>paeniteat,</span> <span class='ocrx_word' id='word_1_436' title='bbox 833 4450 973 4502; x_wconf 89' lang='lat' dir='ltr'>tunc</span> <span class='ocrx_word' id='word_1_437' title='bbox 1003 4446 1354 4503; x_wconf 87' lang='lat' dir='ltr'>adhibeatur</span> <span class='ocrx_word' id='word_1_438' title='bbox 1383 4450 1707 4507; x_wconf 88' lang='lat' dir='ltr'>moderatio</span> <span class='ocrx_word' id='word_1_439' title='bbox 1750 4453 1832 4525; x_wconf 91' lang='lat' dir='ltr'>(in</span> 
     </span>
    </p>
   </div>
   <div class='ocr_carea' id='block_1_63' title="bbox 172 4533 1833 4611">
    <p class='ocr_par' dir='ltr' id='par_1_63' title="bbox 172 4533 1833 4611">
     <span class='ocr_line' id='line_1_63' title="bbox 172 4533 1833 4611; baseline 0.002 -18"><span class='ocrx_word' id='word_1_440' title='bbox 172 4550 353 4611; x_wconf 68' lang='lat' dir='ltr'>pmna</span> <span class='ocrx_word' id='word_1_441' title='bbox 374 4533 729 4608; x_wconf 85' lang='lat' dir='ltr'>irroganda),</span> <span class='ocrx_word' id='word_1_442' title='bbox 749 4537 941 4608; x_wconf 88' lang='lat' dir='ltr'>prouti</span> <span class='ocrx_word' id='word_1_443' title='bbox 963 4552 1159 4592; x_wconf 91' lang='lat' dir='ltr'>coram</span> <span class='ocrx_word' id='word_1_444' title='bbox 1179 4536 1295 4592; x_wconf 90' lang='lat' dir='ltr'>Deo</span> <span class='ocrx_word' id='word_1_445' title='bbox 1327 4537 1539 4594; x_wconf 90' lang='lat' dir='ltr'>decens</span> <span class='ocrx_word' id='word_1_446' title='bbox 1559 4543 1616 4594; x_wconf 87' lang='lat' dir='ltr'>et</span> <span class='ocrx_word' id='word_1_447' title='bbox 1637 4557 1833 4597; x_wconf 89' lang='lat' dir='ltr'>coram</span> 
     </span>
    </p>
   </div>
   <div class='ocr_carea' id='block_1_64' title="bbox 1929 1988 3577 2063">
    <p class='ocr_par' dir='ltr' id='par_1_64' title="bbox 1929 1988 3577 2063">
     <span class='ocr_line' id='line_1_64' title="bbox 1929 1988 3577 2063; baseline 0.005 -20"><span class='ocrx_word' id='word_1_448' title='bbox 1929 2005 2063 2044; x_wconf 89' lang='lat' dir='ltr'>mus</span> <span class='ocrx_word' id='word_1_449' title='bbox 2079 1993 2165 2044; x_wconf 89' lang='lat' dir='ltr'>est</span> <span class='ocrx_word' id='word_1_450' title='bbox 2177 2005 2309 2043; x_wconf 91' lang='lat' dir='ltr'>cum</span> <span class='ocrx_word' id='word_1_451' title='bbox 2326 1988 2458 2061; x_wconf 90' lang='lat' dir='ltr'>quis</span> <span class='ocrx_word' id='word_1_452' title='bbox 2472 1988 2628 2044; x_wconf 87' lang='lat' dir='ltr'>idola</span> <span class='ocrx_word' id='word_1_453' title='bbox 2643 1989 2864 2057; x_wconf 90' lang='lat' dir='ltr'>adorat,</span> <span class='ocrx_word' id='word_1_454' title='bbox 2880 1990 3019 2046; x_wconf 90' lang='lat' dir='ltr'>deos</span> <span class='ocrx_word' id='word_1_455' title='bbox 3032 1991 3303 2063; x_wconf 90' lang='lat' dir='ltr'>gentiles,</span> <span class='ocrx_word' id='word_1_456' title='bbox 3324 1997 3381 2049; x_wconf 93' lang='lat' dir='ltr'>et</span> <span class='ocrx_word' id='word_1_457' title='bbox 3397 1993 3577 2050; x_wconf 90' lang='lat' dir='ltr'>solem</span> 
     </span>
    </p>
   </div>
   <div class='ocr_carea' id='block_1_65' title="bbox 1925 2076 3583 2151">
    <p class='ocr_par' dir='ltr' id='par_1_65' title="bbox 1925 2076 3583 2151">
     <span class='ocr_line' id='line_1_65' title="bbox 1925 2076 3583 2151; baseline 0.005 -19"><span class='ocrx_word' id='word_1_458' title='bbox 1925 2076 2014 2134; x_wconf 87' lang='lat' dir='ltr'>vel</span> <span class='ocrx_word' id='word_1_459' title='bbox 2046 2076 2471 2150; x_wconf 90' lang='lat' dir='ltr'>lunam,ignem</span> <span class='ocrx_word' id='word_1_460' title='bbox 2502 2078 2591 2135; x_wconf 91' lang='lat' dir='ltr'>vel</span> <span class='ocrx_word' id='word_1_461' title='bbox 2621 2079 2886 2149; x_wconf 86' lang='lat' dir='ltr'>ﬂuvium,</span> <span class='ocrx_word' id='word_1_462' title='bbox 2917 2084 3145 2138; x_wconf 89' lang='lat' dir='ltr'>torrens</span> <span class='ocrx_word' id='word_1_463' title='bbox 3175 2081 3264 2137; x_wconf 87' lang='lat' dir='ltr'>vel</span> <span class='ocrx_word' id='word_1_464' title='bbox 3293 2098 3452 2151; x_wconf 87' lang='lat' dir='ltr'>saxa,</span> <span class='ocrx_word' id='word_1_465' title='bbox 3492 2083 3583 2143; x_wconf 90' lang='lat' dir='ltr'>vel</span> 
     </span>
    </p>
   </div>
   <div class='ocr_carea' id='block_1_66' title="bbox 1931 2166 3587 2243">
    <p class='ocr_par' dir='ltr' id='par_1_66' title="bbox 1931 2166 3587 2243">
     <span class='ocr_line' id='line_1_66' title="bbox 1931 2166 3587 2243; baseline 0.005 -23"><span class='ocrx_word' id='word_1_466' title='bbox 1931 2167 2180 2238; x_wconf 88' lang='lat' dir='ltr'>alicujus</span> <span class='ocrx_word' id='word_1_467' title='bbox 2197 2166 2428 2239; x_wconf 88' lang='lat' dir='ltr'>generis</span> <span class='ocrx_word' id='word_1_468' title='bbox 2451 2168 2725 2224; x_wconf 91' lang='lat' dir='ltr'>arborum</span> <span class='ocrx_word' id='word_1_469' title='bbox 2748 2167 2930 2241; x_wconf 87' lang='lat' dir='ltr'>ligna,</span> <span class='ocrx_word' id='word_1_470' title='bbox 2952 2167 3036 2224; x_wconf 87' lang='lat' dir='ltr'>vel</span> <span class='ocrx_word' id='word_1_471' title='bbox 3061 2173 3219 2243; x_wconf 84' lang='lat' dir='ltr'>(cum</span> <span class='ocrx_word' id='word_1_472' title='bbox 3245 2171 3400 2243; x_wconf 90' lang='lat' dir='ltr'>quis)</span> <span class='ocrx_word' id='word_1_473' title='bbox 3419 2188 3587 2239; x_wconf 84' lang='lat' dir='ltr'>vene-</span> 
     </span>
    </p>
   </div>
   <div class='ocr_carea' id='block_1_67' title="bbox 1934 2245 3583 2328">
    <p class='ocr_par' dir='ltr' id='par_1_67' title="bbox 1934 2245 3583 2328">
     <span class='ocr_line' id='line_1_67' title="bbox 1934 2245 3583 2328; baseline 0.003 -18"><span class='ocrx_word' id='word_1_474' title='bbox 1934 2256 2023 2310; x_wconf 86' lang='lat' dir='ltr'>tici</span> <span class='ocrx_word' id='word_1_475' title='bbox 2036 2273 2130 2310; x_wconf 88' lang='lat' dir='ltr'>um</span> <span class='ocrx_word' id='word_1_476' title='bbox 2147 2261 2324 2322; x_wconf 87' lang='lat' dir='ltr'>amat,</span> <span class='ocrx_word' id='word_1_477' title='bbox 2341 2255 2431 2310; x_wconf 88' lang='lat' dir='ltr'>vel</span> <span class='ocrx_word' id='word_1_478' title='bbox 2450 2255 2794 2311; x_wconf 87' lang='lat' dir='ltr'>vicariatum</span> <span class='ocrx_word' id='word_1_479' title='bbox 2813 2245 3132 2313; x_wconf 86' lang='lat' dir='ltr'>committit</span> <span class='ocrx_word' id='word_1_480' title='bbox 3152 2258 3270 2315; x_wconf 92' lang='lat' dir='ltr'>ullo</span> <span class='ocrx_word' id='word_1_481' title='bbox 3285 2260 3477 2328; x_wconf 85' lang='lat' dir='ltr'>modo,</span> <span class='ocrx_word' id='word_1_482' title='bbox 3493 2260 3583 2317; x_wconf 85' lang='lat' dir='ltr'>vel</span> 
     </span>
    </p>
   </div>
   <div class='ocr_carea' id='block_1_68' title="bbox 1934 2343 3581 2421">
    <p class='ocr_par' dir='ltr' id='par_1_68' title="bbox 1934 2343 3581 2421">
     <span class='ocr_line' id='line_1_68' title="bbox 1934 2343 3581 2421; baseline 0.004 -22"><span class='ocrx_word' id='word_1_483' title='bbox 1934 2343 2253 2415; x_wconf 87' lang='lat' dir='ltr'>sortilegio,</span> <span class='ocrx_word' id='word_1_484' title='bbox 2284 2343 2372 2398; x_wconf 82' lang='lat' dir='ltr'>vel</span> <span class='ocrx_word' id='word_1_485' title='bbox 2403 2344 2539 2400; x_wconf 86' lang='lat' dir='ltr'>teda</span> <span class='ocrx_word' id='word_1_486' title='bbox 2567 2344 2655 2399; x_wconf 87' lang='lat' dir='ltr'>vel</span> <span class='ocrx_word' id='word_1_487' title='bbox 2691 2344 2886 2417; x_wconf 89' lang='lat' dir='ltr'>aliquo</span> <span class='ocrx_word' id='word_1_488' title='bbox 2918 2345 3329 2417; x_wconf 85' lang='lat' dir='ltr'>phantasmate</span> <span class='ocrx_word' id='word_1_489' title='bbox 3358 2348 3581 2421; x_wconf 85' lang='lat' dir='ltr'>aliquid</span> 
     </span>
    </p>
   </div>
   <div class='ocr_carea' id='block_1_69' title="bbox 1936 2433 2179 2506">
    <p class='ocr_par' dir='ltr' id='par_1_69' title="bbox 1936 2433 2179 2506">
     <span class='ocr_line' id='line_1_69' title="bbox 1936 2433 2179 2506; baseline -0.008 -17"><span class='ocrx_word' id='word_1_490' title='bbox 1936 2433 2179 2506; x_wconf 81' lang='lat' dir='ltr'>perﬁcit.</span> 
     </span>
    </p>
   </div>
   <div class='ocr_carea' id='block_1_70' title="bbox 1935 2521 3585 2667">
    <p class='ocr_par' dir='ltr' id='par_1_70' title="bbox 1935 2521 3585 2667">
     <span class='ocr_line' id='line_1_70' title="bbox 1935 2521 3585 2667; baseline 0.004 -91"><span class='ocrx_word' id='word_1_491' title='bbox 1935 2523 2030 2577; x_wconf 90' lang='lat' dir='ltr'>VI.</span> <span class='ocrx_word' id='word_1_492' title='bbox 2100 2522 2173 2577; x_wconf 86' lang='lat' dir='ltr'>De</span> <span class='ocrx_word' id='word_1_493' title='bbox 2242 2521 2531 2578; x_wconf 83' lang='lat' dir='ltr'>homicidis</span> <span class='ocrx_word' id='word_1_494' title='bbox 2565 2525 2996 2667; x_wconf 43' lang='grc' dir='ltr'>(ἵῗξεὲιέγὲἰὲῗῖς,</span> <span class='ocrx_word' id='word_1_495' title='bbox 3072 2533 3124 2580; x_wconf 85' lang='lat' dir='ltr'>et</span> <span class='ocrx_word' id='word_1_496' title='bbox 3193 2525 3585 2583; x_wconf 55' lang='lat' dir='ltr'>machantibus</span> 
     </span>
    </p>
   </div>
   <div class='ocr_carea' id='block_1_71' title="bbox 2010 2683 3587 2756">
    <p class='ocr_par' dir='ltr' id='par_1_71' title="bbox 2010 2683 3587 2756">
     <span class='ocr_line' id='line_1_71' title="bbox 2010 2683 3587 2756; baseline 0.003 -18"><span class='ocrx_word' id='word_1_497' title='bbox 2010 2683 2324 2739; x_wconf 64' lang='lat' dir='ltr'>Homicida:</span> <span class='ocrx_word' id='word_1_498' title='bbox 2337 2686 2395 2738; x_wconf 90' lang='lat' dir='ltr'>et</span> <span class='ocrx_word' id='word_1_499' title='bbox 2408 2683 2623 2756; x_wconf 85' lang='lat' dir='ltr'>perjuri</span> <span class='ocrx_word' id='word_1_500' title='bbox 2638 2683 2912 2740; x_wconf 89' lang='lat' dir='ltr'>ordinum</span> <span class='ocrx_word' id='word_1_501' title='bbox 2939 2683 3250 2742; x_wconf 80' lang='lat' dir='ltr'>violatores</span> <span class='ocrx_word' id='word_1_502' title='bbox 3267 2689 3322 2742; x_wconf 91' lang='lat' dir='ltr'>et</span> <span class='ocrx_word' id='word_1_503' title='bbox 3337 2687 3587 2744; x_wconf 87' lang='lat' dir='ltr'>adulteri</span> 
     </span>
    </p>
   </div>
   <div class='ocr_carea' id='block_1_72' title="bbox 1943 2773 3588 2851">
    <p class='ocr_par' dir='ltr' id='par_1_72' title="bbox 1943 2773 3588 2851">
     <span class='ocr_line' id='line_1_72' title="bbox 1943 2773 3588 2851; baseline 0.003 -21"><span class='ocrx_word' id='word_1_504' title='bbox 1943 2773 2295 2830; x_wconf 86' lang='lat' dir='ltr'>submittant</span> <span class='ocrx_word' id='word_1_505' title='bbox 2325 2791 2386 2830; x_wconf 90' lang='lat' dir='ltr'>se</span> <span class='ocrx_word' id='word_1_506' title='bbox 2417 2778 2473 2830; x_wconf 88' lang='lat' dir='ltr'>et</span> <span class='ocrx_word' id='word_1_507' title='bbox 2502 2775 2834 2844; x_wconf 89' lang='lat' dir='ltr'>emendent,</span> <span class='ocrx_word' id='word_1_508' title='bbox 2866 2774 2954 2830; x_wconf 86' lang='lat' dir='ltr'>vel</span> <span class='ocrx_word' id='word_1_509' title='bbox 2987 2774 3236 2833; x_wconf 88' lang='lat' dir='ltr'>scienter</span> <span class='ocrx_word' id='word_1_510' title='bbox 3254 2776 3312 2832; x_wconf 91' lang='lat' dir='ltr'>in</span> <span class='ocrx_word' id='word_1_511' title='bbox 3335 2778 3588 2851; x_wconf 88' lang='lat' dir='ltr'>peccatis</span> 
     </span>
    </p>
   </div>
   <div class='ocr_carea' id='block_1_73' title="bbox 1944 2863 2288 2919">
    <p class='ocr_par' dir='ltr' id='par_1_73' title="bbox 1944 2863 2288 2919">
     <span class='ocr_line' id='line_1_73' title="bbox 1944 2863 2288 2919; baseline 0 -1"><span class='ocrx_word' id='word_1_512' title='bbox 1944 2863 2288 2919; x_wconf 75' lang='lat' dir='ltr'>moriantur.</span> 
     </span>
    </p>
   </div>
   <div class='ocr_carea' id='block_1_74' title="bbox 1943 2961 3591 3036">
    <p class='ocr_par' dir='ltr' id='par_1_74' title="bbox 1943 2961 3591 3036">
     <span class='ocr_line' id='line_1_74' title="bbox 1943 2961 3591 3036; baseline 0.004 -20"><span class='ocrx_word' id='word_1_513' title='bbox 1943 2961 2064 3018; x_wconf 86' lang='lat' dir='ltr'>VII.</span> <span class='ocrx_word' id='word_1_514' title='bbox 2091 2961 2240 3036; x_wconf 80' lang='lat' dir='ltr'>Quod</span> <span class='ocrx_word' id='word_1_515' title='bbox 2256 2964 2542 3036; x_wconf 4' lang='lat' dir='ltr'>peccatum,</span> <span class='ocrx_word' id='word_1_516' title='bbox 2559 2964 2772 3034; x_wconf 83' lang='lat' dir='ltr'>turpius</span> <span class='ocrx_word' id='word_1_517' title='bbox 2791 2963 2867 3036; x_wconf 88' lang='lat' dir='ltr'>sit</span> <span class='ocrx_word' id='word_1_518' title='bbox 2884 2964 2947 3019; x_wconf 87' lang='lat' dir='ltr'>in</span> <span class='ocrx_word' id='word_1_519' title='bbox 2969 2962 3154 3036; x_wconf 75' lang='lat' dir='ltr'>diebus</span> <span class='ocrx_word' id='word_1_520' title='bbox 3174 2971 3225 3019; x_wconf 87' lang='lat' dir='ltr'>et</span> <span class='ocrx_word' id='word_1_521' title='bbox 3245 2965 3374 3021; x_wconf 87' lang='lat' dir='ltr'>locis</span> <span class='ocrx_word' id='word_1_522' title='bbox 3393 2967 3591 3036; x_wconf 85' lang='lat' dir='ltr'>sacris,</span> 
     </span>
    </p>
   </div>
   <div class='ocr_carea' id='block_1_75' title="bbox 2051 3034 3481 3111">
    <p class='ocr_par' dir='ltr' id='par_1_75' title="bbox 2051 3034 3481 3111">
     <span class='ocr_line' id='line_1_75' title="bbox 2051 3034 3481 3111; baseline 0.003 -21"><span class='ocrx_word' id='word_1_523' title='bbox 2051 3037 2102 3090; x_wconf 90' lang='lat' dir='ltr'>et</span> <span class='ocrx_word' id='word_1_524' title='bbox 2128 3035 2361 3106; x_wconf 85' lang='lat' dir='ltr'>majores</span> <span class='ocrx_word' id='word_1_525' title='bbox 2390 3035 2570 3104; x_wconf 87' lang='lat' dir='ltr'>magis</span> <span class='ocrx_word' id='word_1_526' title='bbox 2597 3042 2727 3090; x_wconf 86' lang='lat' dir='ltr'>sunt</span> <span class='ocrx_word' id='word_1_527' title='bbox 2746 3034 3018 3106; x_wconf 87' lang='lat' dir='ltr'>plectendi</span> <span class='ocrx_word' id='word_1_528' title='bbox 3049 3035 3159 3108; x_wconf 94' lang='lat' dir='ltr'>(LI.</span> <span class='ocrx_word' id='word_1_529' title='bbox 3193 3036 3325 3092; x_wconf 80' lang='lat' dir='ltr'>Sex.</span> <span class='ocrx_word' id='word_1_530' title='bbox 3370 3037 3481 3111; x_wconf 89' lang='lat'>35).</span> 
     </span>
    </p>
   </div>
   <div class='ocr_carea' id='block_1_76' title="bbox 2019 3121 3589 3196">
    <p class='ocr_par' dir='ltr' id='par_1_76' title="bbox 2019 3121 3589 3196">
     <span class='ocr_line' id='line_1_76' title="bbox 2019 3121 3589 3196; baseline 0.003 -18"><span class='ocrx_word' id='word_1_531' title='bbox 2019 3123 2310 3192; x_wconf 84' lang='lat' dir='ltr'>Injustum</span> <span class='ocrx_word' id='word_1_532' title='bbox 2340 3139 2455 3180; x_wconf 87' lang='lat' dir='ltr'>non</span> <span class='ocrx_word' id='word_1_533' title='bbox 2486 3126 2575 3179; x_wconf 90' lang='lat' dir='ltr'>est</span> <span class='ocrx_word' id='word_1_534' title='bbox 2605 3121 3013 3196; x_wconf 84' lang='lat' dir='ltr'>ullo&#39;tempore</span> <span class='ocrx_word' id='word_1_535' title='bbox 3044 3123 3420 3196; x_wconf 90' lang='lat' dir='ltr'>permissum;</span> <span class='ocrx_word' id='word_1_536' title='bbox 3445 3129 3589 3184; x_wconf 89' lang='lat' dir='ltr'>atta-</span> 
     </span>
    </p>
   </div>
   <div class='ocr_carea' id='block_1_77' title="bbox 1951 3211 3594 3282">
    <p class='ocr_par' dir='ltr' id='par_1_77' title="bbox 1951 3211 3594 3282">
     <span class='ocr_line' id='line_1_77' title="bbox 1951 3211 3594 3282; baseline 0.001 -13"><span class='ocrx_word' id='word_1_537' title='bbox 1951 3228 2085 3269; x_wconf 89' lang='lat' dir='ltr'>men</span> <span class='ocrx_word' id='word_1_538' title='bbox 2116 3211 2324 3268; x_wconf 91' lang='lat' dir='ltr'>diebus</span> <span class='ocrx_word' id='word_1_539' title='bbox 2356 3211 2542 3281; x_wconf 88' lang='lat' dir='ltr'>festis,</span> <span class='ocrx_word' id='word_1_540' title='bbox 2575 3215 2633 3266; x_wconf 89' lang='lat' dir='ltr'>et</span> <span class='ocrx_word' id='word_1_541' title='bbox 2660 3211 2720 3265; x_wconf 90' lang='lat' dir='ltr'>in</span> <span class='ocrx_word' id='word_1_542' title='bbox 2744 3211 3010 3282; x_wconf 83' lang='lat' dir='ltr'>jejuniis,</span> <span class='ocrx_word' id='word_1_543' title='bbox 3044 3216 3102 3268; x_wconf 91' lang='lat' dir='ltr'>et</span> <span class='ocrx_word' id='word_1_544' title='bbox 3130 3213 3189 3267; x_wconf 92' lang='lat' dir='ltr'>in</span> <span class='ocrx_word' id='word_1_545' title='bbox 3211 3211 3354 3269; x_wconf 91' lang='lat' dir='ltr'>locis</span> <span class='ocrx_word' id='word_1_546' title='bbox 3375 3215 3594 3271; x_wconf 91' lang='lat' dir='ltr'>sanctis</span> 
     </span>
    </p>
   </div>
   <div class='ocr_carea' id='block_1_78' title="bbox 1867 3287 3594 3377">
    <p class='ocr_par' dir='ltr' id='par_1_78' title="bbox 1867 3287 3594 3377">
     <span class='ocr_line' id='line_1_78' title="bbox 1867 3287 3594 3377; baseline 0.003 -23"><span class='ocrx_word' id='word_1_547' title='bbox 1867 3287 1910 3354; x_wconf 88' lang='lat' dir='ltr'>C</span> <span class='ocrx_word' id='word_1_548' title='bbox 1945 3300 2398 3374; x_wconf 88' lang='lat' dir='ltr'>diligentissime</span> <span class='ocrx_word' id='word_1_549' title='bbox 2427 3301 2500 3356; x_wconf 91' lang='lat' dir='ltr'>ab</span> <span class='ocrx_word' id='word_1_550' title='bbox 2530 3316 2596 3355; x_wconf 89' lang='lat' dir='ltr'>eo</span> <span class='ocrx_word' id='word_1_551' title='bbox 2627 3301 2948 3357; x_wconf 90' lang='lat' dir='ltr'>cavendum</span> <span class='ocrx_word' id='word_1_552' title='bbox 2978 3304 3087 3355; x_wconf 90' lang='lat' dir='ltr'>est.</span> <span class='ocrx_word' id='word_1_553' title='bbox 3119 3301 3189 3356; x_wconf 89' lang='lat' dir='ltr'>Et</span> <span class='ocrx_word' id='word_1_554' title='bbox 3217 3318 3452 3375; x_wconf 89' lang='lat' dir='ltr'>semper</span> <span class='ocrx_word' id='word_1_555' title='bbox 3477 3319 3594 3377; x_wconf 92' lang='lat' dir='ltr'>quo</span> 
     </span>
    </p>
   </div>
   <div class='ocr_carea' id='block_1_79' title="bbox 1947 3387 3593 3463">
    <p class='ocr_par' dir='ltr' id='par_1_79' title="bbox 1947 3387 3593 3463">
     <span class='ocr_line' id='line_1_79' title="bbox 1947 3387 3593 3463; baseline 0.001 -19"><span class='ocrx_word' id='word_1_556' title='bbox 1947 3390 2081 3463; x_wconf 89' lang='lat' dir='ltr'>quis</span> <span class='ocrx_word' id='word_1_557' title='bbox 2110 3393 2199 3446; x_wconf 89' lang='lat' dir='ltr'>est</span> <span class='ocrx_word' id='word_1_558' title='bbox 2228 3388 2518 3462; x_wconf 91' lang='lat' dir='ltr'>potentior</span> <span class='ocrx_word' id='word_1_559' title='bbox 2545 3387 2632 3444; x_wconf 88' lang='lat' dir='ltr'>vel</span> <span class='ocrx_word' id='word_1_560' title='bbox 2664 3387 2907 3459; x_wconf 89' lang='lat' dir='ltr'>majoris</span> <span class='ocrx_word' id='word_1_561' title='bbox 2927 3387 3169 3456; x_wconf 91' lang='lat' dir='ltr'>ordinis,</span> <span class='ocrx_word' id='word_1_562' title='bbox 3194 3405 3260 3444; x_wconf 92' lang='lat' dir='ltr'>eo</span> <span class='ocrx_word' id='word_1_563' title='bbox 3283 3391 3472 3463; x_wconf 88' lang='lat' dir='ltr'>magis</span> <span class='ocrx_word' id='word_1_564' title='bbox 3497 3407 3593 3446; x_wconf 90' lang='lat' dir='ltr'>co-</span> 
     </span>
    </p>
   </div>
   <div class='ocr_carea' id='block_1_80' title="bbox 1947 3477 3596 3548">
    <p class='ocr_par' dir='ltr' id='par_1_80' title="bbox 1947 3477 3596 3548">
     <span class='ocr_line' id='line_1_80' title="bbox 1947 3477 3596 3548; baseline 0 -14"><span class='ocrx_word' id='word_1_565' title='bbox 1947 3495 2074 3534; x_wconf 89' lang='lat' dir='ltr'>ram</span> <span class='ocrx_word' id='word_1_566' title='bbox 2105 3479 2221 3534; x_wconf 92' lang='lat' dir='ltr'>Deo</span> <span class='ocrx_word' id='word_1_567' title='bbox 2251 3482 2308 3534; x_wconf 91' lang='lat' dir='ltr'>et</span> <span class='ocrx_word' id='word_1_568' title='bbox 2337 3478 2558 3533; x_wconf 90' lang='lat' dir='ltr'>mundo</span> <span class='ocrx_word' id='word_1_569' title='bbox 2588 3477 2879 3548; x_wconf 90' lang='lat' dir='ltr'>injustum</span> <span class='ocrx_word' id='word_1_570' title='bbox 2925 3477 3238 3533; x_wconf 90' lang='lat' dir='ltr'>emendare</span> <span class='ocrx_word' id='word_1_571' title='bbox 3284 3478 3473 3534; x_wconf 88' lang='lat' dir='ltr'>debet.</span> <span class='ocrx_word' id='word_1_572' title='bbox 3525 3479 3596 3534; x_wconf 91' lang='lat' dir='ltr'>Et</span> 
     </span>
    </p>
   </div>
   <div class='ocr_carea' id='block_1_81' title="bbox 1946 3565 3593 3640">
    <p class='ocr_par' dir='ltr' id='par_1_81' title="bbox 1946 3565 3593 3640">
     <span class='ocr_line' id='line_1_81' title="bbox 1946 3565 3593 3640; baseline -0.001 -16"><span class='ocrx_word' id='word_1_573' title='bbox 1946 3566 2339 3625; x_wconf 87' lang='lat' dir='ltr'>ecclesiastica</span> <span class='ocrx_word' id='word_1_574' title='bbox 2367 3566 2765 3640; x_wconf 87' lang='lat' dir='ltr'>compensatio</span> <span class='ocrx_word' id='word_1_575' title='bbox 2796 3581 3029 3638; x_wconf 88' lang='lat' dir='ltr'>semper</span> <span class='ocrx_word' id='word_1_576' title='bbox 3057 3565 3365 3639; x_wconf 86' lang='lat' dir='ltr'>diligenter</span> <span class='ocrx_word' id='word_1_577' title='bbox 3401 3565 3593 3637; x_wconf 89' lang='lat' dir='ltr'>inqui-</span> 
     </span>
    </p>
   </div>
   <div class='ocr_carea' id='block_1_82' title="bbox 1947 3654 3591 3728">
    <p class='ocr_par' dir='ltr' id='par_1_82' title="bbox 1947 3654 3591 3728">
     <span class='ocr_line' id='line_1_82' title="bbox 1947 3654 3591 3728; baseline -0.001 -15"><span class='ocrx_word' id='word_1_578' title='bbox 1947 3658 2128 3713; x_wconf 79' lang='lat' dir='ltr'>renda</span> <span class='ocrx_word' id='word_1_579' title='bbox 2158 3661 2248 3713; x_wconf 90' lang='lat' dir='ltr'>est</span> <span class='ocrx_word' id='word_1_580' title='bbox 2273 3673 2342 3712; x_wconf 87' lang='lat' dir='ltr'>ex</span> <span class='ocrx_word' id='word_1_581' title='bbox 2370 3656 2624 3728; x_wconf 90' lang='lat' dir='ltr'>scriptis,</span> <span class='ocrx_word' id='word_1_582' title='bbox 2654 3660 2712 3710; x_wconf 92' lang='lat' dir='ltr'>et</span> <span class='ocrx_word' id='word_1_583' title='bbox 2742 3654 3041 3710; x_wconf 86' lang='lat' dir='ltr'>mundana</span> <span class='ocrx_word' id='word_1_584' title='bbox 3070 3654 3469 3727; x_wconf 89' lang='lat' dir='ltr'>compensatio</span> <span class='ocrx_word' id='word_1_585' title='bbox 3504 3656 3591 3711; x_wconf 89' lang='lat' dir='ltr'>in-</span> 
     </span>
    </p>
   </div>
   <div class='ocr_carea' id='block_1_83' title="bbox 1946 3742 2950 3817">
    <p class='ocr_par' dir='ltr' id='par_1_83' title="bbox 1946 3742 2950 3817">
     <span class='ocr_line' id='line_1_83' title="bbox 1946 3742 2950 3817; baseline -0.002 -16"><span class='ocrx_word' id='word_1_586' title='bbox 1946 3746 2235 3817; x_wconf 89' lang='lat' dir='ltr'>quirenda</span> <span class='ocrx_word' id='word_1_587' title='bbox 2257 3749 2345 3800; x_wconf 86' lang='lat' dir='ltr'>est</span> <span class='ocrx_word' id='word_1_588' title='bbox 2374 3762 2443 3801; x_wconf 88' lang='lat' dir='ltr'>ex</span> <span class='ocrx_word' id='word_1_589' title='bbox 2473 3744 2774 3800; x_wconf 88' lang='lat' dir='ltr'>mundana</span> <span class='ocrx_word' id='word_1_590' title='bbox 2804 3742 2950 3817; x_wconf 88' lang='lat' dir='ltr'>lege.</span> 
     </span>
    </p>
   </div>
   <div class='ocr_carea' id='block_1_84' title="bbox 1944 3842 3589 3915">
    <p class='ocr_par' dir='ltr' id='par_1_84' title="bbox 1944 3842 3589 3915">
     <span class='ocr_line' id='line_1_84' title="bbox 1944 3842 3589 3915; baseline 0.001 -17"><span class='ocrx_word' id='word_1_591' title='bbox 1944 3844 2096 3901; x_wconf 85' lang='lat' dir='ltr'>VIII.</span> <span class='ocrx_word' id='word_1_592' title='bbox 2129 3846 2202 3901; x_wconf 90' lang='lat' dir='ltr'>De</span> <span class='ocrx_word' id='word_1_593' title='bbox 2248 3846 2569 3900; x_wconf 86' lang='lat' dir='ltr'>ministrum</span> <span class='ocrx_word' id='word_1_594' title='bbox 2613 3844 2783 3899; x_wconf 83' lang='lat' dir='ltr'>altari</span> <span class='ocrx_word' id='word_1_595' title='bbox 2825 3842 3095 3899; x_wconf 87' lang='lat' dir='ltr'>occidente</span> <span class='ocrx_word' id='word_1_596' title='bbox 3141 3842 3249 3915; x_wconf 89' lang='lat' dir='ltr'>(LI.</span> <span class='ocrx_word' id='word_1_597' title='bbox 3296 3843 3429 3898; x_wconf 84' lang='lat' dir='ltr'>Sax.</span> <span class='ocrx_word' id='word_1_598' title='bbox 3477 3842 3589 3915; x_wconf 87' lang='lat'>36).</span> 
     </span>
    </p>
   </div>
   <div class='ocr_carea' id='block_1_85' title="bbox 2016 3938 3593 4015">
    <p class='ocr_par' dir='ltr' id='par_1_85' title="bbox 2016 3938 3593 4015">
     <span class='ocr_line' id='line_1_85' title="bbox 2016 3938 3593 4015; baseline 0 -18"><span class='ocrx_word' id='word_1_599' title='bbox 2016 3943 2074 3997; x_wconf 86' lang='lat' dir='ltr'>Si</span> <span class='ocrx_word' id='word_1_600' title='bbox 2094 3943 2226 4015; x_wconf 89' lang='lat' dir='ltr'>quis</span> <span class='ocrx_word' id='word_1_601' title='bbox 2249 3941 2453 3998; x_wconf 85' lang='lat' dir='ltr'>altaris</span> <span class='ocrx_word' id='word_1_602' title='bbox 2476 3941 2812 3997; x_wconf 83' lang='lat' dir='ltr'>ministrum</span> <span class='ocrx_word' id='word_1_603' title='bbox 2835 3939 3130 4008; x_wconf 88' lang='lat' dir='ltr'>occiderit,</span> <span class='ocrx_word' id='word_1_604' title='bbox 3158 3939 3235 3995; x_wconf 90' lang='lat' dir='ltr'>sit</span> <span class='ocrx_word' id='word_1_605' title='bbox 3254 3938 3417 3996; x_wconf 81' lang='lat' dir='ltr'>exlex</span> <span class='ocrx_word' id='word_1_606' title='bbox 3436 3941 3593 4013; x_wconf 90' lang='lat' dir='ltr'>apud</span> 
     </span>
    </p>
   </div>
   <div class='ocr_carea' id='block_1_86' title="bbox 1947 4027 3592 4104">
    <p class='ocr_par' dir='ltr' id='par_1_86' title="bbox 1947 4027 3592 4104">
     <span class='ocr_line' id='line_1_86' title="bbox 1947 4027 3592 4104; baseline -0.002 -16"><span class='ocrx_word' id='word_1_607' title='bbox 1947 4032 2130 4088; x_wconf 91' lang='lat' dir='ltr'>Deum</span> <span class='ocrx_word' id='word_1_608' title='bbox 2164 4035 2219 4088; x_wconf 89' lang='lat' dir='ltr'>et</span> <span class='ocrx_word' id='word_1_609' title='bbox 2248 4030 2404 4104; x_wconf 88' lang='lat' dir='ltr'>apud</span> <span class='ocrx_word' id='word_1_610' title='bbox 2434 4030 2728 4097; x_wconf 89' lang='lat' dir='ltr'>homines,</span> <span class='ocrx_word' id='word_1_611' title='bbox 2758 4028 2871 4085; x_wconf 91' lang='lat' dir='ltr'>nisi</span> <span class='ocrx_word' id='word_1_612' title='bbox 2904 4046 3007 4102; x_wconf 90' lang='lat' dir='ltr'>per</span> <span class='ocrx_word' id='word_1_613' title='bbox 3034 4027 3306 4085; x_wconf 81' lang='lat' dir='ltr'>exsilium</span> <span class='ocrx_word' id='word_1_614' title='bbox 3333 4032 3389 4085; x_wconf 90' lang='lat' dir='ltr'>et</span> <span class='ocrx_word' id='word_1_615' title='bbox 3437 4030 3592 4102; x_wconf 89' lang='lat' dir='ltr'>apud</span> 
     </span>
    </p>
   </div>
   <div class='ocr_carea' id='block_1_87' title="bbox 1946 4117 3591 4195">
    <p class='ocr_par' dir='ltr' id='par_1_87' title="bbox 1946 4117 3591 4195">
     <span class='ocr_line' id='line_1_87' title="bbox 1946 4117 3591 4195; baseline -0.002 -18"><span class='ocrx_word' id='word_1_616' title='bbox 1946 4124 2226 4195; x_wconf 87' lang='lat' dir='ltr'>cognatos</span> <span class='ocrx_word' id='word_1_617' title='bbox 2257 4121 2434 4177; x_wconf 91' lang='lat' dir='ltr'>etiam</span> <span class='ocrx_word' id='word_1_618' title='bbox 2465 4119 2653 4194; x_wconf 88' lang='lat' dir='ltr'>magis</span> <span class='ocrx_word' id='word_1_619' title='bbox 2685 4121 3043 4192; x_wconf 89' lang='lat' dir='ltr'>compenset,</span> <span class='ocrx_word' id='word_1_620' title='bbox 3077 4117 3163 4173; x_wconf 90' lang='lat' dir='ltr'>vel</span> <span class='ocrx_word' id='word_1_621' title='bbox 3185 4122 3393 4190; x_wconf 87' lang='lat' dir='ltr'>purget</span> <span class='ocrx_word' id='word_1_622' title='bbox 3414 4135 3476 4174; x_wconf 91' lang='lat' dir='ltr'>se</span> <span class='ocrx_word' id='word_1_623' title='bbox 3498 4135 3591 4174; x_wconf 89' lang='lat' dir='ltr'>ca-</span> 
     </span>
    </p>
   </div>
   <div class='ocr_carea' id='block_1_88' title="bbox 1945 4206 3590 4283">
    <p class='ocr_par' dir='ltr' id='par_1_88' title="bbox 1945 4206 3590 4283">
     <span class='ocr_line' id='line_1_88' title="bbox 1945 4206 3590 4283; baseline -0.002 -17"><span class='ocrx_word' id='word_1_624' title='bbox 1945 4210 2110 4283; x_wconf 88' lang='lat' dir='ltr'>pitali</span> <span class='ocrx_word' id='word_1_625' title='bbox 2133 4210 2498 4283; x_wconf 89' lang='lat' dir='ltr'>purgatione,</span> <span class='ocrx_word' id='word_1_626' title='bbox 2521 4209 2573 4266; x_wconf 90' lang='lat' dir='ltr'>ei</span> <span class='ocrx_word' id='word_1_627' title='bbox 2595 4210 2750 4266; x_wconf 90' lang='lat' dir='ltr'>intra</span> <span class='ocrx_word' id='word_1_628' title='bbox 2768 4226 2881 4264; x_wconf 88' lang='lat' dir='ltr'><strong>xxx</strong></span> <span class='ocrx_word' id='word_1_629' title='bbox 2899 4208 3026 4264; x_wconf 90' lang='lat' dir='ltr'>dies</span> <span class='ocrx_word' id='word_1_630' title='bbox 3052 4207 3164 4263; x_wconf 91' lang='lat' dir='ltr'>inci</span> <span class='ocrx_word' id='word_1_631' title='bbox 3172 4206 3295 4279; x_wconf 90' lang='lat' dir='ltr'>piat</span> <span class='ocrx_word' id='word_1_632' title='bbox 3314 4223 3442 4263; x_wconf 92' lang='lat' dir='ltr'>com</span> <span class='ocrx_word' id='word_1_633' title='bbox 3449 4223 3590 4280; x_wconf 92' lang='lat' dir='ltr'>pen-</span> 
     </span>
    </p>
   </div>
   <div class='ocr_carea' id='block_1_89' title="bbox 1946 4295 3593 4372">
    <p class='ocr_par' dir='ltr' id='par_1_89' title="bbox 1946 4295 3593 4372">
     <span class='ocr_line' id='line_1_89' title="bbox 1946 4295 3593 4372; baseline -0.002 -17"><span class='ocrx_word' id='word_1_634' title='bbox 1946 4299 2230 4356; x_wconf 88' lang='lat' dir='ltr'>sationem</span> <span class='ocrx_word' id='word_1_635' title='bbox 2247 4300 2464 4371; x_wconf 91' lang='lat' dir='ltr'>ubique</span> <span class='ocrx_word' id='word_1_636' title='bbox 2476 4304 2596 4356; x_wconf 89' lang='lat' dir='ltr'>tam</span> <span class='ocrx_word' id='word_1_637' title='bbox 2609 4299 2954 4372; x_wconf 81' lang='lat' dir='ltr'>apudDeum</span> <span class='ocrx_word' id='word_1_638' title='bbox 2970 4313 3145 4370; x_wconf 88' lang='lat' dir='ltr'>quam</span> <span class='ocrx_word' id='word_1_639' title='bbox 3158 4296 3312 4369; x_wconf 89' lang='lat' dir='ltr'>apud</span> <span class='ocrx_word' id='word_1_640' title='bbox 3325 4295 3593 4354; x_wconf 88' lang='lat' dir='ltr'>homines</span> 
     </span>
    </p>
   </div>
   <div class='ocr_carea' id='block_1_90' title="bbox 1945 4388 2881 4462">
    <p class='ocr_par' dir='ltr' id='par_1_90' title="bbox 1945 4388 2881 4462">
     <span class='ocr_line' id='line_1_90' title="bbox 1945 4388 2881 4462; baseline -0.003 -17"><span class='ocrx_word' id='word_1_641' title='bbox 1945 4388 2269 4462; x_wconf 88' lang='lat' dir='ltr'>(solvendo)</span> <span class='ocrx_word' id='word_1_642' title='bbox 2301 4389 2501 4444; x_wconf 91' lang='lat' dir='ltr'>omnia</span> <span class='ocrx_word' id='word_1_643' title='bbox 2528 4407 2656 4462; x_wconf 70' lang='lat' dir='ltr'>quae</span> <span class='ocrx_word' id='word_1_644' title='bbox 2686 4389 2881 4445; x_wconf 89' lang='lat' dir='ltr'>habet.</span> 
     </span>
    </p>
   </div>
   <div class='ocr_carea' id='block_1_91' title="bbox 1943 4486 3591 4558">
    <p class='ocr_par' dir='ltr' id='par_1_91' title="bbox 1943 4486 3591 4558">
     <span class='ocr_line' id='line_1_91' title="bbox 1943 4486 3591 4558; baseline -0.001 -15"><span class='ocrx_word' id='word_1_645' title='bbox 1943 4486 2033 4543; x_wconf 90' lang='lat' dir='ltr'>IX.</span> <span class='ocrx_word' id='word_1_646' title='bbox 2097 4489 2160 4544; x_wconf 89' lang='lat' dir='ltr'>Ut</span> <span class='ocrx_word' id='word_1_647' title='bbox 2214 4503 2313 4542; x_wconf 77' lang='lat' dir='ltr'>rea:</span> <span class='ocrx_word' id='word_1_648' title='bbox 2371 4488 2443 4542; x_wconf 89' lang='lat' dir='ltr'>sit</span> <span class='ocrx_word' id='word_1_649' title='bbox 2495 4487 2776 4542; x_wconf 83' lang='lat' dir='ltr'>ordinatis</span> <span class='ocrx_word' id='word_1_650' title='bbox 2829 4489 2882 4558; x_wconf 86' lang='lat' dir='ltr'>et</span> <span class='ocrx_word' id='word_1_651' title='bbox 2938 4487 3264 4558; x_wconf 84' lang='lat' dir='ltr'>alienigenis</span> <span class='ocrx_word' id='word_1_652' title='bbox 3325 4492 3591 4557; x_wconf 83' lang='lat' dir='ltr'>patronus</span> 
     </span>
    </p>
   </div>
   <div class='ocr_carea' id='block_1_92' title="bbox 2562 4557 2976 4630">
    <p class='ocr_par' dir='ltr' id='par_1_92' title="bbox 2562 4557 2976 4630">
     <span class='ocr_line' id='line_1_92' title="bbox 2562 4557 2976 4630; baseline 0.002 -19"><span class='ocrx_word' id='word_1_653' title='bbox 2562 4560 2670 4627; x_wconf 86' lang='lat' dir='ltr'>(LI.</span> <span class='ocrx_word' id='word_1_654' title='bbox 2703 4558 2835 4613; x_wconf 86' lang='lat' dir='ltr'>Sax.</span> <span class='ocrx_word' id='word_1_655' title='bbox 2863 4557 2976 4630; x_wconf 83' lang='lat'>3&#39;7).</span> 
     </span>
    </p>
   </div>
   <div class='ocr_carea' id='block_1_93' title="bbox 173 4620 3590 4725">
    <p class='ocr_par' dir='ltr' id='par_1_93' title="bbox 173 4620 3590 4725">
     <span class='ocr_line' id='line_1_93' title="bbox 173 4620 3590 4725; baseline 0.001 -28"><span class='ocrx_word' id='word_1_656' title='bbox 173 4620 733 4725; x_wconf 41' lang='grc' dir='ltr'>ωιξῐξάίξοίίξῙθτθδίῙίῗ</span> <span class='ocrx_word' id='word_1_657' title='bbox 751 4628 870 4725; x_wconf 44' lang='grc' dir='ltr'>-θὲῖσ</span> <span class='ocrx_word' id='word_1_658' title='bbox 905 4625 973 4725; x_wconf 49' lang='lat' dir='ltr'>Et</span> <span class='ocrx_word' id='word_1_659' title='bbox 1002 4625 1335 4725; x_wconf 60' lang='grc' dir='ltr'>ωθωίξιξπίῖ</span> <span class='ocrx_word' id='word_1_660' title='bbox 1357 4625 1829 4725; x_wconf 41' lang='grc' dir='ltr'>(ξίῙίβθΠῑίεείΠλ-β,</span> <span class='ocrx_word' id='word_1_661' title='bbox 1863 4660 1909 4725; x_wconf 81' lang='lat' dir='ltr'><strong>D</strong></span> <span class='ocrx_word' id='word_1_662' title='bbox 2014 4646 2074 4702; x_wconf 93' lang='lat' dir='ltr'>Si</span> <span class='ocrx_word' id='word_1_663' title='bbox 2106 4647 2237 4718; x_wconf 89' lang='lat' dir='ltr'>quis</span> <span class='ocrx_word' id='word_1_664' title='bbox 2269 4647 2454 4703; x_wconf 87' lang='lat' dir='ltr'>sacris</span> <span class='ocrx_word' id='word_1_665' title='bbox 2484 4620 2783 4702; x_wconf 64' lang='lat' dir='ltr'>initiatum</span> <span class='ocrx_word' id='word_1_666' title='bbox 2803 4646 2892 4701; x_wconf 90' lang='lat' dir='ltr'>vel</span> <span class='ocrx_word' id='word_1_667' title='bbox 2914 4620 3174 4701; x_wconf 77' lang='lat' dir='ltr'>extorum</span> <span class='ocrx_word' id='word_1_668' title='bbox 3197 4645 3395 4717; x_wconf 88' lang='lat' dir='ltr'>aliquo</span> <span class='ocrx_word' id='word_1_669' title='bbox 3417 4645 3590 4702; x_wconf 90' lang='lat' dir='ltr'>modo</span> 
     </span>
    </p>
   </div>
   <div class='ocr_carea' id='block_1_94' title="bbox 174 4711 1830 4790">
    <p class='ocr_par' dir='ltr' id='par_1_94' title="bbox 174 4711 1830 4790">
     <span class='ocr_line' id='line_1_94' title="bbox 174 4711 1830 4790; baseline 0.005 -24"><span class='ocrx_word' id='word_1_670' title='bbox 174 4711 278 4784; x_wconf 90' lang='lat' dir='ltr'>qui</span> <span class='ocrx_word' id='word_1_671' title='bbox 301 4711 530 4784; x_wconf 83' lang='lat' dir='ltr'>judicio</span> <span class='ocrx_word' id='word_1_672' title='bbox 559 4713 850 4786; x_wconf 69' lang='lat' dir='ltr'>praesidet,</span> <span class='ocrx_word' id='word_1_673' title='bbox 882 4714 1011 4785; x_wconf 88' lang='lat' dir='ltr'>ejus</span> <span class='ocrx_word' id='word_1_674' title='bbox 1041 4715 1198 4786; x_wconf 89' lang='lat' dir='ltr'>quod</span> <span class='ocrx_word' id='word_1_675' title='bbox 1230 4714 1353 4786; x_wconf 90' lang='lat' dir='ltr'>ipse</span> <span class='ocrx_word' id='word_1_676' title='bbox 1382 4714 1597 4773; x_wconf 89' lang='lat' dir='ltr'>habere</span> <span class='ocrx_word' id='word_1_677' title='bbox 1626 4719 1830 4790; x_wconf 88' lang='lat' dir='ltr'>gessit,</span> 
     </span>
    </p>
   </div>
   <div class='ocr_carea' id='block_1_95' title="bbox 173 4790 1828 4875">
    <p class='ocr_par' dir='ltr' id='par_1_95' title="bbox 173 4790 1828 4875">
     <span class='ocr_line' id='line_1_95' title="bbox 173 4790 1828 4875; baseline 0.006 -20"><span class='ocrx_word' id='word_1_678' title='bbox 173 4790 315 4856; x_wconf 80' lang='lat' dir='ltr'>cum</span> <span class='ocrx_word' id='word_1_679' title='bbox 347 4792 457 4856; x_wconf 84' lang='lat' dir='ltr'>hoc</span> <span class='ocrx_word' id='word_1_680' title='bbox 485 4802 659 4858; x_wconf 90' lang='lat' dir='ltr'>modo</span> <span class='ocrx_word' id='word_1_681' title='bbox 691 4802 865 4858; x_wconf 89' lang='lat' dir='ltr'>dicit:</span> <span class='ocrx_word' id='word_1_682' title='bbox 894 4804 957 4858; x_wconf 89' lang='lat' dir='ltr'>Et</span> <span class='ocrx_word' id='word_1_683' title='bbox 986 4803 1200 4858; x_wconf 88' lang='lat' dir='ltr'>dimitte</span> <span class='ocrx_word' id='word_1_684' title='bbox 1229 4804 1385 4859; x_wconf 82' lang='lat' dir='ltr'>nobis</span> <span class='ocrx_word' id='word_1_685' title='bbox 1414 4804 1595 4861; x_wconf 89' lang='lat' dir='ltr'>debita</span> <span class='ocrx_word' id='word_1_686' title='bbox 1624 4816 1828 4875; x_wconf 85' lang='lat' dir='ltr'>nostra,</span> 
     </span>
    </p>
   </div>
   <div class='ocr_carea' id='block_1_96' title="bbox 170 4890 1830 4969">
    <p class='ocr_par' dir='ltr' id='par_1_96' title="bbox 170 4890 1830 4969">
     <span class='ocr_line' id='line_1_96' title="bbox 170 4890 1830 4969; baseline 0.006 -24"><span class='ocrx_word' id='word_1_687' title='bbox 170 4890 319 4969; x_wconf 82' lang='lat' dir='ltr'>sicut</span> <span class='ocrx_word' id='word_1_688' title='bbox 347 4897 399 4945; x_wconf 89' lang='lat' dir='ltr'>et</span> <span class='ocrx_word' id='word_1_689' title='bbox 425 4906 525 4946; x_wconf 81' lang='lat' dir='ltr'>nos</span> <span class='ocrx_word' id='word_1_690' title='bbox 552 4890 884 4951; x_wconf 85' lang='lat' dir='ltr'>dimittimus</span> <span class='ocrx_word' id='word_1_691' title='bbox 924 4892 1140 4963; x_wconf 86' lang='lat' dir='ltr'>(Matth.</span> <span class='ocrx_word' id='word_1_692' title='bbox 1191 4894 1287 4960; x_wconf 65' lang='grc' dir='ltr'>τι).</span> <span class='ocrx_word' id='word_1_693' title='bbox 1340 4893 1409 4947; x_wconf 89' lang='lat' dir='ltr'>Et</span> <span class='ocrx_word' id='word_1_694' title='bbox 1448 4894 1830 4965; x_wconf 90' lang='lat' dir='ltr'>prohibemus</span> 
     </span>
    </p>
   </div>
   <div class='ocr_carea' id='block_1_97' title="bbox 172 4976 1831 5043">
    <p class='ocr_par' dir='ltr' id='par_1_97' title="bbox 172 4976 1831 5043">
     <span class='ocr_line' id='line_1_97' title="bbox 172 4976 1831 5043; baseline 0.006 -10"><span class='ocrx_word' id='word_1_695' title='bbox 172 4994 250 5035; x_wconf 90' lang='lat' dir='ltr'>ne</span> <span class='ocrx_word' id='word_1_696' title='bbox 281 4976 651 5035; x_wconf 88' lang='lat' dir='ltr'>Christianus</span> <span class='ocrx_word' id='word_1_697' title='bbox 682 4984 817 5037; x_wconf 88' lang='lat' dir='ltr'>ante</span> <span class='ocrx_word' id='word_1_698' title='bbox 839 4979 1037 5036; x_wconf 89' lang='lat' dir='ltr'>omnia</span> <span class='ocrx_word' id='word_1_699' title='bbox 1057 4978 1265 5035; x_wconf 87' lang='lat' dir='ltr'>saltem</span> <span class='ocrx_word' id='word_1_700' title='bbox 1288 4979 1433 5036; x_wconf 88' lang='lat' dir='ltr'>levis</span> <span class='ocrx_word' id='word_1_701' title='bbox 1456 4981 1536 5037; x_wconf 92' lang='lat' dir='ltr'>rei</span> <span class='ocrx_word' id='word_1_702' title='bbox 1559 4999 1739 5041; x_wconf 84' lang='lat' dir='ltr'>causa</span> <span class='ocrx_word' id='word_1_703' title='bbox 1757 4989 1831 5043; x_wconf 90' lang='lat' dir='ltr'>ad</span> 
     </span>
    </p>
   </div>
   <div class='ocr_carea' id='block_1_98' title="bbox 172 5068 1833 5143">
    <p class='ocr_par' dir='ltr' id='par_1_98' title="bbox 172 5068 1833 5143">
     <span class='ocr_line' id='line_1_98' title="bbox 172 5068 1833 5143; baseline 0.005 -20"><span class='ocrx_word' id='word_1_704' title='bbox 172 5071 439 5136; x_wconf 85' lang='lat' dir='ltr'>mortem</span> <span class='ocrx_word' id='word_1_705' title='bbox 464 5068 750 5139; x_wconf 84' lang='lat' dir='ltr'>tradatur;</span> <span class='ocrx_word' id='word_1_706' title='bbox 786 5069 886 5126; x_wconf 89' lang='lat' dir='ltr'>sed</span> <span class='ocrx_word' id='word_1_707' title='bbox 917 5068 1113 5143; x_wconf 89' lang='lat' dir='ltr'>potius</span> <span class='ocrx_word' id='word_1_708' title='bbox 1146 5068 1308 5125; x_wconf 90' lang='lat' dir='ltr'>mitis</span> <span class='ocrx_word' id='word_1_709' title='bbox 1337 5088 1509 5143; x_wconf 85' lang='lat' dir='ltr'>poena</span> <span class='ocrx_word' id='word_1_710' title='bbox 1537 5075 1833 5132; x_wconf 88' lang='lat' dir='ltr'>statuatur</span> 
     </span>
    </p>
   </div>
   <div class='ocr_carea' id='block_1_99' title="bbox 169 5154 1854 5236">
    <p class='ocr_par' dir='ltr' id='par_1_99' title="bbox 169 5154 1854 5236">
     <span class='ocr_line' id='line_1_99' title="bbox 169 5154 1854 5236; baseline 0.006 -26"><span class='ocrx_word' id='word_1_711' title='bbox 169 5155 233 5210; x_wconf 92' lang='lat' dir='ltr'>in</span> <span class='ocrx_word' id='word_1_712' title='bbox 252 5154 458 5233; x_wconf 83' lang='lat' dir='ltr'>populi</span> <span class='ocrx_word' id='word_1_713' title='bbox 482 5156 878 5226; x_wconf 89' lang='lat' dir='ltr'>commodum,</span> <span class='ocrx_word' id='word_1_714' title='bbox 899 5174 1087 5230; x_wconf 89' lang='lat' dir='ltr'>neque</span> <span class='ocrx_word' id='word_1_715' title='bbox 1110 5157 1408 5229; x_wconf 88' lang='lat' dir='ltr'>perdatur,</span> <span class='ocrx_word' id='word_1_716' title='bbox 1428 5176 1531 5230; x_wconf 91' lang='lat' dir='ltr'>pro</span> <span class='ocrx_word' id='word_1_717' title='bbox 1550 5177 1608 5217; x_wconf 93' lang='lat' dir='ltr'>re</span> <span class='ocrx_word' id='word_1_718' title='bbox 1632 5179 1828 5236; x_wconf 87' lang='lat' dir='ltr'>parva,</span> <span class='ocrx_word' id='word_1_719' title='bbox 1851 5185 1854 5189; x_wconf 62' lang='grc'><em>“</em></span> 
     </span>
    </p>
   </div>
   <div class='ocr_carea' id='block_1_100' title="bbox 171 5244 1827 5321">
    <p class='ocr_par' dir='ltr' id='par_1_100' title="bbox 171 5244 1827 5321">
     <span class='ocr_line' id='line_1_100' title="bbox 171 5244 1827 5321; baseline 0.005 -21"><span class='ocrx_word' id='word_1_720' title='bbox 171 5244 275 5300; x_wconf 90' lang='lat' dir='ltr'>Dei</span> <span class='ocrx_word' id='word_1_721' title='bbox 309 5261 596 5301; x_wconf 89' lang='lat' dir='ltr'>manuum</span> <span class='ocrx_word' id='word_1_722' title='bbox 628 5247 910 5319; x_wconf 89' lang='lat' dir='ltr'>operatio,</span> <span class='ocrx_word' id='word_1_723' title='bbox 943 5251 999 5302; x_wconf 89' lang='lat' dir='ltr'>et</span> <span class='ocrx_word' id='word_1_724' title='bbox 1028 5246 1328 5319; x_wconf 87' lang='lat' dir='ltr'>proprium</span> <span class='ocrx_word' id='word_1_725' title='bbox 1375 5248 1501 5319; x_wconf 79' lang='lat' dir='ltr'>ejus</span> <span class='ocrx_word' id='word_1_726' title='bbox 1554 5251 1827 5321; x_wconf 86' lang='lat' dir='ltr'>pretium,</span> 
     </span>
    </p>
   </div>
   <div class='ocr_carea' id='block_1_101' title="bbox 172 5332 797 5404">
    <p class='ocr_par' dir='ltr' id='par_1_101' title="bbox 172 5332 797 5404">
     <span class='ocr_line' id='line_1_101' title="bbox 172 5332 797 5404; baseline 0.003 -16"><span class='ocrx_word' id='word_1_727' title='bbox 172 5332 334 5404; x_wconf 88' lang='lat' dir='ltr'>quod</span> <span class='ocrx_word' id='word_1_728' title='bbox 352 5348 500 5395; x_wconf 85' lang='lat' dir='ltr'>caro</span> <span class='ocrx_word' id='word_1_729' title='bbox 533 5334 797 5390; x_wconf 85' lang='lat' dir='ltr'>redemit.</span> 
     </span>
    </p>
   </div>
   <div class='ocr_carea' id='block_1_102' title="bbox 166 5445 1831 5595">
    <p class='ocr_par' dir='ltr' id='par_1_102' title="bbox 166 5445 1831 5595">
     <span class='ocr_line' id='line_1_102' title="bbox 166 5445 1831 5595; baseline 0.004 -92"><span class='ocrx_word' id='word_1_730' title='bbox 166 5445 271 5504; x_wconf 90' lang='grc' dir='ltr'>ΙΙΙ.</span> <span class='ocrx_word' id='word_1_731' title='bbox 339 5449 416 5505; x_wconf 91' lang='lat' dir='ltr'>De</span> <span class='ocrx_word' id='word_1_732' title='bbox 481 5449 793 5508; x_wconf 82' lang='lat' dir='ltr'>Christiano</span> <span class='ocrx_word' id='word_1_733' title='bbox 817 5467 993 5595; x_wconf 65' lang='lat' dir='ltr'>(Inan</span> <span class='ocrx_word' id='word_1_734' title='bbox 1037 5449 1311 5595; x_wconf 43' lang='lat' dir='ltr'>vergentia</span> <span class='ocrx_word' id='word_1_735' title='bbox 1376 5455 1534 5507; x_wconf 71' lang='lat' dir='ltr'>extra</span> <span class='ocrx_word' id='word_1_736' title='bbox 1598 5468 1831 5524; x_wconf 88' lang='lat' dir='ltr'>regnum</span> 
     </span>
     <span class='ocr_line' id='line_1_103' title="bbox 831 5539 1186 5580; baseline -0.008 0"><span class='ocrx_word' id='word_1_737' title='bbox 831 5556 835 5561; x_wconf 65' lang='grc' dir='ltr'><em>ι</em></span> <span class='ocrx_word' id='word_1_738' title='bbox 919 5567 932 5579; x_wconf 94' lang='grc'>.</span> <span class='ocrx_word' id='word_1_739' title='bbox 998 5539 1088 5580; x_wconf 90' lang='lat' dir='ltr'>ax.</span> <span class='ocrx_word' id='word_1_740' title='bbox 1172 5563 1186 5577; x_wconf 93' lang='lat'>.</span> 
     </span>
    </p>
   </div>
   <div class='ocr_carea' id='block_1_103' title="bbox 831 5539 1186 5580">
    <p class='ocr_par' dir='ltr' id='par_1_103' title="bbox 831 5539 1186 5580">
     <span class='ocr_line' id='line_1_104' title="bbox 831 5539 1186 5580; baseline -0.006 -1"><span class='ocrx_word' id='word_1_741' title='bbox 831 5539 932 5580; x_wconf 65' lang='lat' dir='ltr'>&#39;Ll.</span> <span class='ocrx_word' id='word_1_742' title='bbox 955 5539 1088 5580; x_wconf 60' lang='lat'>5&amp;1.</span> <span class='ocrx_word' id='word_1_743' title='bbox 1109 5539 1186 5580; x_wconf 71' lang='grc' dir='ltr'>ὗ).</span> 
     </span>
    </p>
   </div>
   <div class='ocr_carea' id='block_1_104' title="bbox 245 5617 1827 5694">
    <p class='ocr_par' dir='ltr' id='par_1_104' title="bbox 245 5617 1827 5694">
     <span class='ocr_line' id='line_1_105' title="bbox 245 5617 1827 5694; baseline 0.006 -21"><span class='ocrx_word' id='word_1_744' title='bbox 245 5617 632 5685; x_wconf 84' lang='lat' dir='ltr'>Prohibemus</span> <span class='ocrx_word' id='word_1_745' title='bbox 645 5620 820 5679; x_wconf 87' lang='lat' dir='ltr'>etiam</span> <span class='ocrx_word' id='word_1_746' title='bbox 833 5638 905 5678; x_wconf 93' lang='lat' dir='ltr'>ne</span> <span class='ocrx_word' id='word_1_747' title='bbox 916 5620 1285 5679; x_wconf 85' lang='lat' dir='ltr'>Christianus</span> <span class='ocrx_word' id='word_1_748' title='bbox 1299 5620 1611 5694; x_wconf 90' lang='lat' dir='ltr'>quisquam</span> <span class='ocrx_word' id='word_1_749' title='bbox 1625 5625 1827 5694; x_wconf 92' lang='lat' dir='ltr'>procul</span> 
     </span>
    </p>
   </div>
   <div class='ocr_carea' id='block_1_105' title="bbox 168 5704 1826 5785">
    <p class='ocr_par' dir='ltr' id='par_1_105' title="bbox 168 5704 1826 5785">
     <span class='ocr_line' id='line_1_106' title="bbox 168 5704 1826 5785; baseline 0.005 -24"><span class='ocrx_word' id='word_1_750' title='bbox 168 5704 247 5762; x_wconf 85' lang='lat' dir='ltr'>de</span> <span class='ocrx_word' id='word_1_751' title='bbox 259 5709 737 5785; x_wconf 81' lang='lat' dir='ltr'>terravendatur,</span> <span class='ocrx_word' id='word_1_752' title='bbox 756 5727 945 5785; x_wconf 88' lang='lat' dir='ltr'>neque</span> <span class='ocrx_word' id='word_1_753' title='bbox 966 5710 1039 5767; x_wconf 89' lang='lat' dir='ltr'>ad</span> <span class='ocrx_word' id='word_1_754' title='bbox 1059 5709 1463 5783; x_wconf 86' lang='lat' dir='ltr'>gentilismum</span> <span class='ocrx_word' id='word_1_755' title='bbox 1478 5709 1685 5770; x_wconf 86' lang='lat' dir='ltr'>saltem</span> <span class='ocrx_word' id='word_1_756' title='bbox 1696 5727 1826 5785; x_wconf 82' lang='lat' dir='ltr'>per-</span> 
     </span>
    </p>
   </div>
   <div class='ocr_carea' id='block_1_106' title="bbox 1940 4733 3587 4808">
    <p class='ocr_par' dir='ltr' id='par_1_106' title="bbox 1940 4733 3587 4808">
     <span class='ocr_line' id='line_1_107' title="bbox 1940 4733 3587 4808; baseline -0.002 -16"><span class='ocrx_word' id='word_1_757' title='bbox 1940 4736 2179 4792; x_wconf 76' lang='lat' dir='ltr'>seducet</span> <span class='ocrx_word' id='word_1_758' title='bbox 2203 4736 2274 4790; x_wconf 90' lang='lat' dir='ltr'>ad</span> <span class='ocrx_word' id='word_1_759' title='bbox 2306 4752 2374 4790; x_wconf 89' lang='lat' dir='ltr'>ea</span> <span class='ocrx_word' id='word_1_760' title='bbox 2404 4753 2531 4808; x_wconf 73' lang='lat' dir='ltr'>quae</span> <span class='ocrx_word' id='word_1_761' title='bbox 2562 4739 2923 4791; x_wconf 88' lang='lat' dir='ltr'>concernunt</span> <span class='ocrx_word' id='word_1_762' title='bbox 2943 4735 3253 4807; x_wconf 87' lang='lat' dir='ltr'>pecuniam</span> <span class='ocrx_word' id='word_1_763' title='bbox 3274 4733 3361 4789; x_wconf 89' lang='lat' dir='ltr'>vel</span> <span class='ocrx_word' id='word_1_764' title='bbox 3386 4733 3587 4803; x_wconf 88' lang='lat' dir='ltr'>vitam,</span> 
     </span>
    </p>
   </div>
   <div class='ocr_carea' id='block_1_107' title="bbox 1939 4821 3587 4898">
    <p class='ocr_par' dir='ltr' id='par_1_107' title="bbox 1939 4821 3587 4898">
     <span class='ocr_line' id='line_1_108' title="bbox 1939 4821 3587 4898; baseline -0.001 -18"><span class='ocrx_word' id='word_1_765' title='bbox 1939 4828 2080 4881; x_wconf 91' lang='lat' dir='ltr'>tunc</span> <span class='ocrx_word' id='word_1_766' title='bbox 2111 4841 2209 4880; x_wconf 84' lang='lat' dir='ltr'>rex</span> <span class='ocrx_word' id='word_1_767' title='bbox 2237 4825 2287 4880; x_wconf 90' lang='lat' dir='ltr'>ei</span> <span class='ocrx_word' id='word_1_768' title='bbox 2321 4824 2399 4879; x_wconf 91' lang='lat' dir='ltr'>sit</span> <span class='ocrx_word' id='word_1_769' title='bbox 2426 4825 2552 4880; x_wconf 91' lang='lat' dir='ltr'>loco</span> <span class='ocrx_word' id='word_1_770' title='bbox 2582 4824 2836 4898; x_wconf 90' lang='lat' dir='ltr'>cognati,</span> <span class='ocrx_word' id='word_1_771' title='bbox 2867 4827 2924 4880; x_wconf 90' lang='lat' dir='ltr'>et</span> <span class='ocrx_word' id='word_1_772' title='bbox 2951 4822 3076 4880; x_wconf 85' lang='lat' dir='ltr'>loco</span> <span class='ocrx_word' id='word_1_773' title='bbox 3107 4823 3358 4896; x_wconf 89' lang='lat' dir='ltr'>patroni,</span> <span class='ocrx_word' id='word_1_774' title='bbox 3391 4821 3506 4878; x_wconf 91' lang='lat' dir='ltr'>nisi</span> <span class='ocrx_word' id='word_1_775' title='bbox 3535 4823 3587 4879; x_wconf 93' lang='lat' dir='ltr'>is</span> 
     </span>
    </p>
   </div>
   <div class='ocr_carea' id='block_1_108' title="bbox 1942 4911 3588 4987">
    <p class='ocr_par' dir='ltr' id='par_1_108' title="bbox 1942 4911 3588 4987">
     <span class='ocr_line' id='line_1_109' title="bbox 1942 4911 3588 4987; baseline -0.001 -17"><span class='ocrx_word' id='word_1_776' title='bbox 1942 4914 2123 4970; x_wconf 87' lang='lat' dir='ltr'>alium</span> <span class='ocrx_word' id='word_1_777' title='bbox 2137 4913 2443 4969; x_wconf 91' lang='lat' dir='ltr'>dominum</span> <span class='ocrx_word' id='word_1_778' title='bbox 2458 4911 3398 4987; x_wconf 87' lang='lat' dir='ltr'>habuerit,etcompenseturregi,</span> <span class='ocrx_word' id='word_1_779' title='bbox 3415 4917 3588 4985; x_wconf 89' lang='lat' dir='ltr'>prout</span> 
     </span>
    </p>
   </div>
   <div class='ocr_carea' id='block_1_109' title="bbox 1941 5001 3584 5075">
    <p class='ocr_par' dir='ltr' id='par_1_109' title="bbox 1941 5001 3584 5075">
     <span class='ocr_line' id='line_1_110' title="bbox 1941 5001 3584 5075; baseline -0.001 -14"><span class='ocrx_word' id='word_1_780' title='bbox 1941 5005 2123 5074; x_wconf 89' lang='lat' dir='ltr'>decet,</span> <span class='ocrx_word' id='word_1_781' title='bbox 2152 5005 2240 5060; x_wconf 88' lang='lat' dir='ltr'>vel</span> <span class='ocrx_word' id='word_1_782' title='bbox 2269 5003 2485 5060; x_wconf 90' lang='lat' dir='ltr'>factum</span> <span class='ocrx_word' id='word_1_783' title='bbox 2516 5003 2664 5058; x_wconf 92' lang='lat' dir='ltr'>illud</span> <span class='ocrx_word' id='word_1_784' title='bbox 2710 5020 2887 5075; x_wconf 90' lang='lat' dir='ltr'>quam</span> <span class='ocrx_word' id='word_1_785' title='bbox 2940 5003 3194 5059; x_wconf 88' lang='lat' dir='ltr'>maxime</span> <span class='ocrx_word' id='word_1_786' title='bbox 3240 5001 3584 5070; x_wconf 89' lang='lat' dir='ltr'>vindicetur,</span> 
     </span>
    </p>
   </div>
   <div class='ocr_carea' id='block_1_110' title="bbox 1940 5084 3635 5167">
    <p class='ocr_par' dir='ltr' id='par_1_110' title="bbox 1940 5084 3635 5167">
     <span class='ocr_line' id='line_1_111' title="bbox 1940 5084 3635 5167; baseline 0 -19"><span class='ocrx_word' id='word_1_787' title='bbox 1940 5092 2536 5167; x_wconf 85' lang='lat' dir='ltr'>regemChristianum</span> <span class='ocrx_word' id='word_1_788' title='bbox 2549 5108 2726 5165; x_wconf 87' lang='lat' dir='ltr'>quam</span> <span class='ocrx_word' id='word_1_789' title='bbox 2741 5091 2993 5148; x_wconf 88' lang='lat' dir='ltr'>maxime</span> <span class='ocrx_word' id='word_1_790' title='bbox 3005 5090 3297 5162; x_wconf 89' lang='lat' dir='ltr'>decet,Dci</span> <span class='ocrx_word' id='word_1_791' title='bbox 3311 5091 3587 5164; x_wconf 89' lang='lat' dir='ltr'>injuriam</span> <span class='ocrx_word' id='word_1_792' title='bbox 3622 5084 3635 5103; x_wconf 67' lang='grc'>⁸</span> 
     </span>
    </p>
   </div>
   <div class='ocr_carea' id='block_1_111' title="bbox 1940 5174 3611 5253">
    <p class='ocr_par' dir='ltr' id='par_1_111' title="bbox 1940 5174 3611 5253">
     <span class='ocr_line' id='line_1_112' title="bbox 1940 5174 3611 5253; baseline -0.001 -17"><span class='ocrx_word' id='word_1_793' title='bbox 1940 5199 2120 5253; x_wconf 88' lang='lat' dir='ltr'>quam</span> <span class='ocrx_word' id='word_1_794' title='bbox 2151 5181 2519 5238; x_wconf 87' lang='lat' dir='ltr'>severissime</span> <span class='ocrx_word' id='word_1_795' title='bbox 2548 5180 2753 5236; x_wconf 88' lang='lat' dir='ltr'>ulcisci</span> <span class='ocrx_word' id='word_1_796' title='bbox 2784 5198 2888 5253; x_wconf 90' lang='lat' dir='ltr'>pro</span> <span class='ocrx_word' id='word_1_797' title='bbox 2919 5198 2986 5237; x_wconf 90' lang='lat' dir='ltr'>eo</span> <span class='ocrx_word' id='word_1_798' title='bbox 3019 5181 3176 5252; x_wconf 90' lang='lat' dir='ltr'>quod</span> <span class='ocrx_word' id='word_1_799' title='bbox 3207 5181 3427 5235; x_wconf 84' lang='lat' dir='ltr'>factum</span> <span class='ocrx_word' id='word_1_800' title='bbox 3477 5174 3611 5236; x_wconf 67' lang='lat' dir='ltr'>est.&#39;</span> 
     </span>
    </p>
   </div>
   <div class='ocr_carea' id='block_1_112' title="bbox 1938 5269 3585 5343">
    <p class='ocr_par' dir='ltr' id='par_1_112' title="bbox 1938 5269 3585 5343">
     <span class='ocr_line' id='line_1_113' title="bbox 1938 5269 3585 5343; baseline -0.001 -18"><span class='ocrx_word' id='word_1_801' title='bbox 1938 5272 2003 5326; x_wconf 88' lang='grc' dir='ltr'>Χ.</span> <span class='ocrx_word' id='word_1_802' title='bbox 2036 5273 2112 5326; x_wconf 90' lang='lat' dir='ltr'>De</span> <span class='ocrx_word' id='word_1_803' title='bbox 2141 5274 2393 5328; x_wconf 86' lang='lat' dir='ltr'>ministro</span> <span class='ocrx_word' id='word_1_804' title='bbox 2422 5273 2618 5327; x_wconf 88' lang='lat' dir='ltr'>altaris</span> <span class='ocrx_word' id='word_1_805' title='bbox 2648 5270 2940 5337; x_wconf 87' lang='lat' dir='ltr'>homicida,</span> <span class='ocrx_word' id='word_1_806' title='bbox 2964 5275 3071 5326; x_wconf 90' lang='lat' dir='ltr'>etc.</span> <span class='ocrx_word' id='word_1_807' title='bbox 3123 5270 3237 5343; x_wconf 93' lang='lat' dir='ltr'>(LI.</span> <span class='ocrx_word' id='word_1_808' title='bbox 3290 5269 3423 5325; x_wconf 88' lang='lat' dir='ltr'>Sax.</span> <span class='ocrx_word' id='word_1_809' title='bbox 3472 5270 3585 5336; x_wconf 89' lang='lat'>38).</span> 
     </span>
    </p>
   </div>
   <div class='ocr_carea' id='block_1_113' title="bbox 2009 5356 3587 5430">
    <p class='ocr_par' dir='ltr' id='par_1_113' title="bbox 2009 5356 3587 5430">
     <span class='ocr_line' id='line_1_114' title="bbox 2009 5356 3587 5430; baseline -0.001 -16"><span class='ocrx_word' id='word_1_810' title='bbox 2009 5360 2067 5415; x_wconf 88' lang='lat' dir='ltr'>Si</span> <span class='ocrx_word' id='word_1_811' title='bbox 2089 5360 2361 5417; x_wconf 90' lang='lat' dir='ltr'>minister</span> <span class='ocrx_word' id='word_1_812' title='bbox 2371 5361 2575 5417; x_wconf 88' lang='lat' dir='ltr'>altaris</span> <span class='ocrx_word' id='word_1_813' title='bbox 2594 5359 2888 5416; x_wconf 91' lang='lat' dir='ltr'>homicida</span> <span class='ocrx_word' id='word_1_814' title='bbox 2901 5358 3022 5425; x_wconf 84' lang='lat' dir='ltr'>fiat,</span> <span class='ocrx_word' id='word_1_815' title='bbox 3039 5356 3127 5413; x_wconf 90' lang='lat' dir='ltr'>vel</span> <span class='ocrx_word' id='word_1_816' title='bbox 3143 5357 3197 5413; x_wconf 91' lang='lat' dir='ltr'>al</span> <span class='ocrx_word' id='word_1_817' title='bbox 3207 5358 3289 5413; x_wconf 90' lang='lat' dir='ltr'>ias</span> <span class='ocrx_word' id='word_1_818' title='bbox 3303 5373 3587 5430; x_wconf 87' lang='lat' dir='ltr'>magnum</span> 
     </span>
    </p>
   </div>
   <div class='ocr_carea' id='block_1_114' title="bbox 1939 5445 3585 5523">
    <p class='ocr_par' dir='ltr' id='par_1_114' title="bbox 1939 5445 3585 5523">
     <span class='ocr_line' id='line_1_115' title="bbox 1939 5445 3585 5523; baseline -0.001 -19"><span class='ocrx_word' id='word_1_819' title='bbox 1939 5450 2102 5505; x_wconf 87' lang='lat' dir='ltr'>nefas</span> <span class='ocrx_word' id='word_1_820' title='bbox 2120 5450 2558 5523; x_wconf 88' lang='lat' dir='ltr'>perpetraverit,</span> <span class='ocrx_word' id='word_1_821' title='bbox 2574 5455 2714 5506; x_wconf 86' lang='lat' dir='ltr'>tunc</span> <span class='ocrx_word' id='word_1_822' title='bbox 2733 5448 2940 5522; x_wconf 89' lang='lat' dir='ltr'>perdat</span> <span class='ocrx_word' id='word_1_823' title='bbox 2956 5447 3166 5503; x_wconf 89' lang='lat' dir='ltr'>deinde</span> <span class='ocrx_word' id='word_1_824' title='bbox 3184 5451 3301 5502; x_wconf 87' lang='lat' dir='ltr'>tam</span> <span class='ocrx_word' id='word_1_825' title='bbox 3321 5445 3585 5502; x_wconf 88' lang='lat' dir='ltr'>ordinem</span> 
     </span>
    </p>
   </div>
   <div class='ocr_carea' id='block_1_115' title="bbox 1940 5532 3589 5611">
    <p class='ocr_par' dir='ltr' id='par_1_115' title="bbox 1940 5532 3589 5611">
     <span class='ocr_line' id='line_1_116' title="bbox 1940 5532 3589 5611; baseline -0.002 -18"><span class='ocrx_word' id='word_1_826' title='bbox 1940 5554 2119 5611; x_wconf 89' lang='lat' dir='ltr'>quam</span> <span class='ocrx_word' id='word_1_827' title='bbox 2152 5538 2453 5604; x_wconf 90' lang='lat' dir='ltr'>honorem,</span> <span class='ocrx_word' id='word_1_828' title='bbox 2483 5544 2542 5595; x_wconf 91' lang='lat' dir='ltr'>et</span> <span class='ocrx_word' id='word_1_829' title='bbox 2572 5538 2974 5611; x_wconf 82' lang='lat' dir='ltr'>peregrinetur</span> <span class='ocrx_word' id='word_1_830' title='bbox 2998 5552 3173 5608; x_wconf 90' lang='lat' dir='ltr'>quam</span> <span class='ocrx_word' id='word_1_831' title='bbox 3202 5532 3403 5606; x_wconf 91' lang='lat' dir='ltr'>procul</span> <span class='ocrx_word' id='word_1_832' title='bbox 3436 5549 3589 5606; x_wconf 83' lang='lat' dir='ltr'>papa</span> 
     </span>
    </p>
   </div>
   <div class='ocr_carea' id='block_1_116' title="bbox 1938 5623 3588 5700">
    <p class='ocr_par' dir='ltr' id='par_1_116' title="bbox 1938 5623 3588 5700">
     <span class='ocr_line' id='line_1_117' title="bbox 1938 5623 3588 5700; baseline -0.004 -16"><span class='ocrx_word' id='word_1_833' title='bbox 1938 5627 1990 5684; x_wconf 92' lang='lat' dir='ltr'>ei</span> <span class='ocrx_word' id='word_1_834' title='bbox 2021 5627 2463 5700; x_wconf 70' lang='lat' dir='ltr'>praescripserit,</span> <span class='ocrx_word' id='word_1_835' title='bbox 2495 5633 2553 5684; x_wconf 90' lang='lat' dir='ltr'>et</span> <span class='ocrx_word' id='word_1_836' title='bbox 2585 5629 2729 5685; x_wconf 91' lang='lat' dir='ltr'>illud</span> <span class='ocrx_word' id='word_1_837' title='bbox 2761 5627 3009 5684; x_wconf 87' lang='lat' dir='ltr'>libenter</span> <span class='ocrx_word' id='word_1_838' title='bbox 3037 5623 3327 5692; x_wconf 89' lang='lat' dir='ltr'>emendet,</span> <span class='ocrx_word' id='word_1_839' title='bbox 3350 5626 3408 5678; x_wconf 87' lang='lat' dir='ltr'>et</span> <span class='ocrx_word' id='word_1_840' title='bbox 3442 5623 3491 5678; x_wconf 90' lang='lat' dir='ltr'>si</span> <span class='ocrx_word' id='word_1_841' title='bbox 3524 5639 3588 5679; x_wconf 87' lang='lat' dir='ltr'>se</span> 
     </span>
    </p>
   </div>
   <div class='ocr_carea' id='block_1_117' title="bbox 1940 5711 3585 5791">
    <p class='ocr_par' dir='ltr' id='par_1_117' title="bbox 1940 5711 3585 5791">
     <span class='ocr_line' id='line_1_118' title="bbox 1940 5711 3585 5791; baseline -0.001 -18"><span class='ocrx_word' id='word_1_842' title='bbox 1940 5732 2193 5791; x_wconf 88' lang='lat' dir='ltr'>purgare</span> <span class='ocrx_word' id='word_1_843' title='bbox 2221 5716 2377 5785; x_wconf 90' lang='lat' dir='ltr'>velit,</span> <span class='ocrx_word' id='word_1_844' title='bbox 2412 5722 2623 5790; x_wconf 87' lang='lat' dir='ltr'>purget</span> <span class='ocrx_word' id='word_1_845' title='bbox 2642 5735 2705 5775; x_wconf 89' lang='lat' dir='ltr'>se</span> <span class='ocrx_word' id='word_1_846' title='bbox 2725 5716 2921 5791; x_wconf 85' lang='lat' dir='ltr'>triplo,</span> <span class='ocrx_word' id='word_1_847' title='bbox 2946 5719 3004 5774; x_wconf 91' lang='lat' dir='ltr'>et</span> <span class='ocrx_word' id='word_1_848' title='bbox 3024 5712 3139 5773; x_wconf 89' lang='lat' dir='ltr'>nisi</span> <span class='ocrx_word' id='word_1_849' title='bbox 3160 5713 3317 5771; x_wconf 85' lang='lat' dir='ltr'>intra</span> <span class='ocrx_word' id='word_1_850' title='bbox 3330 5729 3440 5771; x_wconf 82' lang='lat' dir='ltr'>xxx</span> <span class='ocrx_word' id='word_1_851' title='bbox 3461 5711 3585 5771; x_wconf 86' lang='lat' dir='ltr'>dies</span> 
     </span>
    </p>
   </div>
  </div>
