3962 6378
340 390 500 458 H79

1708 386 2021 453 MONUM.
2067 384 2387 450 DIPLOM.

3594 372 3768 438 1180

333 526 869 603 compensationem
898 523 1200 601 incmperit
1229 523 1381 598 apud
1404 523 1588 582 Deum
1614 526 1671 581 et
1691 523 1844 597 apud
1869 522 1976 579 ho-
2009 521 2063 588 Α
2092 520 2169 578 sit
2198 528 2446 594 occsius,
2478 534 2582 590 pro
2603 534 2670 577 eo
2693 515 2848 594 quod
2864 515 2988 590 illej
2999 512 3209 574 ustitim
3227 528 3290 571 se
3313 510 3677 586 opposuerit,
3696 510 3754 567 si

337 621 550 689 mines,
580 622 720 674 tunc
749 617 826 674 sit
854 616 1036 672 exlex.

501 726 592 781 XI.
624 726 699 781 De
725 724 1046 781 ordinatum
1076 725 1349 780 vinciente
1377 730 1475 777 aut
1505 722 1826 777 verberante

950 797 1064 864 (LI.
1095 797 1225 850 Sax.
1260 794 1372 865 39).

413 887 472 944 Si
505 886 640 959 quis
671 886 854 942 sacris
884 885 1180 941 initiatum
1212 883 1430 938 vinciat
1457 881 1544 938 vel
1577 881 1858 947 verberet,
1903 879 1990 935 vel

342 976 661 1032 admodum
694 973 1072 1039 convicietur,
1105 974 1443 1042 compenset
1470 970 1520 1025 ei
1552 973 1724 1041 prout
1756 969 1990 1039 justum

341 1069 450 1133 est,
481 1069 539 1119 et
569 1063 840 1137 episcopo
872 1077 982 1116 arm
1013 1059 1311 1131 expiandae
1343 1058 1592 1114 multam
1627 1073 1730 1129 pro
1769 1055 1991 1111 ordinis

344 1143 541 1218 m’odo,
564 1155 621 1207 et
642 1151 880 1207 domino
897 1149 984 1205 vel
1009 1148 1129 1220 regi
1154 1165 1254 1220 pro
1276 1147 1449 1221 plena
1461 1145 1773 1203 violatione
1807 1144 1990 1216 pacis,

339 1241 428 1296 vel
462 1243 672 1313 purget
699 1238 961 1310 seipsum
993 1236 1167 1310 plena
1207 1235 1596 1293 excusatione.

517 1328 634 1384 XII.
662 1329 738 1384 De
766 1326 1017 1383 ordinato
1039 1328 1238 1399 capitis
1268 1342 1356 1382 reo
1389 1325 1503 1397 (LI.
1531 1325 1659 1379 Sax.
1695 1323 1807 1392 40).

414 1418 471 1475 Si
506 1416 638 1490 quis
670 1416 853 1472 sacris
883 1415 1148 1471 initiatus
1177 1412 1426 1486 capitale
1471 1414 1688 1468 crimen
1740 1408 1989 1466 commi-

343 1506 506 1576 serit,
540 1506 1032 1580 apprehendatur,
1067 1509 1125 1560 et
1153 1504 1398 1560 sistatur
1427 1518 1620 1558 coram
1659 1499 1822 1556 curia
1869 1498 1988 1571 epi-

345 1596 568 1670 scopali
600 1613 704 1668 pro
730 1594 830 1650 illo
863 1595 1018 1667 quod
1051 1594 1270 1649 factum
1298 1595 1406 1648 est.

413 1687 557 1744 XIII.
590 1688 664 1744 De
693 1702 782 1742 reo
812 1685 1212 1756 confessarium
1236 1685 1450 1754 petente
1473 1681 1586 1753 (LI.
1623 1679 1753 1735 Sax.
1807 1677 1918 1748 41).

415 1776 476 1832 Si
507 1775 642 1848 quis
677 1773 945 1847 capitalis
991 1771 1256 1827 criminis
1305 1786 1442 1826 reus
1488 1768 1691 1824 sedulo
1732 1764 1993 1822 confiteri

343 1864 502 1933 velit,
536 1881 653 1920 non
686 1866 933 1935 negetur
962 1859 1108 1916 illud
1143 1859 1256 1931 ipsi
1285 1873 1572 1930 unquam,
1607 1859 1663 1911 et
1686 1855 1735 1910 si
1769 1853 1900 1926 quis
1942 1852 1991 1908 ei

346 1953 665 2027 negaverit,
694 1955 1035 2023 compenset
1063 1948 1172 2005 hoc
1203 1947 1357 2020 apud
1389 1961 1584 2018 regem
1615 1961 1722 1998 cxx
1770 1941 1994 2008 solidis,

345 2041 436 2100 vel
464 2045 674 2115 purget
703 2055 945 2096 sumens
995 2037 1255 2111 quinque
1301 2035 1593 2102 homines,
1642 2038 1699 2089 et
1745 2031 1871 2104 ipse
1923 2030 2001 2086 sit

347 2133 566 2189 sextus.

419 2239 562 2294 XIV.
617 2239 693 2295 De
751 2237 839 2293 die
902 2235 1181 2292 dominica
1246 2236 1299 2290 et
1362 2233 1518 2304 festis
1583 2228 1930 2286 observandis

951 2307 1066 2379 (LI.
1101 2307 1233 2362 Sax.
1279 2304 1394 2374 42).

420 2399 482 2456 Si
513 2396 870 2471 apprehendi
902 2399 1114 2468 potest,
1137 2410 1251 2449 non
1277 2391 1577 2449 occidatur
1598 2403 1859 2460 unquam
1883 2387 1996 2443 diei

349 2489 500 2545 Solis
545 2488 690 2544 festo
740 2484 956 2558 aliquis
1005 2482 1356 2540 occidendus
1405 2481 1601 2548 homo,
1653 2477 1765 2533 nisi
1814 2477 2000 2549 fugiat

347 2577 437 2634 vel
455 2580 694 2650 pugnet,
716 2575 817 2632 sed
835 2573 1305 2647 apprehendatur
1320 2575 1378 2626 et
1393 2573 1662 2626 teneatur
1673 2582 1861 2638 usque
1874 2565 1998 2621 dies

351 2669 539 2723 festus
569 2664 862 2739 praeteriit.
895 2663 955 2719 Si
1000 2662 1148 2717 liber
1193 2660 1368 2715 homo
1419 2658 1510 2714 die
1560 2657 1705 2712 festo
1753 2655 1994 2723 laboret,

350 2761 491 2813 tunc
522 2756 861 2826 compenset
887 2751 996 2807 hoc
1027 2749 1290 2806 obstricti
1323 2746 1456 2804 colli
1479 2744 1684 2813 multa,
1713 2748 1770 2800 et
1789 2743 1997 2799 saltem

351 2846 506 2918 apud
538 2849 718 2900 Deum
744 2841 1054 2914 diligenter
1083 2841 1440 2911 compenset,
1490 2833 1682 2908 prouti
1733 2834 1994 2889 docetur.

349 2938 561 2990 Servus
578 2932 628 2990 si
646 2932 890 2998 laboret,
908 2928 1161 3002 vapulet,
1179 2926 1267 2984 vel
1291 2925 1545 2999 pretium
1564 2924 1870 2980 verberum
1893 2939 1997 2994 pro

351 3022 574 3080 ratione
601 3023 731 3094 ejus
763 3020 917 3092 quod
958 3020 1178 3074 factum
1227 3020 1318 3072 est
1367 3015 1564 3087 (luat);
1621 3013 1671 3069 si
1721 3011 1997 3067 dominus

352 3128 549 3169 servos
581 3126 720 3167 suos
751 3109 843 3165 die
867 3108 1015 3164 festo
1046 3109 1215 3178 cogat
1245 3105 1317 3160 ad
1363 3102 1751 3160 laborandum
1795 3100 1999 3172 perdat

353 3215 605 3267 servum,
637 3203 696 3255 et
723 3197 800 3254 sit
825 3197 884 3252 in
916 3198 1217 3269 posterum
1247 3193 1412 3260 liber,
1446 3195 1503 3248 et
1518 3189 1793 3247 dominus
1813 3188 1998 3245 solvat

349 3289 571 3346 violatae
591 3257 742 3361 legis
792 3257 1024 3359 poen‘am
1077 3284 1234 3357 apud
1284 3257 1499 3350 Danos,
1551 3279 1798 3335 multam
1840 3277 1995 3349 apud
2034 3257 2078 3324 (ἶ

349 3378 586 3452 Anglos,
619 3393 723 3450 pro
754 3375 976 3433 ratione
1003 3374 1131 3445 ejus
1163 3372 1319 3444 quod
1349 3371 1569 3427 factum
1600 3371 1709 3436 est,
1739 3367 1826 3424 vel
1857 3383 1994 3439 pur-

350 3469 448 3539 get
477 3483 659 3613 seXV.
692 3555 768 3611 De
787 3555 1072 3626 jejunium
1108 3549 1349 3606 υἱοὶαηιθ
1379 3547 1494 3620 (Μ’
1525 3547 1656 3603 Sax'
1691 3545 1798 3618 43)·

421 3646 480 3701 Si
509 3643 657 3701 liber
687 3644 858 3700 homo
889 3657 1092 3698 verum
1117 3637 1416 3711 jejunium
1465 3634 1766 3702 dissolvat,
1815 3631 2001 3689 solvat

350 3733 573 3792 violatae
605 3733 749 3806 legis
770 3748 999 3805 poenam
1018 3728 1174 3802 apud
1201 3731 1410 3791 Danos,
1436 3724 1685 3780 multam
1708 3722 1862 3795 apud
1884 3722 2000 3776 An-

352 3824 479 3898 glos
508 3839 612 3896 pro
636 3821 863 3877 ratione
885 3820 1015 3891 ejus
1046 3815 1205 3889 quod
1235 3815 1455 3870 factum
1485 3816 1591 3868 est.
1644 3810 1863 3867 Malum
1912 3813 2002 3865 est

352 3918 614 3984 tempore
643 3908 762 3965 veri
785 3907 998 3980 jejunii
1029 3910 1162 3962 ante
1185 3903 1498 3976 prandium
1523 3901 1712 3967 edere,
1735 3904 1792 3955 et
1809 3899 2002 3955 adhuc

354 4003 545 4075 pejus,
565 3997 826 4070 seipsum
844 4012 1016 4052 carne
1039 3994 1347 4050 defmdare.
1372 3992 1428 4046 Si
1442 4007 1644 4047 servus
1659 3989 1768 4044 hoc
1782 3988 2000 4058 fecerit,

353 4087 610 4162 vapulet,
642 4085 730 4142 vel
748 4084 1000 4158 pretium
1018 4083 1323 4139 verberum
1341 4097 1445 4154 pro
1463 4079 1685 4135 ratione
1703 4078 1830 4149 ejus
1849 4079 2001 4150 quod

355 4180 575 4236 factum
608 4178 697 4232 est
724 4174 912 4248 (luat).

356 4286 499 4342 XVI.
574 4285 638 4342 Ut
691 4282 1121 4352 Quadragesima
1173 4283 1227 4335 et
1268 4280 1428 4352 festa
1504 4292 1616 4332 non
1679 4279 2007 4332 temerentur

964 4352 1076 4423 (LI.
1101 4351 1233 4413 Sax.
1254 4351 1369 4418 44).

429 4444 485 4499 Si
519 4443 652 4515 quis
681 4441 912 4514 publice
942 4438 1462 4512 Quadragesimam
1488 4435 1768 4492 dissolvat
1790 4453 1891 4508 per
1918 4436 2006 4491 di-

361 4533 761 4600 micationem,
791 4531 878 4588 vel
912 4547 1015 4603 per
1042 4528 1482 4602 patrimonium,
1505 4526 1594 4582 vel
1618 4543 1719 4599 per
1738 4526 2006 4598 rapinam

2101 621 2211 676 hoc
2241 617 2636 680 confirmetur,
2663 611 2858 682 jaceat
2886 606 3131 663 inultus.

2170 708 2368 764 XVIII.
2404 707 2473 760 De
2500 717 2718 759 sacrum
2744 697 2995 755 ordinem
3015 696 3253 752 violante
3274 693 3389 764 (LI.
3413 691 3546 748 Sax.
3564 689 3681 762 46).

2172 798 2231 854 Si
2265 795 2396 868 quis
2428 807 2661 849 sacrum
2693 787 2958 844 ordinem
2988 783 3310 849 violaverit,
3333 779 3608 836 emendet
3642 778 3762 833 hoc

2099 905 2203 960 pro
2225 866 2509 957 dignitate
2529 877 2774 943 ordinis,
2799 876 2916 931 sive
2941 889 3042 947 per
3059 869 3503 928 restimationem
3521 866 3757 939 capitis,

2100 955 2218 1032 sive
2247 955 2352 1046 per
2382 968 2652 1034 multam,
2685 966 2803 1020 sive
2815 980 2916 1036 per
2936 961 3160 1018 violatae
3183 959 3330 1031 legis
3350 973 3604 1030 pennam,
3631 955 3761 1011 sive

2099 1081 2202 1137 per
2226 1077 2460 1119 omnem
2492 1054 2949 1130 possessionem.
3776 1065 3782 1070 -

2420 1148 2566 1204 XIX.
2599 1147 2673 1201 De
2697 1142 2968 1198 adulterio
3002 1139 3112 1212 (LI.
3147 1138 3279 1194 Sax.
3305 1136 3416 1208 ίι7).

2171 1242 2231 1298 Si
2262 1239 2397 1312 quis
2429 1235 2783 1292 adulterium
2815 1227 3196 1291 commiserit,
3231 1224 3500 1282 emendet
3519 1238 3624 1295 per
3640 1221 3784 1277 hoc

2100 1330 2254 1404 quod
2286 1330 2505 1385 factum
2525 1327 2632 1380 est.
2657 1321 2876 1378 Malum
2900 1316 3257 1375 adulterium
3287 1318 3401 1381 est,
3425 1312 3579 1384 quod
3602 1327 3754 1366 uxo-

2102 1402 2266 1477 ratus
2296 1419 2471 1473 homo
2502 1431 2635 1469 cum
2668 1411 2861 1467 soluta
2890 1411 3073 1472 coeat,
3107 1409 3163 1460 et
3193 1402 3378 1459 multo
3417 1403 3585 1474 pejus
3614 1415 3754 1456 cum

2106 1507 2349 1565 alterius
2376 1518 2575 1568 uxore,
2608 1499 2693 1556 vel
2726 1515 2860 1554 cum
2895 1494 3076 1552 sacris
3105 1492 3335 1548 initiata
3361 1489 3533 1546 votis.

2404 1589 2515 1647 XX.
2553 1593 2632 1645 De
2660 1585 2972 1642 incestuosis
3005 1580 3119 1653 (LI.
3153 1580 3290 1635 Sax.
3325 1579 3436 1646 48).
3551 1625 3556 1627 _

2173 1685 2233 1741 Si
2266 1681 2400 1755 quis
2428 1681 2719 1734 incestum
2749 1669 3129 1740 commiserit,
3161 1667 3503 1738 compenset
3522 1663 3632 1719 hoc
3647 1678 3755 1735 pro

2103 1751 2384 1848 dignitate
2397 1765 2785 1842 cognationis,
2805 1763 2923 1818 sive
2940 1777 3042 1832 per
3057 1756 3268 1830 capitis
3281 1751 3757 1816 aestimationem,

2104 1841 2225 1921 sive
2257 1878 2359 1934 per
2389 1841 2658 1924 multam,
2684 1853 2803 1909 sive
2823 1867 2926 1923 per
2945 1852 3130 1904 totam
3152 1843 3602 1918 possessionem.
3625 1841 3756 1896 Non

2107 1957 2195 2009 est
2225 1930 2427 2007 eadem
2459 1945 2605 2002 ratio
2636 1958 2768 1999 cum
2801 1953 2998 1996 sorore
3026 1953 3093 1992 ac
3123 1951 3257 1991 cum
3300 1930 3610 1988 remotiore
3656 1945 3754 1985 co-

2107 2044 2284 2114 gnata
2313 2036 2484 2093 coire.

2319 2125 2462 2182 XXI.
2497 2125 2572 2179 De
2600 2120 2822 2176 viduam
2851 2116 3091 2172 violante
3115 2112 3227 2185 (LI.
3260 2112 3391 2167 Sax.
3424 2109 3534 2181 49).

2180 2220 2238 2275 Si
2271 2217 2405 2291 quis
2433 2215 2670 2270 viduam
2700 2209 2756 2264 vi
2785 2205 3102 2273 violaverit,
3136 2205 3474 2274 compenset
3503 2198 3613 2254 hoc
3651 2213 3755 2269 per

2108 2286 2315 2381 capitis
2333 2301 2801 2360 aestimationem.
2821 2295 2881 2352 Si
2899 2295 3034 2368 quis
3055 2291 3312 2366 puellam
3331 2286 3754 2360 vistupraverit

2107 2380 2449 2469 compensat
2478 2392 2587 2447 hoc
2619 2405 2721 2462 per
2751 2385 2958 2458 capitis
2987 2380 3456 2439 aestimationem.
3777 2395 3782 2400 ·

2107 2495 2278 2550 ΧΧΙΙ.
2313 2497 2392 2549 De
2420 2490 2609 2545 uxoris
2639 2484 2909 2542 adulterae
2924 2496 3087 2554 paena
3115 2477 3274 2547 gravi
3304 2475 3412 2547 (LI.
3455 2474 3587 2530 Sax.
3636 2473 3750 2544 50).

2179 2592 2238 2649 Si
2271 2589 2479 2646 marito
2494 2585 2622 2643 vivo
2643 2599 2788 2638 uxor
2807 2597 2942 2636 cum
2967 2577 3080 2634 alio
3103 2570 3501 2638 concubuerit,
3530 2573 3588 2629 et
3605 2569 3752 2626 illud

2108 2681 2484 2738 manifestum
2518 2676 2700 2742 ﬁeret,
2734 2672 2836 2727 Iiat
2877 2669 3006 2741 ipsa
3054 2667 3114 2720 in
3165 2666 3463 2737 posterum
3509 2658 3755 2716 infamia

2106 2768 2333 2836 mundi,
2367 2769 2423 2822 et
2450 2764 2664 2820 habeat
2692 2776 2864 2816 verus
2895 2754 3146 2812 maritus
3180 2750 3380 2808 omnia
3429 2766 3556 2822 quae
3607 2746 3752 2821 (illa)

2106 2855 2464 2933 possidebat,
2492 2868 2558 2908 ac
2590 2848 2797 2922 perdat
2840 2845 2943 2901 illa
2985 2847 3322 2913 utrumque,
3368 2843 3489 2894 tam
3539 2853 3752 2893 nasum

2109 2926 2286 3021 quam
2320 2959 2510 3000 aures.
2544 2941 2612 2995 Et
2642 2938 2691 2994 si
2725 2933 3016 2992 accusatio
3049 2931 3147 2998 sit,
3180 2935 3236 2987 et
3267 2927 3534 3002 purgatio
3569 2926 3754 2982 fracta

2107 3015 2203 3105 sit,
2237 3039 2376 3090 tunc
2404 3029 2716 3103 episcopus
2746 3027 3091 3098 potestatem
3127 3019 3211 3092 (in
3242 3017 3394 3089 eam)
3423 3015 3658 3087 habeat,
3693 3017 3750 3070 et

2105 3121 2469 3182 severissime
2491 3118 2738 3190 judicet.

2105 3213 2306 3270 XXIII.
2331 3213 2406 3267 De
2425 3214 2656 3266 uxorato
2671 3205 2998 3346 [qinlicasnta
3134 3196 3494 3255 concubinam
3523 3192 3753 3249 habente

2811 3319 2823 3330 .
2909 3291 2999 3329 ax.
3131 3312 3144 3326 .

2811 3319 2823 3330 .
2869 3291 2999 3329 53X.
3033 3291 3144 3330 Dll.

2175 3373 2232 3430 Si
2263 3373 2351 3427 vir
2380 3371 2659 3426 uxoratus
2690 3367 2852 3420 coeat
2897 3356 3031 3418 cum
3080 3358 3314 3433 propria
3364 3372 3472 3412 sua
3518 3351 3753 3419 ancilla,

2107 3463 2338 3522 amittat
2362 3475 2514 3527 eam,
2545 3462 2602 3512 et
2633 3471 2735 3528 pro
2765 3453 2896 3525 ipsa
2925 3451 3263 3522 compenset
3290 3446 3445 3519 apud
3477 3443 3662 3500 Denm
3699 3445 3758 3496 et

2108 3551 2264 3626 apud
2294 3547 2584 3606 homines.
2609 3545 2681 3600 Et
2698 3541 2748 3599 si
2770 3540 2904 3614 quis
2921 3537 3246 3612 legitimam
3268 3549 3508 3590 uxorem
3520 3531 3760 3597 habeat,

2109 3620 2166 3697 et
2195 3637 2582 3697 concubinam
2610 3633 2810 3698 etiam,
2831 3629 2969 3686 huic
2990 3626 3190 3683 nullus
3212 3624 3513 3698 presbyter
3528 3620 3760 3692 aliquos

2111 3731 2287 3787 faciat
2317 3728 2464 3783 ritus
2495 3723 2595 3797 qui
2627 3718 2976 3779 Christianis
3005 3716 3130 3772 fieri
3163 3715 3396 3781 debent,
3433 3710 3545 3767 nisi
3567 3726 3762 3766 cessa-

2108 3818 2272 3888 verit,
2300 3821 2358 3874 et
2387 3831 2562 3888 quam
2594 3811 2845 3868 maxime
2876 3806 3164 3872 emendet,
3213 3801 3406 3876 prouti
3451 3799 3760 3873 episcOpus

2111 3927 2245 3966 eum
2276 3903 2589 3972 edocuerit,
2623 3906 2681 3958 et
2710 3902 2914 3973 postea
2941 3895 3232 3953 abstineat
3260 3893 3334 3948 ab
3365 3890 3596 3946 iisdem.

2110 4004 2300 4062 XXIV.
2324 4005 2387 4060 Ut
2400 4001 2729 4071 alienigenae
2745 3993 3024 4051 libidinosi
3033 3993 3354 4058 eiicicantur
3365 3988 3478 4059 (LI.
3498 3985 3630 4043 Sax.
3644 3984 3757 4057 52).

2185 4101 2245 4158 Si
2277 4098 2615 4170 alienigene
2647 4088 2992 4148 concubitus
3024 4102 3163 4142 suos
3195 4085 3510 4140 reformare
3550 4080 3758 4149 nolint,

2113 4208 2181 4247 ex
2211 4187 2445 4261 regione
2467 4169 2607 4239 cum
2637 4174 3110 4252 possessionibus
3135 4177 3191 4228 et
3221 4170 3476 4242 peccatis
3507 4169 3632 4226 suis
3665 4187 3759 4226 ex-

2114 4277 2524 4336 terminentur.

2113 4366 2271 4424 XXV.
2331 4365 2393 4420 Ut
2447 4355 2718 4414 homicida
2773 4355 2835 4408 in
2870 4345 3468 4424 (purgationegcadens
3519 4346 3765 4420 episCOpo

2578 4425 2832 4483 tradatur
2858 4420 2969 4493 (Ll.
3001 4420 3146 4476 'Sax.
3186 4420 3296 4488 53).

2190 4525 2248 4582 Si
2282 4518 2667 4579 homicidium
2699 4511 3080 4569 manifestum
3127 4510 3251 4577 fiat,
3307 4507 3463 4580 quod
3509 4506 3642 4578 quis
3692 4506 3768 4562 sit

363 4623 448 4680 vel
481 4640 584 4696 per
614 4594 849 4696 aliquod
881 4594 1198 4676 nefandum
1227 4594 1477 4682 facinus,
1509 4594 1687 4687 duplo
1709 4594 1825 4672 hoc
1843 4631 2006 4672 com-
2040 4629 2087 4692 D
2121 4611 2473 4677 trucidatus,
2506 4603 2773 4660 tradatur
2800 4599 3064 4674 cognatis
3095 4596 3456 4672 (homicida),
3488 4599 3547 4650 et
3575 4594 3625 4651 si
3668 4611 3767 4650 ac-

361 4683 657 4787 pensetur,
691 4683 775 4767 uti
807 4711 866 4766 in
901 4726 1114 4783 magno
1145 4709 1312 4776 festo,
1341 4723 1444 4779 pro
1466 4683 1688 4761 ratiene
1712 4706 1840 4777 ejus
1853 4704 2008 4777 quod
2040 4683 2080 4692 u
2121 4699 2345 4760 cusatio
2379 4696 2456 4751 sit
2485 4697 2542 4750 et
2571 4691 2839 4766 purgatio
2874 4690 3025 4747 male
3056 4688 3352 4758 succedat,
3375 4684 3605 4756 judicet
3645 4683 3764 4756 epi-

362 4802 582 4858 factum
613 4805 718 4858 est.
741 4803 812 4857 Et
827 4800 876 4857 si
891 4800 1024 4872 quis
1041 4799 1057 4870 (
1066 4798 1194 4869 hoc)
1213 4799 1403 4869 neget,
1421 4793 1635 4867 triplici
1661 4794 2007 4868 purgatione

363 4907 427 4947 se
456 4894 681 4963 purget.

363 4979 532 5035 XVII.
565 4980 639 5035 De
668 4980 902 5035 ecclesia:
928 4977 1110 5032 debita
1138 4976 1193 5030 vi
1221 4974 1498 5030 detinente
1545 4973 1657 5046 (LI.
1711 4973 1843 5028 Sax.
1897 4969 2008 5040 45).

438 5066 659 5139 Siquis
706 5067 762 5121 vi
812 5062 1220 5122 ecclesiasticis
1255 5062 1495 5133 judiciis
1543 5079 1604 5118 se
1654 5057 2011 5132 opposuerit,

368 5155 947 5227 solvatviolataelegis
962 5169 1193 5226 pmnam
1207 5153 1358 5225 apud
1377 5149 1843 5218 Danos,multam
1858 5148 2012 5219 apud

367 5243 608 5318 Anglos,
640 5243 731 5299 vel
761 5248 972 5315 purget
1002 5258 1063 5297 se
1095 5257 1335 5296 sumens
1366 5239 1659 5305 undecim,
1693 5242 1750 5292 ct
1784 5236 1908 5308 ipse
1939 5236 2017 5290 sit

370 5333 776 5390 duodecimus.
797 5331 856 5388 Si
874 5331 1130 5404 aliquem
1150 5329 1431 5398 vulneret,
1454 5329 1793 5400 compenset
1812 5325 1941 5390 hoc,
1962 5330 2018 5381 et

371 5423 560 5480 solvat
590 5421 824 5496 plenam
846 5421 1093 5477 multam
1123 5420 1383 5485 domino,
1408 5423 1465 5474 et
1486 5419 1557 5473 ab
1580 5415 1853 5488 episcopo
1893 5431 2016 5470 ma-

372 5530 516 5570 num
548 5511 818 5580 redimat,
842 5510 931 5566 vel
954 5526 1081 5567 eam
1106 5510 1330 5582 perdat.
1356 5508 1417 5563 Si
1441 5506 1695 5576 aliquem
1723 5503 2018 5570 occiderit,

373 5604 452 5662 sit
480 5604 660 5672 exlex,
693 5605 750 5660 et
781 5603 1210 5675 persequantur
1228 5615 1363 5655 eum
1387 5612 1522 5652 cum
1545 5593 1796 5650 clamore
1819 5610 2020 5650 omnes

369 5691 456 5749 illi
487 5693 587 5763 qui
609 5691 908 5766 justitiam
939 5689 1156 5748 volunt.
1190 5687 1252 5746 Si
1283 5687 1409 5759 ipse
1437 5687 1639 5742 auctor
1668 5683 1843 5740 fuerit
1865 5684 2021 5757 quod

2121 4804 2356 4861 scopus.

2119 4887 2307 4946 XXVI.
2342 4887 2415 4942 De
2445 4900 2505 4942 eo
2536 4884 2631 4956 qui
2658 4882 3191 4966 excommunicatum
3213 4877 3300 4966 vel
3347 4878 3410 4930 ut
3459 4873 3767 4944 emtegatum

2559 4955 2872 5011 custodierit
2904 4952 3011 5024 (LI.
3046 4952 3178 5006 Sax.
3211 4949 3324 5020 64).

2193 5058 2251 5116 Si
2285 5057 2419 5130 quis
2446 5054 2547 5111 Dei
2566 5053 2877 5127 fugitivum
2896 5049 3141 5106 retineat
3158 5047 3396 5118 injuste,
3418 5043 3614 5100 tradat
3633 5057 3765 5099 eum

2126 5150 2197 5205 ad
2221 5145 2538 5219 justitiam,
2572 5148 2626 5199 et
2659 5141 2998 5214 compenset
3018 5136 3100 5191 illi
3120 5136 3189 5191 ad
3211 5151 3384 5208 quem
3410 5133 3683 5206 pertinet,
3703 5147 3766 5188 ac

2126 5236 2396 5292 emendet
2439 5233 2559 5306 regi
2609 5248 2711 5304 per
2760 5227 2967 5301 capitis
3014 5223 3480 5281 aestimationem.
3532 5220 3593 5278 Si
3636 5220 3765 5292 quis

2127 5322 2698 5383 excommunicatum
2723 5319 2810 5376 vel
2841 5316 3099 5388 exlegem
3130 5313 3420 5379 habuerit,
3469 5315 3527 5367 et
3573 5313 3766 5366 custo-

2128 5415 2321 5481 dierit,
2353 5412 2481 5469 luat
2506 5411 2687 5467 vitam
2719 5412 2776 5463 et
2795 5421 3030 5462 omnem
3053 5418 3222 5460 suam
3243 5399 3698 5475 possessionem.

2129 5503 2355 5560 XXVII.
2407 5503 2480 5556 De
2523 5495 2903 5557 misericordia
2953 5492 3258 5550 exhibenda
3299 5491 3412 5564 (LI.
3470 5492 3601 5544 Sax.
3657 5487 3765 5558 65).

2202 5594 2272 5650 Et
2301 5590 2348 5646 si
2381 5589 2512 5663 quis
2543 5586 2850 5659 diligenter
2879 5585 2949 5640 ab
2982 5582 3270 5655 injustitia
3306 5578 3516 5636 deinde
3567 5575 3766 5632 reverti

2133 5681 2274 5739 velit
2301 5680 2372 5737 ad
2395 5675 2714 5749 justitiam,
2749 5672 3210 5732 misericordiam
3273 5668 3668 5737 consequatur
3704 5679 3766 5720 ex
