3962 6434
164 454 309 519 “81

161 590 363 647 timore
408 587 540 658 Dei,
579 601 767 660 quam
813 582 1034 659 optime
1079 585 1136 639 et
1179 579 1627 655 diligentissime
1673 577 1797 635 ﬁeri
1826 579 1882 647 Α

164 680 360 756 possit.

322 769 423 824 Pii
450 766 592 839 regis
617 767 714 838 pia
732 765 1009 837 peroratio
1038 761 1150 835 (LI.
1185 761 1318 816 Sax.
1350 757 1621 831 Epilog.).

228 859 390 914 Nunc
418 855 731 929 diligenter
759 870 920 926 rogo,
943 855 1000 907 et
1022 851 1082 906 in
1104 849 1206 906 Dei
1226 848 1463 906 nomine
1483 864 1582 902 oro
1604 862 1803 918 quem-

164 947 299 1005 libet
325 950 392 1004 ut
418 963 489 1002 ex
513 944 723 1000 intimo
748 942 919 998 corde
939 940 1009 996 ad
1032 938 1346 995 Dominum
1370 952 1543 992 suum
1567 950 1801 991 conver-

164 1040 336 1106 tatur,
366 1040 424 1092 et
451 1050 603 1106 saepe
641 1049 708 1088 ac
747 1031 949 1087 crebro
985 1025 1413 1098 contempletur
1450 1041 1628 1097 quam
1670 1022 1800 1079 dili-

164 1124 498 1199 gentissime
529 1123 585 1178 id
620 1121 774 1193 quod
806 1119 858 1175 ei
888 1123 978 1175 est
1006 1117 1430 1183 taciendum,et
1451 1113 1605 1185 quod
1627 1112 1804 1168 omit-

165 1215 423 1271 tendum.
449 1212 565 1268 Nos
603 1226 807 1267 omnes
838 1207 1088 1263 maxime
1131 1206 1296 1261 decet
1323 1204 1507 1259 Deum
1539 1201 1801 1274 diligere,

165 1306 221 1360 et
247 1303 346 1359 Dei
388 1300 618 1375 legibus
648 1297 911 1370 obsequi,
933 1301 991 1353 et
1032 1292 1440 1352 ecclesiasticis
1470 1291 1805 1347 doctoribus

166 1391 364 1449 sedulo
394 1389 649 1458 obedire,
673 1386 951 1461 quoniam
980 1385 1019 1440 ii
1051 1400 1158 1440 nos
1198 1382 1522 1456 producent
1549 1381 1621 1435 ad
1645 1378 1805 1450 judi-

168 1483 342 1554 cium,
364 1497 501 1538 cum
523 1484 676 1536 Deus
689 1475 982 1551 judicabit
1002 1472 1324 1547 quemlibet
1343 1487 1447 1544 pro
1470 1468 1637 1525 factis
1658 1467 1802 1523 suis.

166 1573 235 1629 Et
260 1573 467 1629 beatus
493 1573 583 1626 est
611 1571 828 1641 pastor,
858 1564 960 1638 qui
1001 1578 1237 1636 gregem
1267 1561 1338 1617 ad
1386 1560 1489 1615 Dei
1537 1573 1804 1632 regnum,

166 1666 224 1719 et
249 1661 321 1717 ad
351 1658 582 1716 cceleste
629 1656 910 1731 gaudium
940 1654 1137 1709 laetum
1169 1652 1379 1707 ducere
1430 1651 1620 1721 potest
1670 1663 1808 1719 pro-

165 1756 292 1826 pter
316 1752 471 1807 facta
499 1766 626 1807 sua.
657 1753 810 1803 Bene
838 1744 1014 1801 etiam
1045 1746 1134 1799 est
1172 1739 1332 1814 gregi
1358 1738 1465 1808 illi,
1486 1737 1585 1807 qui
1617 1738 1810 1826 pasto-

167 1825 584 1913 rem’sequitur
624 1852 759 1894 eum
792 1835 888 1907 qui
918 1832 1088 1889 illum
1133 1848 1167 1887 a
1207 1828 1456 1886 diabolis
1486 1825 1722 1897 eripuit,
1754 1827 1810 1877 et

165 1932 281 1989 Deo
332 1926 659 2002 acquisivit.
703 1925 992 1998 Agedum,
1043 1936 1278 1990 omnes,
1326 1915 1591 1974 unanimi
1639 1914 1811 1970 corde

165 2000 475 2093 diligenter
497 2017 746 2073 Domino
778 2016 975 2070 nostro
1019 2008 1359 2083 placeamus
1396 2020 1528 2061 cum
1560 2019 1626 2058 eo
1653 2000 1806 2074 quod

1405 438 1769 508 CANUTUS
1815 442 1841 507 Ι
1883 440 2039 505 REX
2082 437 2315 504 ANGL.

3396 381 3561 497 me

1905 578 2134 650 justum
2166 578 2274 641 est,
2305 577 2363 630 et
2388 572 2450 629 in
2477 573 2778 645 posterum
2809 584 3042 644 semper
3078 562 3387 625 caveamus
3417 567 3569 625 dili-'

1909 670 2111 738 genter
2140 665 2213 720 ab
2243 661 2632 719 incalescente
2673 657 3147 732 incendio,‘quod
3193 656 3467 731 praevalet
3484 657 3555 712 'in

1907 755 2133 810 inferno
2182 751 2397 808 faciant
2444 767 2600 805 nunc
2649 750 2825 806 etiam
2863 750 3130 805 doctores
3176 751 3234 803 et
3282 745 3553 827 ecclesia-

1910 842 2040 899 stici
2086 857 2399 915 praacones,
2440 840 2634 913 prouti
2679 839 2932 910 justum,
2965 841 3023 893 et
3072 835 3317 913 cuilibet
3359 851 3555 891 neces-

1911 931 2131 988 sarium
2165 933 2272 997 est,
2305 930 2597 1002 exponant
2642 944 2795 1000 saepe
2830 925 3250 983 ecclesiasticas
3298 924 3559 980 necessi-

1910 1024 2081 1089 tates,
2114 1023 2172 1076 et
2200 1018 2392 1075 omnis
2423 1017 2523 1090 qui
2564 1016 2853 1072 discretus
2900 1018 2990 1071 est
3034 1014 3234 1071 audiat
3278 1030 3377 1070 eas
3426 1011 3557 1068 dili-

1912 1113 2135 1183 genter,
2161 1125 2228 1164 ac
2254 1107 2548 1164 doctrinas
2569 1104 2992 1162 ecclesiasticas
3013 1103 3073 1159 in
3099 1106 3294 1159 mente
3314 1103 3561 1158 retineat

1914 1215 2091 1270 quam
2141 1196 2499 1260 ﬁrmissime,
2530 1194 2591 1250 in
2640 1193 2935 1268 propriam
2989 1192 3081 1248 sui
3140 1190 3475 1257 utilitatem,
3504 1192 3563 1245 et

1913 1303 2146 1358 semper
2192 1285 2437 1358 quilibet
2490 1285 2667 1341 homo
2722 1282 2783 1338 in
2839 1283 3122 1338 honorem
3181 1279 3413 1337 Domini
3471 1277 3561 1335 sui

1913 1378 2149 1449 prmstet
2194 1375 2310 1431 Deo
2360 1390 2466 1429 suo
2497 1373 2555 1428 id
2590 1372 2744 1445 quod
2796 1375 3005 1445 potest,
3058 1370 3233 1426 verbo
3282 1373 3340 1424 et
3389 1368 3559 1435 facto,

1913 1463 2180 1521 hilariter
2217 1479 2467 1536 semper.
2500 1466 2660 1517 Tunc
2705 1461 2876 1517 nobis
2918 1459 3193 1516 omnibus
3237 1457 3339 1514 Dei
3383 1457 3561 1512 mise-

1914 1554 2166 1611 ricordia
2211 1553 2467 1626 paratior
2506 1552 2632 1609 erit.
2687 1552 2929 1623 Semper
2975 1550 3053 1606 sit
3098 1564 3311 1605 nomen
3353 1546 3455 1603 Dei
3502 1547 3562 1601 in

1916 1648 2196 1700 aeternum
2228 1642 2618 1710 benedictum,
2653 1657 2719 1697 ac
2751 1639 2938 1713 gloria
2965 1638 3040 1709 ei,
3072 1641 3129 1693 et
3155 1637 3286 1693 laus
3315 1638 3373 1692 et
3399 1651 3564 1691 vene-

1918 1732 2064 1789 ratio
2090 1731 2166 1789 sit
2197 1747 2426 1803 semper
2470 1730 2530 1785 in
2563 1727 2842 1787 saeculum
2872 1726 3087 1785 saeculi.
3113 1726 3268 1783 Deus
3298 1723 3563 1796 omnipo-

1917 1825 2049 1878 tens
2080 1820 2157 1876 sit
2187 1819 2354 1875 nobis
2385 1817 2662 1874 omnibus
2692 1817 3045 1883 misericors,
3070 1814 3264 1888 prouti
3294 1813 3406 1886 ipsi
3440 1811 3564 1884 pla-

1920 1910 2125 1977 cuerit,
2158 1913 2215 1965 et
2253 1912 2555 1965 conservet
2601 1924 2708 1964 nos
2755 1922 2987 1978 semper
3032 1905 3105 1961 ad
3163 1901 3563 1960 aeternitatem.

1919 1999 2061 2055 Fiat.
2094 1999 2301 2054 Amen.

1124 2122 3568 2154 MM

1449 2261 1871 2352 CANUTI
1956 2257 2287 2345 REGIS

169 2450 556 2515 EPISTOLA
597 2449 698 2509 AD
727 2441 1163 2506 ANGLORUM
1194 2435 1606 2499 PROCERES
1639 2431 1877 2493 MlSSA
1909 2428 2127 2489 ROMA
2160 2428 2375 2487 ANNO
2405 2426 2643 2488 REGNI
2687 2426 2876 2488 EJUS
2908 2426 3038 2500 XV,
3071 2425 3356 2487 DOMINI
3388 2425 3569 2486 1031.

169 2605 347 2675 Refert
375 2606 578 2675 quam
609 2595 1231 2675 θθ·ῖιί9ηίεαία.α.ξοα.ηπθ
1253 2605 1423 2675 [ἔφαν
1447 2582 1698 2675 βίῖἶνῖιίὲἒ
1712 2576 2592 2675 ἮέῗίίζίέέθῖθβέίῘῖῗίέὲῒῖξθῗηζῖέῖθ
2618 2593 2744 2675 911"?
2750 2577 2905 2675 ίῗπίἒεδ
2916 2575 3571 2675 ἒξῖ.ἕί..¹ἷ⁰¹ἶὲ¹ἷῖῗρῖζξξέδ.ῖ

235 2646 1162 2742 ZithE'Einﬁéiia’sié'piibiieggq
1189 2646 1469 2742 :jitquue
1496 2646 1972 2742 suazjnsti‘tatumj
2000 2646 2377 2742 correcturum
2405 2657 2572 2742 aqu-eg.
2597 2646 2795 2742 LM‘ohet
2823 2651 2885 2704 ut
2912 2647 3188 2704 declinent
3234 2646 3571 2720 injustitiam

239 2719 832 2816 nii'iﬁz'déb‘iié
851 2719 1050 2809 ferant.
1069 2719 1163 2790 "Ad
1192 2719 1489 2788 Ecclesium
1515 2724 1855 2800 pertinentia
1881 2720 2067 2777 sedulo
2095 2737 2318 2793 quaeque
2346 2719 2501 2775 reddi
2518 2720 2696 2792 jubet.

1660 2852 2084 2870 μ

239 2982 456 3042 ΟΝῠτο,
486 2991 588 3031 rex
634 2971 814 3029 ίοῐίιιε
857 2968 1101 3041 Αηεῖίεθι
1150 2970 1207 3022 et
1256 2959 1715 3027 Danamal‘chifﬁ,
1762 2958 1820 3011 et
1856 2952 1900 3021 α
1928 2974 1986 3026 et
2015 2969 2305 3042 argenteis
2335 2987 2512 3042 quam
2543 2970 2603 3026 in
2635 2970 2829 3044 palliis
2866 2976 2924 3028 et
2958 2954 3221 3030 vestibus
3248 2974 3414 3032 valde
3445 2990 3571 3048 pre-

168 3065 512 3139 Norwegiaa,
536 3067 593 3120 et
617 3060 801 3136 partis
822 3061 1167 3125 Suavorum,
1187 3057 1474 3110 AILNOTHO
1499 3052 1624 3123 [al.,
1648 3051 1819 3105 Ecas-

168 3156 380 3228 nomo]
411 3150 882 3224 metropolitano,
914 3152 973 3204 et
1008 3149 1256 3202 Aerco
1298 3140 1669 3206 Eboracensi,
1694 3155 1817 3194 om-

167 3246 468 3318 nibusque
497 3239 786 3315 episcopis
815 3242 870 3294 et
901 3234 1273 3309 primatibus,
1293 3236 1352 3288 et
1380 3230 1486 3287 toti
1517 3228 1675 3303 genti
1704 3229 1818 3283 An-

168 3336 426 3411 glorum,
456 3337 578 3388 tam
609 3328 904 3385 nobilibus
936 3340 1113 3398 quam
1144 3320 1408 3411 plebeiis,
1440 3321 1712 3375 salutem.

242 3424 322 3496 (1)
353 3420 600 3479 Notifico
619 3418 783 3475 vobis
805 3432 898 3472 me
920 3414 1147 3470 noviter
1167 3411 1306 3467 iisse
1326 3410 1570 3465 Romam
1592 3409 1819 3462 oratum

171 3494 280 3587 pro
298 3494 698 3582 redemptione
716 3503 1121 3579 peccaminum
1139 3515 1425 3568 meorum,
1440 3501 1497 3552 et
1512 3513 1615 3569 pro
1634 3494 1821 3551 salute

171 3584 748 3675 regnorum,quique
778 3610 906 3650 meo
937 3591 1241 3663 subjacent
1278 3586 1547 3660 regimini
1580 3584 1819 3675 populo-

170 3674 329 3748 rum.
359 3689 520 3745 Hanc
549 3686 785 3759 quidem
818 3680 1232 3757 profectionem
1263 3678 1376 3733 Deo
1400 3677 1528 3748 jam
1558 3674 1698 3731 olim
1731 3675 1823 3730 de-

166 3795 465 3846 voveram,
497 3777 598 3833 sed
647 3792 751 3849 pro
797 3772 1045 3846 negotiis
1076 3769 1238 3842 regni
1286 3771 1344 3823 et
1397 3765 1588 3822 causis
1634 3764 1820 3835 impe-

166 3868 491 3929 dientibus,
521 3865 829 3937 hucusque
872 3878 987 3917 non
1027 3864 1289 3933 poteram
1332 3854 1626 3928 perﬁcere.
1655 3854 1819 3908 Nunc

167 3963 370 4015 autem
408 3955 525 4029 ipsi
553 3955 670 4012 Deo
718 3969 848 4008 meo
895 3946 1279 4022 omnipotenti
1307 3944 1475 4000 valde
1522 3941 1824 3998 humiliter

165 4047 393 4122 gratias
424 4060 532 4118 ago
570 4043 727 4116 quod
771 4040 1058 4097 concessit
1098 4037 1160 4092 in
1187 4036 1310 4091 vita
1339 4050 1471 4089 mea
1499 4032 1730 4088 Petrum
1766 4034 1823 4084 et

164 4119 423 4193 Raulum
469 4135 669 4190 beatos
696 4128 1033 4204 apostolos,
1066 4131 1124 4184 et
1169 4139 1344 4181 omne
1396 4119 1820 4186 sanctuarium,

166 4225 330 4299 quod
354 4224 511 4280 intra
532 4222 736 4277 urbem
758 4220 1003 4276 Romam
1022 4220 1124 4273 aut
1138 4218 1301 4270 extra
1316 4210 1614 4268 addiscere
1635 4209 1819 4282 potui,

166 4317 460 4387 expetere,
484 4315 560 4380 et,
584 4309 908 4366 secundum
930 4304 1288 4362 desiderium
1321 4317 1539 4368 meum,
1564 4315 1823 4371 praesen-

1926 3059 2114 3115 tiosis.
2151 3059 2408 3116 Locutus
2438 3077 2570 3117 sum
2602 3061 2781 3134 igitur
2809 3078 2944 3118 cum
2984 3063 3112 3136 ipso
3141 3063 3490 3138 imperatore
3519 3069 3577 3121 et

1927 3147 2164 3203 domino
2196 3165 2366 3221 papa,
2386 3153 2444 3204 et
2471 3148 2836 3222 principibus
2858 3150 2957 3223 qui
2980 3151 3062 3208 ibi
3084 3157 3270 3218 erant,
3291 3154 3360 3210 dc
3383 3169 3578 3211 neces-

1930 3236 2204 3293 sitatibus
2240 3237 2420 3294 totius
2449 3237 2646 3310 populi
2684 3228 2818 3307 mei,
2838 3243 2957 3294 tam
3001 3241 3173 3314 Angli
3206 3242 3577 3314 quamani,se

1929 3330 1996 3381 ut
2023 3326 2107 3382 eis
2128 3327 2542 3383 concederetur
2570 3327 2662 3383 lex
2683 3328 2903 3400 mquior
2922 3331 2979 3384 et
2998 3346 3109 3402 pax
3128 3331 3389 3386 securior
3408 3331 3468 3386 in
3485 3331 3578 3387 via

1931 3414 2175 3471 Romam
2209 3415 2483 3481 adeundi,
2503 3420 2559 3471 et
2588 3433 2660 3472 ne
2686 3420 2767 3472 tot
2800 3416 3088 3474 clausuris
3114 3435 3217 3492 per
3243 3419 3398 3475 viam
3424 3437 3578 3477 arce-

1930 3506 2148 3572 rentur,
2181 3507 2239 3558 et
2268 3507 2503 3576 propter
2530 3504 2818 3576 injustum
2849 3506 3132 3563 telonium
3171 3507 3572 3580 fatigarentur.

1929 3592 2266 3665 Annuitque
2290 3593 2600 3666 postulatis
2628 3593 2963 3666 imperator,
2996 3600 3053 3652 et
3082 3596 3426 3670 Rodulphus
3456 3615 3574 3666 rex,

1931 3682 2030 3754 qui
2064 3682 2312 3738 maxime
2343 3681 2604 3755 ipsarum
2636 3684 3042 3740 clausurarum
3069 3686 3417 3757 dominator,
3441 3704 3578 3743 cunt-

1930 3771 2122 3844 ctique
2153 3772 2448 3845 principes
2468 3773 2674 3829 edictis
2697 3773 3026 3844 firmarunt,
3051 3778 3116 3830 ut
3144 3775 3412 3832 homines
3438 3776 3574 3845 mei,

1929 3864 2050 3916 tam
2081 3872 2431 3917 mercatores
2461 3877 2640 3933 quam
2691 3861 2788 3917 alii
2835 3863 3040 3919 orandi
3090 3864 3276 3936 gratia
3304 3865 3574 3931 viatores,

1931 3950 2152 4022 absque
2169 3951 2327 4006 omni
2347 3950 2586 4024 angaria
2602 3950 3010 4009 clausurarum
3028 3957 3086 4008 et
3104 3952 3550 4010 teloneariorum
3563 3997 3576 4022 ,

1931 4040 2104 4094 firma
2133 4056 2273 4112 pace
2306 4040 2552 4096 Romam
2582 4044 2718 4097 eant
2746 4044 2802 4097 et
2830 4042 3091 4098 redeant.

2002 4129 2373 4201 Conquestus
2405 4147 2536 4186 sum
2569 4131 2780 4187 iterum
2826 4147 3023 4187 coram
3055 4132 3292 4188 domino
3322 4150 3491 4207 papa,
3525 4138 3582 4189 et

1934 4217 2077 4273 mihi
2103 4219 2271 4274 valde
2297 4219 2606 4292 displicere
2627 4220 2747 4276 dixi
2769 4222 2925 4292 quod
2948 4221 3059 4278 mei
3085 4221 3502 4295 archiepiscopi
3518 4222 3580 4278 in

1932 4311 2164 4365 tantum
2178 4309 2639 4381 angariabantur
2653 4309 3046 4366 immensitate
3063 4310 3439 4382 pecuniarum
3454 4329 3581 4384 quas

166 4403 392 4461 tialiter
437 4399 699 4457 venerari
728 4402 787 4454 et
834 4398 1094 4453 adorare.
1123 4394 1190 4449 Et
1220 4392 1348 4447 ideo
1407 4391 1516 4446 hoc
1571 4387 1825 4481 maxime
1852 4392 1901 4457 D
1933 4398 2005 4453 ab
2048 4397 2134 4453 eis
2188 4399 2626 4481 expetebant?“
2656 4399 2799 4454 dum
2852 4415 2956 4472 pro
3013 4399 3190 4472 pallio
3247 4400 3583 4475 accipiendo

167 4490 420 4567 patravi,
445 4488 585 4563 quia
613 4505 648 4544 a
676 4486 1042 4560 sapientibus
1080 4481 1259 4539 didici
1290 4482 1557 4565 sanctum
1588 4479 1824 4567 Petrum

168 4560 509 4656 apostolum
534 4594 809 4651 magnam
841 4577 1185 4649 potestatem
1210 4560 1503 4643 accepisse
1525 4586 1559 4625 a
1577 4566 1823 4656 Domino

167 4655 397 4744 ligandi
429 4672 604 4740 atque
645 4664 928 4735 solvendi,
961 4662 1314 4735 clavigerum
1348 4675 1475 4715 esse
1523 4655 1684 4729 regni
1717 4672 1824 4710 coe-

166 4759 359 4829 lestis,
392 4760 451 4814 et
487 4757 618 4813 ideo
667 4752 994 4828 specialiter
1044 4752 1172 4823 ejus
1226 4747 1617 4822 patrocinium
1667 4744 1820 4817 apud

165 4849 360 4907 Deum
390 4850 656 4921 expetere
684 4843 852 4901 valde
886 4842 1027 4900 utile
1058 4841 1214 4898 duxi.

239 4939 334 4996 Sit
362 4940 560 4994 autem
588 4935 753 4992 vobis
792 4938 994 4990 notum
1028 4930 1167 5006 quia
1198 4946 1412 5003 magna
1454 4924 1823 4998 congregatio

166 5026 485 5097 nobilium,
517 5026 578 5081 in
609 5027 739 5098 ipsa
766 5023 1133 5081 solemnitate
1155 5017 1439 5093 paschali,
1461 5015 1540 5072 ibi
1567 5031 1702 5071 cum
1729 5015 1824 5070 do-

163 5118 334 5174 mino
392 5131 546 5189 papa
599 5114 826 5171 Joanne
874 5117 932 5169 et
980 5112 1329 5184 imperatore
1359 5106 1629 5164 Cunrado
1676 5109 1820 5171 erat,

162 5207 400 5264 scilicet
427 5220 634 5262 omnes
660 5203 951 5277 principes
971 5201 1254 5275 gentium,
1276 5217 1309 5254 a
1332 5201 1528 5254 monte
1557 5197 1823 5268 Gargano

163 5313 365 5370 usque
394 5296 465 5352 ad
502 5294 661 5351 istud
693 5293 1023 5366 proximum
1062 5307 1242 5356 mare,
1267 5289 1364 5359 qui
1412 5304 1615 5343 omnes
1649 5302 1738 5339 me
1770 5289 1827 5339 et

159 5384 492 5443 honoriﬁce
512 5386 904 5456 suscepere,et
918 5379 1248 5454 magniﬁcis
1263 5377 1433 5435 donis
1450 5378 1824 5433 honoravere.

165 5473 428 5531 Maxime
458 5477 657 5530 autem
687 5474 759 5528 ab
788 5471 1138 5545 imperatore
1167 5468 1338 5526 donis
1357 5467 1532 5523 variis
1552 5469 1609 5522 et
1629 5481 1829 5520 mune-

161 5561 342 5620 ribus
372 5561 646 5637 pretiosis
675 5561 995 5619 honoratus
1023 5577 1179 5632 sum,
1213 5564 1330 5616 tam
1355 5557 1417 5614 in
1446 5556 1602 5613 vasis
1636 5553 1828 5611 aureis

252 5741 329 5815 (1)
358 5741 559 5799 Malm.
591 5741 748 5798 Gest.
780 5756 900 5814 reg.
929 5739 1030 5796 lib.
1061 5758 1122 5809 ιι,
1155 5755 1281 5813 cap.
1315 5741 1403 5796 11.

1935 4487 2260 4542 secundum
2292 4503 2516 4542 morem
2561 4487 2947 4559 apostolicam
2977 4490 3175 4544 sedem
3216 4494 3582 4562 expeterent;

1932 4575 2352 4646 decretumque
2382 4578 2472 4630 est
2514 4592 2586 4632 ne
2616 4576 2674 4631 id
2707 4576 2980 4649 deinceps
3024 4577 3144 4633 ﬁat.
3176 4578 3398 4633 Cuncta
3426 4579 3581 4634 enim

1936 4680 2061 4735 quas
2092 4680 2127 4719 a
2154 4662 2391 4718 domino
2440 4680 2613 4736 papa,
2646 4668 2703 4720 et
2757 4665 2829 4720 ab
2889 4665 3260 4738 imperatore,
3294 4670 3352 4721 et
3388 4683 3423 4720 a
3453 4682 3586 4739 rege
3622 4732 3627 4737 ξ

1935 4753 2053 4808 Rod
2064 4751 2119 4809 ul
2126 4751 2242 4825 pho
2260 4752 2598 4824 ceterisque
2614 4753 3000 4826 principibus,
3017 4770 3119 4825 per
3132 4770 3381 4828 quorum
3400 4758 3585 4811 terras
3652 4808 3657 4814 .

1934 4842 2103 4898 nobis
2136 4840 2425 4897 transitus
2450 4845 2541 4897 est
2564 4841 2636 4896 ad
2664 4842 2931 4910 Romam,
2957 4859 3060 4914 pro
3087 4858 3228 4898 mea
3254 4843 3446 4915 gentis
3477 4842 3588 4899 uti-

1929 4932 2094 4988 litate
2125 4928 2517 5003 postulabam,
2548 4929 2800 4987 libenter
2839 4935 3191 4999 annuerunt,
3223 4935 3282 4989 et
3310 4948 3591 4990 concessa

1931 5021 2111 5079 etiam
2139 5023 2506 5076 sacramento
2530 5020 2932 5088 firmaverunt,
2955 5021 3066 5077 sub
3088 5021 3423 5078 testimonio
3450 5040 3589 5096 qua-
3694 5043 3696 5047 '

1930 5124 2068 5176 tuor
2097 5108 2667 5181 archiepiscoporum
2713 5114 2770 5165 et
2812 5109 3016 5183 viginti
3070 5104 3502 5184 episcoporum,
3531 5117 3592 5169 et

1934 5202 2257 5257 innumerae
2315 5198 2714 5256 multitudinis
2774 5200 2991 5254 ducum
3037 5204 3096 5255 et
3143 5200 3429 5257 nobilium
3460 5219 3589 5276 qua:

1936 5291 2155 5346 aderat.
2176 5292 2538 5361 Quapropter
2558 5288 2674 5345 Deo
2700 5286 3085 5360 omnipotenti
3117 5289 3339 5363 gratias
3369 5292 3592 5365 magni-

1936 5380 2077 5434 ﬁcas
2110 5379 2308 5445 reddo,
2333 5378 2472 5452 quia
2507 5377 2705 5435 omnia
2732 5395 2860 5450 qum
2899 5377 3383 5447 desideraveram,
3417 5384 3593 5453 prout

1936 5471 2131 5524 mente
2156 5468 2547 5539 decreveram,
2580 5482 2856 5542 prospere
2886 5466 3405 5540 perfeci,votisque
3443 5468 3590 5527 meis

1940 5559 2010 5616 ad
2042 5557 2189 5614 velle
2220 5557 2496 5616 satisfeci.
