3962 6362
412 360 574 436 usa
1671 455 1678 462 ‘
1763 363 2076 429 MONU—M.
2134 361 2452 428 DIPLOM.
2552 451 2555 453 _
3661 367 3834 438 uas

480 504 645 577 Nunc
675 501 876 576 itaque
905 502 982 558 sit
1009 505 1214 558 notum
1233 496 1373 574 quia
1403 497 1513 572 ipsi
1534 498 1649 556 Deo
1673 495 1918 573 supplex
1948 500 2052 556 de-
2082 506 2138 578 Α
2165 503 2223 556 et
2261 497 2480 557 honore
2510 503 2830 573 conservet,
2862 498 3246 576 omniumque
3289 499 3667 558 inimicorum
3715 517 3828 558 no-

407 593 537 650 vovi
557 593 735 650 vitam
775 609 965 650 meam
1002 590 1209 648 amodo
1239 590 1299 645 in
1330 590 1604 646 omnibus
1624 589 1970 661 justiﬁcare,
2003 593 2058 646 ct
2168 594 2424 644 strorum
2477 589 2792 661 petentiam
2846 590 3148 648 annihilet.
3183 590 3519 664 Composita
3565 591 3834 663 denique

409 700 591 758 regna
622 683 766 738 mihi
789 681 1026 737 subdita
1047 679 1412 753 populosque
1434 680 1596 750 juste
1628 683 1683 734 et
1713 678 1805 750 pie
1837 695 2056 750 regere,
2168 695 2305 750 pace
2349 695 2483 733 cum
2540 678 2814 752 gentibus
2845 695 2972 752 quae
3019 679 3082 735 in
3130 679 3376 736 circuitu
3425 683 3625 736 nostro
3655 684 3833 748 sunt,

408 770 1062 845 aequumquejudicium
1087 785 1190 840 per
1213 769 1411 824 omnia
1432 769 1821 837 obscrvare,et
1846 767 1894 823 si
1917 768 2057 840 quid
2168 767 2568 839 dispositoque
2619 772 2678 824 et
2715 773 2920 840 pacato
2951 769 3111 826 omni
3165 785 3344 842 regno
3397 773 3597 826 nostro
3630 769 3733 824 hic
3767 770 3834 824 in

409 879 512 934 per
541 879 680 917 meae
704 859 1030 931 juventutis
1072 857 1585 930 intemperantiam
1628 862 1730 912 aut
1760 856 2057 930 negligen-
2167 855 2406 925 oriente,
2441 857 2523 912 ita
2550 861 2615 912 ut
2645 874 2679 912 a
2712 855 2874 913 nulla
2902 861 3066 930 parte
3097 857 3314 914 bellum
3345 861 3449 914 aut
3478 857 3836 914 inimicitias

406 952 548 1008 tiam
581 950 888 1014 hactenus,
911 951 1121 1021 prater
1148 946 1206 1002 id
1240 946 1395 1019 quod
1427 946 1650 1016 justum
1682 951 1824 1011 erat,
1853 951 1942 1002 est
1971 963 2061 1002 ac-
2167 944 2499 1017 aliquorum
2556 945 2763 1002 timere
2827 945 3182 1016 habeamus,
3243 964 3419 1020 quam
3479 946 3652 1004 citius
3712 947 3835 1003 hac

406 1043 554 1108 tum,
579 1043 768 1094 totum
807 1037 924 1092 Deo
975 1035 1288 1092 auxiliante
1318 1035 1565 1107 dispono
1613 1036 1941 1091 emendare.
1967 1036 2056 1090 Id-
2166 1038 2364 1091 testate
2401 1039 2749 1107 apparatum
2807 1035 3023 1109 navigii
3083 1037 3298 1093 habere
3353 1040 3574 1109 potero,
3609 1037 3671 1092 in
3701 1039 3834 1092 An-

406 1129 560 1184 circo
593 1129 850 1183 obtestor
884 1130 940 1181 et
968 1124 1238 1198 prmeipio
1270 1124 1416 1179 meis
1447 1123 1815 1192 consiliariis,
1841 1124 2057 1196 quibus
2166 1121 2345 1194 gliam
2375 1121 2570 1178 venire
2601 1124 2867 1196 dispono.

405 1218 570 1292 regni
601 1215 846 1272 consilia
898 1213 1138 1281 credidi,
1173 1231 1244 1269 ne
1291 1213 1410 1268 ullo
1459 1215 1652 1279 modo,
1676 1218 1773 1268 aut
1824 1217 2057 1285 propter
2236 1211 2396 1266 Hanc
2424 1217 2621 1268 autem
2652 1212 2959 1285 epistolam
2989 1214 3116 1285 jam
3146 1214 3425 1287 prazmisi,
3457 1219 3523 1270 ut
3569 1215 3641 1271 de
3685 1231 3833 1272 mea

406 1323 605 1363 meum
632 1304 922 1370 timorem,
948 1307 1048 1358 aut
1069 1301 1319 1374 alicujus
1342 1303 1595 1374 potentis
1626 1319 1885 1374 personae
1908 1303 2057 1358 favo-
2164 1301 2547 1373 prosperitate
2596 1303 2790 1358 omnis
2818 1303 3071 1375 populus
3100 1304 3262 1377 regni
3309 1304 3424 1360 mei
3453 1303 3826 1373 laetiﬁcetur;

405 1413 552 1464 rem,
576 1393 834 1466 aliquam
866 1391 1218 1462 injustitiam
1243 1392 1451 1447 amodo
1473 1390 1840 1447 consentiant
1861 1390 1946 1446 vel
1979 1391 2056 1445 fa—
2167 1389 2324 1460 quia,
2352 1394 2415 1444 ut
2438 1407 2538 1445 vos
2569 1390 2678 1462 ipsi
2711 1391 2895 1459 scitis,
2919 1409 3224 1464 nunquam
3257 1393 3693 1466 memetipsum,
3712 1410 3832 1450 nec

403 1484 561 1542 ciant
585 1481 872 1556 pullulare
903 1481 960 1535 in
995 1481 1154 1536 omni
1189 1497 1366 1553 regno
1397 1497 1548 1544 meo.
1575 1480 1849 1552 Prazcipio
1879 1479 2055 1536 etiam
2164 1495 2361 1534 meum
2395 1477 2655 1535 laborem
2686 1481 2968 1550 abstinui,
3002 1497 3106 1538 nec
3147 1482 3341 1539 adhuc
3369 1483 3674 1540 abstinebo
3705 1484 3828 1538 im-

402 1573 677 1632 omnibus
698 1571 1138 1628 vicecomitibus
1161 1574 1217 1626 et
1245 1568 1572 1642 praepositis
1603 1570 1858 1625 universi
1893 1570 2055 1642 regni
2164 1569 2416 1640 pendere
2446 1585 2549 1640 pro
2581 1568 2770 1625 omnis
2801 1569 3002 1644 populi
3031 1570 3144 1626 mei
3179 1570 3512 1628 necessaria
3541 1571 3826 1629 utilitate.

401 1663 538 1733 mei,
563 1663 714 1718 sicut
736 1677 924 1716 meam
946 1659 1148 1714 volunt
1174 1659 1388 1716 habere
1411 1657 1750 1725 amicitiam,
1765 1662 1866 1714 aut
1887 1675 2055 1714 suam
2165 1657 2329 1712 Nunc
2354 1656 2534 1730 igitur
2556 1659 2815 1714 obtestor
2839 1675 3043 1716 omnes
3059 1659 3362 1733 episcopos
3380 1677 3562 1730 meos,
3575 1665 3631 1717 et
3649 1663 3830 1735 regni

402 1750 754 1819 salutem,ut
775 1749 917 1804 nulli
939 1748 1185 1816 homini,
1209 1765 1316 1804 nec
1343 1747 1525 1818 diviti,
1551 1764 1650 1803 nec
1671 1747 2054 1819 pauperi,vim
2165 1744 2280 1800 mei
2312 1745 2679 1818 praepositos,
2703 1763 2806 1818 per
2862 1746 3037 1804 ﬁdem
3079 1763 3258 1820 quam
3316 1749 3461 1806 mihi
3490 1749 3716 1806 debetis
3767 1754 3834 1807 et

402 1841 688 1913 injustam
737 1839 1010 1904 inferant,
1063 1839 1166 1893 sed
1225 1837 1520 1906 omnibus,
1581 1841 1701 1892 tam
1760 1836 2056 1893 nobilibus
2087 1882 2134 1947 Β
2165 1837 2300 1902 Deo,
2334 1839 2624 1907 quatenus
2675 1835 2908 1892 faciatis
2953 1841 3036 1904 ut,
3072 1841 3390 1910 antequam
3441 1838 3502 1894 in
3547 1838 3828 1913 Angliam

413 1945 454 1947 η
615 1926 971 1947 .-_,__mgL___
1020 1926 1090 1947 ,ει
1119 1926 1202 1947 ιι--
1235 1927 1383 1947 :-__._
1422 1925 1543 1947 1---
1580 1925 1841 1947 “una:
1890 1943 1910 1947 _
1945 1943 2045 1947 _____
2165 1924 2386 1947 __-_:__
2441 1924 2697 1947 ___:___-
2737 1925 2919 1947 LL..-
2981 1942 3098 1947 μω
3138 1928 3451 1947 ---η-μη.--
3493 1927 3670 1947 ιψη-
3723 1945 3780 1947 ,κ

402 1945 581 2001 quam
613 1926 993 2000 ignobilibus,
1017 1926 1094 1981 sit
1119 1926 1204 1981 fas
1228 1927 1393 1997 justa
1422 1925 1548 1997 lege
1579 1925 1866 1997 potiundi,
1887 1943 2055 1997 aqua
2087 1924 2134 1947 ”
2165 1924 2412 1992 veniam,
2437 1924 2705 1980 omnium
2732 1925 2948 1994 debita,
2975 1942 3102 1997 qua
3135 1928 3460 1984 secundum
3492 1927 3682 2002 legem
3714 1945 3828 1984 an-

401 2033 508 2072 nec
545 2019 782 2089 propter
813 2015 1064 2070 favorem
1109 2014 1359 2086 regium,
1390 2029 1495 2069 nec
1541 2018 1774 2086 propter
1803 2012 2051 2084 alicujus
2159 2011 2384 2083 tiquam
2420 2013 2722 2080 debemus,
2757 2015 2875 2070 sint
2903 2015 3221 2087 persoluta,
3251 2015 3474 2072 scilicet
3502 2017 3830 2090 eleemosy-

400 2106 654 2179 potentis
686 2120 1017 2177 personam,
1046 2120 1151 2159 nec
1183 2107 1417 2176 propter
1447 2102 1590 2157 mihi
1621 2104 2049 2176 congerendam
2160 2118 2235 2156 na
2284 2117 2386 2172 pro
2420 2102 2651 2172 aratris,
2683 2108 2739 2157 et
2786 2103 3024 2159 decima:
3074 2104 3420 2160 animalium
3479 2106 3605 2178 ipso
3662 2123 3824 2163 anno

398 2193 863 2268 pecuniam,ullo
887 2193 1057 2248 modo
1079 2192 1329 2260 devient,
1351 2192 1486 2264 quia
1509 2191 1668 2246 nulla
1690 2192 1834 2246 mihi
1859 2208 2051 2247 neces~
2161 2195 2615 2261 procreatorum,
2634 2195 2690 2245 et
2719 2191 3129 2264 denarii,quos
3162 2193 3409 2250 Romam
3440 2195 3512 2250 ad
3545 2201 3822 2252 sanctum

397 2285 544 2340 sitas
573 2289 662 2339 est
691 2282 977 2352 utiniqua
1001 2281 1296 2337 exactione
1327 2281 1574 2352 pecunia
1602 2279 1749 2335 mihi
1780 2296 2050 2353 congera-
2159 2278 2393 2334 Petrum
2443 2279 2686 2345 debetis,
2707 2279 2826 2335 sive
2855 2297 2925 2336 ex
2955 2281 3222 2349 urbibus,
3257 2283 3377 2339 sive
3431 2299 3500 2340 ex
3550 2284 3726 2351 villis,
3762 2290 3824 2342 et

393 2377 510 2428 tur.
533 2373 649 2444 Ego
681 2371 874 2444 itaque
906 2375 1108 2426 notum
1140 2369 1303 2426 vobis
1329 2369 1449 2425 ﬁeri
1474 2367 1603 2424 volo
1636 2369 1814 2441 qhod,
1843 2369 2048 2424 eadem
2158 2366 2453 2422 mediante
2481 2369 2744 2440 Augusto
2775 2368 3014 2425 decimae
3045 2371 3303 2442 frugum,
3324 2375 3382 2426 et
3413 2370 3474 2427 in
3506 2372 3825 2430 festivitate

392 2462 488 2517 via
541 2477 657 2533 qua
711 2459 856 2516 exivi
917 2459 1275 2532 regrediens,
1331 2457 1820 2514 Danamarchiam
1880 2458 2045 2525 vado,
2158 2455 2343 2512 sancti
2372 2455 2603 2511 Martini
2632 2456 2907 2528 primitiae
2928 2458 3246 2527 seminum,
3267 2460 3340 2514 ad
3373 2459 3680 2517 ecclesiam
3703 2463 3821 2518 sub

394 2567 595 2624 pacem
629 2554 684 2605 et
715 2550 951 2605 ﬁrmum
995 2552 1251 2620 pactum,
1285 2548 1549 2604 omnium
1583 2548 1878 2603 Danorum
1911 2563 2046 2602 con-
2157 2546 2326 2616 cujus
2353 2544 2631 2617 parochia
2658 2546 2912 2618 quisque
2935 2547 3260 2620 degit,qua=,
3281 2547 3520 2621 Anglice
3541 2553 3824 2607 Curescet

394 2639 544 2708 silio,
577 2638 1011 2711 compositurus
1063 2653 1198 2692 cum
1251 2637 1336 2692 eis
1381 2636 1654 2709 gentibus
1685 2653 1812 2708 quae
1853 2652 1959 2690 nos
1991 2639 2048 2690 et
2158 2635 2279 2706 [al.,
2311 2633 2631 2705 Chireseth]
2697 2635 3058 2690 nominatur.
3083 2635 3212 2691 Haec
3243 2639 3300 2692 et
3329 2635 3445 2693 alia
3473 2639 3524 2694 si
3553 2655 3690 2694 cum
3720 2657 3824 2696 ve-

391 2727 510 2784 vita
538 2733 591 2783 et
624 2743 800 2798 regno
856 2725 1100 2798 privare,
1131 2724 1181 2780 si
1220 2724 1304 2780 eis
1353 2730 1509 2780 esset
1562 2725 1859 2796 possibile,
1893 2723 2044 2778 vole-
2156 2739 2294 2778 nero
2326 2740 2440 2778 non
2481 2728 2652 2778 erunt
2701 2723 3016 2795 persoluta,
3052 2725 3212 2796 regia
3261 2726 3558 2784 exactione
3606 2744 3821 2783 secun-

385 2817 566 2884 ‘bant;
618 2817 716 2871 sed
768 2832 882 2870 non
945 2817 1279 2886 potuerunt,
1313 2815 1426 2870 Deo
1485 2813 1708 2869 scilicet
1769 2813 2044 2868 virtutem
2155 2813 2296 2868 dum
2327 2811 2504 2884 leges,
2538 2811 2595 2865 in
2629 2828 2802 2884 quem
2836 2811 3007 2884 culpa
3062 2812 3236 2881 cadit,
3267 2814 3529 2871 districte
3587 2817 3821 2890 absque

394 2921 597 2961 eorum
624 2905 978 2971 destruente,
1001 2903 1100 2976 qui
1123 2920 1230 2959 nos
1255 2920 1363 2959 sua
1395 2901 1753 2976 benignitate
1774 2902 1833 2957 in
1865 2917 2043 2974 regno
2151 2901 2320 2956 venia
2351 2899 2732 2972 comparabit.

1253 3194 1708 3290 CANUTI
1777 3192 2150 3290 REGIS
2230 3190 2956 3286 DIPLOMATA

1198 3533 1241 3584 Ι.
2078 3530 2121 3598 ρ,
2227 3523 2345 3594 Ego
2377 3520 2666 3594 Levingus
2697 3520 3180 3594 metropolitanus
3209 3523 3586 3597 archiprassul
3616 3523 3808 3582 liben-

395 3603 691 3659 Ecclesiam
717 3601 1014 3657 Salvatoris
1046 3603 1100 3655 in
1135 3601 1469 3657 Dorobernia
1499 3601 1744 3655 omnium
1775 3599 2043 3654 Ecclesia-
2158 3614 2247 3666 ter
2276 3627 2492 3666 annuo,
3331 3600 3337 3605 ”

467 3691 592 3801 run:
621 3675 780 3742 regni
826 3675 1117 3744 Angligeni
1144 3675 1377 3728 matrem
1425 3679 1476 3726 et
1515 3671 1796 3728 dominam
1842 3670 2045 3739 conﬁr-
2227 3701 2346 3772 Ego
2379 3700 2582 3756 ΕΠ]ωᾶ
2613 3699 2814 3772 regina
2845 3699 3012 3772 signa
3039 3700 3230 3757 crucis
3261 3703 3564 3759 conﬁrmo.

467 3763 599 3801 ma.
2228 3790 2266 3801 ,ς
2374 3789 2556 3801 .....
2749 3790 2809 3801 κ.
3085 3789 3095 3800 .
3506 3791 3517 3801 .

465 3763 599 3802 mat.

1020 3816 1207 3885 (Anno
1242 3815 1424 3881 101g)
2227 3789 2719 3885 ggoWolstanus
2749 3789 3133 3846 Eboracensis
3164 3791 3541 3885 consolidavi.

465 3890 696 3962 [LABBE,
733 3887 962 3956 ϐοηθῶ,
998 3877 1039 3940 tl
1073 3886 1162 3951 IX,
1187 3885 1293 3962 col.
1321 3877 1446 3962 817,
1471 3902 1500 3942 e
1530 3887 1758 3941 vetusto
1781 3884 1977 3941 codice

1879 3884 1977 3940 lico
2230 3877 2561 3934 Ealdelmus
2591 3878 2904 3951 episcopus
2935 3884 3170 3952 gratum
3201 3879 3443 3937 habens.

1000 3957 1446 4025 Cantuariensi.]
2021 3966 2026 3970 ’
2230 3968 2346 4039 Ego
2375 3967 2645 4041 Algarius
2676 3969 2987 4041 episcopus
3020 3970 3293 4025 concedo.

465 4052 583 4124 Ego
631 4049 885 4120 denique
931 4048 1250 4118 imperator
1292 4051 1516 4114 KNUTO,
1551 4063 1585 4102 a
1614 4045 1840 4102 Christo
1897 4046 2049 4118 Rege
2229 4057 2347 4130 Ego
2381 4057 2677 4114 Leofricus
2708 4057 3019 4130 episcopus
3049 4059 3352 4114 conﬁrmo.

396 4156 598 4214 regum
632 4135 936 4210 regiminis
967 4133 1192 4205 Anglici
1224 4135 1282 4189 in
1315 4135 1509 4192 insula
1539 4134 1778 4208 potitus,
1806 4135 2050 4191 audiens
2231 4146 2345 4219 Ego
2375 4145 2674 4203 Haldenne
2707 4147 2979 4219 princeps
3008 4146 3163 4218 regis
3206 4163 3309 4218 pro
3354 4147 3578 4205 viribus
3610 4165 3812 4206 assen-

396 4227 678 4286 beneﬁcia
725 4225 1217 4297 praedecessorum
1254 4240 1520 4280 meorum
1561 4241 1788 4297 regum,
1830 4225 2053 4280 scilicet
2160 4252 2293 4292 sum
2324 4236 2571 4307 praebeo,

397 4318 616 4391 regalia
645 4313 968 4386 privilegia,
998 4312 1270 4370 similiter
1300 4331 1542 4370 cernens
1572 4314 1896 4370 libertatem
1933 4332 2052 4370 mo-
2233 4325 2303 4379 Et,
2331 4341 2435 4396 ego
2465 4321 2760 4378 Turkillus
2791 4322 2910 4376 dux
2939 4321 3209 4376 concedo.

397 4401 958 4462 nasteriorumintra
980 4402 1239 4458 Cantiam
1289 4402 1632 4477 positorum,
1666 4404 2052 4476 archipraesu-
2233 4413 2404 4468 Facta
2437 4415 2527 4467 est
2565 4413 2757 4466 autem
2810 4409 2923 4465 ista
2973 4409 3272 4466 concessio
3305 4425 3460 4467 anno
3492 4414 3805 4473 Dominicae

396 4495 586 4565 lisque
609 4491 862 4564 piissimi
887 4491 1112 4564 Livingi
1142 4492 1622 4562 admonitionem,
1646 4493 1869 4566 placuit
1889 4494 2050 4551 cordi
2160 4499 2585 4557 Incarnationis
2618 4498 2773 4552 1018.

398 4583 708 4640 amborum
739 4585 1082 4652 praesentem
1115 4581 1442 4639 chartulam
1474 4584 1870 4652 corroborare,
1901 4585 2052 4641 vide-
2955 4615 3022 4670 II.

400 4671 538 4726 licet
562 4668 804 4725 ecclesia
828 4671 1162 4740 Salvatoris,
1180 4673 1235 4727 in
1260 4673 1615 4729 Dorobernia
1638 4672 1769 4745 sita,
1785 4675 2050 4730 omnium

400 4758 778 4816 ecclesiarum
811 4760 972 4833 regni
998 4760 1304 4834 Angligeni
1335 4767 1522 4818 mater
1547 4769 1602 4818 et
1631 4763 1889 4831 domina,
1916 4779 2049 4817 cum

402 4849 676 4905 omnibus
735 4850 805 4904 ad
861 4850 1024 4905 illam
1086 4849 1531 4922 pertinentibus,
1567 4852 1642 4906 sit
1672 4850 1882 4921 libera;
1942 4867 2047 4905 nec

401 4938 714 5010 quisquam
737 4939 1046 4995 hominum
1078 4940 1137 4994 in
1158 4956 1226 4995 ea
1247 4943 1304 4995 et
1329 4940 1500 4996 rebus
1531 4940 1678 5010 suis,
1701 4941 1921 5013 aliquid
1947 4941 2046 5010 ju-

400 5027 480 5082 ris
503 5026 591 5081 vel
615 5027 1075 5094 consuetudinis,
1101 5032 1308 5100 preeter
1329 5027 1828 5102 archiepiscopum
1851 5032 1907 5084 et
1929 5044 2048 5084 mo-
2229 5034 2458 5092 Christo
2477 5036 2885 5110 omnipotenti,
2903 5037 3004 5109 qui
3021 5041 3112 5094 est
3125 5037 3389 5094 omnium
3407 5053 3615 5111 regum
3662 5039 3801 5108 Rex,

401 5115 619 5172 nachos
651 5115 866 5171 ibidem
890 5117 1004 5172 Deo
1026 5116 1421 5184 famultantes,
1447 5117 1637 5191 exigat
1659 5119 1744 5173 vel
1767 5117 2044 5173 obtineat.
2157 5124 2396 5181 omnino
2438 5125 2831 5197 persolvendae
2863 5129 3003 5182 sunt
3031 5125 3354 5199 gratiarum
3401 5127 3657 5184 actiones
3701 5146 3803 5201 pro

400 5206 464 5260 In
499 5203 924 5277 sempiternum
959 5205 1063 5260 hoc
1097 5209 1358 5260 nostrum
1385 5207 1682 5263 decretum
1716 5205 2048 5263 inviolabile
2159 5213 2730 5270 omnibusindebitis
2764 5215 3060 5270 beneﬁciis
3081 5215 3296 5286 quibus
3325 5216 3684 5286 hominibus,
3699 5235 3803 5276 sua

399 5301 657 5367 tempore
689 5311 817 5349 meo
847 5299 904 5349 et
934 5311 1340 5351 successorum
1373 5313 1659 5363 meorum,
1693 5312 1794 5368 pro
1828 5313 1929 5369 spe
1962 5315 2050 5352 sa-
2158 5303 2283 5360 sola
2306 5303 2520 5376 pietate
2548 5303 2961 5371 intercedente,
2987 5305 3361 5378 suﬁ'ragatur,
3385 5304 3567 5362 nullis
3589 5309 3801 5364 nostris

399 5385 540 5441 lutis
568 5387 816 5453 aeternae,
849 5383 1058 5439 stabile
1101 5389 1444 5456 perseveret,
1479 5385 1571 5441 his
1618 5384 1870 5443 testibus
1902 5403 2050 5460 quo-
2159 5392 2627 5466 promerentibus
2649 5391 2896 5448 meritis.
2916 5392 2998 5451 Ne
3018 5409 3154 5466 ergo
3185 5394 3373 5452 simus
3395 5393 3608 5467 ingrati
3632 5395 3798 5453 bene-

401 5491 533 5533 rum
565 5474 734 5547 signa
764 5473 976 5528 subtus
1005 5473 1376 5530 adnotantur.
2159 5482 2428 5538 ﬁciorum
2459 5484 2759 5537 tantorum
2789 5481 2937 5553 ejus,
2952 5498 3206 5555 cumque
3236 5500 3449 5558 magno
3480 5499 3652 5556 opere
3680 5489 3798 5557 stu-

471 5565 589 5636 Ego
608 5565 797 5620 Knuto
814 5563 1170 5638 gubernator
1184 5563 1407 5638 Anglici
1425 5565 1584 5622 orbis
1612 5567 1846 5640 prepria
1869 5586 2048 5626 manu
2159 5572 2417 5628 dendum
2437 5574 2527 5626 est
2548 5573 2816 5626 nostrum
2835 5574 2899 5626 ut
2919 5571 3155 5646 aliquod
3173 5573 3542 5630 conferamus
3564 5573 3616 5629 ei
3636 5576 3796 5646 cujus

403 5654 705 5717 conﬁrmo.
1067 5676 1076 5682 ·
2159 5666 2299 5720 sunt
2327 5659 2543 5727 omnia,
2577 5663 2633 5716 et
2672 5659 2772 5732 qui
2805 5660 2972 5720 nobis
3003 5679 3120 5720 non
3160 5662 3363 5722 habita
3409 5661 3657 5721 contulit
3695 5663 3795 5720 ba-

2197 4721 2398 4776 Charta.
2429 4720 2630 4776 Canuti
2654 4723 2799 4792 regis
2832 4739 2934 4794 pro
2972 4724 3211 4779 camobio
3243 4723 3296 4778 S.
3331 4724 3610 4780 Benedicti
3638 4727 3772 4781 Hui-

2569 4795 2749 4849 mensi
2779 4796 2838 4849 in
2867 4811 3000 4865 agro
3032 4796 3396 4868 Suﬁ‘olciensi.

2079 4899 2126 4964 D
2544 4909 2900 4979 (Monasticon
2937 4913 3318 4983 Anglicanam,
3351 4912 3418 4985 Ι.)
