3962 6360
115 399 289 462 1185

1375 397 1736 464 CANUTUS
1781 373 1806 461 1'
1851 399 2008 463 sex
2053 398 2284 464 ANGL.

3379 399 3534 464 “86

117 533 282 606 bere,
299 533 510 608 cuique
539 553 655 592 non
686 552 1003 608 possumus
1035 535 1171 592 dare
1193 535 1304 591 nisi
1336 534 1591 608 propria:
1615 538 1672 589 et
1701 535 1772 589 de
1800 538 1854 605 Α
1884 533 2118 605 gustino
2142 540 2384 607 patrono
2405 552 2533 592 meo
2552 550 2761 608 corpus
2781 537 2994 592 sanctae
3019 533 3314 592 Mildredae
3336 536 3541 609 glorio-

118 639 232 678 suo
262 625 498 696 proprio
528 624 735 680 tribuit
775 625 944 682 nobis
984 624 1254 691 mercari,
1276 628 1332 680 et
1361 624 1420 679 in
1452 641 1596 679 usus
1646 639 1776 695 pro-

113 711 282 782 prios
312 713 419 780 uti,
453 729 580 785 qum
627 713 870 770 minime
908 713 1143 786 proprio
1191 729 1303 768 usu
1348 713 1650 785 potuimus
1681 710 1780 766 ba-

113 799 280 868 bere,
312 800 424 858 nisi
457 801 586 873 ejus
612 801 895 858 tribueret
924 802 1132 875 gratia,
1167 800 1390 857 scilicet
1419 801 1585 873 regni
1615 799 1782 855 coulo-

117 903 258 943 rum
290 888 684 945 ccelicolorum
718 891 1192 945 contubernium.

195 977 342 1048 Ejus
391 978 606 1051 quippe
655 978 925 1052 largiﬂua
971 979 1255 1046 bonitate,
1288 979 1449 1050 regia
1497 977 1782 1050 dignitate

121 1063 629 1134 subtbronizatus,
661 1084 768 1140 ego
799 1071 958 1123 Knut
996 1085 1096 1123 rex
1136 1066 1471 1139 Angligenae
1503 1067 1780 1137 nationis,

124 1171 235 1226 pro
279 1155 669 1212 nanciscendo
718 1158 848 1229 ejus
898 1156 1317 1212 immensitatis
1370 1155 1781 1211 misericordiae

127 1244 306 1313 dono,
323 1245 573 1300 concedo
595 1245 705 1300 sibi
728 1246 800 1300 de
822 1263 927 1301 suo
949 1244 1182 1318 prOprio
1205 1261 1331 1316 quae
1359 1243 1504 1300 mihi
1529 1243 1782 1317 gratuito

129 1333 442 1404 concessit,
463 1333 662 1390 villam
693 1338 830 1391 noto
863 1335 1120 1401 nomine,
1141 1335 1612 1407 cognominatam
1644 1333 1784 1388 Bor-

127 1422 334 1495 ninga,
351 1439 485 1478 eum
516 1423 773 1498 pascuis,
795 1423 957 1479 silvis
979 1429 1153 1495 atque
1175 1422 1506 1478 conﬁnibus
1533 1421 1643 1477 sibi
1678 1421 1785 1476 rite

123 1511 339 1566 subter
349 1512 705 1583 jacentibus,
720 1511 944 1568 scilicet
961 1511 1228 1568 Ludham
1244 1528 1378 1567 cum
1395 1510 1782 1582 pertinentiis,

125 1599 509 1656 Retheshirth
540 1591 680 1656 cum'
705 1601 830 1657 suis
858 1600 1247 1673 pertinentiis.
1273 1600 1374 1655 Est
1403 1599 1655 1672 denique
1684 1615 1785 1656 no-

126 1693 324 1745 strum
353 1691 576 1746 donum
609 1708 642 1745 a
670 1689 900 1746 Christo
932 1690 1102 1745 nobis
1132 1689 1433 1759 collatum,
1458 1689 1547 1743 cui
1581 1689 1788 1744 dantes

126 1779 464 1834 feneratum
509 1779 878 1851 exposcimus
920 1783 984 1833 ut
1024 1795 1259 1832 rursum
1302 1795 1419 1832 sua:
1461 1776 1788 1849 largitionis

130 1868 508 1924 donationem
539 1868 799 1940 excipere
834 1867 1106 1940 dignetur
1135 1884 1168 1922 a
1193 1866 1361 1923 nobis
1404 1867 1561 1922 omni
1597 1867 1780 1920 inten-
1815 1910 1861 1974 Β

131 1955 315 2012 tionis
347 1957 552 2012 aﬂ'ectu
599 1955 873 2025 oblatam,
896 1959 1186 2028 quatenus
1219 1954 1515 2028 possimus
1548 1971 1650 2026 per
1679 1969 1787 2009 sua

131 2045 249 2100 sibi
278 2045 416 2100 data
444 2045 738 2116 consequi,
759 2061 884 2116 quae
916 2061 949 2099 a
979 2044 1147 2098 nobis
1176 2059 1291 2098 non
1324 2048 1571 2116 possunt
1599 2041 1785 2115 possi-

131 2133 260 2190 deri
289 2134 404 2188 nisi
438 2151 472 2189 a
501 2150 563 2190 se
611 2133 837 2189 collata.
864 2134 921 2189 Si
965 2133 1302 2205 quisquam,
1330 2133 1485 2204 quod
1534 2132 1720 2188 absit!
1755 2146 1790 2184 a

132 2223 354 2278 diaboli
395 2222 732 2279 incitatione
776 2223 949 2278 fuerit
978 2221 1237 2290 inﬂatus,
1273 2225 1336 2276 ut
1375 2226 1488 2277 Deo
1520 2221 1786 2276 omnium

132 2327 334 2367 rerum
366 2311 686 2384 possidenti
719 2329 894 2368 suum
941 2311 1267 2378 tentaverit,
1291 2311 1445 2382 quod
1480 2311 1646 2366 nobis
1677 2310 1789 2365 sibi

133 2401 428 2457 concessit
443 2401 720 2473 tribuere,
740 2399 1076 2456 abstrahere
1097 2399 1150 2455 vi
1173 2399 1261 2455 vel
1284 2400 1487 2455 fraude
1509 2398 1786 2471 qualibet,

136 2490 366 2544 utinam
389 2493 685 2545 remaneat
707 2488 874 2545 nobis
898 2489 966 2544 ad
993 2489 1242 2562 gratiam
1263 2489 1391 2559 ejus
1415 2505 1538 2560 quae
1561 2504 1790 2543 conces-

136 2578 349 2648 simus,
373 2583 432 2634 et
461 2578 538 2634 sit
565 2578 616 2634 ei
647 2579 718 2634 ad
750 2577 1052 2633 interitum
1106 2581 1329 2633 aeternae
1371 2576 1787 2647 damnationis,

140 2669 242 2740 qui
275 2684 463 2740 pravai
504 2667 736 2738 mentis,
762 2671 862 2722 aut
890 2667 1002 2722 nisi
1038 2667 1146 2722 hoc
1190 2667 1301 2722 alio
1335 2667 1649 2722 transferre
1696 2683 1789 2721 co-

141 2761 336 2825 natur,
371 2757 484 2813 nisi
513 2756 810 2830 plenitudo
856 2755 1273 2812 satisfactionis
1304 2757 1431 2827 ejus
1462 2755 1788 2811 subveniat.

211 2847 332 2918 Ego
363 2847 519 2901 Kuut
554 2863 673 2912 rex,
709 2845 858 2901 hanc
898 2844 1270 2900 donationem
1301 2845 1526 2900 Christo
1573 2843 1791 2899 contuli

141 2951 249 3008 pro
278 2935 687 3008 consequendo
719 2935 957 3007 praemia
987 2934 1237 2990 caelestis
1268 2933 1647 2989 hmreditatis.

213 3025 332 3097 Ego
361 3023 552 3096 Elgifu
592 3023 812 3097 regina,
844 3024 995 3080 hanc
1033 3023 1251 3096 regiam
1284 3024 1656 3079 donationem
1689 3038 1792 3077 au-

142 3114 333 3186 gendo
369 3112 722 3169 confirmavi.

211 3203 330 3275 Ego
361 3201 668 3258 Wlstanus
697 3202 1174 3274 archiepiscopus
1205 3199 1590 3256 corroboravi.

215 3292 334 3365 Ego
365 3291 736 3348 Etheluthus
769 3291 1245 3363 archiepisc0pus
1276 3289 1633 3345 conﬁrmavi.

219 3381 335 3453 Ego
365 3381 689 3437 Godwinus
721 3379 1031 3452 episcopus
1063 3378 1452 3434 corroboravi.

217 3473 336 3543 Ego
367 3469 654 3526 IElvvinus
684 3469 992 3542 episcopus
1019 3485 1325 3524 assensum
1359 3468 1512 3522 dedi.

219 3560 338 3633 Ego
368 3555 659 3615 Alfvvinus
687 3559 996 3632 episcopus
1027 3557 1383 3630 consignavi.

213 3650 327 3721 Ego
359 3647 659 3704 Ethericus
691 3648 1000 3720 episcopus
1033 3646 1313 3702 conclusi.

212 3739 331 3812 Ego
360 3737 638 3794 [Elswius
673 3738 983 3809 episcopus
1015 3735 1400 3791 corroboravi.

216 3829 332 3900 Ego
362 3827 485 3882 Huc
518 3827 654 3882 dux.

213 3916 332 3988 Ego
363 3915 639 3972 Godwin.
675 3915 812 3970 dux.

213 4007 329 4078 Ego
361 4004 461 4061 Ulf
485 4005 623 4060 dux.

213 4095 326 4167 Ego
356 4094 528 4167 Eglaf
544 4095 680 4149 dux.

217 4185 334 4256 Ego
365 4184 564 4240 Hacun
593 4184 728 4238 dux.

213 4273 332 4346 Ego
363 4272 662 4328 Leofwinc
692 4273 827 4327 dux.

213 4362 334 4434 Ego
362 4361 574 4417 Godric
605 4361 742 4416 dux.

209 4455 325 4524 Ego
355 4449 757 4506 Brithwaldus
787 4449 1096 4522 episcopus
1128 4444 1418 4504 consensi.

209 4540 330 4611 Ego
359 4538 634 4596 Brithwiz
659 4538 862 4594 abbas.

210 4629 326 4700 Ego
358 4628 598 4685 Leofric.

208 4719 325 4791 Ego
353 4717 656 4774 Elfward.

205 4808 326 4880 Ego
353 4806 696 4864 IEthelstan.

139 4987 338 5045 Charta
388 4987 589 5042 Canuti
632 4988 775 5058 regis
831 4985 896 5040 de
949 4985 1186 5058 comem};
1242 4984 1297 5037 S.
1336 4970 1629 5058 Mildredaé,
1661 4998 1784 5058 cum

208 5065 319 5117 tota
347 5067 495 5115 terra
522 5075 644 5128 sua,
679 5055 738 5114 in
758 5058 1037 5113 abbaliam
1066 5058 1122 5112 S.
1150 5057 1442 5125 Angustini
1474 5055 1785 5108 (.‘anluaria:

208 5131 590 5190 translatione.

627 5237 927 5309 (Monastic.
960 5235 1198 5304 Anglia,
1233 5231 1299 5303 Ι.)

215 5345 332 5418 Ego
365 5348 546 5411 CNUD,
572 5361 675 5416 per
698 5343 800 5400 Dei
829 5339 1290 5399 misericordiam
1315 5337 1594 5409 basileus,
1617 5341 1793 5394 Aen-L-

141 5452 282 5491 noro
314 5433 772 5506 archiepiscopo,
795 5435 852 5488 et
880 5431 1156 5488 omnibus
1183 5427 1490 5501 episcopis,
1527 5431 1584 5482 et
1615 5427 1791 5483 abba-

141 5525 317 5594 tibus,
343 5527 402 5579 et
427 5521 761 5589 comitibus,
782 5519 1244 5586 vicecomitibus,
1269 5521 1326 5573 et
1354 5515 1630 5572 omnibus
1658 5516 1794 5572 fide-

142 5613 296 5669 libus
325 5611 507 5668 totius
535 5610 756 5684 Anglize
789 5609 1040 5666 salutem
1073 5612 1130 5664 et
1161 5604 1498 5663 amicitiam.

211 5701 427 5759 Notum
459 5699 536 5757 sit
564 5699 728 5759 vobis
759 5697 1036 5757 omnibus
1066 5711 1160 5754 me
1199 5695 1418 5753 didisse
1449 5697 1649 5752 sancto
1677 5694 1794 5752 Au-

1887 639 1962 678 sae
1983 623 2223 696 virginis
2246 641 2379 680 cum
2402 630 2522 680 tota
2543 630 2696 681 terra
2718 643 2825 682 sua
2847 625 2998 680 infra
3017 625 3271 681 insulam
3294 624 3538 680 Thaneti

1887 717 1943 767 et
1971 717 2152 778 extra,
2183 730 2315 769 cum
2369 715 2642 770 omnibus
2693 714 3218 771 consuetudinibus
3257 716 3328 770 ad
3373 732 3540 770 suam

1888 798 2204 856 Ecclesiam
2247 802 2694 873 pertinentibus.
2738 804 2866 858 Haec
2908 802 3106 858 omnia
3146 803 3228 858 ita
3264 801 3450 859 libera
3486 805 3544 858 et

1890 889 2088 958 quieta
2111 889 2288 945 reddo
2318 895 2430 946 Deo
2451 895 2508 946 et
2531 892 2725 947 abbati
2749 891 3004 948 Ailstano
3029 897 3087 946 et
3109 891 3386 948 fratribus
3408 891 3541 958 loci,

1889 976 2042 1031 sicut
2071 994 2177 1049 ego
2208 995 2472 1052 unquam
2506 979 2719 1036 melius
2748 979 2928 1035 habui
2960 986 3081 1035 tam
3105 980 3162 1035 in
3185 985 3339 1036 terra
3365 998 3542 1052 quam

1891 1065 1948 1120 in
1983 1057 2128 1122 mari
2162 1071 2218 1123 et
2253 1067 2311 1122 in
2369 1068 2582 1137 littore,
2617 1073 2681 1124 ut
2710 1069 2964 1124 habeant
3008 1075 3063 1124 et
3116 1069 3454 1141 possideant
3482 1071 3543 1125 in'

1889 1160 2256 1226 perpetuum.
2290 1158 2359 1212 Et
2388 1158 2488 1230 qui
2530 1158 2680 1213 hanc
2712 1158 3084 1214 donationem
3119 1174 3306 1214 meam
3336 1157 3542 1213 infrin-

1891 1249 2023 1314 gere
2053 1244 2140 1300 vel
2175 1245 2402 1301 irritam
2456 1247 2644 1302 facere
2675 1246 3007 1313 tentaverit,
3039 1264 3073 1301 a
3119 1246 3234 1302 Deo
3281 1246 3543 1320 omnipo-

1891 1336 2049 1388 tente
2080 1337 2136 1388 et
2165 1334 2322 1389 omni
2357 1339 2560 1390 sancta
2586 1334 2846 1391 Ecclesia
2873 1336 3414 1392 excommunicatus
3447 1335 3542 1392 sit.

1891 1422 2095 1478 Amen.

2669 1513 2760 1568 1V.

1982 1600 2036 1654 S.
2073 1599 2268 1656 Canuti
2298 1603 2441 1672 regis
2465 1603 2822 1728 privilegizgn
2849 1618 2948 1674 pro
2977 1602 3202 1658 ecclesia
3231 1602 3285 1658 S.
3318 1603 3454 1659 Eall-

2604 1691 2740 1728 mun
2788 1691 2828 1728 κ.

2604 1691 2828 1728 munaz.

2211 1762 2557 1832 Monasticon
2591 1764 2972 1832 Anglicanam,
3008 1763 3049 1830 Ι,
3080 1762 3231 1836 287.]

1971 1866 2031 1921 In
2056 1868 2287 1923 nomine
2307 1868 2770 1940 poliarchisJesu
2785 1869 2998 1924 Christi
3012 1869 3323 1926 Salvatoris
3343 1871 3549 1925 mundi

1895 1954 2193 2028 totiusque
2225 1961 2500 2012 creaturae
2523 1958 2832 2025 Creatoris,
2853 1959 3022 2030 cujus
3052 1957 3246 2014 divino
3277 1959 3548 2014 domina-

1896 2044 1980 2098 tui
2014 2061 2259 2116 quaeque
2307 2046 2737 2102 dominationes
2777 2047 2972 2102 debito
3023 2047 3257 2104 servitio
3308 2047 3552 2102 subnixe

1896 2133 2248 2202 deserviunt,
2269 2136 2438 2206 cujus
2461 2136 2635 2190 etiam
2662 2136 3154 2207 omnipotentatui
3179 2137 3434 2192 universi
3457 2153 3556 2209 po-

1897 2226 2155 2282 tentatus
2177 2223 2562 2278 obsecundari
2583 2226 2939 2280 examussim
2959 2225 3558 2298 praeproperant,quia

1898 2311 2127 2366 bonitas
2150 2313 2276 2383 ejus
2299 2313 2578 2367 bonitatis
2601 2317 2687 2366 est
2710 2313 3348 2385 incomprehensibilis,
3374 2319 3431 2370 et
3453 2314 3557 2370 mi-

1898 2399 2108 2454 seratio
2140 2399 2611 2467 interminabilis,
2637 2401 2945 2473 dapsilitas
2977 2402 3256 2457 bonitatis
3286 2402 3551 2458 ineffabi-

1897 2488 1991 2556 lis,
2017 2487 2429 2561 longanimitas
2456 2505 2686 2561 quoque
2719 2507 2894 2562 super
2920 2507 3230 2562 pravorum
3257 2491 3551 2563 nequitias

1901 2578 2244 2649 quantitatis
2274 2577 2602 2651 prolixitate
2623 2577 2939 2650 cujuslibet
2962 2579 3206 2652 longior,
3233 2579 3332 2652 qui
3357 2580 3552 2653 quoti-

1900 2665 2090 2721 dianis
2133 2667 2631 2722 admonitionibus
2674 2666 3006 2739 religiosam
3055 2669 3554 2724 conversationem

1902 2755 2181 2810 ducentes
2214 2760 2410 2811 monet
2431 2759 2496 2810 ut
2525 2755 2630 2826 piae
2657 2756 2931 2810 sectando
2953 2756 3201 2827 justitiaa
3233 2755 3550 2826 culturam,

1904 2861 2016 2899 non
2049 2861 2176 2900 eam
2209 2845 2529 2900 deserendo
2560 2843 2851 2916 linquant,
2878 2844 3018 2916 quin
3054 2846 3247 2917 potius
3287 2862 3553 2918 perseve-

1903 2932 2073 2988 rabili
2106 2933 2384 2988 instantia
2417 2933 2476 2988 in
2509 2933 2636 3003 ejus
2666 2932 2896 2988 cultura
2935 2937 3000 2987 ut
3041 2938 3424 3006 permaneant
3452 2952 3553 3007 pa-

1901 3027 2066 3077 terno
2099 3023 2303 3078 affectu
2349 3022 2638 3089 hortatur,
2673 3022 2773 3094 qui
2823 3021 3208 3079 nihilominus
3240 3023 3440 3079 eadem
3472 3023 3553 3078 af-

1903 3111 2148 3166 fectione
2181 3112 2422 3166 mandat
2459 3111 2860 3184 peccatoribus
2895 3116 2958 3166 ut
2991 3111 3336 3184 resipiscant
3370 3130 3402 3168 a
3433 3112 3556 3168 suis

1903 3199 2313 3271 iniquitatibus
2362 3203 2787 3268 convertentes,
2819 3201 2959 3271 quia
2988 3216 3190 3256 eorum
3223 3206 3557 3257 exsecratur

1827 3280 1868 3345 C
1910 3294 2178 3344 mortem.

1978 3379 2116 3449 Ejus
2137 3379 2355 3433 amoris
2383 3377 2621 3433 stimulo
2645 3381 2701 3432 et
2724 3377 2836 3432 fide
2859 3377 3156 3446 suffultus,
3181 3379 3351 3450 cujus
3379 3378 3556 3453 largi-

1910 3468 2028 3522 ﬂua
2051 3467 2426 3523 miseratione
2451 3483 2554 3538 ego
2578 3470 2851 3532 Cnut,rex
2872 3465 3329 3523 totiusAlbionis
3350 3466 3555 3523 insula:

1907 3556 2272 3627 aliarumque
2303 3555 2608 3610 nationum
2643 3555 3050 3628 plurimarum,
3078 3557 3135 3610 in
3168 3556 3445 3612 cathedra
3475 3574 3558 3613 re-

1904 3645 2018 3716 gali
2054 3650 2377 3717 promotus,
2404 3661 2537 3699 cum
2569 3643 2813 3700 consilio
2836 3648 2891 3700 et
2914 3644 3140 3700 decreto
3171 3644 3556 3717 archiepisco-

1904 3751 2132 3806 porum,
2157 3735 2588 3806 episcOporum,
2613 3733 2912 3801 abbatum,
2938 3733 3242 3800 comitum,
3272 3733 3556 3790 aliorum-

1903 3839 2015 3894 que
2053 3823 2316 3878 omnium
2362 3840 2623 3879 meorum
2667 3822 2929 3878 fidelium
2970 3822 3118 3896 elegi
3149 3823 3550 3891 sanciendum,

1902 3918 2074 3985 atque
2107 3912 2327 3985 perpeti
2359 3911 2756 3967 stabilimento
2788 3912 2860 3967 ab
2896 3913 3172 3968 omnibus
3203 3913 3552 3968 conﬁrman-

1900 4003 2063 4069 dum,
2089 4006 2154 4057 ut
2183 4001 2604 4057 monasterium
2634 4001 2788 4073 quod
2829 4001 3297 4058 Badricelmorde
3329 4019 3553 4058 nuncu-

1899 4095 2091 4162 patur,
2117 4091 2194 4146 sit
2227 4107 2327 4162 per
2369 4107 2541 4145 omne
2572 4107 2756 4146 aevum
2808 4090 3230 4146 monachorum
3281 4091 3554 4162 gregibus

1899 4182 2245 4252 deputatum
2277 4180 2348 4234 ad
2395 4178 2867 4247 inhabitandum,
2901 4182 2958 4234 et
2988 4181 3060 4235 ab
3091 4178 3250 4234 omni
3282 4179 3550 4235 domina-

1900 4270 2055 4325 tione
2071 4270 2334 4325 omnium
2353 4269 2760 4340 episcoporum
2775 4268 3089 4325 comitatus
3111 4268 3267 4324 illius
3286 4268 3553 4324 funditus

1896 4358 2242 4425 1iberum,ut
2259 4358 2315 4412 in
2334 4375 2400 4413 eo
2417 4359 2654 4413 domino
2671 4359 2984 4414 servientes
3005 4356 3276 4414 monachi
3295 4357 3420 4413 sine
3435 4355 3554 4412 ulla

1897 4447 2302 4517 inquietudine
2334 4464 2437 4517 pro
2471 4451 2626 4502 statu
2659 4447 2819 4519 regni
2852 4447 3169 4502 Dominum
3202 4445 3552 4520 praevaleant

1897 4535 2155 4607 praecari.
2171 4535 2393 4590 Placuit
2407 4535 2583 4590 etiam
2603 4535 2748 4589 mihi
2768 4536 2916 4590 hanc
2939 4535 3194 4607 optionis
3209 4535 3551 4590 electionem

1898 4625 2102 4680 robare
2120 4623 2418 4695 privilegio
2440 4623 2570 4690 isto,
2587 4622 2646 4677 in
2660 4639 2774 4694 quo
2787 4623 2982 4678 videre
3000 4622 3242 4694 praecepi
3262 4621 3550 4676 libertatis

1898 4714 2114 4768 donum
2132 4712 2284 4784 quod
2296 4712 2421 4781 jam
2436 4711 2576 4766 olim
2590 4712 2705 4765 Ead
2717 4712 2971 4766 mundus
2988 4729 3086 4766 rex
3098 4709 3548 4765 occidentalium

1893 4805 2187 4860 Saxonum
2210 4801 2457 4872 largitus
2478 4803 2569 4854 est
2593 4817 2698 4855 suo
2720 4801 3009 4871 aequivoco
3033 4817 3136 4872 pro
3158 4797 3550 4854 nanciscenda

1895 4893 2023 4964 ejus
2043 4890 2229 4964 gratia
2249 4893 2304 4945 et
2326 4889 2592 4943 mercede
2615 4893 2848 4957 aeterna,
2865 4887 3084 4944 scilicet
3103 4889 3214 4944 Ead
3225 4887 3444 4942 mundo
3467 4904 3554 4945 re.

1894 4981 1948 5052 gi
1974 4985 2028 5035 et
2046 4977 2280 5050 martyri
2294 4977 2468 5048 ,quod
2495 4977 2654 5031 bonae
2672 4975 2987 5033 voluntatis
3005 4982 3134 5032 voto
3154 4993 3366 5050 augere
3385 4976 3549 5049 cupi-

1897 5075 2351 5141 mus,quatenus
2373 5067 2498 5137 ejus
2527 5066 2838 5137 promereri
2862 5067 3134 5139 precibus
3162 5083 3386 5122 merear
3413 5082 3546 5140 por-

1897 5159 2114 5212 tionem
2146 5158 2273 5227 ejus
2304 5153 2680 5210 beatitudinis
2714 5158 2845 5226 post
2874 5155 3052 5226 hujus
3084 5173 3318 5211 cursum
3352 5155 3502 5210 vitae.

1969 5247 2096 5302 Tali
2122 5246 2390 5301 libertate
2412 5243 2662 5299 concedo
2687 5244 2868 5298 fundo
2901 5244 3012 5299 frui
3048 5244 3149 5313 illi,
3175 5245 3232 5299 in
3258 5261 3372 5316 quo
3394 5243 3548 5300 idem

1900 5339 2140 5392 sanctus
2161 5338 2373 5406 pausat
2395 5337 2459 5387 ut
2480 5331 2706 5405 quoties
2727 5331 2980 5404 populus
3003 5333 3310 5389 universus
3331 5331 3548 5405 pereo];

1898 5427 1982 5482 vit
2012 5441 2252 5481 censum
2287 5422 2484 5491 Danis,
2517 5420 2605 5477 vel
2638 5421 2710 5477 ad
2743 5439 2936 5489 naves,
2971 5439 3074 5478 seu
3106 5423 3178 5477 ad
3211 5439 3393 5487 arma,
3428 5438 3552 5493 per-

1902 5515 2129 5572 solvant
2156 5511 2549 5567 inhabitantes
2587 5511 2649 5566 in
2696 5512 2822 5584 ipso
2854 5511 3035 5566 fundo
3065 5511 3267 5566 eadem
3299 5510 3369 5566 ad
3404 5523 3548 5564 usus

1904 5621 2052 5677 quos
2081 5601 2360 5674 elegerint
2397 5601 2606 5656 fratres
2639 5600 2799 5656 illius
2844 5599 2974 5657 loci.
3005 5599 3210 5671 Sitque
3253 5597 3422 5653 nobis
3454 5614 3550 5652 re-

1838 5713 1848 5718 ’
1905 5693 2097 5754 medio
2144 5692 2274 5762 hoc,
2299 5688 2447 5747 mihi
2467 5688 2683 5765 quippe
2704 5707 2866 5768 aeque
2895 5690 3106 5770 reginae
3132 5705 3274 5747 meas
3301 5686 3546 5770 Alfgifae,
