  <div class='ocr_page' id='page_1' title='image "/cluster/home/n/w/nwhite01/storage/ocr_20150623/151/umn.31951002477444s/719.png"; bbox 0 0 3962 6362; ppageno 0'>
   <div class='ocr_carea' id='block_1_1' title="bbox 402 353 570 434">
    <p class='ocr_par' dir='ltr' id='par_1_1' title="bbox 402 353 570 434">
     <span class='ocr_line' id='line_1_1' title="bbox 402 353 570 434; baseline -0.042 -13"><span class='ocrx_word' id='word_1_1' title='bbox 402 353 570 434; x_wconf 60' lang='lat'>1137</span> 
     </span>
    </p>
   </div>
   <div class='ocr_carea' id='block_1_2' title="bbox 1668 356 2465 446">
    <p class='ocr_par' dir='ltr' id='par_1_2' title="bbox 1668 356 2465 446">
     <span class='ocr_line' id='line_1_2' title="bbox 1668 356 2465 446; baseline 0.003 -26"><span class='ocrx_word' id='word_1_2' title='bbox 1668 443 1671 446; x_wconf 93' lang='lat'><strong><em>_</em></strong></span> <span class='ocrx_word' id='word_1_3' title='bbox 1772 356 2465 424; x_wconf 75' lang='lat' dir='ltr'>MONUM.IHPLOM.</span> 
     </span>
    </p>
   </div>
   <div class='ocr_carea' id='block_1_3' title="bbox 3669 373 3833 435">
    <p class='ocr_par' dir='ltr' id='par_1_3' title="bbox 3669 373 3833 435">
     <span class='ocr_line' id='line_1_3' title="bbox 3669 373 3833 435; baseline 0.03 -5"><span class='ocrx_word' id='word_1_4' title='bbox 3669 373 3742 432; x_wconf 72' lang='lat'>~11</span> <span class='ocrx_word' id='word_1_5' title='bbox 3755 373 3833 435; x_wconf 88' lang='lat'>88</span> 
     </span>
    </p>
   </div>
   <div class='ocr_carea' id='block_1_4' title="bbox 415 487 2710 567">
    <p class='ocr_par' dir='ltr' id='par_1_4' title="bbox 415 487 2710 567">
     <span class='ocr_line' id='line_1_4' title="bbox 415 487 2710 567; baseline 0.002 -21"><span class='ocrx_word' id='word_1_6' title='bbox 415 506 480 546; x_wconf 91' lang='lat' dir='ltr'>ac</span> <span class='ocrx_word' id='word_1_7' title='bbox 511 487 649 543; x_wconf 81' lang='lat' dir='ltr'>ﬁliis</span> <span class='ocrx_word' id='word_1_8' title='bbox 679 487 898 544; x_wconf 82' lang='lat' dir='ltr'>nostris</span> <span class='ocrx_word' id='word_1_9' title='bbox 927 487 1318 561; x_wconf 88' lang='lat' dir='ltr'>omnibusque</span> <span class='ocrx_word' id='word_1_10' title='bbox 1342 490 1444 562; x_wconf 89' lang='lat' dir='ltr'>qui</span> <span class='ocrx_word' id='word_1_11' title='bbox 1464 490 1689 563; x_wconf 85' lang='lat' dir='ltr'>pridem</span> <span class='ocrx_word' id='word_1_12' title='bbox 1722 492 1772 547; x_wconf 92' lang='lat' dir='ltr'>ei</span> <span class='ocrx_word' id='word_1_13' title='bbox 1803 491 1912 547; x_wconf 91' lang='lat' dir='ltr'>hoc</span> <span class='ocrx_word' id='word_1_14' title='bbox 1941 508 2071 546; x_wconf 87' lang='lat' dir='ltr'>con-</span> <span class='ocrx_word' id='word_1_15' title='bbox 2099 495 2154 558; x_wconf 78' lang='grc' dir='ltr'><strong>Α</strong></span> <span class='ocrx_word' id='word_1_16' title='bbox 2255 495 2371 567; x_wconf 89' lang='lat' dir='ltr'>Ego</span> <span class='ocrx_word' id='word_1_17' title='bbox 2401 494 2710 552; x_wconf 81' lang='lat' dir='ltr'>Alfwinus.</span> 
     </span>
    </p>
   </div>
   <div class='ocr_carea' id='block_1_5' title="bbox 410 577 2059 650">
    <p class='ocr_par' dir='ltr' id='par_1_5' title="bbox 410 577 2059 650">
     <span class='ocr_line' id='line_1_5' title="bbox 410 577 2059 650; baseline 0.002 -17"><span class='ocrx_word' id='word_1_18' title='bbox 410 577 691 633; x_wconf 89' lang='lat' dir='ltr'>tulerunt.</span> <span class='ocrx_word' id='word_1_19' title='bbox 743 577 888 632; x_wconf 88' lang='lat' dir='ltr'>Huic</span> <span class='ocrx_word' id='word_1_20' title='bbox 951 577 1203 633; x_wconf 80' lang='lat' dir='ltr'>libertati</span> <span class='ocrx_word' id='word_1_21' title='bbox 1264 580 1514 635; x_wconf 89' lang='lat' dir='ltr'>concedo</span> <span class='ocrx_word' id='word_1_22' title='bbox 1574 581 2059 650; x_wconf 81' lang='lat' dir='ltr'>additamentum,</span> 
     </span>
    </p>
   </div>
   <div class='ocr_carea' id='block_1_6' title="bbox 411 666 2060 742">
    <p class='ocr_par' dir='ltr' id='par_1_6' title="bbox 411 666 2060 742">
     <span class='ocr_line' id='line_1_6' title="bbox 411 666 2060 742; baseline 0.001 -18"><span class='ocrx_word' id='word_1_23' title='bbox 411 667 633 724; x_wconf 79' lang='lat' dir='ltr'>scilicet</span> <span class='ocrx_word' id='word_1_24' title='bbox 663 666 991 723; x_wconf 89' lang='lat' dir='ltr'>maritimos</span> <span class='ocrx_word' id='word_1_25' title='bbox 1039 667 1230 739; x_wconf 87' lang='lat' dir='ltr'>pisces</span> <span class='ocrx_word' id='word_1_26' title='bbox 1263 668 1361 739; x_wconf 90' lang='lat' dir='ltr'>qui</span> <span class='ocrx_word' id='word_1_27' title='bbox 1417 668 1560 723; x_wconf 91' lang='lat' dir='ltr'>mihi</span> <span class='ocrx_word' id='word_1_28' title='bbox 1594 669 1931 742; x_wconf 88' lang='lat' dir='ltr'>contingere</span> <span class='ocrx_word' id='word_1_29' title='bbox 1961 670 2060 726; x_wconf 88' lang='lat' dir='ltr'>de-</span> 
     </span>
    </p>
   </div>
   <div class='ocr_carea' id='block_1_7' title="bbox 409 755 2058 830">
    <p class='ocr_par' dir='ltr' id='par_1_7' title="bbox 409 755 2058 830">
     <span class='ocr_line' id='line_1_7' title="bbox 409 755 2058 830; baseline 0.001 -18"><span class='ocrx_word' id='word_1_30' title='bbox 409 756 550 812; x_wconf 88' lang='lat' dir='ltr'>bent</span> <span class='ocrx_word' id='word_1_31' title='bbox 579 755 907 810; x_wconf 89' lang='lat' dir='ltr'>annualitcr</span> <span class='ocrx_word' id='word_1_32' title='bbox 935 773 1038 827; x_wconf 89' lang='lat' dir='ltr'>per</span> <span class='ocrx_word' id='word_1_33' title='bbox 1069 755 1277 811; x_wconf 89' lang='lat' dir='ltr'>telonei</span> <span class='ocrx_word' id='word_1_34' title='bbox 1308 756 1558 824; x_wconf 91' lang='lat' dir='ltr'>lucrum,</span> <span class='ocrx_word' id='word_1_35' title='bbox 1592 763 1647 813; x_wconf 90' lang='lat' dir='ltr'>et</span> <span class='ocrx_word' id='word_1_36' title='bbox 1678 758 2058 830; x_wconf 88' lang='lat' dir='ltr'>piscationem</span> 
     </span>
    </p>
   </div>
   <div class='ocr_carea' id='block_1_8' title="bbox 407 843 2058 919">
    <p class='ocr_par' dir='ltr' id='par_1_8' title="bbox 407 843 2058 919">
     <span class='ocr_line' id='line_1_8' title="bbox 407 843 2058 919; baseline 0.001 -19"><span class='ocrx_word' id='word_1_37' title='bbox 407 862 586 917; x_wconf 89' lang='lat' dir='ltr'>quam</span> <span class='ocrx_word' id='word_1_38' title='bbox 619 843 853 900; x_wconf 83' lang='lat' dir='ltr'>Ulfkitel</span> <span class='ocrx_word' id='word_1_39' title='bbox 907 844 1113 900; x_wconf 82' lang='lat' dir='ltr'>habuit</span> <span class='ocrx_word' id='word_1_40' title='bbox 1156 845 1214 900; x_wconf 90' lang='lat' dir='ltr'>in</span> <span class='ocrx_word' id='word_1_41' title='bbox 1243 845 1382 900; x_wconf 91' lang='lat' dir='ltr'>villa</span> <span class='ocrx_word' id='word_1_42' title='bbox 1411 851 1467 901; x_wconf 91' lang='lat' dir='ltr'>et</span> <span class='ocrx_word' id='word_1_43' title='bbox 1497 847 1694 902; x_wconf 88' lang='lat' dir='ltr'>omnia</span> <span class='ocrx_word' id='word_1_44' title='bbox 1739 849 1876 918; x_wconf 92' lang='lat' dir='ltr'>jura</span> <span class='ocrx_word' id='word_1_45' title='bbox 1907 865 2058 919; x_wconf 85' lang='lat' dir='ltr'>qua-</span> 
     </span>
    </p>
   </div>
   <div class='ocr_carea' id='block_1_9' title="bbox 405 934 2057 1006">
    <p class='ocr_par' dir='ltr' id='par_1_9' title="bbox 405 934 2057 1006">
     <span class='ocr_line' id='line_1_9' title="bbox 405 934 2057 1006; baseline 0.001 -17"><span class='ocrx_word' id='word_1_46' title='bbox 405 950 772 1005; x_wconf 89' lang='lat' dir='ltr'>rumcunque</span> <span class='ocrx_word' id='word_1_47' title='bbox 803 949 1117 991; x_wconf 84' lang='lat' dir='ltr'>causarum</span> <span class='ocrx_word' id='word_1_48' title='bbox 1149 934 1209 989; x_wconf 92' lang='lat' dir='ltr'>in</span> <span class='ocrx_word' id='word_1_49' title='bbox 1235 934 1389 990; x_wconf 84' lang='lat' dir='ltr'>villis</span> <span class='ocrx_word' id='word_1_50' title='bbox 1411 951 1540 1006; x_wconf 68' lang='lat' dir='ltr'>quae</span> <span class='ocrx_word' id='word_1_51' title='bbox 1574 937 1927 993; x_wconf 89' lang='lat' dir='ltr'>monasterio</span> <span class='ocrx_word' id='word_1_52' title='bbox 1958 937 2057 992; x_wconf 85' lang='lat' dir='ltr'>ad-</span> 
     </span>
    </p>
   </div>
   <div class='ocr_carea' id='block_1_10' title="bbox 400 1023 2053 1098">
    <p class='ocr_par' dir='ltr' id='par_1_10' title="bbox 400 1023 2053 1098">
     <span class='ocr_line' id='line_1_10' title="bbox 400 1023 2053 1098; baseline 0.001 -20"><span class='ocrx_word' id='word_1_53' title='bbox 400 1023 596 1093; x_wconf 91' lang='lat' dir='ltr'>jacent</span> <span class='ocrx_word' id='word_1_54' title='bbox 645 1027 703 1078; x_wconf 87' lang='lat' dir='ltr'>et</span> <span class='ocrx_word' id='word_1_55' title='bbox 751 1039 880 1093; x_wconf 82' lang='lat' dir='ltr'>quae</span> <span class='ocrx_word' id='word_1_56' title='bbox 913 1023 1255 1093; x_wconf 63' lang='lat' dir='ltr'>adjicienda</span> <span class='ocrx_word' id='word_1_57' title='bbox 1287 1028 1426 1079; x_wconf 90' lang='lat' dir='ltr'>sunt</span> <span class='ocrx_word' id='word_1_58' title='bbox 1478 1041 1582 1096; x_wconf 92' lang='lat' dir='ltr'>per</span> <span class='ocrx_word' id='word_1_59' title='bbox 1632 1025 1880 1098; x_wconf 84' lang='lat' dir='ltr'>gratiam</span> <span class='ocrx_word' id='word_1_60' title='bbox 1932 1025 2053 1080; x_wconf 91' lang='lat' dir='ltr'>Dei.</span> 
     </span>
    </p>
   </div>
   <div class='ocr_carea' id='block_1_11' title="bbox 403 1110 2057 1182">
    <p class='ocr_par' dir='ltr' id='par_1_11' title="bbox 403 1110 2057 1182">
     <span class='ocr_line' id='line_1_11' title="bbox 403 1110 2057 1182; baseline 0.001 -16"><span class='ocrx_word' id='word_1_61' title='bbox 403 1110 545 1166; x_wconf 91' lang='lat' dir='ltr'>Dedi</span> <span class='ocrx_word' id='word_1_62' title='bbox 579 1127 813 1182; x_wconf 89' lang='lat' dir='ltr'>quoque</span> <span class='ocrx_word' id='word_1_63' title='bbox 843 1110 1054 1182; x_wconf 61' lang='lat' dir='ltr'>reginae</span> <span class='ocrx_word' id='word_1_64' title='bbox 1107 1127 1246 1167; x_wconf 59' lang='lat' dir='ltr'>mea:</span> <span class='ocrx_word' id='word_1_65' title='bbox 1295 1129 1625 1181; x_wconf 83' lang='lat' dir='ltr'>assensum,</span> <span class='ocrx_word' id='word_1_66' title='bbox 1650 1114 1973 1169; x_wconf 87' lang='lat' dir='ltr'>concedens</span> <span class='ocrx_word' id='word_1_67' title='bbox 2003 1113 2057 1169; x_wconf 91' lang='lat' dir='ltr'>ei</span> 
     </span>
    </p>
   </div>
   <div class='ocr_carea' id='block_1_12' title="bbox 401 1198 2051 1276">
    <p class='ocr_par' dir='ltr' id='par_1_12' title="bbox 401 1198 2051 1276">
     <span class='ocr_line' id='line_1_12' title="bbox 401 1198 2051 1276; baseline 0.002 -22"><span class='ocrx_word' id='word_1_68' title='bbox 401 1216 506 1271; x_wconf 85' lang='lat' dir='ltr'>pro</span> <span class='ocrx_word' id='word_1_69' title='bbox 539 1216 648 1254; x_wconf 90' lang='lat' dir='ltr'>sua</span> <span class='ocrx_word' id='word_1_70' title='bbox 676 1198 1044 1271; x_wconf 88' lang='lat' dir='ltr'>eleemosyna</span> <span class='ocrx_word' id='word_1_71' title='bbox 1073 1201 1211 1256; x_wconf 89' lang='lat' dir='ltr'>dare</span> <span class='ocrx_word' id='word_1_72' title='bbox 1256 1206 1508 1273; x_wconf 84' lang='lat' dir='ltr'>quatuor</span> <span class='ocrx_word' id='word_1_73' title='bbox 1551 1201 1738 1258; x_wconf 87' lang='lat' dir='ltr'>millia</span> <span class='ocrx_word' id='word_1_74' title='bbox 1767 1202 2051 1276; x_wconf 89' lang='lat' dir='ltr'>anguilla-</span> 
     </span>
    </p>
   </div>
   <div class='ocr_carea' id='block_1_13' title="bbox 401 1287 2052 1363">
    <p class='ocr_par' dir='ltr' id='par_1_13' title="bbox 401 1287 2052 1363">
     <span class='ocr_line' id='line_1_13' title="bbox 401 1287 2052 1363; baseline 0.002 -21"><span class='ocrx_word' id='word_1_75' title='bbox 401 1304 532 1342; x_wconf 90' lang='lat' dir='ltr'>rum</span> <span class='ocrx_word' id='word_1_76' title='bbox 582 1304 716 1343; x_wconf 90' lang='lat' dir='ltr'>cum</span> <span class='ocrx_word' id='word_1_77' title='bbox 776 1287 1119 1345; x_wconf 89' lang='lat' dir='ltr'>muneribus</span> <span class='ocrx_word' id='word_1_78' title='bbox 1151 1305 1277 1360; x_wconf 64' lang='lat' dir='ltr'>quae</span> <span class='ocrx_word' id='word_1_79' title='bbox 1308 1291 1603 1363; x_wconf 87' lang='lat' dir='ltr'>pertinent</span> <span class='ocrx_word' id='word_1_80' title='bbox 1639 1292 1712 1347; x_wconf 88' lang='lat' dir='ltr'>ad</span> <span class='ocrx_word' id='word_1_81' title='bbox 1767 1290 1897 1347; x_wconf 92' lang='lat' dir='ltr'>illas</span> <span class='ocrx_word' id='word_1_82' title='bbox 1949 1308 2052 1363; x_wconf 87' lang='lat' dir='ltr'>pro</span> 
     </span>
    </p>
   </div>
   <div class='ocr_carea' id='block_1_14' title="bbox 403 1375 2052 1454">
    <p class='ocr_par' dir='ltr' id='par_1_14' title="bbox 403 1375 2052 1454">
     <span class='ocr_line' id='line_1_14' title="bbox 403 1375 2052 1454; baseline 0.002 -22"><span class='ocrx_word' id='word_1_83' title='bbox 403 1375 641 1432; x_wconf 88' lang='lat' dir='ltr'>annuali</span> <span class='ocrx_word' id='word_1_84' title='bbox 676 1393 853 1432; x_wconf 90' lang='lat' dir='ltr'>censu</span> <span class='ocrx_word' id='word_1_85' title='bbox 887 1376 945 1430; x_wconf 92' lang='lat' dir='ltr'>in</span> <span class='ocrx_word' id='word_1_86' title='bbox 977 1377 1115 1432; x_wconf 91' lang='lat' dir='ltr'>villa</span> <span class='ocrx_word' id='word_1_87' title='bbox 1146 1395 1271 1449; x_wconf 72' lang='lat' dir='ltr'>quae</span> <span class='ocrx_word' id='word_1_88' title='bbox 1303 1379 1752 1451; x_wconf 85' lang='lat' dir='ltr'>cognominatur</span> <span class='ocrx_word' id='word_1_89' title='bbox 1781 1380 2052 1454; x_wconf 87' lang='lat' dir='ltr'>Lacinga-</span> 
     </span>
    </p>
   </div>
   <div class='ocr_carea' id='block_1_15' title="bbox 399 1465 596 1538">
    <p class='ocr_par' dir='ltr' id='par_1_15' title="bbox 399 1465 596 1538">
     <span class='ocr_line' id='line_1_15' title="bbox 399 1465 596 1538; baseline 0.005 -18"><span class='ocrx_word' id='word_1_90' title='bbox 399 1465 596 1538; x_wconf 81' lang='lat' dir='ltr'>hythe.</span> 
     </span>
    </p>
   </div>
   <div class='ocr_carea' id='block_1_16' title="bbox 465 1553 2046 1628">
    <p class='ocr_par' dir='ltr' id='par_1_16' title="bbox 465 1553 2046 1628">
     <span class='ocr_line' id='line_1_16' title="bbox 465 1553 2046 1628; baseline 0.001 -18"><span class='ocrx_word' id='word_1_91' title='bbox 465 1555 525 1610; x_wconf 93' lang='lat' dir='ltr'>Si</span> <span class='ocrx_word' id='word_1_92' title='bbox 559 1553 856 1626; x_wconf 88' lang='lat' dir='ltr'>quislibet,</span> <span class='ocrx_word' id='word_1_93' title='bbox 889 1555 1044 1626; x_wconf 91' lang='lat' dir='ltr'>quod</span> <span class='ocrx_word' id='word_1_94' title='bbox 1087 1555 1270 1612; x_wconf 87' lang='lat' dir='ltr'>absit!</span> <span class='ocrx_word' id='word_1_95' title='bbox 1319 1557 1495 1612; x_wconf 88' lang='lat' dir='ltr'>istam</span> <span class='ocrx_word' id='word_1_96' title='bbox 1539 1555 1868 1613; x_wconf 90' lang='lat' dir='ltr'>libertatem</span> <span class='ocrx_word' id='word_1_97' title='bbox 1899 1574 2046 1628; x_wconf 85' lang='lat' dir='ltr'>quo-</span> 
     </span>
    </p>
   </div>
   <div class='ocr_carea' id='block_1_17' title="bbox 394 1643 2048 1718">
    <p class='ocr_par' dir='ltr' id='par_1_17' title="bbox 394 1643 2048 1718">
     <span class='ocr_line' id='line_1_17' title="bbox 394 1643 2048 1718; baseline 0.001 -20"><span class='ocrx_word' id='word_1_98' title='bbox 394 1643 657 1714; x_wconf 89' lang='lat' dir='ltr'>quolibet</span> <span class='ocrx_word' id='word_1_99' title='bbox 686 1649 898 1699; x_wconf 90' lang='lat' dir='ltr'>conatu</span> <span class='ocrx_word' id='word_1_100' title='bbox 927 1643 1135 1700; x_wconf 82' lang='lat' dir='ltr'>nititur</span> <span class='ocrx_word' id='word_1_101' title='bbox 1161 1645 1455 1700; x_wconf 83' lang='lat' dir='ltr'>servitutis</span> <span class='ocrx_word' id='word_1_102' title='bbox 1477 1646 1622 1718; x_wconf 89' lang='lat' dir='ltr'>jugo</span> <span class='ocrx_word' id='word_1_103' title='bbox 1649 1646 1938 1718; x_wconf 87' lang='lat' dir='ltr'>subigere,</span> <span class='ocrx_word' id='word_1_104' title='bbox 1960 1645 2048 1701; x_wconf 92' lang='lat' dir='ltr'>vel</span> 
     </span>
    </p>
   </div>
   <div class='ocr_carea' id='block_1_18' title="bbox 393 1731 2044 1804">
    <p class='ocr_par' dir='ltr' id='par_1_18' title="bbox 393 1731 2044 1804">
     <span class='ocr_line' id='line_1_18' title="bbox 393 1731 2044 1804; baseline 0.002 -18"><span class='ocrx_word' id='word_1_105' title='bbox 393 1748 568 1804; x_wconf 85' lang='lat' dir='ltr'>prava</span> <span class='ocrx_word' id='word_1_106' title='bbox 598 1731 918 1787; x_wconf 88' lang='lat' dir='ltr'>intentione</span> <span class='ocrx_word' id='word_1_107' title='bbox 947 1736 1366 1802; x_wconf 89' lang='lat' dir='ltr'>transmutarc,</span> <span class='ocrx_word' id='word_1_108' title='bbox 1392 1740 1457 1789; x_wconf 89' lang='lat' dir='ltr'>ut</span> <span class='ocrx_word' id='word_1_109' title='bbox 1483 1751 1688 1790; x_wconf 89' lang='lat' dir='ltr'>rursus</span> <span class='ocrx_word' id='word_1_110' title='bbox 1715 1735 1954 1790; x_wconf 91' lang='lat' dir='ltr'>clericos</span> <span class='ocrx_word' id='word_1_111' title='bbox 1986 1734 2044 1790; x_wconf 92' lang='lat' dir='ltr'>in</span> 
     </span>
    </p>
   </div>
   <div class='ocr_carea' id='block_1_19' title="bbox 2250 584 2667 655">
    <p class='ocr_par' dir='ltr' id='par_1_19' title="bbox 2250 584 2667 655">
     <span class='ocr_line' id='line_1_19' title="bbox 2250 584 2667 655; baseline 0.01 -19"><span class='ocrx_word' id='word_1_112' title='bbox 2250 584 2364 655; x_wconf 87' lang='lat' dir='ltr'>Ego</span> <span class='ocrx_word' id='word_1_113' title='bbox 2396 584 2667 640; x_wconf 89' lang='lat' dir='ltr'>Alfricus.</span> 
     </span>
    </p>
   </div>
   <div class='ocr_carea' id='block_1_20' title="bbox 2251 673 2665 744">
    <p class='ocr_par' dir='ltr' id='par_1_20' title="bbox 2251 673 2665 744">
     <span class='ocr_line' id='line_1_20' title="bbox 2251 673 2665 744; baseline 0.012 -19"><span class='ocrx_word' id='word_1_114' title='bbox 2251 673 2363 744; x_wconf 79' lang='lat' dir='ltr'>Ego</span> <span class='ocrx_word' id='word_1_115' title='bbox 2393 673 2665 730; x_wconf 84' lang='lat' dir='ltr'>Alfricus.</span> 
     </span>
    </p>
   </div>
   <div class='ocr_carea' id='block_1_21' title="bbox 2245 761 2664 832">
    <p class='ocr_par' dir='ltr' id='par_1_21' title="bbox 2245 761 2664 832">
     <span class='ocr_line' id='line_1_21' title="bbox 2245 761 2664 832; baseline 0.012 -18"><span class='ocrx_word' id='word_1_116' title='bbox 2245 761 2363 832; x_wconf 89' lang='lat' dir='ltr'>Ego</span> <span class='ocrx_word' id='word_1_117' title='bbox 2396 763 2664 820; x_wconf 82' lang='lat' dir='ltr'>Leoflius.</span> 
     </span>
    </p>
   </div>
   <div class='ocr_carea' id='block_1_22' title="bbox 2243 849 2707 920">
    <p class='ocr_par' dir='ltr' id='par_1_22' title="bbox 2243 849 2707 920">
     <span class='ocr_line' id='line_1_22' title="bbox 2243 849 2707 920; baseline 0.011 -17"><span class='ocrx_word' id='word_1_118' title='bbox 2243 849 2358 920; x_wconf 87' lang='lat' dir='ltr'>Ego</span> <span class='ocrx_word' id='word_1_119' title='bbox 2392 850 2707 908; x_wconf 90' lang='lat' dir='ltr'>Leofricus.</span> 
     </span>
    </p>
   </div>
   <div class='ocr_carea' id='block_1_23' title="bbox 2956 953 3023 1007">
    <p class='ocr_par' dir='ltr' id='par_1_23' title="bbox 2956 953 3023 1007">
     <span class='ocr_line' id='line_1_23' title="bbox 2956 953 3023 1007; baseline 0.045 -3"><span class='ocrx_word' id='word_1_120' title='bbox 2956 953 3023 1007; x_wconf 84' lang='lat' dir='ltr'>V.</span> 
     </span>
    </p>
   </div>
   <div class='ocr_carea' id='block_1_24' title="bbox 2166 1033 3825 1111">
    <p class='ocr_par' dir='ltr' id='par_1_24' title="bbox 2166 1033 3825 1111">
     <span class='ocr_line' id='line_1_24' title="bbox 2166 1033 3825 1111; baseline 0.01 -23"><span class='ocrx_word' id='word_1_121' title='bbox 2166 1033 2377 1111; x_wconf 67' lang='lat' dir='ltr'>Charta</span> <span class='ocrx_word' id='word_1_122' title='bbox 2412 1039 2554 1107; x_wconf 78' lang='lat' dir='ltr'>regis</span> <span class='ocrx_word' id='word_1_123' title='bbox 2586 1038 2804 1105; x_wconf 83' lang='lat' dir='ltr'>Canuti,</span> <span class='ocrx_word' id='word_1_124' title='bbox 2839 1057 2947 1111; x_wconf 82' lang='lat' dir='ltr'>qua</span> <span class='ocrx_word' id='word_1_125' title='bbox 2994 1058 3178 1098; x_wconf 84' lang='lat' dir='ltr'>omnes</span> <span class='ocrx_word' id='word_1_126' title='bbox 3213 1060 3408 1099; x_wconf 84' lang='lat' dir='ltr'>causas</span> <span class='ocrx_word' id='word_1_127' title='bbox 3451 1047 3647 1102; x_wconf 57' lang='lat' dir='ltr'>insula</span> <span class='ocrx_word' id='word_1_128' title='bbox 3698 1047 3825 1103; x_wconf 84' lang='lat' dir='ltr'>Gla-</span> 
     </span>
    </p>
   </div>
   <div class='ocr_carea' id='block_1_25' title="bbox 2233 1108 3826 1185">
    <p class='ocr_par' dir='ltr' id='par_1_25' title="bbox 2233 1108 3826 1185">
     <span class='ocr_line' id='line_1_25' title="bbox 2233 1108 3826 1185; baseline 0.011 -26"><span class='ocrx_word' id='word_1_129' title='bbox 2233 1108 3026 1185; x_wconf 23' lang='lat' dir='ltr'>stom&#39;az,‘ta‘m_ecclesiasticas</span> <span class='ocrx_word' id='word_1_130' title='bbox 3065 1131 3230 1185; x_wconf 82' lang='lat' dir='ltr'>quam</span> <span class='ocrx_word' id='word_1_131' title='bbox 3272 1118 3581 1184; x_wconf 72' lang='lat' dir='ltr'>saeculares,</span> <span class='ocrx_word' id='word_1_132' title='bbox 3610 1120 3826 1176; x_wconf 78' lang='lat' dir='ltr'>abbatis</span> 
     </span>
    </p>
   </div>
   <div class='ocr_carea' id='block_1_26' title="bbox 2232 1180 3653 1258">
    <p class='ocr_par' dir='ltr' id='par_1_26' title="bbox 2232 1180 3653 1258">
     <span class='ocr_line' id='line_1_26' title="bbox 2232 1180 3653 1258; baseline 0.011 -27"><span class='ocrx_word' id='word_1_133' title='bbox 2232 1181 2491 1249; x_wconf 78' lang='lat' dir='ltr'>supponit</span> <span class='ocrx_word' id='word_1_134' title='bbox 2514 1180 2745 1252; x_wconf 77' lang='lat' dir='ltr'>judicio,</span> <span class='ocrx_word' id='word_1_135' title='bbox 2769 1186 2982 1240; x_wconf 72' lang='lat' dir='ltr'>cazterz&#39;s</span> <span class='ocrx_word' id='word_1_136' title='bbox 3011 1180 3250 1241; x_wconf 65' lang='lat' dir='ltr'>exclusis</span> <span class='ocrx_word' id='word_1_137' title='bbox 3272 1180 3653 1258; x_wconf 75' lang='lat' dir='ltr'>potestatibus.</span> 
     </span>
    </p>
   </div>
   <div class='ocr_carea' id='block_1_27' title="bbox 2234 1294 3822 1377">
    <p class='ocr_par' dir='ltr' id='par_1_27' title="bbox 2234 1294 3822 1377">
     <span class='ocr_line' id='line_1_27' title="bbox 2234 1294 3822 1377; baseline 0.013 -33"><span class='ocrx_word' id='word_1_138' title='bbox 2234 1294 2310 1363; x_wconf 80' lang='lat'>(2)</span> <span class='ocrx_word' id='word_1_139' title='bbox 2345 1294 2645 1366; x_wconf 84' lang='lat' dir='ltr'>Regnante</span> <span class='ocrx_word' id='word_1_140' title='bbox 2679 1297 2736 1352; x_wconf 89' lang='lat' dir='ltr'>in</span> <span class='ocrx_word' id='word_1_141' title='bbox 2759 1304 3107 1370; x_wconf 88' lang='lat' dir='ltr'>perpetuum</span> <span class='ocrx_word' id='word_1_142' title='bbox 3133 1303 3515 1377; x_wconf 89' lang='lat' dir='ltr'>Domino,qui</span> <span class='ocrx_word' id='word_1_143' title='bbox 3541 1323 3648 1362; x_wconf 91' lang='lat' dir='ltr'>sua</span> <span class='ocrx_word' id='word_1_144' title='bbox 3677 1308 3822 1364; x_wconf 83' lang='lat' dir='ltr'>inef-</span> 
     </span>
    </p>
   </div>
   <div class='ocr_carea' id='block_1_28' title="bbox 2161 1380 3814 1466">
    <p class='ocr_par' dir='ltr' id='par_1_28' title="bbox 2161 1380 3814 1466">
     <span class='ocr_line' id='line_1_28' title="bbox 2161 1380 3814 1466; baseline 0.011 -32"><span class='ocrx_word' id='word_1_145' title='bbox 2161 1380 2321 1435; x_wconf 82' lang='lat' dir='ltr'>fabili</span> <span class='ocrx_word' id='word_1_146' title='bbox 2356 1385 2616 1453; x_wconf 89' lang='lat' dir='ltr'>potentia</span> <span class='ocrx_word' id='word_1_147' title='bbox 2659 1387 2859 1442; x_wconf 88' lang='lat' dir='ltr'>omnia</span> <span class='ocrx_word' id='word_1_148' title='bbox 2889 1389 3150 1461; x_wconf 83' lang='lat' dir='ltr'>disponit</span> <span class='ocrx_word' id='word_1_149' title='bbox 3189 1395 3364 1464; x_wconf 89' lang='lat' dir='ltr'>atque</span> <span class='ocrx_word' id='word_1_150' title='bbox 3394 1395 3700 1466; x_wconf 89' lang='lat' dir='ltr'>gubernat,</span> <span class='ocrx_word' id='word_1_151' title='bbox 3730 1397 3814 1452; x_wconf 84' lang='lat' dir='ltr'>vi-</span> 
     </span>
    </p>
   </div>
   <div class='ocr_carea' id='block_1_29' title="bbox 2158 1475 3815 1550">
    <p class='ocr_par' dir='ltr' id='par_1_29' title="bbox 2158 1475 3815 1550">
     <span class='ocr_line' id='line_1_29' title="bbox 2158 1475 3815 1550; baseline 0.011 -27"><span class='ocrx_word' id='word_1_152' title='bbox 2158 1484 2370 1541; x_wconf 91' lang='lat' dir='ltr'>cesque</span> <span class='ocrx_word' id='word_1_153' title='bbox 2401 1476 2730 1542; x_wconf 83' lang='lat' dir='ltr'>temporum</span> <span class='ocrx_word' id='word_1_154' title='bbox 2764 1475 3190 1550; x_wconf 88' lang='lat' dir='ltr'>hominumque</span> <span class='ocrx_word' id='word_1_155' title='bbox 3221 1479 3566 1538; x_wconf 88' lang='lat' dir='ltr'>mirabiliter</span> <span class='ocrx_word' id='word_1_156' title='bbox 3595 1484 3815 1541; x_wconf 88' lang='lat' dir='ltr'>discer-</span> 
     </span>
    </p>
   </div>
   <div class='ocr_carea' id='block_1_30' title="bbox 2158 1561 3814 1644">
    <p class='ocr_par' dir='ltr' id='par_1_30' title="bbox 2158 1561 3814 1644">
     <span class='ocr_line' id='line_1_30' title="bbox 2158 1561 3814 1644; baseline 0.012 -33"><span class='ocrx_word' id='word_1_157' title='bbox 2158 1574 2325 1619; x_wconf 89' lang='lat' dir='ltr'>nens.</span> <span class='ocrx_word' id='word_1_158' title='bbox 2358 1561 2798 1636; x_wconf 88' lang='lat' dir='ltr'>terminumque</span> <span class='ocrx_word' id='word_1_159' title='bbox 2828 1565 3137 1635; x_wconf 89' lang='lat' dir='ltr'>incertum,</span> <span class='ocrx_word' id='word_1_160' title='bbox 3172 1575 3346 1640; x_wconf 87' lang='lat' dir='ltr'>pro‘ut</span> <span class='ocrx_word' id='word_1_161' title='bbox 3376 1571 3518 1640; x_wconf 89' lang='lat' dir='ltr'>vult,</span> <span class='ocrx_word' id='word_1_162' title='bbox 3551 1575 3814 1644; x_wconf 80' lang='lat' dir='ltr'>aequani-</span> 
     </span>
    </p>
   </div>
   <div class='ocr_carea' id='block_1_31' title="bbox 2159 1646 3814 1734">
    <p class='ocr_par' dir='ltr' id='par_1_31' title="bbox 2159 1646 3814 1734">
     <span class='ocr_line' id='line_1_31' title="bbox 2159 1646 3814 1734; baseline 0.012 -34"><span class='ocrx_word' id='word_1_163' title='bbox 2159 1646 2330 1702; x_wconf 90' lang='lat' dir='ltr'>miter</span> <span class='ocrx_word' id='word_1_164' title='bbox 2359 1647 2690 1720; x_wconf 89' lang='lat' dir='ltr'>imponens,</span> <span class='ocrx_word' id='word_1_165' title='bbox 2723 1659 2781 1708; x_wconf 91' lang='lat' dir='ltr'>et</span> <span class='ocrx_word' id='word_1_166' title='bbox 2829 1656 2900 1708; x_wconf 90' lang='lat' dir='ltr'>de</span> <span class='ocrx_word' id='word_1_167' title='bbox 2955 1657 3193 1712; x_wconf 89' lang='lat' dir='ltr'>secretis</span> <span class='ocrx_word' id='word_1_168' title='bbox 3247 1663 3467 1715; x_wconf 77' lang='lat' dir='ltr'>naturae</span> <span class='ocrx_word' id='word_1_169' title='bbox 3519 1664 3814 1734; x_wconf 85' lang='lat' dir='ltr'>mysteriis</span> 
     </span>
    </p>
   </div>
   <div class='ocr_carea' id='block_1_32' title="bbox 2157 1735 3814 1818">
    <p class='ocr_par' dir='ltr' id='par_1_32' title="bbox 2157 1735 3814 1818">
     <span class='ocr_line' id='line_1_32' title="bbox 2157 1735 3814 1818; baseline 0.012 -30"><span class='ocrx_word' id='word_1_170' title='bbox 2157 1735 2612 1793; x_wconf 83' lang='lat' dir='ltr'>misericorditer</span> <span class='ocrx_word' id='word_1_171' title='bbox 2643 1741 2832 1808; x_wconf 88' lang='lat' dir='ltr'>docet,</span> <span class='ocrx_word' id='word_1_172' title='bbox 2865 1747 2930 1797; x_wconf 89' lang='lat' dir='ltr'>ut</span> <span class='ocrx_word' id='word_1_173' title='bbox 2974 1745 3044 1800; x_wconf 91' lang='lat' dir='ltr'>de</span> <span class='ocrx_word' id='word_1_174' title='bbox 3077 1745 3359 1818; x_wconf 83' lang='lat' dir='ltr'>fugitivis,</span> <span class='ocrx_word' id='word_1_175' title='bbox 3392 1753 3448 1803; x_wconf 92' lang='lat' dir='ltr'>et</span> <span class='ocrx_word' id='word_1_176' title='bbox 3477 1750 3603 1806; x_wconf 90' lang='lat' dir='ltr'>sine</span> <span class='ocrx_word' id='word_1_177' title='bbox 3634 1752 3814 1808; x_wconf 91' lang='lat' dir='ltr'>dubio</span> 
     </span>
    </p>
   </div>
   <div class='ocr_carea' id='block_1_33' title="bbox 390 1821 3811 1922">
    <p class='ocr_par' dir='ltr' id='par_1_33' title="bbox 390 1821 3811 1922">
     <span class='ocr_line' id='line_1_33' title="bbox 390 1821 3811 1922; baseline 0.006 -46"><span class='ocrx_word' id='word_1_178' title='bbox 390 1839 456 1876; x_wconf 90' lang='lat' dir='ltr'>eo</span> <span class='ocrx_word' id='word_1_179' title='bbox 484 1821 743 1888; x_wconf 90' lang='lat' dir='ltr'>collocet,</span> <span class='ocrx_word' id='word_1_180' title='bbox 767 1822 842 1876; x_wconf 88' lang='lat' dir='ltr'>sit</span> <span class='ocrx_word' id='word_1_181' title='bbox 885 1823 1152 1877; x_wconf 88' lang='lat' dir='ltr'>addictus</span> <span class='ocrx_word' id='word_1_182' title='bbox 1195 1823 1516 1894; x_wconf 87' lang='lat' dir='ltr'>captivitati</span> <span class='ocrx_word' id='word_1_183' title='bbox 1549 1828 1798 1889; x_wconf 79' lang='lat' dir='ltr'>aeternae,</span> <span class='ocrx_word' id='word_1_184' title='bbox 1841 1840 2045 1879; x_wconf 90' lang='lat' dir='ltr'>carens</span> <span class='ocrx_word' id='word_1_185' title='bbox 2075 1857 2122 1922; x_wconf 82' lang='grc' dir='ltr'>Β</span> <span class='ocrx_word' id='word_1_186' title='bbox 2161 1825 2532 1895; x_wconf 87' lang='lat' dir='ltr'>trausitoriis,</span> <span class='ocrx_word' id='word_1_187' title='bbox 2564 1845 2842 1886; x_wconf 88' lang='lat' dir='ltr'>mansura</span> <span class='ocrx_word' id='word_1_188' title='bbox 2864 1848 3041 1904; x_wconf 89' lang='lat' dir='ltr'>regna</span> <span class='ocrx_word' id='word_1_189' title='bbox 3063 1835 3163 1890; x_wconf 91' lang='lat' dir='ltr'>Dei</span> <span class='ocrx_word' id='word_1_190' title='bbox 3185 1836 3463 1909; x_wconf 71' lang='lat' dir='ltr'>suffragio</span> <span class='ocrx_word' id='word_1_191' title='bbox 3485 1839 3811 1913; x_wconf 89' lang='lat' dir='ltr'>adipiscen-</span> 
     </span>
    </p>
   </div>
   <div class='ocr_carea' id='block_1_34' title="bbox 391 1909 2040 1984">
    <p class='ocr_par' dir='ltr' id='par_1_34' title="bbox 391 1909 2040 1984">
     <span class='ocr_line' id='line_1_34' title="bbox 391 1909 2040 1984; baseline 0.001 -19"><span class='ocrx_word' id='word_1_192' title='bbox 391 1911 749 1981; x_wconf 88' lang='lat' dir='ltr'>sempiterna</span> <span class='ocrx_word' id='word_1_193' title='bbox 778 1909 1043 1965; x_wconf 88' lang='lat' dir='ltr'>libertate</span> <span class='ocrx_word' id='word_1_194' title='bbox 1071 1915 1128 1965; x_wconf 91' lang='lat' dir='ltr'>et</span> <span class='ocrx_word' id='word_1_195' title='bbox 1160 1911 1529 1984; x_wconf 88' lang='lat' dir='ltr'>mancipatus</span> <span class='ocrx_word' id='word_1_196' title='bbox 1561 1912 1795 1967; x_wconf 87' lang='lat' dir='ltr'>servitio</span> <span class='ocrx_word' id='word_1_197' title='bbox 1826 1911 2040 1968; x_wconf 89' lang='lat' dir='ltr'>diaboli</span> 
     </span>
    </p>
   </div>
   <div class='ocr_carea' id='block_1_35' title="bbox 389 1998 2039 2068">
    <p class='ocr_par' dir='ltr' id='par_1_35' title="bbox 389 1998 2039 2068">
     <span class='ocr_line' id='line_1_35' title="bbox 389 1998 2039 2068; baseline 0.002 -15"><span class='ocrx_word' id='word_1_198' title='bbox 389 2000 632 2068; x_wconf 75' lang='lat' dir='ltr'>ejusque</span> <span class='ocrx_word' id='word_1_199' title='bbox 665 1998 954 2053; x_wconf 91' lang='lat' dir='ltr'>consortio</span> <span class='ocrx_word' id='word_1_200' title='bbox 985 1999 1060 2054; x_wconf 91' lang='lat' dir='ltr'>sit</span> <span class='ocrx_word' id='word_1_201' title='bbox 1091 1999 1588 2056; x_wconf 82' lang='lat' dir='ltr'>inextricabilibus</span> <span class='ocrx_word' id='word_1_202' title='bbox 1623 2001 1868 2056; x_wconf 87' lang='lat' dir='ltr'>habenis</span> <span class='ocrx_word' id='word_1_203' title='bbox 1898 2019 2039 2056; x_wconf 93' lang='lat' dir='ltr'>con-</span> 
     </span>
    </p>
   </div>
   <div class='ocr_carea' id='block_1_36' title="bbox 389 2085 2036 2162">
    <p class='ocr_par' dir='ltr' id='par_1_36' title="bbox 389 2085 2036 2162">
     <span class='ocr_line' id='line_1_36' title="bbox 389 2085 2036 2162; baseline 0.003 -21"><span class='ocrx_word' id='word_1_204' title='bbox 389 2086 646 2153; x_wconf 87' lang='lat' dir='ltr'>strictus,</span> <span class='ocrx_word' id='word_1_205' title='bbox 671 2085 784 2141; x_wconf 92' lang='lat' dir='ltr'>nisi</span> <span class='ocrx_word' id='word_1_206' title='bbox 808 2086 1130 2142; x_wconf 84' lang='lat' dir='ltr'>satisfactio</span> <span class='ocrx_word' id='word_1_207' title='bbox 1161 2088 1289 2158; x_wconf 84' lang='lat' dir='ltr'>ejus</span> <span class='ocrx_word' id='word_1_208' title='bbox 1311 2088 1528 2144; x_wconf 88' lang='lat' dir='ltr'>erratui</span> <span class='ocrx_word' id='word_1_209' title='bbox 1561 2090 1862 2145; x_wconf 89' lang='lat' dir='ltr'>subveniat</span> <span class='ocrx_word' id='word_1_210' title='bbox 1885 2091 2036 2162; x_wconf 85' lang='lat' dir='ltr'>quod</span> 
     </span>
    </p>
   </div>
   <div class='ocr_carea' id='block_1_37' title="bbox 391 2179 949 2248">
    <p class='ocr_par' dir='ltr' id='par_1_37' title="bbox 391 2179 949 2248">
     <span class='ocr_line' id='line_1_37' title="bbox 391 2179 949 2248; baseline -0.002 -17"><span class='ocrx_word' id='word_1_211' title='bbox 391 2192 632 2248; x_wconf 90' lang='lat' dir='ltr'>prorsus</span> <span class='ocrx_word' id='word_1_212' title='bbox 659 2179 949 2246; x_wconf 88' lang='lat' dir='ltr'>optamus.</span> 
     </span>
    </p>
   </div>
   <div class='ocr_carea' id='block_1_38' title="bbox 460 2264 2037 2340">
    <p class='ocr_par' dir='ltr' id='par_1_38' title="bbox 460 2264 2037 2340">
     <span class='ocr_line' id='line_1_38' title="bbox 460 2264 2037 2340; baseline 0.004 -22"><span class='ocrx_word' id='word_1_213' title='bbox 460 2265 577 2336; x_wconf 88' lang='lat' dir='ltr'>Ego</span> <span class='ocrx_word' id='word_1_214' title='bbox 608 2264 778 2333; x_wconf 89' lang='lat' dir='ltr'>Cnut,</span> <span class='ocrx_word' id='word_1_215' title='bbox 807 2280 901 2319; x_wconf 85' lang='lat' dir='ltr'>rex</span> <span class='ocrx_word' id='word_1_216' title='bbox 929 2264 1120 2336; x_wconf 86' lang='lat' dir='ltr'>gentis</span> <span class='ocrx_word' id='word_1_217' title='bbox 1143 2264 1464 2338; x_wconf 83' lang='lat' dir='ltr'>Anglorum</span> <span class='ocrx_word' id='word_1_218' title='bbox 1494 2266 1856 2340; x_wconf 87' lang='lat' dir='ltr'>aliarumque</span> <span class='ocrx_word' id='word_1_219' title='bbox 1889 2269 2037 2325; x_wconf 88' lang='lat' dir='ltr'>nihi-</span> 
     </span>
    </p>
   </div>
   <div class='ocr_carea' id='block_1_39' title="bbox 387 2352 2033 2430">
    <p class='ocr_par' dir='ltr' id='par_1_39' title="bbox 387 2352 2033 2430">
     <span class='ocr_line' id='line_1_39' title="bbox 387 2352 2033 2430; baseline 0.005 -24"><span class='ocrx_word' id='word_1_220' title='bbox 387 2353 644 2409; x_wconf 91' lang='lat' dir='ltr'>lominus</span> <span class='ocrx_word' id='word_1_221' title='bbox 675 2352 784 2408; x_wconf 91' lang='lat' dir='ltr'>hoc</span> <span class='ocrx_word' id='word_1_222' title='bbox 825 2353 1190 2426; x_wconf 88' lang='lat' dir='ltr'>privilegium</span> <span class='ocrx_word' id='word_1_223' title='bbox 1229 2355 1384 2426; x_wconf 92' lang='lat' dir='ltr'>jussi</span> <span class='ocrx_word' id='word_1_224' title='bbox 1416 2373 1760 2430; x_wconf 84' lang='lat' dir='ltr'>componere</span> <span class='ocrx_word' id='word_1_225' title='bbox 1791 2363 1847 2413; x_wconf 90' lang='lat' dir='ltr'>et</span> <span class='ocrx_word' id='word_1_226' title='bbox 1876 2377 2033 2414; x_wconf 90' lang='lat' dir='ltr'>com-</span> 
     </span>
    </p>
   </div>
   <div class='ocr_carea' id='block_1_40' title="bbox 383 2441 2032 2514">
    <p class='ocr_par' dir='ltr' id='par_1_40' title="bbox 383 2441 2032 2514">
     <span class='ocr_line' id='line_1_40' title="bbox 383 2441 2032 2514; baseline 0.005 -18"><span class='ocrx_word' id='word_1_227' title='bbox 383 2441 640 2512; x_wconf 91' lang='lat' dir='ltr'>positum</span> <span class='ocrx_word' id='word_1_228' title='bbox 673 2458 806 2496; x_wconf 89' lang='lat' dir='ltr'>cum</span> <span class='ocrx_word' id='word_1_229' title='bbox 840 2441 1004 2514; x_wconf 89' lang='lat' dir='ltr'>signo</span> <span class='ocrx_word' id='word_1_230' title='bbox 1045 2442 1358 2499; x_wconf 71' lang='lat' dir='ltr'>Dominicaa</span> <span class='ocrx_word' id='word_1_231' title='bbox 1395 2445 1586 2501; x_wconf 89' lang='lat' dir='ltr'>crucis</span> <span class='ocrx_word' id='word_1_232' title='bbox 1633 2448 2032 2504; x_wconf 77' lang='lat' dir='ltr'>confirmando</span> 
     </span>
    </p>
   </div>
   <div class='ocr_carea' id='block_1_41' title="bbox 383 2529 676 2602">
    <p class='ocr_par' dir='ltr' id='par_1_41' title="bbox 383 2529 676 2602">
     <span class='ocr_line' id='line_1_41' title="bbox 383 2529 676 2602; baseline 0 -18"><span class='ocrx_word' id='word_1_233' title='bbox 383 2529 676 2602; x_wconf 91' lang='lat' dir='ltr'>impressi.</span> 
     </span>
    </p>
   </div>
   <div class='ocr_carea' id='block_1_42' title="bbox 454 2619 2032 2693">
    <p class='ocr_par' dir='ltr' id='par_1_42' title="bbox 454 2619 2032 2693">
     <span class='ocr_line' id='line_1_42' title="bbox 454 2619 2032 2693; baseline 0.005 -18"><span class='ocrx_word' id='word_1_234' title='bbox 454 2621 569 2692; x_wconf 90' lang='lat' dir='ltr'>Ego</span> <span class='ocrx_word' id='word_1_235' title='bbox 598 2619 811 2693; x_wconf 81' lang='lat' dir='ltr'>Alfgifa</span> <span class='ocrx_word' id='word_1_236' title='bbox 853 2621 1054 2693; x_wconf 87' lang='lat' dir='ltr'>regina</span> <span class='ocrx_word' id='word_1_237' title='bbox 1093 2622 1252 2677; x_wconf 90' lang='lat' dir='ltr'>omni</span> <span class='ocrx_word' id='word_1_238' title='bbox 1306 2621 1604 2680; x_wconf 89' lang='lat' dir='ltr'>alacritate</span> <span class='ocrx_word' id='word_1_239' title='bbox 1658 2626 1870 2682; x_wconf 87' lang='lat' dir='ltr'>mentis</span> <span class='ocrx_word' id='word_1_240' title='bbox 1924 2628 2032 2684; x_wconf 92' lang='lat' dir='ltr'>hoc</span> 
     </span>
    </p>
   </div>
   <div class='ocr_carea' id='block_1_43' title="bbox 383 2710 741 2765">
    <p class='ocr_par' dir='ltr' id='par_1_43' title="bbox 383 2710 741 2765">
     <span class='ocr_line' id='line_1_43' title="bbox 383 2710 741 2765; baseline 0 -1"><span class='ocrx_word' id='word_1_241' title='bbox 383 2710 741 2765; x_wconf 77' lang='lat' dir='ltr'>confirmavi.</span> 
     </span>
    </p>
   </div>
   <div class='ocr_carea' id='block_1_44' title="bbox 450 2798 1732 2872">
    <p class='ocr_par' dir='ltr' id='par_1_44' title="bbox 450 2798 1732 2872">
     <span class='ocr_line' id='line_1_44' title="bbox 450 2798 1732 2872; baseline 0.005 -20"><span class='ocrx_word' id='word_1_242' title='bbox 450 2799 568 2870; x_wconf 86' lang='lat' dir='ltr'>Ego</span> <span class='ocrx_word' id='word_1_243' title='bbox 597 2798 905 2853; x_wconf 89' lang='lat' dir='ltr'>Wlstanus</span> <span class='ocrx_word' id='word_1_244' title='bbox 938 2799 1414 2872; x_wconf 89' lang='lat' dir='ltr'>archiepiscopus</span> <span class='ocrx_word' id='word_1_245' title='bbox 1444 2804 1732 2860; x_wconf 87' lang='lat' dir='ltr'>consensi.</span> 
     </span>
    </p>
   </div>
   <div class='ocr_carea' id='block_1_45' title="bbox 448 2886 1823 2961">
    <p class='ocr_par' dir='ltr' id='par_1_45' title="bbox 448 2886 1823 2961">
     <span class='ocr_line' id='line_1_45' title="bbox 448 2886 1823 2961; baseline 0.006 -22"><span class='ocrx_word' id='word_1_246' title='bbox 448 2886 567 2958; x_wconf 88' lang='lat' dir='ltr'>Ego</span> <span class='ocrx_word' id='word_1_247' title='bbox 596 2886 930 2941; x_wconf 90' lang='lat' dir='ltr'>Adelnodus</span> <span class='ocrx_word' id='word_1_248' title='bbox 962 2887 1434 2961; x_wconf 88' lang='lat' dir='ltr'>archiepiscopus</span> <span class='ocrx_word' id='word_1_249' title='bbox 1465 2892 1823 2948; x_wconf 81' lang='lat' dir='ltr'>conﬁrmavi.</span> 
     </span>
    </p>
   </div>
   <div class='ocr_carea' id='block_1_46' title="bbox 449 2973 1673 3048">
    <p class='ocr_par' dir='ltr' id='par_1_46' title="bbox 449 2973 1673 3048">
     <span class='ocr_line' id='line_1_46' title="bbox 449 2973 1673 3048; baseline 0.006 -20"><span class='ocrx_word' id='word_1_250' title='bbox 449 2975 565 3046; x_wconf 80' lang='lat' dir='ltr'>Ego</span> <span class='ocrx_word' id='word_1_251' title='bbox 595 2973 922 3028; x_wconf 86' lang='lat' dir='ltr'>Godwinus</span> <span class='ocrx_word' id='word_1_252' title='bbox 953 2974 1264 3048; x_wconf 90' lang='lat' dir='ltr'>episcopus</span> <span class='ocrx_word' id='word_1_253' title='bbox 1292 2977 1673 3036; x_wconf 88' lang='lat' dir='ltr'>corroboravi.</span> 
     </span>
    </p>
   </div>
   <div class='ocr_carea' id='block_1_47' title="bbox 449 3060 1746 3136">
    <p class='ocr_par' dir='ltr' id='par_1_47' title="bbox 449 3060 1746 3136">
     <span class='ocr_line' id='line_1_47' title="bbox 449 3060 1746 3136; baseline 0.008 -21"><span class='ocrx_word' id='word_1_254' title='bbox 449 3063 565 3134; x_wconf 93' lang='lat' dir='ltr'>Ego</span> <span class='ocrx_word' id='word_1_255' title='bbox 595 3060 886 3117; x_wconf 85' lang='lat' dir='ltr'>Allwinus</span> <span class='ocrx_word' id='word_1_256' title='bbox 916 3061 1225 3136; x_wconf 87' lang='lat' dir='ltr'>episcopus</span> <span class='ocrx_word' id='word_1_257' title='bbox 1254 3082 1562 3123; x_wconf 88' lang='lat' dir='ltr'>assensum</span> <span class='ocrx_word' id='word_1_258' title='bbox 1593 3069 1746 3125; x_wconf 91' lang='lat' dir='ltr'>dedi.</span> 
     </span>
    </p>
   </div>
   <div class='ocr_carea' id='block_1_48' title="bbox 447 3148 1574 3227">
    <p class='ocr_par' dir='ltr' id='par_1_48' title="bbox 447 3148 1574 3227">
     <span class='ocr_line' id='line_1_48' title="bbox 447 3148 1574 3227; baseline 0.006 -22"><span class='ocrx_word' id='word_1_259' title='bbox 447 3151 566 3222; x_wconf 88' lang='lat' dir='ltr'>Ego</span> <span class='ocrx_word' id='word_1_260' title='bbox 594 3148 848 3206; x_wconf 81' lang='lat' dir='ltr'>Alfﬁnus</span> <span class='ocrx_word' id='word_1_261' title='bbox 880 3150 1190 3224; x_wconf 89' lang='lat' dir='ltr'>episcopus</span> <span class='ocrx_word' id='word_1_262' title='bbox 1220 3154 1574 3227; x_wconf 81' lang='lat' dir='ltr'>consignavi.</span> 
     </span>
    </p>
   </div>
   <div class='ocr_carea' id='block_1_49' title="bbox 444 3239 1556 3314">
    <p class='ocr_par' dir='ltr' id='par_1_49' title="bbox 444 3239 1556 3314">
     <span class='ocr_line' id='line_1_49' title="bbox 444 3239 1556 3314; baseline 0.006 -21"><span class='ocrx_word' id='word_1_263' title='bbox 444 3239 562 3312; x_wconf 89' lang='lat' dir='ltr'>Ego</span> <span class='ocrx_word' id='word_1_264' title='bbox 591 3239 902 3296; x_wconf 85' lang='lat' dir='ltr'>Athericus</span> <span class='ocrx_word' id='word_1_265' title='bbox 933 3240 1244 3314; x_wconf 89' lang='lat' dir='ltr'>episcopus</span> <span class='ocrx_word' id='word_1_266' title='bbox 1277 3244 1556 3300; x_wconf 87' lang='lat' dir='ltr'>conclusi.</span> 
     </span>
    </p>
   </div>
   <div class='ocr_carea' id='block_1_50' title="bbox 443 3327 1493 3403">
    <p class='ocr_par' dir='ltr' id='par_1_50' title="bbox 443 3327 1493 3403">
     <span class='ocr_line' id='line_1_50' title="bbox 443 3327 1493 3403; baseline 0.005 -20"><span class='ocrx_word' id='word_1_267' title='bbox 443 3329 562 3400; x_wconf 88' lang='lat' dir='ltr'>Ego</span> <span class='ocrx_word' id='word_1_268' title='bbox 591 3327 840 3384; x_wconf 84' lang='lat' dir='ltr'>All&#39;wius</span> <span class='ocrx_word' id='word_1_269' title='bbox 871 3329 1181 3403; x_wconf 91' lang='lat' dir='ltr'>episcopus</span> <span class='ocrx_word' id='word_1_270' title='bbox 1211 3332 1493 3389; x_wconf 88' lang='lat' dir='ltr'>roboravi.</span> 
     </span>
    </p>
   </div>
   <div class='ocr_carea' id='block_1_51' title="bbox 440 3416 1338 3493">
    <p class='ocr_par' dir='ltr' id='par_1_51' title="bbox 440 3416 1338 3493">
     <span class='ocr_line' id='line_1_51' title="bbox 440 3416 1338 3493; baseline 0.006 -21"><span class='ocrx_word' id='word_1_271' title='bbox 440 3417 558 3489; x_wconf 88' lang='lat' dir='ltr'>Ego</span> <span class='ocrx_word' id='word_1_272' title='bbox 587 3416 986 3474; x_wconf 89' lang='lat' dir='ltr'>Brihtwaldus</span> <span class='ocrx_word' id='word_1_273' title='bbox 1013 3418 1338 3493; x_wconf 89' lang='lat' dir='ltr'>episcopus.</span> 
     </span>
    </p>
   </div>
   <div class='ocr_carea' id='block_1_52' title="bbox 439 3507 862 3579">
    <p class='ocr_par' dir='ltr' id='par_1_52' title="bbox 439 3507 862 3579">
     <span class='ocr_line' id='line_1_52' title="bbox 439 3507 862 3579; baseline 0.002 -18"><span class='ocrx_word' id='word_1_274' title='bbox 439 3507 556 3579; x_wconf 87' lang='lat' dir='ltr'>Ego</span> <span class='ocrx_word' id='word_1_275' title='bbox 586 3507 696 3563; x_wconf 90' lang='lat' dir='ltr'>Iric</span> <span class='ocrx_word' id='word_1_276' title='bbox 726 3507 862 3564; x_wconf 87' lang='lat' dir='ltr'>dux.</span> 
     </span>
    </p>
   </div>
   <div class='ocr_carea' id='block_1_53' title="bbox 438 3596 1075 3668">
    <p class='ocr_par' dir='ltr' id='par_1_53' title="bbox 438 3596 1075 3668">
     <span class='ocr_line' id='line_1_53' title="bbox 438 3596 1075 3668; baseline 0.003 -18"><span class='ocrx_word' id='word_1_277' title='bbox 438 3596 553 3668; x_wconf 89' lang='lat' dir='ltr'>Ego</span> <span class='ocrx_word' id='word_1_278' title='bbox 584 3596 907 3654; x_wconf 87' lang='lat' dir='ltr'>Godwinus</span> <span class='ocrx_word' id='word_1_279' title='bbox 938 3598 1075 3653; x_wconf 86' lang='lat' dir='ltr'>dux.</span> 
     </span>
    </p>
   </div>
   <div class='ocr_carea' id='block_1_54' title="bbox 436 3683 840 3756">
    <p class='ocr_par' dir='ltr' id='par_1_54' title="bbox 436 3683 840 3756">
     <span class='ocr_line' id='line_1_54' title="bbox 436 3683 840 3756; baseline 0.01 -18"><span class='ocrx_word' id='word_1_280' title='bbox 436 3683 554 3756; x_wconf 84' lang='lat' dir='ltr'>Ego</span> <span class='ocrx_word' id='word_1_281' title='bbox 587 3684 686 3740; x_wconf 83' lang='lat' dir='ltr'>Ulf</span> <span class='ocrx_word' id='word_1_282' title='bbox 703 3685 840 3742; x_wconf 81' lang='lat' dir='ltr'>dux.</span> 
     </span>
    </p>
   </div>
   <div class='ocr_carea' id='block_1_55' title="bbox 435 3772 913 3845">
    <p class='ocr_par' dir='ltr' id='par_1_55' title="bbox 435 3772 913 3845">
     <span class='ocr_line' id='line_1_55' title="bbox 435 3772 913 3845; baseline 0.006 -19"><span class='ocrx_word' id='word_1_283' title='bbox 435 3772 552 3844; x_wconf 85' lang='lat' dir='ltr'>Ego</span> <span class='ocrx_word' id='word_1_284' title='bbox 582 3772 745 3845; x_wconf 81' lang='lat' dir='ltr'>Eglal</span> <span class='ocrx_word' id='word_1_285' title='bbox 776 3774 913 3830; x_wconf 86' lang='lat' dir='ltr'>dux.</span> 
     </span>
    </p>
   </div>
   <div class='ocr_carea' id='block_1_56' title="bbox 434 3861 949 3934">
    <p class='ocr_par' dir='ltr' id='par_1_56' title="bbox 434 3861 949 3934">
     <span class='ocr_line' id='line_1_56' title="bbox 434 3861 949 3934; baseline 0.004 -19"><span class='ocrx_word' id='word_1_286' title='bbox 434 3861 553 3934; x_wconf 85' lang='lat' dir='ltr'>Ego</span> <span class='ocrx_word' id='word_1_287' title='bbox 581 3862 780 3917; x_wconf 89' lang='lat' dir='ltr'>Hacun</span> <span class='ocrx_word' id='word_1_288' title='bbox 813 3863 949 3917; x_wconf 82' lang='lat' dir='ltr'>dux.</span> 
     </span>
    </p>
   </div>
   <div class='ocr_carea' id='block_1_57' title="bbox 432 3949 1080 4022">
    <p class='ocr_par' dir='ltr' id='par_1_57' title="bbox 432 3949 1080 4022">
     <span class='ocr_line' id='line_1_57' title="bbox 432 3949 1080 4022; baseline 0.009 -18"><span class='ocrx_word' id='word_1_289' title='bbox 432 3951 552 4022; x_wconf 87' lang='lat' dir='ltr'>Ego</span> <span class='ocrx_word' id='word_1_290' title='bbox 585 3949 920 4006; x_wconf 83' lang='lat' dir='ltr'>Leofwinus</span> <span class='ocrx_word' id='word_1_291' title='bbox 946 3954 1080 4010; x_wconf 83' lang='lat' dir='ltr'>dux.</span> 
     </span>
    </p>
   </div>
   <div class='ocr_carea' id='block_1_58' title="bbox 431 4038 1030 4110">
    <p class='ocr_par' dir='ltr' id='par_1_58' title="bbox 431 4038 1030 4110">
     <span class='ocr_line' id='line_1_58' title="bbox 431 4038 1030 4110; baseline 0.008 -18"><span class='ocrx_word' id='word_1_292' title='bbox 431 4039 550 4110; x_wconf 88' lang='lat' dir='ltr'>Ego</span> <span class='ocrx_word' id='word_1_293' title='bbox 584 4038 866 4095; x_wconf 88' lang='lat' dir='ltr'>Godricus</span> <span class='ocrx_word' id='word_1_294' title='bbox 897 4041 1030 4097; x_wconf 86' lang='lat' dir='ltr'>dux.</span> 
     </span>
    </p>
   </div>
   <div class='ocr_carea' id='block_1_59' title="bbox 428 4126 1032 4198">
    <p class='ocr_par' dir='ltr' id='par_1_59' title="bbox 428 4126 1032 4198">
     <span class='ocr_line' id='line_1_59' title="bbox 428 4126 1032 4198; baseline 0.008 -17"><span class='ocrx_word' id='word_1_295' title='bbox 428 4127 546 4198; x_wconf 88' lang='lat' dir='ltr'>Ego</span> <span class='ocrx_word' id='word_1_296' title='bbox 577 4126 816 4184; x_wconf 89' lang='lat' dir='ltr'>Oslacus</span> <span class='ocrx_word' id='word_1_297' title='bbox 847 4130 1032 4186; x_wconf 90' lang='lat' dir='ltr'>miles.</span> 
     </span>
    </p>
   </div>
   <div class='ocr_carea' id='block_1_60' title="bbox 427 4216 1022 4288">
    <p class='ocr_par' dir='ltr' id='par_1_60' title="bbox 427 4216 1022 4288">
     <span class='ocr_line' id='line_1_60' title="bbox 427 4216 1022 4288; baseline 0.008 -18"><span class='ocrx_word' id='word_1_298' title='bbox 427 4216 546 4288; x_wconf 88' lang='lat' dir='ltr'>Ego</span> <span class='ocrx_word' id='word_1_299' title='bbox 574 4216 798 4273; x_wconf 89' lang='lat' dir='ltr'>Thored</span> <span class='ocrx_word' id='word_1_300' title='bbox 833 4218 1022 4276; x_wconf 91' lang='lat' dir='ltr'>miles.</span> 
     </span>
    </p>
   </div>
   <div class='ocr_carea' id='block_1_61' title="bbox 424 4305 1040 4376">
    <p class='ocr_par' dir='ltr' id='par_1_61' title="bbox 424 4305 1040 4376">
     <span class='ocr_line' id='line_1_61' title="bbox 424 4305 1040 4376; baseline 0.005 -17"><span class='ocrx_word' id='word_1_301' title='bbox 424 4305 543 4376; x_wconf 89' lang='lat' dir='ltr'>Ego</span> <span class='ocrx_word' id='word_1_302' title='bbox 576 4305 820 4362; x_wconf 86' lang='lat' dir='ltr'>Thurkil</span> <span class='ocrx_word' id='word_1_303' title='bbox 849 4307 1040 4364; x_wconf 91' lang='lat' dir='ltr'>miles.</span> 
     </span>
    </p>
   </div>
   <div class='ocr_carea' id='block_1_62' title="bbox 423 4393 1014 4467">
    <p class='ocr_par' dir='ltr' id='par_1_62' title="bbox 423 4393 1014 4467">
     <span class='ocr_line' id='line_1_62' title="bbox 423 4393 1014 4467; baseline 0.003 -19"><span class='ocrx_word' id='word_1_304' title='bbox 423 4393 543 4464; x_wconf 88' lang='lat' dir='ltr'>Ego</span> <span class='ocrx_word' id='word_1_305' title='bbox 574 4394 790 4467; x_wconf 75' lang='lat' dir='ltr'>Thrym</span> <span class='ocrx_word' id='word_1_306' title='bbox 823 4394 1014 4452; x_wconf 88' lang='lat' dir='ltr'>miles.</span> 
     </span>
    </p>
   </div>
   <div class='ocr_carea' id='block_1_63' title="bbox 423 4483 1003 4555">
    <p class='ocr_par' dir='ltr' id='par_1_63' title="bbox 423 4483 1003 4555">
     <span class='ocr_line' id='line_1_63' title="bbox 423 4483 1003 4555; baseline 0.007 -19"><span class='ocrx_word' id='word_1_307' title='bbox 423 4483 541 4555; x_wconf 85' lang='lat' dir='ltr'>Ego</span> <span class='ocrx_word' id='word_1_308' title='bbox 573 4483 785 4540; x_wconf 89' lang='lat' dir='ltr'>Brosor</span> <span class='ocrx_word' id='word_1_309' title='bbox 816 4483 1003 4540; x_wconf 89' lang='lat' dir='ltr'>miles.</span> 
     </span>
    </p>
   </div>
   <div class='ocr_carea' id='block_1_64' title="bbox 420 4571 1043 4643">
    <p class='ocr_par' dir='ltr' id='par_1_64' title="bbox 420 4571 1043 4643">
     <span class='ocr_line' id='line_1_64' title="bbox 420 4571 1043 4643; baseline 0.006 -19"><span class='ocrx_word' id='word_1_310' title='bbox 420 4571 538 4643; x_wconf 87' lang='lat' dir='ltr'>Ego</span> <span class='ocrx_word' id='word_1_311' title='bbox 569 4571 822 4628; x_wconf 78' lang='lat' dir='ltr'>Alfricus</span> <span class='ocrx_word' id='word_1_312' title='bbox 853 4573 1043 4628; x_wconf 89' lang='lat' dir='ltr'>miles.</span> 
     </span>
    </p>
   </div>
   <div class='ocr_carea' id='block_1_65' title="bbox 421 4659 1097 4733">
    <p class='ocr_par' dir='ltr' id='par_1_65' title="bbox 421 4659 1097 4733">
     <span class='ocr_line' id='line_1_65' title="bbox 421 4659 1097 4733; baseline 0.006 -19"><span class='ocrx_word' id='word_1_313' title='bbox 421 4659 537 4732; x_wconf 91' lang='lat' dir='ltr'>Ego</span> <span class='ocrx_word' id='word_1_314' title='bbox 565 4659 875 4733; x_wconf 81' lang='lat' dir='ltr'>Alfwynus</span> <span class='ocrx_word' id='word_1_315' title='bbox 908 4660 1097 4717; x_wconf 90' lang='lat' dir='ltr'>miles.</span> 
     </span>
    </p>
   </div>
   <div class='ocr_carea' id='block_1_66' title="bbox 418 4748 1097 4820">
    <p class='ocr_par' dir='ltr' id='par_1_66' title="bbox 418 4748 1097 4820">
     <span class='ocr_line' id='line_1_66' title="bbox 418 4748 1097 4820; baseline 0.004 -18"><span class='ocrx_word' id='word_1_316' title='bbox 418 4749 538 4820; x_wconf 87' lang='lat' dir='ltr'>Ego</span> <span class='ocrx_word' id='word_1_317' title='bbox 571 4748 868 4804; x_wconf 83' lang='lat' dir='ltr'>Leofricus</span> <span class='ocrx_word' id='word_1_318' title='bbox 895 4749 1097 4805; x_wconf 89' lang='lat' dir='ltr'>abbas.</span> 
     </span>
    </p>
   </div>
   <div class='ocr_carea' id='block_1_67' title="bbox 420 4835 1134 4908">
    <p class='ocr_par' dir='ltr' id='par_1_67' title="bbox 420 4835 1134 4908">
     <span class='ocr_line' id='line_1_67' title="bbox 420 4835 1134 4908; baseline 0.006 -18"><span class='ocrx_word' id='word_1_319' title='bbox 420 4835 535 4908; x_wconf 86' lang='lat' dir='ltr'>Ego</span> <span class='ocrx_word' id='word_1_320' title='bbox 563 4836 630 4890; x_wconf 88' lang='lat' dir='ltr'>Al</span> <span class='ocrx_word' id='word_1_321' title='bbox 640 4838 902 4892; x_wconf 83' lang='lat' dir='ltr'>fwardus</span> <span class='ocrx_word' id='word_1_322' title='bbox 932 4838 1134 4894; x_wconf 87' lang='lat' dir='ltr'>abbas.</span> 
     </span>
    </p>
   </div>
   <div class='ocr_carea' id='block_1_68' title="bbox 418 4924 1176 4994">
    <p class='ocr_par' dir='ltr' id='par_1_68' title="bbox 418 4924 1176 4994">
     <span class='ocr_line' id='line_1_68' title="bbox 418 4924 1176 4994; baseline 0.011 -18"><span class='ocrx_word' id='word_1_323' title='bbox 418 4924 538 4994; x_wconf 89' lang='lat' dir='ltr'>Ego</span> <span class='ocrx_word' id='word_1_324' title='bbox 567 4924 942 4982; x_wconf 88' lang='lat' dir='ltr'>Athelstanus</span> <span class='ocrx_word' id='word_1_325' title='bbox 973 4927 1176 4984; x_wconf 86' lang='lat' dir='ltr'>abbas.</span> 
     </span>
    </p>
   </div>
   <div class='ocr_carea' id='block_1_69' title="bbox 417 5011 1006 5082">
    <p class='ocr_par' dir='ltr' id='par_1_69' title="bbox 417 5011 1006 5082">
     <span class='ocr_line' id='line_1_69' title="bbox 417 5011 1006 5082; baseline 0.01 -18"><span class='ocrx_word' id='word_1_326' title='bbox 417 5011 536 5082; x_wconf 85' lang='lat' dir='ltr'>Ego</span> <span class='ocrx_word' id='word_1_327' title='bbox 565 5011 773 5067; x_wconf 83' lang='lat' dir='ltr'>Alfﬁus</span> <span class='ocrx_word' id='word_1_328' title='bbox 805 5014 1006 5070; x_wconf 85' lang='lat' dir='ltr'>abbas.</span> 
     </span>
    </p>
   </div>
   <div class='ocr_carea' id='block_1_70' title="bbox 419 5097 1132 5170">
    <p class='ocr_par' dir='ltr' id='par_1_70' title="bbox 419 5097 1132 5170">
     <span class='ocr_line' id='line_1_70' title="bbox 419 5097 1132 5170; baseline 0.015 -19"><span class='ocrx_word' id='word_1_329' title='bbox 419 5099 537 5170; x_wconf 87' lang='lat' dir='ltr'>Ego</span> <span class='ocrx_word' id='word_1_330' title='bbox 563 5097 896 5158; x_wconf 86' lang='lat' dir='ltr'>Leofwinus</span> <span class='ocrx_word' id='word_1_331' title='bbox 928 5105 1132 5162; x_wconf 90' lang='lat' dir='ltr'>abbas.</span> 
     </span>
    </p>
   </div>
   <div class='ocr_carea' id='block_1_71' title="bbox 415 5187 1139 5266">
    <p class='ocr_par' dir='ltr' id='par_1_71' title="bbox 415 5187 1139 5266">
     <span class='ocr_line' id='line_1_71' title="bbox 415 5187 1139 5266; baseline 0.014 -23"><span class='ocrx_word' id='word_1_332' title='bbox 415 5187 533 5259; x_wconf 88' lang='lat' dir='ltr'>Ego</span> <span class='ocrx_word' id='word_1_333' title='bbox 565 5187 905 5266; x_wconf 85' lang='lat' dir='ltr'>Wull‘redus</span> <span class='ocrx_word' id='word_1_334' title='bbox 936 5194 1139 5253; x_wconf 89' lang='lat' dir='ltr'>abbas.</span> 
     </span>
    </p>
   </div>
   <div class='ocr_carea' id='block_1_72' title="bbox 416 5277 1102 5352">
    <p class='ocr_par' dir='ltr' id='par_1_72' title="bbox 416 5277 1102 5352">
     <span class='ocr_line' id='line_1_72' title="bbox 416 5277 1102 5352; baseline 0.015 -20"><span class='ocrx_word' id='word_1_335' title='bbox 416 5277 532 5350; x_wconf 88' lang='lat' dir='ltr'>Ego</span> <span class='ocrx_word' id='word_1_336' title='bbox 563 5278 866 5352; x_wconf 87' lang='lat' dir='ltr'>Ol&#39;kytelus</span> <span class='ocrx_word' id='word_1_337' title='bbox 901 5285 1102 5342; x_wconf 88' lang='lat' dir='ltr'>abbas.</span> 
     </span>
    </p>
   </div>
   <div class='ocr_carea' id='block_1_73' title="bbox 411 5456 1521 5538">
    <p class='ocr_par' dir='ltr' id='par_1_73' title="bbox 411 5456 1521 5538">
     <span class='ocr_line' id='line_1_73' title="bbox 411 5456 1521 5538; baseline 0.014 -24"><span class='ocrx_word' id='word_1_338' title='bbox 411 5459 488 5534; x_wconf 85' lang='lat'>(2)</span> <span class='ocrx_word' id='word_1_339' title='bbox 518 5456 717 5517; x_wconf 85' lang='lat' dir='ltr'>Malm.</span> <span class='ocrx_word' id='word_1_340' title='bbox 753 5461 905 5520; x_wconf 89' lang='lat' dir='ltr'>Gest.</span> <span class='ocrx_word' id='word_1_341' title='bbox 945 5480 1089 5538; x_wconf 87' lang='lat' dir='ltr'>reg.,</span> <span class='ocrx_word' id='word_1_342' title='bbox 1121 5465 1220 5538; x_wconf 91' lang='lat' dir='ltr'>lib,</span> <span class='ocrx_word' id='word_1_343' title='bbox 1257 5485 1316 5537; x_wconf 81' lang='grc' dir='ltr'>ιι,</span> <span class='ocrx_word' id='word_1_344' title='bbox 1349 5487 1397 5529; x_wconf 93' lang='lat' dir='ltr'>c.</span> <span class='ocrx_word' id='word_1_345' title='bbox 1436 5474 1521 5530; x_wconf 90' lang='grc'>11.</span> 
     </span>
    </p>
   </div>
   <div class='ocr_carea' id='block_1_74' title="bbox 2156 1913 2398 1969">
    <p class='ocr_par' dir='ltr' id='par_1_74' title="bbox 2156 1913 2398 1969">
     <span class='ocr_line' id='line_1_74' title="bbox 2156 1913 2398 1969; baseline 0.008 -2"><span class='ocrx_word' id='word_1_346' title='bbox 2156 1913 2231 1968; x_wconf 93' lang='lat' dir='ltr'>da</span> <span class='ocrx_word' id='word_1_347' title='bbox 2261 1915 2398 1969; x_wconf 90' lang='lat' dir='ltr'>sint.</span> 
     </span>
    </p>
   </div>
   <div class='ocr_carea' id='block_1_75' title="bbox 2222 2004 3809 2088">
    <p class='ocr_par' dir='ltr' id='par_1_75' title="bbox 2222 2004 3809 2088">
     <span class='ocr_line' id='line_1_75' title="bbox 2222 2004 3809 2088; baseline 0.013 -32"><span class='ocrx_word' id='word_1_348' title='bbox 2222 2004 2586 2077; x_wconf 87' lang='lat' dir='ltr'>Quapropter</span> <span class='ocrx_word' id='word_1_349' title='bbox 2637 2024 2742 2079; x_wconf 85' lang='lat' dir='ltr'>ego</span> <span class='ocrx_word' id='word_1_350' title='bbox 2799 2010 2983 2065; x_wconf 84' lang='lat' dir='ltr'>Cnuto</span> <span class='ocrx_word' id='word_1_351' title='bbox 3036 2029 3132 2068; x_wconf 87' lang='lat' dir='ltr'>rex</span> <span class='ocrx_word' id='word_1_352' title='bbox 3184 2013 3528 2088; x_wconf 89' lang='lat' dir='ltr'>Anglorum,</span> <span class='ocrx_word' id='word_1_353' title='bbox 3572 2024 3809 2076; x_wconf 62' lang='lat' dir='ltr'>caetera-</span> 
     </span>
    </p>
   </div>
   <div class='ocr_carea' id='block_1_76' title="bbox 2147 2093 3806 2180">
    <p class='ocr_par' dir='ltr' id='par_1_76' title="bbox 2147 2093 3806 2180">
     <span class='ocr_line' id='line_1_76' title="bbox 2147 2093 3806 2180; baseline 0.014 -38"><span class='ocrx_word' id='word_1_354' title='bbox 2147 2106 2395 2161; x_wconf 88' lang='lat' dir='ltr'>rumque</span> <span class='ocrx_word' id='word_1_355' title='bbox 2428 2093 2691 2164; x_wconf 89' lang='lat' dir='ltr'>gentium</span> <span class='ocrx_word' id='word_1_356' title='bbox 2733 2096 2792 2151; x_wconf 89' lang='lat' dir='ltr'>in</span> <span class='ocrx_word' id='word_1_357' title='bbox 2825 2098 3069 2154; x_wconf 88' lang='lat' dir='ltr'>circuitu</span> <span class='ocrx_word' id='word_1_358' title='bbox 3117 2103 3557 2174; x_wconf 90' lang='lat' dir='ltr'>persistentium</span> <span class='ocrx_word' id='word_1_359' title='bbox 3589 2108 3806 2180; x_wconf 87' lang='lat' dir='ltr'>guber-</span> 
     </span>
    </p>
   </div>
   <div class='ocr_carea' id='block_1_77' title="bbox 2146 2183 3809 2268">
    <p class='ocr_par' dir='ltr' id='par_1_77' title="bbox 2146 2183 3809 2268">
     <span class='ocr_line' id='line_1_77' title="bbox 2146 2183 3809 2268; baseline 0.013 -36"><span class='ocrx_word' id='word_1_360' title='bbox 2146 2183 2314 2234; x_wconf 87' lang='lat' dir='ltr'>nator</span> <span class='ocrx_word' id='word_1_361' title='bbox 2343 2184 2399 2235; x_wconf 91' lang='lat' dir='ltr'>et</span> <span class='ocrx_word' id='word_1_362' title='bbox 2429 2187 2636 2251; x_wconf 91' lang='lat' dir='ltr'>rector,</span> <span class='ocrx_word' id='word_1_363' title='bbox 2661 2201 2794 2240; x_wconf 91' lang='lat' dir='ltr'>cum</span> <span class='ocrx_word' id='word_1_364' title='bbox 2817 2187 3059 2244; x_wconf 89' lang='lat' dir='ltr'>consilio</span> <span class='ocrx_word' id='word_1_365' title='bbox 3087 2194 3144 2246; x_wconf 90' lang='lat' dir='ltr'>et</span> <span class='ocrx_word' id='word_1_366' title='bbox 3165 2192 3392 2249; x_wconf 87' lang='lat' dir='ltr'>decreto</span> <span class='ocrx_word' id='word_1_367' title='bbox 3422 2195 3809 2268; x_wconf 62' lang='lat' dir='ltr'>archiprasu-</span> 
     </span>
    </p>
   </div>
   <div class='ocr_carea' id='block_1_78' title="bbox 2144 2266 3805 2348">
    <p class='ocr_par' dir='ltr' id='par_1_78' title="bbox 2144 2266 3805 2348">
     <span class='ocr_line' id='line_1_78' title="bbox 2144 2266 3805 2348; baseline 0.014 -28"><span class='ocrx_word' id='word_1_368' title='bbox 2144 2266 2216 2322; x_wconf 86' lang='lat' dir='ltr'>lis</span> <span class='ocrx_word' id='word_1_369' title='bbox 2243 2269 2425 2324; x_wconf 89' lang='lat' dir='ltr'>nostri</span> <span class='ocrx_word' id='word_1_370' title='bbox 2454 2270 2778 2339; x_wconf 89' lang='lat' dir='ltr'>Edelnothi,</span> <span class='ocrx_word' id='word_1_371' title='bbox 2803 2275 3097 2348; x_wconf 91' lang='lat' dir='ltr'>simulque</span> <span class='ocrx_word' id='word_1_372' title='bbox 3120 2285 3464 2338; x_wconf 89' lang='lat' dir='ltr'>cunctorum</span> <span class='ocrx_word' id='word_1_373' title='bbox 3489 2266 3805 2342; x_wconf 49' lang='lat' dir='ltr'>Dei—sacer-</span> 
     </span>
    </p>
   </div>
   <div class='ocr_carea' id='block_1_79' title="bbox 2147 2356 3801 2440">
    <p class='ocr_par' dir='ltr' id='par_1_79' title="bbox 2147 2356 3801 2440">
     <span class='ocr_line' id='line_1_79' title="bbox 2147 2356 3801 2440; baseline 0.013 -30"><span class='ocrx_word' id='word_1_374' title='bbox 2147 2356 2373 2425; x_wconf 89' lang='lat' dir='ltr'>dotum,</span> <span class='ocrx_word' id='word_1_375' title='bbox 2388 2363 2444 2414; x_wconf 90' lang='lat' dir='ltr'>et</span> <span class='ocrx_word' id='word_1_376' title='bbox 2461 2376 2752 2417; x_wconf 81' lang='lat' dir='ltr'>consensu</span> <span class='ocrx_word' id='word_1_377' title='bbox 2769 2364 3116 2436; x_wconf 83' lang='lat' dir='ltr'>optimatum</span> <span class='ocrx_word' id='word_1_378' title='bbox 3137 2385 3422 2440; x_wconf 87' lang='lat' dir='ltr'>meorum,</span> <span class='ocrx_word' id='word_1_379' title='bbox 3441 2372 3513 2427; x_wconf 92' lang='lat' dir='ltr'>ob</span> <span class='ocrx_word' id='word_1_380' title='bbox 3535 2390 3801 2431; x_wconf 89' lang='lat' dir='ltr'>amorem</span> 
     </span>
    </p>
   </div>
   <div class='ocr_carea' id='block_1_80' title="bbox 2144 2444 3798 2534">
    <p class='ocr_par' dir='ltr' id='par_1_80' title="bbox 2144 2444 3798 2534">
     <span class='ocr_line' id='line_1_80' title="bbox 2144 2444 3798 2534; baseline 0.013 -36"><span class='ocrx_word' id='word_1_381' title='bbox 2144 2444 2399 2502; x_wconf 79' lang='lat' dir='ltr'>ccelestis</span> <span class='ocrx_word' id='word_1_382' title='bbox 2423 2448 2607 2520; x_wconf 84' lang='lat' dir='ltr'>regni,</span> <span class='ocrx_word' id='word_1_383' title='bbox 2631 2455 2688 2506; x_wconf 91' lang='lat' dir='ltr'>et</span> <span class='ocrx_word' id='word_1_384' title='bbox 2712 2450 3138 2525; x_wconf 87' lang='lat' dir='ltr'>indulgentiam</span> <span class='ocrx_word' id='word_1_385' title='bbox 3169 2457 3484 2516; x_wconf 90' lang='lat' dir='ltr'>criminum</span> <span class='ocrx_word' id='word_1_386' title='bbox 3507 2478 3798 2534; x_wconf 90' lang='lat' dir='ltr'>meorum,</span> 
     </span>
    </p>
   </div>
   <div class='ocr_carea' id='block_1_81' title="bbox 2141 2533 3800 2623">
    <p class='ocr_par' dir='ltr' id='par_1_81' title="bbox 2141 2533 3800 2623">
     <span class='ocr_line' id='line_1_81' title="bbox 2141 2533 3800 2623; baseline 0.014 -37"><span class='ocrx_word' id='word_1_387' title='bbox 2141 2537 2196 2587; x_wconf 89' lang='lat' dir='ltr'>et</span> <span class='ocrx_word' id='word_1_388' title='bbox 2228 2533 2642 2592; x_wconf 86' lang='lat' dir='ltr'>relaxationem</span> <span class='ocrx_word' id='word_1_389' title='bbox 2675 2542 3082 2610; x_wconf 89' lang='lat' dir='ltr'>peccaminum</span> <span class='ocrx_word' id='word_1_390' title='bbox 3114 2545 3310 2603; x_wconf 87' lang='lat' dir='ltr'>fratris</span> <span class='ocrx_word' id='word_1_391' title='bbox 3354 2550 3468 2604; x_wconf 90' lang='lat' dir='ltr'>mei</span> <span class='ocrx_word' id='word_1_392' title='bbox 3497 2551 3652 2623; x_wconf 86' lang='lat' dir='ltr'>regis</span> <span class='ocrx_word' id='word_1_393' title='bbox 3682 2553 3800 2609; x_wconf 90' lang='lat' dir='ltr'>Ed-</span> 
     </span>
    </p>
   </div>
   <div class='ocr_carea' id='block_1_82' title="bbox 2144 2623 3798 2712">
    <p class='ocr_par' dir='ltr' id='par_1_82' title="bbox 2144 2623 3798 2712">
     <span class='ocr_line' id='line_1_82' title="bbox 2144 2623 3798 2712; baseline 0.014 -37"><span class='ocrx_word' id='word_1_394' title='bbox 2144 2623 2368 2691; x_wconf 91' lang='lat' dir='ltr'>mundi,</span> <span class='ocrx_word' id='word_1_395' title='bbox 2430 2628 2680 2682; x_wconf 90' lang='lat' dir='ltr'>concedo</span> <span class='ocrx_word' id='word_1_396' title='bbox 2737 2630 2992 2686; x_wconf 75' lang='lat' dir='ltr'>ecclesias</span> <span class='ocrx_word' id='word_1_397' title='bbox 3052 2634 3276 2690; x_wconf 59' lang='lat' dir='ltr'>Sanctae</span> <span class='ocrx_word' id='word_1_398' title='bbox 3333 2636 3435 2693; x_wconf 90' lang='lat' dir='ltr'>Dei</span> <span class='ocrx_word' id='word_1_399' title='bbox 3493 2640 3798 2712; x_wconf 86' lang='lat' dir='ltr'>genitricis</span> 
     </span>
    </p>
   </div>
   <div class='ocr_carea' id='block_1_83' title="bbox 2141 2709 3801 2788">
    <p class='ocr_par' dir='ltr' id='par_1_83' title="bbox 2141 2709 3801 2788">
     <span class='ocr_line' id='line_1_83' title="bbox 2141 2709 3801 2788; baseline 0.014 -25"><span class='ocrx_word' id='word_1_400' title='bbox 2141 2709 2332 2766; x_wconf 69' lang='lat' dir='ltr'>Maria:</span> <span class='ocrx_word' id='word_1_401' title='bbox 2357 2711 2664 2770; x_wconf 67' lang='lat' dir='ltr'>Glastonia:</span> <span class='ocrx_word' id='word_1_402' title='bbox 2690 2717 2828 2788; x_wconf 89' lang='lat' dir='ltr'>jura</span> <span class='ocrx_word' id='word_1_403' title='bbox 2857 2724 2912 2773; x_wconf 90' lang='lat' dir='ltr'>et</span> <span class='ocrx_word' id='word_1_404' title='bbox 2933 2724 3391 2780; x_wconf 90' lang='lat' dir='ltr'>consuetudines</span> <span class='ocrx_word' id='word_1_405' title='bbox 3422 2726 3482 2781; x_wconf 92' lang='lat' dir='ltr'>in</span> <span class='ocrx_word' id='word_1_406' title='bbox 3501 2709 3674 2784; x_wconf 69' lang='lat' dir='ltr'>omni</span> <span class='ocrx_word' id='word_1_407' title='bbox 3708 2748 3801 2787; x_wconf 89' lang='lat' dir='ltr'>re-</span> 
     </span>
    </p>
   </div>
   <div class='ocr_carea' id='block_1_84' title="bbox 2137 2806 3798 2875">
    <p class='ocr_par' dir='ltr' id='par_1_84' title="bbox 2137 2806 3798 2875">
     <span class='ocr_line' id='line_1_84' title="bbox 2137 2806 3798 2875; baseline 0.014 -23"><span class='ocrx_word' id='word_1_408' title='bbox 2137 2815 2250 2869; x_wconf 88' lang='lat' dir='ltr'>gno</span> <span class='ocrx_word' id='word_1_409' title='bbox 2283 2816 2432 2869; x_wconf 91' lang='lat' dir='ltr'>meo,</span> <span class='ocrx_word' id='word_1_410' title='bbox 2459 2807 2516 2857; x_wconf 88' lang='lat' dir='ltr'>et</span> <span class='ocrx_word' id='word_1_411' title='bbox 2549 2820 2752 2860; x_wconf 91' lang='lat' dir='ltr'>omnes</span> <span class='ocrx_word' id='word_1_412' title='bbox 2779 2806 3181 2867; x_wconf 84' lang='lat' dir='ltr'>forisfacturas</span> <span class='ocrx_word' id='word_1_413' title='bbox 3208 2815 3474 2871; x_wconf 90' lang='lat' dir='ltr'>omnium</span> <span class='ocrx_word' id='word_1_414' title='bbox 3507 2820 3798 2875; x_wconf 88' lang='lat' dir='ltr'>terrarum</span> 
     </span>
    </p>
   </div>
   <div class='ocr_carea' id='block_1_85' title="bbox 2137 2892 3796 2973">
    <p class='ocr_par' dir='ltr' id='par_1_85' title="bbox 2137 2892 3796 2973">
     <span class='ocr_line' id='line_1_85' title="bbox 2137 2892 3796 2973; baseline 0.015 -32"><span class='ocrx_word' id='word_1_415' title='bbox 2137 2904 2402 2960; x_wconf 91' lang='lat' dir='ltr'>suarum,</span> <span class='ocrx_word' id='word_1_416' title='bbox 2435 2895 2491 2946; x_wconf 90' lang='lat' dir='ltr'>et</span> <span class='ocrx_word' id='word_1_417' title='bbox 2523 2892 2639 2946; x_wconf 90' lang='lat' dir='ltr'>sint</span> <span class='ocrx_word' id='word_1_418' title='bbox 2669 2899 2831 2949; x_wconf 61' lang='lat' dir='ltr'>terrae</span> <span class='ocrx_word' id='word_1_419' title='bbox 2863 2897 2990 2967; x_wconf 83' lang='lat' dir='ltr'>ejus</span> <span class='ocrx_word' id='word_1_420' title='bbox 3017 2899 3128 2954; x_wconf 92' lang='lat' dir='ltr'>sibi</span> <span class='ocrx_word' id='word_1_421' title='bbox 3163 2900 3375 2973; x_wconf 66' lang='lat' dir='ltr'>liberae,</span> <span class='ocrx_word' id='word_1_422' title='bbox 3399 2909 3455 2961; x_wconf 89' lang='lat' dir='ltr'>et</span> <span class='ocrx_word' id='word_1_423' title='bbox 3485 2906 3686 2963; x_wconf 71' lang='lat' dir='ltr'>solutae</span> <span class='ocrx_word' id='word_1_424' title='bbox 3721 2909 3796 2966; x_wconf 86' lang='lat' dir='ltr'>ab</span> 
     </span>
    </p>
   </div>
   <div class='ocr_carea' id='block_1_86' title="bbox 2138 2976 3794 3057">
    <p class='ocr_par' dir='ltr' id='par_1_86' title="bbox 2138 2976 3794 3057">
     <span class='ocr_line' id='line_1_86' title="bbox 2138 2976 3794 3057; baseline 0.014 -27"><span class='ocrx_word' id='word_1_425' title='bbox 2138 2976 2299 3031; x_wconf 90' lang='lat' dir='ltr'>omni</span> <span class='ocrx_word' id='word_1_426' title='bbox 2331 2977 2629 3036; x_wconf 88' lang='lat' dir='ltr'>calumnia</span> <span class='ocrx_word' id='word_1_427' title='bbox 2665 2987 2721 3038; x_wconf 92' lang='lat' dir='ltr'>et</span> <span class='ocrx_word' id='word_1_428' title='bbox 2762 2983 3204 3057; x_wconf 86' lang='lat' dir='ltr'>inquietatione,</span> <span class='ocrx_word' id='word_1_429' title='bbox 3247 2992 3418 3048; x_wconf 90' lang='lat' dir='ltr'>sicuti</span> <span class='ocrx_word' id='word_1_430' title='bbox 3461 3011 3600 3050; x_wconf 64' lang='lat' dir='ltr'>mea</span> <span class='ocrx_word' id='word_1_431' title='bbox 3643 2997 3794 3054; x_wconf 89' lang='lat' dir='ltr'>mihi</span> 
     </span>
    </p>
   </div>
   <div class='ocr_carea' id='block_1_87' title="bbox 2134 3063 2441 3122">
    <p class='ocr_par' dir='ltr' id='par_1_87' title="bbox 2134 3063 2441 3122">
     <span class='ocr_line' id='line_1_87' title="bbox 2134 3063 2441 3122; baseline 0.01 -3"><span class='ocrx_word' id='word_1_432' title='bbox 2134 3063 2441 3122; x_wconf 90' lang='lat' dir='ltr'>habentur.</span> 
     </span>
    </p>
   </div>
   <div class='ocr_carea' id='block_1_88' title="bbox 2201 3140 3815 3243">
    <p class='ocr_par' dir='ltr' id='par_1_88' title="bbox 2201 3140 3815 3243">
     <span class='ocr_line' id='line_1_88' title="bbox 2201 3140 3815 3243; baseline 0.015 -35"><span class='ocrx_word' id='word_1_433' title='bbox 2201 3155 2414 3211; x_wconf 92' lang='lat' dir='ltr'>Verum</span> <span class='ocrx_word' id='word_1_434' title='bbox 2446 3157 2590 3213; x_wconf 92' lang='lat' dir='ltr'>illud</span> <span class='ocrx_word' id='word_1_435' title='bbox 2622 3162 2910 3234; x_wconf 65' lang='lat' dir='ltr'>praecipue</span> <span class='ocrx_word' id='word_1_436' title='bbox 2940 3181 3008 3220; x_wconf 86' lang='lat' dir='ltr'>ex</span> <span class='ocrx_word' id='word_1_437' title='bbox 3037 3168 3456 3240; x_wconf 88' lang='lat' dir='ltr'>omnipotentis</span> <span class='ocrx_word' id='word_1_438' title='bbox 3489 3173 3697 3243; x_wconf 89' lang='lat' dir='ltr'>Patris,</span> <span class='ocrx_word' id='word_1_439' title='bbox 3733 3140 3815 3232; x_wconf 20' lang='lat' dir='ltr'>et!</span> 
     </span>
    </p>
   </div>
   <div class='ocr_carea' id='block_1_89' title="bbox 2053 3223 3790 3334">
    <p class='ocr_par' dir='ltr' id='par_1_89' title="bbox 2053 3223 3790 3334">
     <span class='ocr_line' id='line_1_89' title="bbox 2053 3223 3790 3334; baseline 0.016 -39"><span class='ocrx_word' id='word_1_440' title='bbox 2053 3223 2095 3290; x_wconf 63' lang='grc' dir='ltr'>(ἶ</span> <span class='ocrx_word' id='word_1_441' title='bbox 2133 3243 2282 3316; x_wconf 85' lang='lat' dir='ltr'>Filii,</span> <span class='ocrx_word' id='word_1_442' title='bbox 2300 3250 2355 3300; x_wconf 89' lang='lat' dir='ltr'>et</span> <span class='ocrx_word' id='word_1_443' title='bbox 2375 3223 2642 3318; x_wconf 48' lang='lat' dir='ltr'>Spiritus.</span> <span class='ocrx_word' id='word_1_444' title='bbox 2657 3223 2844 3307; x_wconf 76' lang='lat' dir='ltr'>sancti</span> <span class='ocrx_word' id='word_1_445' title='bbox 2875 3223 3790 3334; x_wconf 74' lang='lat' dir='ltr'>auctoritate,</span> 
     </span>
    </p>
   </div>
   <div class='ocr_carea' id='block_1_90' title="bbox 2128 3331 3785 3425">
    <p class='ocr_par' dir='ltr' id='par_1_90' title="bbox 2128 3331 3785 3425">
     <span class='ocr_line' id='line_1_90' title="bbox 2128 3331 3785 3425; baseline 0.016 -39"><span class='ocrx_word' id='word_1_446' title='bbox 2128 3331 2284 3405; x_wconf 89' lang='lat' dir='ltr'>ginis</span> <span class='ocrx_word' id='word_1_447' title='bbox 2317 3334 2725 3394; x_wconf 89' lang='lat' dir='ltr'>interdictione</span> <span class='ocrx_word' id='word_1_448' title='bbox 2754 3342 3055 3415; x_wconf 90' lang='lat' dir='ltr'>prohibeo,</span> <span class='ocrx_word' id='word_1_449' title='bbox 3077 3350 3132 3401; x_wconf 89' lang='lat' dir='ltr'>et</span> <span class='ocrx_word' id='word_1_450' title='bbox 3164 3331 3461 3407; x_wconf 76' lang='lat' dir='ltr'>universis</span> <span class='ocrx_word' id='word_1_451' title='bbox 3477 3354 3639 3425; x_wconf 84' lang='lat' dir='ltr'>regni</span> <span class='ocrx_word' id='word_1_452' title='bbox 3665 3356 3785 3412; x_wconf 87' lang='lat' dir='ltr'>mei</span> 
     </span>
    </p>
   </div>
   <div class='ocr_carea' id='block_1_91' title="bbox 2125 3423 3789 3516">
    <p class='ocr_par' dir='ltr' id='par_1_91' title="bbox 2125 3423 3789 3516">
     <span class='ocr_line' id='line_1_91' title="bbox 2125 3423 3789 3516; baseline 0.017 -42"><span class='ocrx_word' id='word_1_453' title='bbox 2125 3423 2454 3494; x_wconf 60' lang='lat' dir='ltr'>prepositis</span> <span class='ocrx_word' id='word_1_454' title='bbox 2485 3430 2542 3480; x_wconf 90' lang='lat' dir='ltr'>et</span> <span class='ocrx_word' id='word_1_455' title='bbox 2569 3427 2924 3498; x_wconf 89' lang='lat' dir='ltr'>primatibus</span> <span class='ocrx_word' id='word_1_456' title='bbox 2957 3449 3133 3506; x_wconf 90' lang='lat' dir='ltr'>super</span> <span class='ocrx_word' id='word_1_457' title='bbox 3157 3453 3326 3494; x_wconf 92' lang='lat' dir='ltr'>suam</span> <span class='ocrx_word' id='word_1_458' title='bbox 3357 3423 3607 3498; x_wconf 78' lang='lat' dir='ltr'>salutem</span> <span class='ocrx_word' id='word_1_459' title='bbox 3639 3459 3789 3516; x_wconf 68' lang='lat' dir='ltr'>pren-</span> 
     </span>
    </p>
   </div>
   <div class='ocr_carea' id='block_1_92' title="bbox 2123 3511 3783 3590">
    <p class='ocr_par' dir='ltr' id='par_1_92' title="bbox 2123 3511 3783 3590">
     <span class='ocr_line' id='line_1_92' title="bbox 2123 3511 3783 3590; baseline 0.016 -26"><span class='ocrx_word' id='word_1_460' title='bbox 2123 3511 2294 3582; x_wconf 91' lang='lat' dir='ltr'>cipio,</span> <span class='ocrx_word' id='word_1_461' title='bbox 2323 3518 2388 3568; x_wconf 90' lang='lat' dir='ltr'>ut</span> <span class='ocrx_word' id='word_1_462' title='bbox 2418 3513 2618 3572; x_wconf 91' lang='lat' dir='ltr'>nullus</span> <span class='ocrx_word' id='word_1_463' title='bbox 2649 3517 2887 3576; x_wconf 89' lang='lat' dir='ltr'>omnino</span> <span class='ocrx_word' id='word_1_464' title='bbox 2933 3521 3095 3579; x_wconf 90' lang='lat' dir='ltr'>illam</span> <span class='ocrx_word' id='word_1_465' title='bbox 3143 3525 3398 3584; x_wconf 88' lang='lat' dir='ltr'>insulam</span> <span class='ocrx_word' id='word_1_466' title='bbox 3430 3511 3659 3588; x_wconf 71' lang='lat' dir='ltr'>intrare</span> <span class='ocrx_word' id='word_1_467' title='bbox 3680 3551 3783 3590; x_wconf 87' lang='lat' dir='ltr'>au-</span> 
     </span>
    </p>
   </div>
   <div class='ocr_carea' id='block_1_93' title="bbox 2123 3599 3779 3690">
    <p class='ocr_par' dir='ltr' id='par_1_93' title="bbox 2123 3599 3779 3690">
     <span class='ocr_line' id='line_1_93' title="bbox 2123 3599 3779 3690; baseline 0.016 -37"><span class='ocrx_word' id='word_1_468' title='bbox 2123 3599 2274 3664; x_wconf 88' lang='lat' dir='ltr'>deat,</span> <span class='ocrx_word' id='word_1_469' title='bbox 2298 3602 2706 3677; x_wconf 89' lang='lat' dir='ltr'>cujuscunque</span> <span class='ocrx_word' id='word_1_470' title='bbox 2761 3609 3004 3680; x_wconf 81' lang='lat' dir='ltr'>ordinis,</span> <span class='ocrx_word' id='word_1_471' title='bbox 3030 3616 3131 3668; x_wconf 91' lang='lat' dir='ltr'>aut</span> <span class='ocrx_word' id='word_1_472' title='bbox 3179 3615 3482 3688; x_wconf 90' lang='lat' dir='ltr'>dignitatis</span> <span class='ocrx_word' id='word_1_473' title='bbox 3514 3620 3618 3690; x_wconf 88' lang='lat' dir='ltr'>sit;</span> <span class='ocrx_word' id='word_1_474' title='bbox 3671 3624 3779 3680; x_wconf 91' lang='lat' dir='ltr'>sed</span> 
     </span>
    </p>
   </div>
   <div class='ocr_carea' id='block_1_94' title="bbox 2121 3690 3780 3773">
    <p class='ocr_par' dir='ltr' id='par_1_94' title="bbox 2121 3690 3780 3773">
     <span class='ocr_line' id='line_1_94' title="bbox 2121 3690 3780 3773; baseline 0.016 -32"><span class='ocrx_word' id='word_1_475' title='bbox 2121 3690 2337 3757; x_wconf 89' lang='lat' dir='ltr'>omnia,</span> <span class='ocrx_word' id='word_1_476' title='bbox 2362 3695 2482 3747; x_wconf 90' lang='lat' dir='ltr'>tam</span> <span class='ocrx_word' id='word_1_477' title='bbox 2513 3691 2571 3747; x_wconf 90' lang='lat' dir='ltr'>in</span> <span class='ocrx_word' id='word_1_478' title='bbox 2605 3694 3019 3756; x_wconf 85' lang='lat' dir='ltr'>ecclesiasticis</span> <span class='ocrx_word' id='word_1_479' title='bbox 3050 3717 3228 3773; x_wconf 90' lang='lat' dir='ltr'>quam</span> <span class='ocrx_word' id='word_1_480' title='bbox 3281 3704 3342 3760; x_wconf 92' lang='lat' dir='ltr'>in</span> <span class='ocrx_word' id='word_1_481' title='bbox 3395 3708 3780 3770; x_wconf 68' lang='lat' dir='ltr'>saecularibus</span> 
     </span>
    </p>
   </div>
   <div class='ocr_carea' id='block_1_95' title="bbox 2119 3777 3776 3865">
    <p class='ocr_par' dir='ltr' id='par_1_95' title="bbox 2119 3777 3776 3865">
     <span class='ocr_line' id='line_1_95' title="bbox 2119 3777 3776 3865; baseline 0.016 -35"><span class='ocrx_word' id='word_1_482' title='bbox 2119 3777 2332 3848; x_wconf 91' lang='lat' dir='ltr'>causis,</span> <span class='ocrx_word' id='word_1_483' title='bbox 2367 3784 2776 3840; x_wconf 84' lang='lat' dir='ltr'>tantummodo</span> <span class='ocrx_word' id='word_1_484' title='bbox 2825 3787 3050 3844; x_wconf 86' lang='lat' dir='ltr'>abbatis</span> <span class='ocrx_word' id='word_1_485' title='bbox 3073 3790 3390 3865; x_wconf 91' lang='lat' dir='ltr'>judicium,</span> <span class='ocrx_word' id='word_1_486' title='bbox 3424 3801 3480 3851; x_wconf 92' lang='lat' dir='ltr'>et</span> <span class='ocrx_word' id='word_1_487' title='bbox 3524 3814 3776 3856; x_wconf 89' lang='lat' dir='ltr'>conven-</span> 
     </span>
    </p>
   </div>
   <div class='ocr_carea' id='block_1_96' title="bbox 2117 3869 3772 3958">
    <p class='ocr_par' dir='ltr' id='par_1_96' title="bbox 2117 3869 3772 3958">
     <span class='ocr_line' id='line_1_96' title="bbox 2117 3869 3772 3958; baseline 0.016 -38"><span class='ocrx_word' id='word_1_488' title='bbox 2117 3869 2212 3921; x_wconf 92' lang='lat' dir='ltr'>tus</span> <span class='ocrx_word' id='word_1_489' title='bbox 2243 3874 2594 3941; x_wconf 85' lang='lat' dir='ltr'>exspectent,</span> <span class='ocrx_word' id='word_1_490' title='bbox 2621 3873 2790 3928; x_wconf 91' lang='lat' dir='ltr'>sicuti</span> <span class='ocrx_word' id='word_1_491' title='bbox 2815 3877 3268 3947; x_wconf 75' lang='lat' dir='ltr'>praedeccssores</span> <span class='ocrx_word' id='word_1_492' title='bbox 3290 3885 3402 3939; x_wconf 91' lang='lat' dir='ltr'>mei</span> <span class='ocrx_word' id='word_1_493' title='bbox 3426 3893 3772 3958; x_wconf 79' lang='lat' dir='ltr'>sanxerunt,</span> 
     </span>
    </p>
   </div>
   <div class='ocr_carea' id='block_1_97' title="bbox 2115 3955 3770 4046">
    <p class='ocr_par' dir='ltr' id='par_1_97' title="bbox 2115 3955 3770 4046">
     <span class='ocr_line' id='line_1_97' title="bbox 2115 3955 3770 4046; baseline 0.016 -38"><span class='ocrx_word' id='word_1_494' title='bbox 2115 3959 2170 4008; x_wconf 91' lang='lat' dir='ltr'>et</span> <span class='ocrx_word' id='word_1_495' title='bbox 2208 3955 2524 4030; x_wconf 90' lang='lat' dir='ltr'>privilegiis</span> <span class='ocrx_word' id='word_1_496' title='bbox 2556 3962 3062 4032; x_wconf 84' lang='lat' dir='ltr'>confirmaverunt,</span> <span class='ocrx_word' id='word_1_497' title='bbox 3105 3968 3410 4029; x_wconf 84' lang='lat' dir='ltr'>Cenwines</span> <span class='ocrx_word' id='word_1_498' title='bbox 3465 3975 3613 4046; x_wconf 90' lang='lat' dir='ltr'>Ines,</span> <span class='ocrx_word' id='word_1_499' title='bbox 3653 3955 3770 4033; x_wconf 47' lang='lat' dir='ltr'>Cu;</span> 
     </span>
    </p>
   </div>
   <div class='ocr_carea' id='block_1_98' title="bbox 2115 4042 3769 4126">
    <p class='ocr_par' dir='ltr' id='par_1_98' title="bbox 2115 4042 3769 4126">
     <span class='ocr_line' id='line_1_98' title="bbox 2115 4042 3769 4126; baseline 0.018 -31"><span class='ocrx_word' id='word_1_500' title='bbox 2115 4042 2378 4112; x_wconf 89' lang='lat' dir='ltr'>thredus,</span> <span class='ocrx_word' id='word_1_501' title='bbox 2423 4046 2712 4115; x_wconf 90' lang='lat' dir='ltr'>Ailredus,</span> <span class='ocrx_word' id='word_1_502' title='bbox 2762 4049 3050 4119; x_wconf 84' lang='lat' dir='ltr'>Alfredus,</span> <span class='ocrx_word' id='word_1_503' title='bbox 3101 4056 3449 4126; x_wconf 86' lang='lat' dir='ltr'>Edwardus,</span> <span class='ocrx_word' id='word_1_504' title='bbox 3482 4042 3769 4123; x_wconf 65' lang='lat' dir='ltr'>Ethelre-</span> 
     </span>
    </p>
   </div>
   <div class='ocr_carea' id='block_1_99' title="bbox 2115 4131 3776 4220">
    <p class='ocr_par' dir='ltr' id='par_1_99' title="bbox 2115 4131 3776 4220">
     <span class='ocr_line' id='line_1_99' title="bbox 2115 4131 3776 4220; baseline 0.017 -36"><span class='ocrx_word' id='word_1_505' title='bbox 2115 4131 2245 4199; x_wconf 93' lang='lat' dir='ltr'>dus,</span> <span class='ocrx_word' id='word_1_506' title='bbox 2279 4132 2574 4200; x_wconf 86' lang='lat' dir='ltr'>Alstanus,</span> <span class='ocrx_word' id='word_1_507' title='bbox 2604 4140 2660 4190; x_wconf 92' lang='lat' dir='ltr'>et</span> <span class='ocrx_word' id='word_1_508' title='bbox 2691 4135 3154 4208; x_wconf 87' lang='lat' dir='ltr'>gloriosissimus</span> <span class='ocrx_word' id='word_1_509' title='bbox 3196 4145 3560 4220; x_wconf 90' lang='lat' dir='ltr'>Edmundus,</span> <span class='ocrx_word' id='word_1_510' title='bbox 3594 4159 3650 4211; x_wconf 91' lang='lat' dir='ltr'>et</span> <span class='ocrx_word' id='word_1_511' title='bbox 3679 4155 3776 4212; x_wconf 86' lang='lat' dir='ltr'>in-</span> 
     </span>
    </p>
   </div>
   <div class='ocr_carea' id='block_1_100' title="bbox 2114 4218 2905 4296">
    <p class='ocr_par' dir='ltr' id='par_1_100' title="bbox 2114 4218 2905 4296">
     <span class='ocr_line' id='line_1_100' title="bbox 2114 4218 2905 4296; baseline 0.01 -24"><span class='ocrx_word' id='word_1_512' title='bbox 2114 4218 2591 4291; x_wconf 89' lang='lat' dir='ltr'>incomparabilis</span> <span class='ocrx_word' id='word_1_513' title='bbox 2621 4224 2905 4296; x_wconf 88' lang='lat' dir='ltr'>Edgarus.</span> 
     </span>
    </p>
   </div>
   <div class='ocr_carea' id='block_1_101' title="bbox 2183 4325 3774 4412">
    <p class='ocr_par' dir='ltr' id='par_1_101' title="bbox 2183 4325 3774 4412">
     <span class='ocr_line' id='line_1_101' title="bbox 2183 4325 3774 4412; baseline 0.017 -31"><span class='ocrx_word' id='word_1_514' title='bbox 2183 4325 2240 4381; x_wconf 91' lang='lat' dir='ltr'>Si</span> <span class='ocrx_word' id='word_1_515' title='bbox 2274 4326 2408 4396; x_wconf 89' lang='lat' dir='ltr'>quis</span> <span class='ocrx_word' id='word_1_516' title='bbox 2438 4331 2631 4384; x_wconf 88' lang='lat' dir='ltr'>autem</span> <span class='ocrx_word' id='word_1_517' title='bbox 2665 4331 2872 4401; x_wconf 88' lang='lat' dir='ltr'>quovis</span> <span class='ocrx_word' id='word_1_518' title='bbox 2912 4333 3186 4407; x_wconf 91' lang='lat' dir='ltr'>deinceps</span> <span class='ocrx_word' id='word_1_519' title='bbox 3227 4342 3487 4412; x_wconf 86' lang='lat' dir='ltr'>tempore</span> <span class='ocrx_word' id='word_1_520' title='bbox 3519 4348 3627 4404; x_wconf 92' lang='lat' dir='ltr'>sub</span> <span class='ocrx_word' id='word_1_521' title='bbox 3662 4353 3774 4408; x_wconf 86' lang='lat' dir='ltr'>ali-</span> 
     </span>
    </p>
   </div>
   <div class='ocr_carea' id='block_1_102' title="bbox 2110 4415 3772 4499">
    <p class='ocr_par' dir='ltr' id='par_1_102' title="bbox 2110 4415 3772 4499">
     <span class='ocr_line' id='line_1_102' title="bbox 2110 4415 3772 4499; baseline 0.019 -32"><span class='ocrx_word' id='word_1_522' title='bbox 2110 4430 2229 4484; x_wconf 89' lang='lat' dir='ltr'>qua</span> <span class='ocrx_word' id='word_1_523' title='bbox 2257 4415 2562 4472; x_wconf 87' lang='lat' dir='ltr'>occasione</span> <span class='ocrx_word' id='word_1_524' title='bbox 2620 4418 3046 4494; x_wconf 89' lang='lat' dir='ltr'>interrumpere</span> <span class='ocrx_word' id='word_1_525' title='bbox 3089 4430 3264 4499; x_wconf 89' lang='lat' dir='ltr'>atque</span> <span class='ocrx_word' id='word_1_526' title='bbox 3294 4429 3525 4490; x_wconf 89' lang='lat' dir='ltr'>irritum</span> <span class='ocrx_word' id='word_1_527' title='bbox 3579 4437 3772 4498; x_wconf 84' lang='lat' dir='ltr'>facere</span> 
     </span>
    </p>
   </div>
   <div class='ocr_carea' id='block_1_103' title="bbox 2113 4503 3772 4594">
    <p class='ocr_par' dir='ltr' id='par_1_103' title="bbox 2113 4503 3772 4594">
     <span class='ocr_line' id='line_1_103' title="bbox 2113 4503 3772 4594; baseline 0.017 -36"><span class='ocrx_word' id='word_1_528' title='bbox 2113 4503 2294 4574; x_wconf 89' lang='lat' dir='ltr'>hujus</span> <span class='ocrx_word' id='word_1_529' title='bbox 2351 4505 2635 4578; x_wconf 88' lang='lat' dir='ltr'>privilegii</span> <span class='ocrx_word' id='word_1_530' title='bbox 2692 4511 3110 4569; x_wconf 89' lang='lat' dir='ltr'>testamentum</span> <span class='ocrx_word' id='word_1_531' title='bbox 3169 4517 3336 4575; x_wconf 91' lang='lat' dir='ltr'>nisus</span> <span class='ocrx_word' id='word_1_532' title='bbox 3391 4521 3586 4594; x_wconf 86' lang='lat' dir='ltr'>fuerit,</span> <span class='ocrx_word' id='word_1_533' title='bbox 3620 4528 3772 4588; x_wconf 87' lang='lat' dir='ltr'>sita</span> 
     </span>
    </p>
   </div>
   <div class='ocr_carea' id='block_1_104' title="bbox 2034 4593 3768 4681">
    <p class='ocr_par' dir='ltr' id='par_1_104' title="bbox 2034 4593 3768 4681">
     <span class='ocr_line' id='line_1_104' title="bbox 2034 4593 3768 4681; baseline 0.016 -35"><span class='ocrx_word' id='word_1_534' title='bbox 2034 4617 2080 4681; x_wconf 84' lang='lat' dir='ltr'><strong>D</strong></span> <span class='ocrx_word' id='word_1_535' title='bbox 2113 4593 2408 4649; x_wconf 90' lang='lat' dir='ltr'>consortio</span> <span class='ocrx_word' id='word_1_536' title='bbox 2441 4594 2674 4667; x_wconf 90' lang='lat' dir='ltr'>piorum</span> <span class='ocrx_word' id='word_1_537' title='bbox 2722 4597 2913 4655; x_wconf 90' lang='lat' dir='ltr'>ultimi</span> <span class='ocrx_word' id='word_1_538' title='bbox 2964 4604 3251 4662; x_wconf 82' lang='lat' dir='ltr'>examinis</span> <span class='ocrx_word' id='word_1_539' title='bbox 3301 4593 3621 4671; x_wconf 87' lang='lat' dir='ltr'>ventilabro</span> <span class='ocrx_word' id='word_1_540' title='bbox 3675 4618 3768 4673; x_wconf 90' lang='lat' dir='ltr'>di-</span> 
     </span>
    </p>
   </div>
   <div class='ocr_carea' id='block_1_105' title="bbox 2112 4683 3764 4764">
    <p class='ocr_par' dir='ltr' id='par_1_105' title="bbox 2112 4683 3764 4764">
     <span class='ocr_line' id='line_1_105' title="bbox 2112 4683 3764 4764; baseline 0.017 -28"><span class='ocrx_word' id='word_1_541' title='bbox 2112 4683 2413 4754; x_wconf 89' lang='lat' dir='ltr'>spertitus.</span> <span class='ocrx_word' id='word_1_542' title='bbox 2437 4684 2496 4740; x_wconf 91' lang='lat' dir='ltr'>Si</span> <span class='ocrx_word' id='word_1_543' title='bbox 2529 4686 2661 4756; x_wconf 91' lang='lat' dir='ltr'>quis</span> <span class='ocrx_word' id='word_1_544' title='bbox 2693 4703 2823 4743; x_wconf 91' lang='lat' dir='ltr'>vero</span> <span class='ocrx_word' id='word_1_545' title='bbox 2855 4689 3132 4750; x_wconf 87' lang='lat' dir='ltr'>benevola</span> <span class='ocrx_word' id='word_1_546' title='bbox 3169 4695 3494 4758; x_wconf 90' lang='lat' dir='ltr'>intentione</span> <span class='ocrx_word' id='word_1_547' title='bbox 3525 4703 3644 4761; x_wconf 61' lang='lat' dir='ltr'>hac</span> <span class='ocrx_word' id='word_1_548' title='bbox 3677 4707 3764 4764; x_wconf 86' lang='lat' dir='ltr'>fa-</span> 
     </span>
    </p>
   </div>
   <div class='ocr_carea' id='block_1_106' title="bbox 2107 4773 3761 4854">
    <p class='ocr_par' dir='ltr' id='par_1_106' title="bbox 2107 4773 3761 4854">
     <span class='ocr_line' id='line_1_106' title="bbox 2107 4773 3761 4854; baseline 0.017 -28"><span class='ocrx_word' id='word_1_549' title='bbox 2107 4788 2254 4842; x_wconf 85' lang='lat' dir='ltr'>cere,</span> <span class='ocrx_word' id='word_1_550' title='bbox 2274 4773 2536 4844; x_wconf 86' lang='lat' dir='ltr'>probare,</span> <span class='ocrx_word' id='word_1_551' title='bbox 2552 4779 2609 4830; x_wconf 89' lang='lat' dir='ltr'>et</span> <span class='ocrx_word' id='word_1_552' title='bbox 2627 4775 2931 4836; x_wconf 81' lang='lat' dir='ltr'>defensare</span> <span class='ocrx_word' id='word_1_553' title='bbox 2952 4783 3264 4854; x_wconf 88' lang='lat' dir='ltr'>studuerit,</span> <span class='ocrx_word' id='word_1_554' title='bbox 3287 4788 3635 4850; x_wconf 62' lang='lat' dir='ltr'>beatissima</span> <span class='ocrx_word' id='word_1_555' title='bbox 3659 4798 3761 4853; x_wconf 89' lang='lat' dir='ltr'>Dei</span> 
     </span>
    </p>
   </div>
   <div class='ocr_carea' id='block_1_107' title="bbox 2106 4861 3761 4941">
    <p class='ocr_par' dir='ltr' id='par_1_107' title="bbox 2106 4861 3761 4941">
     <span class='ocr_line' id='line_1_107' title="bbox 2106 4861 3761 4941; baseline 0.016 -26"><span class='ocrx_word' id='word_1_556' title='bbox 2106 4861 2407 4931; x_wconf 87' lang='lat' dir='ltr'>genitricis</span> <span class='ocrx_word' id='word_1_557' title='bbox 2439 4863 2631 4920; x_wconf 76' lang='lat' dir='ltr'>Mariae</span> <span class='ocrx_word' id='word_1_558' title='bbox 2661 4870 2717 4921; x_wconf 89' lang='lat' dir='ltr'>et</span> <span class='ocrx_word' id='word_1_559' title='bbox 2739 4867 3004 4925; x_wconf 91' lang='lat' dir='ltr'>omnium</span> <span class='ocrx_word' id='word_1_560' title='bbox 3036 4876 3372 4934; x_wconf 90' lang='lat' dir='ltr'>sanctorum</span> <span class='ocrx_word' id='word_1_561' title='bbox 3394 4879 3761 4941; x_wconf 87' lang='lat' dir='ltr'>intercessio-</span> 
     </span>
    </p>
   </div>
   <div class='ocr_carea' id='block_1_108' title="bbox 2107 4951 3757 5032">
    <p class='ocr_par' dir='ltr' id='par_1_108' title="bbox 2107 4951 3757 5032">
     <span class='ocr_line' id='line_1_108' title="bbox 2107 4951 3757 5032; baseline 0.018 -29"><span class='ocrx_word' id='word_1_562' title='bbox 2107 4966 2198 5019; x_wconf 87' lang='lat' dir='ltr'>ne,</span> <span class='ocrx_word' id='word_1_563' title='bbox 2231 4951 2548 5024; x_wconf 84' lang='lat' dir='ltr'>ampliﬁcet</span> <span class='ocrx_word' id='word_1_564' title='bbox 2577 4954 2731 5011; x_wconf 88' lang='lat' dir='ltr'>Deus</span> <span class='ocrx_word' id='word_1_565' title='bbox 2770 4958 3097 5027; x_wconf 88' lang='lat' dir='ltr'>portionem</span> <span class='ocrx_word' id='word_1_566' title='bbox 3129 4963 3258 5032; x_wconf 91' lang='lat' dir='ltr'>ejus</span> <span class='ocrx_word' id='word_1_567' title='bbox 3287 4965 3348 5022; x_wconf 91' lang='lat' dir='ltr'>in</span> <span class='ocrx_word' id='word_1_568' title='bbox 3378 4972 3533 5027; x_wconf 87' lang='lat' dir='ltr'>terra</span> <span class='ocrx_word' id='word_1_569' title='bbox 3560 4973 3757 5032; x_wconf 87' lang='lat' dir='ltr'>viven-</span> 
     </span>
    </p>
   </div>
   <div class='ocr_carea' id='block_1_109' title="bbox 2103 5040 3752 5135">
    <p class='ocr_par' dir='ltr' id='par_1_109' title="bbox 2103 5040 3752 5135">
     <span class='ocr_line' id='line_1_109' title="bbox 2103 5040 3752 5135; baseline 0.018 -43"><span class='ocrx_word' id='word_1_570' title='bbox 2103 5040 2271 5094; x_wconf 90' lang='lat' dir='ltr'>tium.</span> <span class='ocrx_word' id='word_1_571' title='bbox 2306 5042 2531 5114; x_wconf 89' lang='lat' dir='ltr'>Scripta</span> <span class='ocrx_word' id='word_1_572' title='bbox 2561 5048 2650 5099; x_wconf 90' lang='lat' dir='ltr'>est</span> <span class='ocrx_word' id='word_1_573' title='bbox 2694 5044 2873 5115; x_wconf 90' lang='lat' dir='ltr'>hujus</span> <span class='ocrx_word' id='word_1_574' title='bbox 2904 5047 3190 5122; x_wconf 87' lang='lat' dir='ltr'>privilegii</span> <span class='ocrx_word' id='word_1_575' title='bbox 3234 5054 3489 5129; x_wconf 87' lang='lat' dir='ltr'>donatio,</span> <span class='ocrx_word' id='word_1_576' title='bbox 3524 5066 3580 5117; x_wconf 88' lang='lat' dir='ltr'>et</span> <span class='ocrx_word' id='word_1_577' title='bbox 3620 5081 3752 5135; x_wconf 87' lang='lat' dir='ltr'>pro-</span> 
     </span>
    </p>
   </div>
   <div class='ocr_carea' id='block_1_110' title="bbox 2104 5128 3751 5227">
    <p class='ocr_par' dir='ltr' id='par_1_110' title="bbox 2104 5128 3751 5227">
     <span class='ocr_line' id='line_1_110' title="bbox 2104 5128 3751 5227; baseline 0.016 -44"><span class='ocrx_word' id='word_1_578' title='bbox 2104 5128 2364 5201; x_wconf 88' lang='lat' dir='ltr'>mulgata</span> <span class='ocrx_word' id='word_1_579' title='bbox 2394 5131 2453 5186; x_wconf 92' lang='lat' dir='ltr'>in</span> <span class='ocrx_word' id='word_1_580' title='bbox 2503 5132 2719 5204; x_wconf 90' lang='lat' dir='ltr'>Lignea</span> <span class='ocrx_word' id='word_1_581' title='bbox 2771 5134 3016 5191; x_wconf 87' lang='lat' dir='ltr'>basilica</span> <span class='ocrx_word' id='word_1_582' title='bbox 3067 5141 3176 5194; x_wconf 92' lang='lat' dir='ltr'>sub</span> <span class='ocrx_word' id='word_1_583' title='bbox 3234 5128 3543 5215; x_wconf 68' lang='lat' dir='ltr'>praesentia</span> <span class='ocrx_word' id='word_1_584' title='bbox 3599 5128 3751 5227; x_wconf 70' lang='lat' dir='ltr'>regis</span> 
     </span>
    </p>
   </div>
   <div class='ocr_carea' id='block_1_111' title="bbox 2103 5217 3750 5312">
    <p class='ocr_par' dir='ltr' id='par_1_111' title="bbox 2103 5217 3750 5312">
     <span class='ocr_line' id='line_1_111' title="bbox 2103 5217 3750 5312; baseline 0.01 -41"><span class='ocrx_word' id='word_1_585' title='bbox 2103 5217 2404 5288; x_wconf 87' lang='lat' dir='ltr'>Cnutonis,</span> <span class='ocrx_word' id='word_1_586' title='bbox 2461 5237 2612 5277; x_wconf 88' lang='lat' dir='ltr'>anno</span> <span class='ocrx_word' id='word_1_587' title='bbox 2666 5223 2737 5278; x_wconf 87' lang='lat' dir='ltr'>ab</span> <span class='ocrx_word' id='word_1_588' title='bbox 2798 5224 3025 5282; x_wconf 89' lang='lat' dir='ltr'>Incarn.</span> <span class='ocrx_word' id='word_1_589' title='bbox 3082 5227 3382 5294; x_wconf 85' lang='lat' dir='ltr'>Dominica</span> <span class='ocrx_word' id='word_1_590' title='bbox 3436 5241 3602 5312; x_wconf 82' lang='lat'>1032,</span> <span class='ocrx_word' id='word_1_591' title='bbox 3658 5217 3750 5300; x_wconf 62' lang='lat' dir='ltr'>in.</span> 
     </span>
    </p>
   </div>
   <div class='ocr_carea' id='block_1_112' title="bbox 2101 5306 2335 5363">
    <p class='ocr_par' dir='ltr' id='par_1_112' title="bbox 2101 5306 2335 5363">
     <span class='ocr_line' id='line_1_112' title="bbox 2101 5306 2335 5363; baseline 0.004 -1"><span class='ocrx_word' id='word_1_592' title='bbox 2101 5306 2335 5363; x_wconf 90' lang='lat' dir='ltr'>dict.....</span> 
     </span>
    </p>
   </div>
  </div>
