3962 6408
149 396 305 462 1-189
1264 396 1331 466 S.
1376 399 1713 465 EDWARD

1999 402 2156 468 REX
2196 404 2430 471 ANGL.
3396 404 3563 473 H90

1197 689 2504 826 ΜΑαοΑΒλΕυε

1530 917 1689 977 REX
1731 917 2154 980 SCOTORUM
2166 962 2181 977 .

865 1163 1454 1253 MACCABZEI
1513 1165 1878 1254 LEGES
1949 1112 2842 1257 ECCLESIASTICE.

1342 1342 1407 1403 Ε
1434 1342 1819 1405 saecularibus
1845 1345 1966 1405 suis
1995 1343 2379 1427 depromptae.

443 1499 677 1570 (MANSI,
712 1501 915 1558 Concil.
947 1505 989 1558 t.
1019 1502 1156 1573 XIX,
1192 1518 1261 1559 ex
1289 1502 1531 1560 Hectore
1559 1503 1777 1577 Boetio,
1809 1506 1946 1561 Hist.
1979 1504 2081 1562 lib.
2114 1523 2216 1576 xu,
2250 1506 2352 1580 qui
2380 1505 2488 1562 has
2519 1507 2696 1563 refert
2724 1508 2796 1564 ad
2826 1523 3048 1564 annum
3083 1507 3263 1581 1050).

1647 1664 2071 1676 -----.-.-..-....

210 1757 445 1816 Christo
467 1758 762 1817 initiatum
784 1761 856 1817 ad
880 1762 1190 1834 profanum
1205 1762 1468 1834 judicem
1492 1780 1606 1819 non
1628 1780 1794 1821 voca-
1824 1774 1878 1840 Α
1913 1764 2008 1832 rit,
2036 1764 2222 1821 hostis
2251 1764 2583 1838 reipublicae
2614 1765 2888 1834 habelor;
2922 1766 3023 1840 qui
3047 1781 3182 1824 vero
3196 1767 3345 1824 duos
3376 1784 3561 1825 annos

137 1853 197 1904 to
216 1853 509 1918 ;vocatum
526 1852 1029 1922 comparentcmve
1050 1851 1577 1923 nonjudicato,sed
1601 1852 1672 1908 ad
1697 1869 1795 1909 sa-
1906 1854 1965 1909 in
2008 1871 2077 1910 ea
2119 1854 2489 1910 contumacia
2537 1854 2944 1926 perseveravit,
2997 1853 3249 1913 fortunis
3286 1856 3562 1914 omnibus

138 1954 271 1994 eros
302 1938 597 1995 antistites
627 1938 930 1995 remittito.
1904 1943 2204 1999 multator.

210 2026 512 2083 Decimam
542 2031 767 2101 partem
816 2031 987 2085 terra:
1035 2028 1402 2086 nascentium
1457 2030 1793 2102 pastoribus
1977 2032 2037 2088 Si
2064 2032 2199 2105 quis
2231 2032 2767 2106 quempiam,cujus
2799 2032 2925 2106 ipse
2955 2033 3291 2106 sumptibus
3313 2038 3416 2091 aut
3443 2034 3564 2092 vic-

137 2115 522 2173 ecclesiarum
551 2115 729 2173 libere
757 2117 1342 2190 conferto,Deumque
1372 2135 1604 2192 semper
1645 2119 1796 2176 votis
1906 2126 1967 2176 tu
2001 2138 2115 2178 non
2142 2120 2320 2177 alitur
2350 2121 2713 2193 quotidiano,
2748 2123 2819 2177 ad
2851 2121 3179 2193 ecclesiam,
3209 2140 3312 2179 seu
3351 2125 3422 2180 ad
3451 2126 3563 2197 pu-’

138 2211 199 2263 et
228 2205 630 2262 oblationibus
660 2207 955 2263 consuetis
983 2209 1244 2265 adorato.
1907 2208 2122 2265 blicum
2154 2216 2524 2279 conventum,
2559 2228 2662 2268 seu
2708 2212 2778 2267 ad
2836 2212 3024 2267 forum
3073 2213 3438 2291 nundinasve
3467 2231 3561 2271 co-

209 2293 323 2361 Qui
351 2294 642 2368 pontiﬁcis
671 2297 1078 2353 auctoritatem
1120 2314 1343 2354 annum
1392 2302 1582 2355 totum
1630 2315 1797 2354 exse-
1908 2299 2149 2355 mitatus
2180 2303 2245 2355 ut
2274 2300 2499 2356 assecla
2528 2299 2724 2371 fuerit,
2753 2300 2964 2372 capitis
2995 2317 3131 2358 reus
3159 2304 3306 2359 esto.

142 2388 377 2441 cratum
408 2385 840 2457 contempserit,
873 2402 1060 2459 neque
1091 2403 1155 2444 se
1178 2386 1416 2444 interim
1461 2386 1798 2443 reconcilia-

1004 2665 1162 2794 S.
1259 2663 2385 2797 EDWARDUS
2474 2666 2701 2791 Ill

1267 2892 1425 2953 REX
1471 2890 1928 2974 ANGLORUM,
1977 2890 2439 2952 CONFESSOR

1558 3042 1701 3122 (An.
1734 3042 2139 3116 1041-1066.)

701 3299 791 3392 S.
865 3299 1455 3395 EDWABDI
1526 3299 1928 3394 LEGES
1998 3282 3010 3399 ECCLESIASTICZE

1256 3498 1305 3558 E
1335 3495 1740 3557 saecularibus
1768 3495 1897 3557 suis
1927 3494 2319 3576 depromptae
2352 3492 2456 3575 (I).

791 3646 978 3720 (Apud
1012 3646 1222 3716 MANSI,
1257 3647 1463 3704 Concil.
1494 3650 1639 3703 tom.
1670 3646 1818 3715 XIX,
1852 3645 1962 3703 col.
1996 3646 2123 3717 713,
2154 3660 2225 3701 ex
2251 3640 2598 3701 Collectione
2627 3643 2924 3717 Wilkins.)

290 3913 578 3970 TITULLI
617 3914 863 3972 LEGUM
904 3913 1634 3973 EGCLESIASTICARUM.
1818 3918 1866 3983 B
1973 3918 2174 3971 tutum.

124 4002 175 4059 Ι.
208 4001 288 4059 De
314 4002 530 4059 clericis
553 4007 607 4060 et
633 4003 1059 4076 possessionibus
1087 4020 1295 4061 eorum.
1897 4004 2017 4059 XII.
2050 4006 2125 4060 De
2150 4007 2474 4064 multimoda
2498 4021 2635 4079 pace
2665 4006 2835 4075 regis;
2855 4008 2967 4060 etc.
2998 4005 3131 4060 Item
3177 4002 3244 4059 de
3289 4001 3547 4059 manbota

121 4089 202 4145 II.
237 4089 317 4145 De
340 4090 673 4162 temporibus
700 4098 752 4147 et
775 4091 964 4148 diebus
990 4092 1141 4163 pacis
1170 4093 1334 4163 regis.
1969 4093 2385 4167 archiepiscopi,
2416 4095 2675 4167 episcopi,
2710 4096 2816 4150 etc.

123 4176 232 4235 III.
264 4178 342 4234 De
360 4179 588 4250 justilia
613 4187 824 4238 sanctae
850 4181 1111 4237 ecclesia.
1894 4181 2041 4236 XIII.
2071 4184 2146 4239 De
2174 4184 2446 4241 thesauris
2479 4185 2540 4240 in
2570 4187 2719 4239 terra
2747 4180 3075 4239 absconditis
3108 4188 3161 4237 et
3187 4180 3439 4237 inventis.

124 4266 228 4323 IV.
260 4267 338 4323 De
363 4269 633 4325 universis
664 4269 972 4325 tenentibus
992 4268 1059 4325 de
1085 4270 1326 4326 ecclesia.
1897 4269 2044 4324 XIV.
2075 4271 2217 4339 Quid
2245 4273 2318 4327 sit
2338 4276 2483 4343 regis
2511 4272 2778 4343 ofﬁcium,
2803 4274 2855 4327 et
2883 4270 2950 4326 de
2977 4269 3170 4327 Carolo
3219 4276 3272 4325 et
3314 4266 3550 4341 Pippino

121 4354 200 4411 V.
234 4356 313 4411 De
337 4357 449 4413 reis
476 4357 548 4413 ad
570 4358 853 4415 ecclesiam
879 4358 1239 4430 fugientibus.
1965 4358 2141 4427 fratre
2168 4358 2326 4431 [leg.,
2360 4359 2493 4429 ﬁlio]
2527 4360 2645 4430 ejus
2673 4359 3002 4429 exemplum.

120 4443 225 4501 VI.
259 4444 338 4501 De
358 4447 630 4517 fractione
651 4448 809 4520 pacis
836 4448 1080 4505 ecclesiae
1105 4448 1471 4520 fugientibus.
1895 4445 2010 4501 XV.
2043 4447 2118 4502 De
2156 4447 2451 4504 baronibus
2496 4450 2594 4519 qui
2635 4463 2763 4504 suas
2808 4446 3005 4503 habent
3033 4449 3217 4503 curias
3260 4456 3553 4506 consuetu-

120 4531 254 4590 νη.
287 4534 364 4589 De
391 4533 616 4592 decimis
641 4538 876 4593 ecclesiae
904 4537 1215 4607 reddendis,
1246 4536 1312 4593 de
1340 4538 1528 4593 ovibus
1563 4544 1615 4592 et
1655 4553 1786 4608 por-
1968 4534 2144 4590 dines.

202 4622 385 4679 cellis.
1895 4622 2040 4678 XVI.
2070 4624 2144 4679 De
2171 4625 2356 4679 sacha.

120 4711 286 4768 VIII.
318 4713 394 4770 De
421 4714 638 4786 apibus,
668 4723 722 4772 et
751 4716 882 4772 aliis
906 4717 1096 4772 multis
1123 4717 1357 4772 minutis
1383 4715 1629 4772 decimis.
1896 4711 2068 4767 XVII.
2092 4712 2167 4768 De
2192 4727 2337 4768 soea.

123 4800 227 4858 IX.
260 4801 338 4858 De
367 4800 453 4859 his
480 4804 578 4876 qui
604 4803 675 4860 ad
712 4804 990 4877 judicium
1032 4805 1174 4877 ferri
1226 4805 1309 4860 vel
1355 4820 1511 4877 aqua:
1546 4803 1789 4877 judicati
1894 4800 2091 4858 XVIII.
2124 4802 2201 4858 De
2227 4800 2362 4856 thol.

200 4898 336 4947 sunt
358 4907 460 4964 per
477 4892 759 4965 justitiam
786 4895 949 4965 regis.
1894 4889 2034 4946 XIX.
2067 4891 2142 4947 De
2174 4891 2373 4945 theam.

114 4979 195 5037 X.
230 4980 310 5036 De
331 4980 556 5039 denario
584 4984 764 5039 sancti
790 4984 967 5051 Petri,
998 4983 1138 5055 quod
1188 4984 1413 5055 Anglice
1454 4982 1658 5038 dicitur
1688 4984 1786 5039 Ro-
1895 4979 2008 5035 XX.
2047 4980 2116 5035 De
2146 4977 2504 5052 inlangthe/e.

204 5073 430 5129 mescot.
1895 5068 2038 5123 XXI.
2068 5070 2142 5125 De
2168 5068 2393 5125 Iudaeis.

114 5162 232 5215 XI.
266 5159 412 5229 Quid
436 5161 511 5217 sit
537 5160 918 5234 danegeldum,
948 5165 1001 5218 et
1029 5176 1141 5233 qua
1169 5162 1447 5216 occasione
1473 5161 1546 5216 sit
1582 5162 1784 5218 consti-
1816 5181 1860 5249 ρ
1897 5157 2063 5213 ΧΧΙΙ.
2097 5159 2379 5214 Decretum
2407 5157 2549 5228 regis
2577 5154 2644 5212 de
2668 5156 2967 5212 usurariis.

202 5311 281 5386 (I)
312 5312 750 5390 Pseudonymas
773 5313 883 5390 bis
911 5312 1069 5390 leges
1092 5328 1226 5390 esse
1246 5310 1545 5390 contendit
1568 5310 1782 5390 _Hickes
1891 5307 1985 5390 διο
2014 5308 2433 5390 Saxonicorum
2483 5311 2542 5364 et
2586 5307 3139 5390 Danorumnregum
3184 5307 3257 5363 ab
3306 5307 3546 5390 Edwar-

202 5325 281 5386 (t)
312 5325 582 5370 Pseuaon
623 5329 750 5370 mas
774 5325 883 5371 nas
911 5325 1069 5387 leges
1098 5328 1226 5369 esse
1246 5325 1545 5368 contendit
1571 5325 1782 5368 moues
1931 5325 1985 5365 ιο
2014 5325 2433 5364 baxomcorum
2483 5325 2542 5364 et
2586 5325 2885 5391 vanorum
2932 5325 3139 5390 regum
3184 5325 3257 5363 an
3306 5325 3546 5394 mower-

111 5331 770 5461 pissert._episto¥.,_f_ol.
800 5386 892 5454 55,
909 5388 988 5461 et
1008 5382 1203 5461 nullas
1232 5383 1626 5461 abEdyvardo
1649 5398 1782 5456 rege
1891 5325 1996 5461 ﬁo“
2022 5378 2278 5461 mutatis.
2321 5382 2379 5434 et
2435 5382 2712 5461 correctis
2768 5376 3215 5461 Intelligendum
3246 5384 3353 5461 est.
3401 5380 3546 5437 Huic

111 5456 300 5529 leges
323 5447 507 5513 fuisse
530 5447 799 5529 conditas
824 5447 1070 5529 cuilibet
1101 5459 1357 5522 constat;
1399 5454 1612 5529 idcirco
1644 5447 1780 5510 cuin
1890 5450 2216 5529 collectioni
2264 5450 2463 5529 legum
2512 5454 2643 5524 post
2682 5447 3279 5529 temporayilhelmi
3325 5450 3348 5506 Ι
3394 5467 3547 5529 quae:

112 5519 306 5605 Angli
362 5543 468 5601 per
495 5526 720 5605 aliquot
736 5519 1352 5605 principumsuorum'
1368 5528 1502 5605 post
1520 5541 1779 5605 conque-
1892 5524 2027 5605 dam
2053 5519 2458 5605 accesserunt;
2481 5519 2631 5605 liam
2659 5519 2922 5605 cupide“
2950 5519 3282 5605 Tanageldo
3315 5519 3443 5595 cap.
3480 5524 3549 5582 12

108 5592 304 5673 stum
320 5592 512 5673 regna
526 5592 670 5673 totis
701 5592 1328 5673 yiribus'adlaborasse
1368 5592 1778 5673 Hicuptur‘le-
1893 5593 2107 5670 agitur,
2140 5592 2361 5650 mentio
2388 5593 2455 5650 fit
2481 5592 2765 5652 Willelmi
2793 5592 2948 5653 Rufi.
2980 5595 3263 5650 WILKINB.

104 5684 233 5755 σθω
262 5667 541 5763 Εᾱνὶατᾱὶ
569 5670 932 5743 confessoris
960 5686 1258 5747 renovare,
1292 5671 1364 5732 de
1408 5667 1638 5747 legibus
1663 5668 1779 5729 An-
