3962 6378
424 389 574 452 1191

1770 379 2082 447 MONUM.
2130 377 2446 446 DIPLOM.

3672 373 3819 444 1192

425 521 745 601 Incipiunt
793 524 987 598 Leges
1033 518 1574 601 sanctiEdwardi
1604 518 1766 601 regis
1795 532 1951 597 quas
1999 517 2062 576 in
2094 520 2146 584 Α
2177 517 2543 571 terminetur.
2577 515 2606 570 J
2617 519 2814 570 ustum
2850 518 2938 571 est
2967 513 3123 570 enim
3169 516 3233 569 ut
3277 512 3494 587 ubique
3523 513 3679 572 Deus
3710 512 3817 587 prae

505 598 735 680 Anglia
765 602 987 673 tenuit,
1021 619 1177 678 quas
1206 599 1565 680 Willelmus
1612 598 1811 658 haeres
1862 603 1920 657 et
1970 617 2064 658 co-

505 679 735 761 gnatus
766 700 913 741 suus
946 686 1164 760 postea
1203 679 1624 739 confirmavit.

1051 812 1442 868 ΡΗᾸΞΡΑΤΙΟ.

495 914 627 970 Post
658 912 1102 984 acquisitionem
1133 911 1350 983 Anglia
1388 909 1712 965 Willelmus
1736 912 2067 980 rex,quarto

421 1021 573 1059 anno
630 1002 793 1075 regni
845 1001 959 1066 sui,
1013 1000 1254 1056 consilio
1303 999 1588 1054 baronum
1641 1013 1901 1060 suorum,
1936 996 2069 1051 fecit

420 1091 760 1148 submoueri
794 1107 895 1162 per
925 1089 1226 1144 universos
1247 1086 1466 1158 Anglia
1489 1084 2066 1155 consulatus.Anglos

420 1179 669 1246 nobiles,
723 1179 1016 1250 sapientes
1060 1182 1116 1232 et
1153 1193 1260 1232 sua
1300 1175 1424 1247 lege
1455 1175 1734 1242 eruditos,
1769 1178 1835 1229 ut
1863 1189 2064 1228 eorum

419 1271 598 1342 leges,
633 1272 690 1323 et
708 1269 865 1339 jura,
895 1272 951 1322 et
981 1264 1452 1332 consuetudines,
1497 1265 1566 1320 ab
1618 1263 1763 1336 ipsis
1811 1262 2061 1318 audiret.

419 1358 593 1414 Electi
625 1357 803 1429 igitur
826 1357 895 1411 de
924 1355 1172 1427 singulis
1214 1355 1393 1409 totius
1443 1353 1647 1424 patria
1691 1350 2064 1407 comitatibus

417 1447 522 1502 viri
546 1444 1255 1516 duodecim,jurejurando
1279 1443 1534 1514 primum
1558 1458 1752 1496 coram
1776 1456 1908 1512 rege
1933 1455 2063 1494 con-

414 1538 795 1591 ﬁrmaverunt
823 1533 1104 1605 ut,quoad
1137 1536 1394 1604 possent,
1442 1535 1597 1586 recte
1642 1530 1875 1584 tramite
1905 1528 2059 1582 ince-

416 1626 639 1692 dentes,
674 1640 777 1678 nec
809 1623 878 1678 ad
911 1624 1170 1678 dextram
1200 1638 1304 1678 nec
1326 1621 1398 1676 ad
1443 1620 1743 1675 sinistram
1776 1619 2060 1673 diverten-

415 1719 522 1780 tes,
555 1712 750 1785 legum
784 1728 1024 1767 suarum
1058 1715 1114 1765 et
1135 1707 1626 1766 consuetudinum
1647 1707 1870 1762 sancita
1901 1710 2060 1776 pate-

414 1799 842 1868 facerent,nihil
865 1800 1396 1872 pratermittentes,
1424 1796 1569 1852 nihil
1604 1793 2059 1859 adilentes,nihil

412 1892 843 1966 pravaricando
863 1890 1233 1945 mutantes.A
1250 1888 1478 1960 legibus
1501 1886 1680 1958 igitur
1705 1889 1916 1938 sancta
1941 1900 2058 1937 ma-
2087 1892 2133 1956 B

411 1983 518 2037 tris
550 1980 813 2036 Ecclesia
846 1984 1146 2036 sumentes
1174 1974 1782 2046 exordium,quoniam
1805 1991 1905 2045 per
1927 1989 2054 2027 eam

414 2087 511 2125 rex
543 2073 598 2125 et
629 2086 872 2141 regnum
906 2067 1158 2123 solidum
1193 2064 1552 2119 subsistendi
1586 2063 1803 2117 habent
1846 2061 2054 2116 funda-

412 2164 675 2214 mentum
708 2157 886 2231 leges,
911 2157 1230 2222 libertates,
1265 2158 1320 2210 et
1351 2169 1553 2225 pacem
1602 2153 1790 2223 ipsius
1829 2149 2052 2206 concio-

409 2249 530 2303 nati
564 2251 719 2316 sunt,
753 2246 1013 2301 dicentes
1048 2262 1060 2300 :

813 2369 1037 2425 LEGES
1078 2366 1660 2422 ECCLESIASTIC/E.

480 2474 524 2526 Ι.
559 2469 762 2525 Omnis
795 2467 1058 2533 clericus,
1093 2470 1149 2520 et
1197 2465 1372 2519 etiam
1427 2463 1728 2530 scholaris,
1764 2466 1821 2517 et
1851 2479 2054 2518 omnes

410 2573 612 2615 eorum
646 2575 737 2613 res
769 2560 826 2612 et
853 2553 1276 2628 possessiones,
1308 2553 1643 2623 ubicunque
1683 2551 1916 2618 fuerint,
1951 2568 2052 2623 pa-

410 2666 534 2704 cem
570 2647 668 2702 Dei
701 2651 757 2700 et
786 2649 998 2701 sancta
1022 2642 1288 2698 Ecclesia
1318 2642 1589 2698 habeant.

479 2737 639 2791 II.Ab
667 2735 932 2788 Adventu
966 2732 1198 2787 Domini
1233 2749 1416 2803 usque
1446 2732 1517 2786 ad
1550 2736 1778 2787 octavas
1800 2730 2050 2803 Epipha-

409 2826 520 2880 nia
547 2841 654 2895 pax
686 2821 788 2877 Dei
819 2825 875 2876 et
913 2825 1124 2877 sancta
1159 2820 1422 2876 Ecclesia:
1454 2837 1554 2892 per
1584 2837 1753 2875 omne
1785 2837 2047 2892 regnum.

407 2912 686 2966 Similiter
709 2910 1195 2982 aSeptuagesima
1225 2927 1409 2982 usque
1440 2910 1509 2964 ad
1543 2913 1772 2964 octavas
1795 2908 2048 2964 Pascha.

409 3002 551 3055 Item
583 2999 654 3053 ab
688 2999 1036 3054 Ascensione
1067 2998 1296 3053 Domini
1332 3016 1516 3070 usque
1548 3001 1614 3053 ad
1645 3003 1874 3054 octavas
1913 3000 2050 3054 Pen-

408 3087 830 3144 tecostes.ltem
863 3088 1136 3143 omnibus
1166 3088 1369 3144 diebus
1400 3090 1656 3153 Quatuor
1672 3089 2048 3159 Temporum.

410 3179 552 3232 Item
584 3177 856 3231 omnibus
887 3177 1155 3232 Sabbatis
1181 3178 1252 3230 ab
1283 3177 1425 3232 hora
1455 3181 1690 3244 nona,et
1719 3181 1838 3231 tota
1857 3177 1948 3231 die
1967 3193 2053 3231 se-

2181 605 2400 659 cateris
2431 604 2766 659 honoretur.

2251 693 2692 763 IV.Quicunque
2718 693 2787 747 de
2819 692 3063 748 ecclesia
3088 692 3307 764 aliquid
3342 692 3612 762 tenuerit,
3645 693 3732 748 vel
3765 693 3816 746 in

2180 783 2358 836 fundo
2391 781 2647 837 ecclesia
2679 782 3042 836 mansionem
3091 781 3378 849 habuerit,
3409 786 3570 836 extra
3598 781 3818 836 curiam

2179 870 2632 926 ecclesiasticam
2663 873 2896 924 coactus
2933 887 3043 924 non
3077 869 3399 941 placitabit,
3431 869 3700 941 quamvis
3741 870 3817 924 fo-

2178 957 2478 1026 risfecerit,
2513 957 2646 1022 nisi,
2679 959 2834 1029 quod
2879 957 3057 1013 absit!
3116 959 3173 1012 in
3225 956 3383 1013 curia
3430 956 3819 1014 ecclesiastica

2177 1049 2400 1100 rectum
2433 1046 2723 1100 defecerit.

2246 1134 2314 1188 V.
2341 1134 2682 1206 Ubicunque
2708 1150 2842 1190 reus
2871 1134 2958 1191 vel
2991 1134 3198 1191 noxius
3230 1135 3301 1189 ad
3331 1133 3657 1200 ecclesiam,
3681 1152 3818 1207 pra-

2176 1222 2308 1278 sidii
2340 1240 2518 1278 causa
2549 1222 2894 1296 confugerit,
2929 1241 2993 1278 ex
3027 1241 3140 1295 quo
3174 1223 3386 1278 atrium
3439 1223 3692 1278 ecclesia
3735 1227 3814 1280 te-

2175 1312 2384 1381 nuerit,
2419 1330 2452 1367 a
2482 1313 2714 1369 nemine
2746 1312 3088 1383 insequente
3127 1312 3462 1368 nullatenus
3492 1312 3813 1384 apprehen-

2173 1402 2362 1470 datur,
2396 1403 2508 1457 nisi
2543 1419 2644 1473 per
2672 1401 3007 1473 pontificem
3039 1401 3124 1456 vel
3157 1401 3457 1456 ministros
3488 1401 3811 1472 ejus.Quod

2172 1491 2221 1545 si
2265 1490 2562 1562 fugiendo,
2609 1491 2849 1544 domum
2897 1490 3236 1557 sacerdotis,
3279 1489 3368 1544 vel
3416 1488 3638 1544 curiam
3687 1492 3814 1561 ejus

2172 1579 2698 1644 intravit,eamdem
2716 1579 3086 1634 securitatem
3110 1582 3167 1634 et
3186 1595 3387 1651 pacem
3408 1578 3618 1634 habeat
3636 1595 3812 1650 quam

2171 1672 2228 1722 et
2259 1669 2410 1739 apud
2444 1667 2767 1734 ecclesiam,
2788 1668 2929 1721 dum
2961 1671 3156 1722 tamen
3179 1658 3389 1722 domus
3413 1667 3732 1723 sacerdotis
3761 1670 3816 1722 et

2171 1757 2334 1812 curia
2363 1756 2576 1827 ejus,in
2610 1757 2787 1811 fundo
2818 1755 3073 1811 ecclesia
3105 1755 3557 1812 consistant.Hic
3579 1755 3628 1810 si
3670 1755 3814 1811 latro

2170 1846 2255 1901 vel
2284 1850 2480 1918 raptor
2510 1850 2618 1912 est,
2654 1846 2809 1917 quod
2844 1845 2996 1900 male
3029 1845 3200 1917 cepit,
3235 1845 3283 1901 si
3318 1846 3388 1900 ad
3422 1860 3665 1900 manum
3696 1840 3811 1912 est;

2165 1937 2398 2001 reddat;
2433 1940 2488 1990 et
2517 1935 2565 1990 si
2600 1933 2742 1989 illud
2776 1933 3009 2006 penitus
3055 1935 3479 2006 exstirpaverit,
3511 1938 3566 1989 et
3604 1932 3676 1988 de
3709 1950 3833 1990 suo-

2166 2025 2396 2096 proprio
2431 2025 2582 2079 unde
2615 2025 2814 2079 reddet
2863 2023 3152 2090 habuerit,
3188 2024 3246 2078 in
3295 2024 3588 2096 integrum
3631 2022 3679 2078 ei
3715 2024 3809 2078 cui

2164 2115 2445 2169 damnum
2480 2112 2678 2168 intulit
2708 2112 3165 2176 restituat.Quod
3201 2112 3248 2167 si
3283 2128 3442 2167 more
3468 2109 3640 2167 solito
3664 2110 3815 2166 latro

2162 2202 2356 2258 taliter
2386 2203 2651 2274 egerit,et
2684 2202 2826 2257 forte
2871 2202 3107 2257 fortuito
3121 2201 3188 2255 ad
3219 2199 3522 2257 ecclesiam
3552 2205 3609 2256 et
3629 2215 3816 2257 sacer-

2164 2294 2365 2348 dotum
2394 2292 2599 2346 domos
2653 2292 2989 2362 frequenter
3019 2289 3287 2357 evaserit,
3323 2288 3612 2345 ablatione
3645 2290 3817 2346 resti-

2163 2385 2308 2446 tuta,
2342 2379 2698 2452 provinciam
2733 2380 2872 2435 foris
2895 2380 3073 2450 juret,
3107 2395 3211 2433 nec
3241 2377 3458 2444 redeat,
3491 2382 3547 2434 et
3577 2378 3627 2434 si
3667 2379 3816 2434 forte

2165 2469 2416 2525 reditum
2451 2469 2668 2536 fecerit,
2721 2467 2920 2524 nullus
2971 2484 3104 2522 eum
3156 2466 3439 2538 hospitari
3471 2471 3814 2538 prasumat,

2165 2560 2274 2614 nisi
2310 2576 2342 2612 a
2366 2574 2498 2630 rege
2529 2559 2664 2613 data
2694 2557 2951 2613 licentia.

2234 2647 2393 2702 VLSi
2422 2647 2554 2718 quis
2581 2662 2716 2701 vero
2747 2652 2962 2702 sancta
2997 2663 3195 2717 pacem
3235 2644 3492 2701 ecclesia
3529 2644 3817 2701 violenter

2162 2735 2487 2807 infregerit,
2537 2736 2946 2806 episcoporum
2991 2740 3080 2790 est
3121 2733 3374 2805 justitia.
3425 2734 3587 2797 Quod
3629 2735 3678 2788 si
3708 2751 3814 2790 no-

2163 2841 2300 2880 cens
2331 2823 2681 2880 sententiam
2713 2841 2915 2878 eorum
2946 2823 3301 2894 diffugiendo
3340 2821 3426 2876 vel
3474 2826 3818 2894 arroganter

2163 2915 2588 2968 contemnendo
2621 2911 3196 2983 despexerit,clamor
3224 2911 3293 2966 de
3316 2927 3383 2966 ea
3413 2911 3709 2966 deferatur
3738 2911 3814 2966 ad

2162 3019 2356 3075 regem
2389 3007 2520 3074 post
2542 3001 2934 3073 quadraginta
2954 3001 3100 3064 dies;
3117 3005 3173 3056 et
3192 2999 3344 3072 regis
3358 2999 3593 3070 justitia
3613 2999 3811 3056 mittet

2161 3109 2294 3146 eum
2326 3108 2427 3162 per
2453 3089 2874 3156 vadimonium,
2910 3093 2966 3144 et
2997 3088 3296 3160 plegios,si
3330 3087 3542 3143 habere
3573 3088 3812 3159 poterit,

2161 3197 2347 3251 usque
2395 3180 2535 3234 dum
2568 3179 2682 3233 Deo
2714 3178 3009 3250 primitus,
3045 3178 3164 3249 regi
3216 3182 3272 3232 et
3324 3176 3579 3232 ecclesia
3609 3182 3817 3248 postea

410 3267 631 3337 quenti,
668 3282 852 3338 usque
882 3267 952 3320 ad
985 3266 1138 3321 diem
1172 3267 1366 3320 Luna.
1403 3266 1546 3321 Item
1578 3265 1789 3338 vigiliis
1838 3270 2049 3320 sancta
2083 3260 2124 3325 C
2165 3268 2504 3324 satisfaciat.
2539 3267 2646 3334 Qui
2680 3268 2728 3322 si
2759 3267 2911 3322 infra
2937 3267 3181 3338 triginta
3209 3269 3265 3321 et
3295 3281 3480 3320 unum
3507 3265 3655 3333 dies,
3688 3265 3815 3321 sive

407 3355 621 3423 Maria,
651 3356 834 3410 sancti
875 3354 1195 3424 Michaelis,
1228 3355 1416 3410 sancti
1462 3355 1706 3408 Joannis
1754 3354 2048 3426 Baptista,

407 3443 803 3515 apostolorum
837 3445 1188 3512 omnium,et
1221 3448 1556 3498 sanctorum
1580 3460 1828 3516 quorum
1849 3443 2055 3498 solem~

407 3533 618 3588 nitates
649 3550 683 3588 a
713 3533 1112 3589 sacerdotibus
1149 3532 1463 3588 Dominicis
1495 3531 1918 3587 annuntiantur
1938 3531 2053 3587 die-

405 3623 600 3690 bus,et
628 3622 903 3677 Omnium
937 3624 1281 3678 Sanctorum
1317 3622 1374 3676 in
1401 3620 1672 3676 Kalendis
1688 3621 2049 3685 Novembris,

407 3727 636 3782 semper
678 3712 749 3767 ab
801 3711 944 3766 hora
986 3729 1139 3767 nona
1181 3709 1535 3783 vigiliarum,
1570 3713 1626 3764 et
1657 3710 2052 3780 subsequente

407 3800 797 3856 solemnitate.
833 3801 975 3856 Item
1007 3801 1063 3855 in
1097 3799 1409 3871 parochiis,
1451 3799 1510 3852 in
1555 3799 1771 3870 quibus
1821 3797 2052 3852 dedica-

407 3889 580 3944 tionis
597 3889 723 3944 dies
738 3889 1249 3945 observatur.ltem
1265 3889 1319 3942 in
1339 3888 1570 3959 parochi
1582 3888 1630 3942 is
1643 3886 2048 3954 Ecclesiarum,

409 3978 504 4034 ubi
538 3977 774 4050 propria
804 3978 1088 4033 festivitas
1132 3976 1318 4031 sancti
1367 3975 1712 4030 celebratur.
1749 3976 1814 4030 Et
1844 3975 1893 4030 si
1923 3977 2052 4047 quis

405 4067 606 4121 devote
656 4068 724 4122 ad
783 4065 1231 4121 celebrationem
1284 4063 1470 4119 sancti
1530 4063 1816 4132 adveniat,
1851 4081 2050 4136 pacem

407 4155 618 4224 habeat
649 4156 860 4220 eundo,
886 4159 942 4209 et
973 4154 1348 4209 subsistendo
1379 4157 1435 4208 et
1465 4153 1782 4209 redeundo.
1824 4155 1965 4210 ltem
1992 4156 2051 4210 in

408 4244 683 4300 omnibus
711 4242 1059 4298 Christianis
1105 4243 1176 4296 ad
1222 4241 1528 4297 ecclesiam
1569 4259 1745 4299 causa
1773 4247 2052 4302 orationis

408 4333 684 4388 euntibus
716 4348 822 4402 pax
857 4331 914 4384 in
937 4331 1127 4386 eundo
1149 4335 1206 4386 et
1230 4331 1524 4387 redeundo
1541 4331 1617 4388 sit
1635 4334 1739 4390 eis.
1772 4334 2054 4391 Similiter

407 4421 480 4478 ad
512 4419 926 4487 dedicationes,
962 4421 1032 4475 ad
1065 4421 1336 4492 synodos,
1367 4421 1437 4476 ad
1492 4423 1744 4494 capitula
1771 4425 2050 4480 venienti-

408 4510 538 4576 bus,
569 4507 688 4563 sive
711 4508 1029 4563 submoniti
1062 4507 1199 4579 sint,
1218 4509 1336 4565 sive
1367 4526 1469 4582 per
1497 4528 1557 4567 se
1589 4512 1726 4583 quid
1761 4513 2050 4584 agendum

407 4596 1070 4662 habuerint,sitsumma
1098 4599 1420 4670 pax.Etiam
1444 4599 1493 4654 si
1513 4601 2051 4656 excommunicatus
2085 4629 2132 4691 υ

407 4685 622 4758 aliquis
655 4684 991 4740 absolvendi
1021 4703 1198 4742 causa
1230 4688 1300 4743 ad
1334 4689 1672 4761 episcopum
1703 4686 2048 4758 confugerit,

408 4774 730 4841 absolutus,
765 4776 955 4830 eundo
987 4780 1043 4831 et
1073 4777 1366 4833 redeundo
1399 4795 1598 4850 pacem
1637 4778 1730 4832 Dei
1763 4781 1817 4831 et
1835 4778 2049 4831 sancta

407 4861 673 4918 Ecclesia
704 4863 930 4918 habeat.
963 4867 1124 4931 Quod
1159 4867 1206 4921 si
1234 4867 1446 4939 aliquis
1477 4869 1528 4922 ei
1561 4863 2049 4935 forisfecerit,epi-

407 4967 618 5022 scopus
651 4951 785 5006 inde
807 4953 1099 5022 justitiam
1133 4955 1321 5012 faciat.
1357 4956 1774 5010 Verumtamen
1823 4952 1872 5006 si
1915 4951 2048 5024 quis

407 5056 685 5111 arrogans
715 5059 816 5113 pro
849 5043 1100 5116 episcopi
1145 5047 1378 5115 justitia
1426 5042 1734 5098 emendare
1776 5041 2042 5111 noluerit,

405 5128 712 5201 episcopus
743 5133 862 5204 regi
899 5139 1103 5189 notum
1135 5135 1452 5190 faciat.Rex
1474 5135 1670 5186 autem
1685 5132 2048 5205 constringat

407 5217 860 5291 malefactorem,
893 5227 957 5277 ut
986 5225 1255 5279 emendet
1293 5221 1386 5277 cui
1435 5219 1793 5286 iorisfecerit,
1830 5223 2048 5278 scilicet

406 5307 662 5378 primum
694 5311 1203 5384 episcopo,deinde
1230 5311 1372 5377 sibi;
1407 5313 1462 5363 et
1494 5309 1576 5364 sic
1606 5315 1773 5366 erunt
1793 5312 1906 5367 duo
1931 5311 2049 5385 gla-

405 5396 507 5463 dii,
542 5403 598 5452 et
626 5398 858 5471 gladius
890 5400 1152 5473 gladium
1175 5399 1424 5470 juvabit.

475 5483 567 5540 Ill.
603 5486 947 5559 Ubicunque
977 5487 1128 5559 regis
1151 5484 1496 5557 justitia,vel
1523 5489 1924 5560 cujuscunque
1947 5490 2045 5556 sit,

405 5574 618 5646 placita
647 5578 918 5643 tenuerit,
951 5577 1000 5631 si
1049 5577 1268 5632 missus
1323 5578 1577 5652 episcopi
1620 5580 1858 5635 veniens
1908 5579 2048 5633 illuc

406 5666 742 5738 apparuerit
773 5682 1010 5724 causam
1041 5671 1251 5724 sancta
1285 5667 1566 5740 Ecclesia,
1600 5671 1727 5744 ipsa
1775 5670 2047 5744 primitus

2163 3375 2265 3430 per
2295 3358 2513 3413 amicos
2545 3360 2644 3412 aut
2676 3361 2862 3424 notos,
2896 3356 3016 3410 sive
3043 3353 3450 3427 perjustitiam
3471 3353 3626 3426 regis
3648 3353 3810 3408 inve-

2162 3447 2274 3502 niri
2306 3463 2419 3502 non
2453 3445 2681 3518 poterit,
2715 3449 2779 3500 ut
2807 3445 3023 3518 legabit
3051 3462 3183 3499 eum
3213 3461 3309 3498 rex
3335 3444 3508 3498 verbo
3541 3441 3658 3497 oris
3690 3442 3810 3497 sui.

2163 3536 2220 3592 Si
2250 3553 2381 3591 vero
2415 3541 2616 3607 postea
2664 3539 2926 3606 repertus
2975 3535 3167 3600 fuerit,
3219 3537 3275 3588 et
3328 3531 3561 3587 retineri
3594 3531 3809 3602 possit,

2160 3626 2322 3679 vivus
2352 3622 2763 3690 reddetur,-vel
2815 3626 2989 3694 caput
3031 3624 3178 3694 ejus,
3232 3620 3280 3676 si
3327 3638 3389 3676 se
3449 3619 3813 3687 defenderit;

2162 3713 2430 3786 lupinum
2463 3713 2616 3768 enim
2649 3713 2798 3783 gerit
2828 3717 3002 3783 caput
3031 3728 3063 3765 a
3093 3712 3185 3766 die
3216 3713 3280 3765 ut
3305 3708 3612 3782 legationis
3664 3725 3810 3774 sua,

2162 3803 2315 3875 quod
2347 3802 2585 3874 Anglice
2622 3799 3014 3872 ll’ulfesheofod
3044 3799 3274 3854 dicitur.
3330 3799 3399 3853 Et
3429 3798 3550 3852 hac
3599 3801 3690 3852 est
3720 3795 3817 3852 lex

2162 3891 2492 3947 communis
2521 3896 2578 3945 et
2602 3889 2892 3961 generalis
2914 3890 2983 3942 de
3015 3888 3289 3942 omnibus
3323 3894 3387 3942 ut
3415 3886 3642 3960 legatis.

2230 3980 2350 4035 VII.
2381 3981 2459 4034 De
2491 3977 2650 4034 omni
2682 3993 2932 4042 annona,
2968 3975 3192 4030 decima
3237 3976 3417 4047 garba
3464 3977 3578 4032 Deo
3609 3975 3815 4030 debita

2162 4074 2269 4135 est,
2300 4074 2355 4124 et
2383 4068 2513 4123 ideo
2564 4066 2880 4121 reddenda.
2915 4065 2980 4118 Et
3011 4064 3059 4118 si
3092 4065 3224 4134 quis
3255 4081 3488 4135 gregem
3522 4077 3814 4135 equarum

2161 4155 2686 4227 habuerit,pullum
2721 4154 2921 4208 reddat
2941 4152 3361 4222 decimum;qui
3385 4169 3563 4207 unam
3580 4157 3818 4208 tantum

2160 4247 2246 4303 vel
2279 4247 2426 4300 duas
2458 4243 2748 4305 habuerit,
2780 4241 2850 4295 de
2877 4239 3126 4311 singulis
3155 4239 3330 4311 pullis
3354 4239 3617 4310 singulos
3642 4242 3827 4296 dena-

2162 4331 2586 4390 rios.Similiter
2615 4329 2715 4400 qui
2747 4344 2951 4384 vaccas
2982 4327 3178 4399 plures
3201 4327 3488 4392 habuerit,
3517 4327 3822 4385 decimum

2162 4421 2439 4486 vitulum;
2491 4418 2592 4490 qui
2644 4434 2822 4472 unam
2869 4416 2958 4473 vel
3008 4419 3156 4472 duas
3199 4417 3269 4472 de
3317 4415 3519 4470 vitulis
3561 4415 3824 4489 singulis

2163 4509 2363 4566 obolos
2413 4506 2700 4580 singulos.
2733 4507 2802 4562 Et
2849 4507 2946 4579 qui
2996 4523 3232 4562 caseum
3283 4505 3499 4572 fecerit,
3552 4505 3652 4560 det
3699 4509 3821 4562 Deo

2162 4598 2486 4665 decimum;
2541 4596 2590 4652 si
2650 4613 2779 4652 vero
2827 4613 2943 4651 non
2992 4596 3212 4661 fecerit,
3263 4594 3352 4650 lac
3411 4594 3634 4649 decimo
3693 4593 3816 4650 die.

2162 4686 2441 4742 Similiter
2461 4703 2680 4759 agnum
2713 4685 3219 4754 decimum,vellus
3249 4683 3823 4752 decimum,caseum

2161 4777 2474 4845 decimum,
2509 4778 2787 4848 butyrum
2819 4772 3457 4846 decimum,porcellum
3487 4771 3813 4828 decimum.

2231 4867 2379 4922 VIII.
2414 4867 2492 4922 De
2525 4867 2730 4938 apibus
2760 4881 2894 4920 vero
2925 4863 3193 4920 similiter
3221 4863 3450 4918 decima
3493 4860 3818 4928 commodi,

2157 4959 2299 5029 quin
2332 4956 2508 5011 etiam
2535 4955 2606 5010 de
2635 4955 2830 5023 bosco,
2863 4954 2933 5009 de
2957 4957 3144 5025 prato,
3175 4953 3246 5007 de
3275 4951 3467 5022 aquis,
3501 4954 3557 5004 et
3583 4946 3811 5003 molen-

2157 5046 2332 5113 dinis,
2361 5042 2613 5117 parchis,
2647 5043 2900 5109 vivariis,
2940 5040 3225 5113 piscariis,
3277 5036 3569 5111 virgultis,
3603 5035 3808 5106 hortis,

2156 5140 2214 5190 et
2243 5132 2757 5206 negotiationibus,
2785 5136 2843 5186 et
2872 5130 3146 5186 omnibus
3177 5129 3354 5184 rebus
3402 5141 3550 5198 quas
3581 5125 3810 5181 dederit

2157 5224 2440 5279 Dominus
2471 5221 2694 5276 decima
2729 5237 2864 5292 pars
2907 5219 2956 5274 ei
2993 5218 3288 5273 reddenda
3318 5221 3424 5282 est,
3460 5215 3559 5287 qui
3592 5229 3805 5270 novem

2156 5317 2350 5386 partes
2385 5310 2559 5365 simul
2592 5327 2726 5365 cum
2767 5308 2993 5363 decima
3035 5307 3303 5379 largitur.
3337 5305 3443 5370 Qui
3487 5319 3616 5359 eam
3657 5301 3806 5358 deti-

2158 5403 2370 5468 nuerit,
2404 5399 2823 5472 perjustitiam
2850 5397 3106 5469 epis00pi
3153 5401 3210 5452 et
3257 5396 3430 5467 regis,
3469 5394 3520 5449 si
3571 5409 3807 5448 necesse

2158 5492 2350 5558 fuerit,
2385 5491 2454 5546 ad
2493 5488 2873 5544 redditionem
2905 5490 3203 5559 arguatur.
3228 5485 3358 5540 Hac
3411 5482 3568 5538 enim
3599 5481 3805 5536 beatus

2155 5580 2520 5654 Augustinus
2557 5576 2892 5650 pradicavit
2919 5581 2975 5631 et
3003 5575 3219 5640 docuit,
3271 5579 3326 5629 et
3373 5571 3493 5627 haec
3524 5584 3807 5626 concessa

2158 5675 2296 5730 sunt
2324 5685 2358 5727 a
2387 5683 2542 5743 rege,
2583 5670 2639 5723 et
2689 5665 3004 5724 baronibus
3052 5670 3110 5724 et
3152 5662 3386 5741 pepulo.
3442 5659 3554 5718 Sed
3604 5659 3808 5735 postea
