3962 6360
118 380 279 465 n93

1289 382 1738 469 EDWARDUS
1756 374 1863 468 ’ΠΙ
1907 384 2161 470 Α.Νοοζ
2185 406 2365 471 anx.

3366 381 3522 467 ac;

112 535 397 592 instinctu
437 534 651 592 diaboli
692 535 863 592 multi
894 552 1022 593 eam
1054 538 1453 605 detinucrunt,
1491 541 1549 593 et
1585 554 1771 593 sacer-
1799 538 1856 606 Α
1885 542 2608 613 statutumtamen,neque
2630 539 2948 604 ﬁrmatum,
2972 535 3197 592 sed-hac
3215 535 3522 593 necessita-

110 625 276 681 dotes
304 624 622 697 locupletes
652 625 1153 698 negligentes'non
1194 627 1482 681 curabant
1526 625 1770 681 inirela-

111 715 311 769 borem
330 714 401 769 ad
426 715 859 785 persequendas
883 732 1001 781 eas,
1018 732 1083 769 eo
1110 715 1267 785 quod
1294 714 1767 770 sufﬁcienterha-

114 803 333 858 hebant
362 820 481 857 sua:
517 804 856 859 necessaria
873 804 1024 858 vitas.
1052 802 1254 858 Multis
1306 803 1463 858 enim
1510 803 1565 858 in
1624 803 1768 859 locis

111 892 288 947 modo
319 897 458 946 sunt
476 897 596 947 tres
626 891 715 947 vel
739 896 991 963 quatuor
1012 891 1294 957 ecclesiae,
1319 892 1419 945 ubi
1442 896 1583 946 tunc
1618 894 1766 947 tem-

117 979 281 1051 poris
312 996 432 1035 una
459 983 692 1035 tantum
725 984 933 1046 erat,et
964 980 1047 1035 sic
1065 980 1585 1052 coeperuntminui.

188 1067 278 1122 IX.
313 1072 389 1122 De
409 1066 510 1123 illo
541 1068 960 1140 quojudicium
1015 1069 1135 1123 fieri
1170 1071 1358 1132 debet,
1399 1068 1589 1122 veniat
1629 1067 1767 1122 illuc

115 1156 390 1213 minister
404 1155 657 1228 episcopi
687 1173 819 1211 cum
834 1156 1061 1212 clericis
1083 1157 1289 1222 suis,et
1306 1157 1766 1227 similiterjusti-

115 1245 200 1301 tia
230 1246 387 1318 regis
407 1261 541 1300 cum
565 1245 854 1318 legalibus
882 1246 1225 1301 hominibus
1247 1245 1555 1318 provinciae
1584 1244 1763 1311 illius,

117 1334 218 1406 qui
244 1333 481 1390 videant
507 1339 564 1390 et
604 1334 866 1401 audiant,
907 1339 975 1389 ut
1032 1351 1195 1407 teque
1247 1333 1445 1389 omnia
1501 1335 1665 1400 ﬁant,
1711 1338 1767 1389 et

117 1423 579 1495 quos'Dominus
598 1440 700 1495 per
747 1422 1212 1478 misericordiam
1263 1439 1456 1489 suam,
1498 1439 1613 1478 non
1665 1438 1767 1494 per

115 1510 332 1566 merita
352 1509 563 1567 salvari
594 1510 1049 1582 voluerit,quieti
1100 1512 1219 1568 sint
1276 1516 1333 1566 et
1383 1510 1562 1566 libere
1611 1527 1763 1566 rece-

115 1600 290 1665 dant;
325 1603 382 1654 et
404 1617 552 1671 quos
584 1600 865 1671 iniquitas
888 1600 1089 1671 culpae,
1130 1618 1242 1654 non
1269 1600 1553 1655 Dominus
1594 1600 1763 1655 dam-

114 1688 611 1760 naverit,justitia
643 1688 796 1759 regis
820 1689 891 1742 de
924 1688 1067 1759 ipsis
1091 1688 1384 1759 justitiam
1420 1689 1611 1743 faciat.
1660 1689 1762 1742 Ba-

114 1794 290 1834 rones
319 1794 452 1833 vero
475 1776 574 1849 qui
598 1793 768 1831 suam
791 1777 1246 1833 habentcuriam
1275 1779 1344 1832 de
1367 1778 1494 1833 suis
1515 1776 1765 1833 homini-

112 1869 247 1934 bus,
296 1867 534 1922 videant
578 1865 748 1921 utsic
797 1866 868 1921 de
918 1866 1005 1920 eis
1036 1871 1233 1938 agant,
1286 1870 1579 1938 quatenus
1626 1882 1765 1939 erga

112 1957 302 2011 Deum
326 1959 552 2011 reatum
576 1970 690 2009 non
723 1954 1046 2019 incurrant,
1095 1957 1153 2009 et
1185 1970 1379 2026 regem
1416 1971 1529 2009 non
1579 1953 1765 2010 offen-

111 2046 298 2112 dant;
326 2048 403 2109 et,
436 2043 485 2097 si
504 2041 786 2114 placitum
820 2043 889 2097 de
921 2042 1264 2097 hominibus
1316 2043 1563 2098 aliorum
1595 2044 1764 2098 baro-

112 2149 260 2189 num
291 2134 479 2188 oritur
506 2131 565 2186 in
600 2130 779 2186 curiis
812 2131 1131 2197 suis,adsit
1164 2132 1232 2186 ad
1267 2131 1550 2203 placitum
1611 2131 1765 2203 regis

105 2221 362 2295 justitia,
389 2220 666 2293 quoniam
707 2221 929 2291 absque
961 2235 1030 2274 ea
1085 2219 1365 2292 placitum
1436 2221 1588 2274 ﬁniri
1647 2237 1761 2274 non

112 2311 268 2366 licet.
293 2310 353 2365 Si
386 2308 486 2380 qui
516 2309 763 2363 barones
801 2308 1031 2379 judicia
1061 2325 1171 2363 non
1226 2309 1441 2363 habent
1498 2309 1558 2364 in
1608 2309 1765 2364 Hun-

111 2399 316 2464 dredo,
339 2398 439 2452 ubi
471 2396 752 2469 placitum
778 2395 1050 2450 habitum
1077 2396 1269 2464 fuerit,
1286 2398 1355 2451 ad
1383 2397 1760 2469 propinquio-

114 2505 239 2543 rem
272 2484 603 2551 ecclesiam,
624 2483 723 2538 ubi
740 2484 1033 2555 judicium
1050 2484 1203 2557 regis
1220 2485 1348 2553 erit,
1369 2486 1759 2541 determinan-

114 2577 261 2631 dum
282 2578 390 2642 est,
417 2572 575 2628 salvo
598 2574 733 2643 jure
760 2573 1041 2627 baronum
1076 2572 1331 2628 illorum.

184 2664 250 2719 Χ.
284 2663 489 2718 Omnis
522 2660 621 2732 qui
644 2661 916 2717 habuerit
956 2662 1202 2734 triginta
1257 2663 1593 2719 denariatus
1623 2663 1759 2721 viva:

112 2753 375 2825 pecuniae
409 2751 465 2805 in
500 2751 671 2806 domo
704 2751 924 2817 sua,de
969 2767 1076 2806 suo
1124 2752 1379 2824 proprio,
1440 2753 1759 2825 Anglorum

107 2841 258 2914 lege,
291 2840 455 2896 dabit
485 2839 791 2895 denarium
832 2840 1018 2894 sancti
1035 2840 1206 2906 Petri,
1228 2840 1421 2913 etlege
1447 2843 1757 2907 Danorum,

106 2928 419 2985 dimidiam
452 2928 853 2983 marcam.lste
874 2945 1007 2983 vero
1039 2929 1314 2984 denarius
1335 2930 1505 2985 debet
1526 2932 1760 2987 submo-

106 3018 231 3074 neri
267 3018 326 3072 in
358 3016 728 3073 solemnitate
754 3016 1154 3088 apostolorum
1182 3017 1333 3073 Petri
1359 3023 1417 3074 et
1460 3018 1643 3088 Pauli,
1703 3024 1760 3075 et

105 3106 309 3177 colligi
341 3106 413 3160 ad
437 3104 811 3161 festivitatem
843 3122 970 3177 quae
1002 3106 1217 3161 dicitur
1246 3108 1329 3161 Ad
1385 3107 1638 3177 vincula,
1679 3109 1759 3164 ita

105 3200 175 3250 ut
205 3193 363 3249 ultra
398 3192 566 3248 illum
599 3192 753 3248 diem
788 3210 902 3249 non
945 3195 1293 3250 detineatur.
1356 3195 1412 3250 Si
1464 3196 1756 3268 quispiam

1876 628 1953 682 tis
1985 645 2180 696 causa,
2210 646 2279 684 ex
2309 645 2661 702 unaquaque
2681 628 2821 684 hida
2836 624 3085 684 sibidari
3109 627 3362 696 quatuor
3377 623 3513 697 soli-

1876 717 2001 782 dos,
2018 717 2260 773 ecclesia
2282 735 2394 773 non
2426 721 2681 790 excepta.
2700 722 2846 773 Dum
2875 733 3009 772 vero
3026 711 3289 771 collectio
3305 729 3518 770 census

1877 805 2056 867 ﬁeret,
2074 806 2475 877 proclamabat
2501 810 2704 863 saneta
2721 805 2994 873 Ecclesia,
3012 820 3181 861 suam
3206 818 3520 876 reposcens

1877 892 2204 950 libertatem
2230 914 2243 963 ;
2271 896 2372 952 sed
2403 895 2547 951 nihil
2571 895 2829 968 profecit.

1945 982 2063 1042 XII.
2098 984 2214 1038 Pax
2244 985 2397 1057 regis
2431 972 2736 1056 multiplex
2752 987 2856 1039 est.
2881 982 2981 1038 llla
3010 982 3166 1037 enim
3190 982 3323 1037 data
3337 997 3519 1037 manu

1877 1094 2003 1145 sua,
2068 1091 2245 1148 quam
2291 1072 2460 1145 Angli
2507 1075 2714 1128 vocant
2768 1072 3081 1144 cynm‘nger
3125 1069 3300 1125 honde
3340 1068 3518 1139 scalde

1874 1168 2054 1235 grith;
2086 1164 2201 1219 alia
2230 1162 2344 1225 die,
2378 1178 2510 1217 cum
2546 1161 2806 1232 primum
2865 1161 3178 1215 coronatus
3226 1161 3335 1227 est,
3393 1173 3520 1230 qua:

1877 1256 1999 1310 dies
2028 1257 2327 1309 tenetocto
2362 1268 2374 1317 ;
2406 1250 2467 1304 in
2493 1248 2682 1304 Natali
2738 1247 2991 1325 Domini,
3053 1246 3178 1302 dies
3231 1250 3398 1315 octo;
3461 1244 3522 1301 in

1873 1342 2177 1407 Paschate,
2201 1340 2326 1395 dies
2357 1342 2483 1393 octo
2505 1356 2518 1406 ;
2544 1337 2603 1391 in
2634 1337 2991 1403 Pentecoste,
3034 1335 3159 1391 dies
3208 1338 3357 1403 octo,
3408 1338 3517 1407 etc.

1874 1434 2046 1504 Infra.
2081 1430 2373 1485 Mambote
2397 1427 2625 1498 vero(id
2685 1429 2778 1481 est
2829 1423 3226 1497 compensatio
3274 1420 3520 1494 Domino

1875 1519 2255 1593 persolvenda
2284 1533 2387 1588 pro
2400 1516 2638 1571 homine
2653 1531 2759 1570 suo
2778 1513 2969 1569 occiso
2987 1512 3003 1585 )
3021 1511 3348 1586 Anglorum
3364 1509 3513 1584 lege,

1875 1610 2019 1681 regi,
2050 1612 2105 1663 et
2135 1604 2590 1676 archiepiscopo,
2614 1606 2732 1658 tres
2782 1618 3009 1657 marcas
3060 1601 3131 1657 de
3178 1596 3519 1656 hominibus

1874 1713 2073 1752 eorum
2107 1693 2357 1767 propriis
2390 1709 2403 1746 :
2440 1692 2539 1747 sed
2577 1689 2848 1763 episcopo
2885 1689 3148 1762 ejusdem
3182 1687 3516 1755 comitatus,

1874 1789 1930 1842 et
1952 1783 2200 1851 consuli,
2236 1786 2294 1838 et
2322 1780 2582 1853 dapit'ero
2612 1779 2787 1852 regis,
2820 1778 3022 1851 viginti
3054 1777 3312 1845 solidos;
3340 1776 3515 1832 baro-

1874 1875 2050 1930 nibus
2081 1876 2275 1928 autem
2306 1868 2457 1938 aliis,
2492 1869 2691 1925 decem
2724 1867 2965 1935 solidos,
2986 1870 3094 1923 etc.

1946 1963 2090 2018 ΧΙΙΙ.
2115 1959 2399 2017 Thesauri
2432 1958 2503 2013 de
2531 1962 2687 2013 terra
2714 1956 2868 2029 regis
2885 1958 3043 2024 sunt,
3063 1954 3179 2011 nisi
3227 1954 3288 2009 in
3344 1952 3520 2010 eccle-
3546 1981 3555 1989 -

1874 2052 1963 2109 sia
1980 2049 2066 2107 vel
2099 2050 2159 2105 in
2186 2047 2515 2105 cmmeterio
2548 2045 2936 2101 inveniantur.
2970 2044 3062 2112 Et,
3089 2043 3223 2099 licet
3253 2042 3334 2099 ibi
3364 2042 3517 2097 inve-

1874 2141 2071 2195 niatur
2100 2154 2311 2194 aurum
2346 2135 2499 2208 regis
2530 2140 2638 2202 est,
2670 2139 2725 2189 et
2746 2131 3362 2205 medietasargenti,et
3395 2146 3516 2186 me-

1873 2229 2057 2284 dietas
2071 2225 2346 2291 ecclesiae,
2362 2224 2461 2279 ubi
2476 2222 2775 2278 inventum
2797 2222 2992 2286 fuerit,
3007 2234 3375 2293 quaecunque
3388 2219 3517 2291 ipsa

1872 2317 2065 2385 fuerit,
2081 2314 2168 2370 vel
2200 2314 2381 2379 dives,
2410 2312 2498 2367 vel
2530 2327 2769 2384 pauper.

1943 2404 2078 2460 XIV.
2116 2404 2235 2459 Rex
2264 2405 2484 2469 autem,
2514 2399 2613 2471 qui
2640 2397 2892 2454 vicarius
2923 2395 3143 2452 summi
3172 2394 3345 2467 Regis
3402 2398 3511 2463 est,

1871 2495 1941 2549 ad
1982 2494 2090 2548 hoc
2116 2496 2205 2547 est
2235 2489 2589 2545 constitutus
2619 2491 2685 2543 ut
2722 2502 2969 2559 regnum
2997 2488 3317 2549 terrenum,
3347 2486 3514 2556 etpo—

1871 2581 2075 2653 pulum
2102 2577 2355 2644 Domini,
2380 2582 2438 2631 et
2477 2592 2653 2647 super
2671 2574 2870 2631 omnia
2901 2576 3166 2629 sanctam
3204 2576 3513 2629 veneretur

1870 2668 2187 2725 Ecclesiam
2221 2668 2371 2738 ejus,
2402 2670 2459 2720 et
2490 2669 2653 2736 regat
2675 2668 2732 2718 et
2762 2662 2834 2718 ab
2872 2660 3176 2733 injuriosis
3235 2659 3510 2715 defendat

1870 2764 1926 2813 et
1960 2757 2256 2813 maleﬁcos
2288 2756 2358 2810 ab
2381 2771 2450 2809 ea
2479 2751 2685 2809 evellat
2731 2754 2786 2807 et
2845 2750 3107 2806 destruat
3158 2753 3216 2805 et
3272 2747 3507 2821 penitus

1869 2846 2189 2918 disperdat.
2223 2843 2385 2909 Quod
2417 2842 2531 2898 nisi
2562 2840 2780 2908 fecerit,
2814 2856 2920 2896 nec
2951 2832 3406 2912 nomenregisin
3438 2852 3506 2894 eo

1869 2935 2161 2990 constabit
2194 2948 2436 3001 ;verum,
2489 2934 2741 2987 testante
2792 2946 2945 3001 papa
2993 2929 3238 2996 Joanne,
3296 2943 3510 2983 nomen

1870 3024 2021 3097 regis
2053 3023 2261 3096 perdit.
2295 3021 2397 3076 Cui
2439 3019 2725 3092 Pippinus
2755 3022 2813 3074 et
2846 3017 3087 3075 Carolus
3144 3016 3303 3101 filius
3359 3016 3508 3087 ejus,

1870 3114 2120 3170 necdum
2145 3127 2330 3185 reges,
2373 3110 2473 3167 sed
2493 3107 2805 3181 principes,
2840 3107 2949 3162 sub
2982 3122 3115 3180 rege
3155 3107 3512 3163 Francorum

1871 3202 2049 3258 stulto
2081 3202 2466 3269 scripserunt,
2488 3201 2814 3268 quaerentes
2847 3195 2895 3250 si
2930 3195 3009 3250 ita
3038 3209 3380 3265 permanere
3407 3193 3507 3248 de-

105 3283 451 3350 detinuerit,
472 3282 542 3337 ad
555 3281 851 3353 justitiam
870 3283 1023 3354 regis
1041 3283 1262 3338 clamor
1278 3266 1757 3357 deferatur,‘quo-
1790 3266 1832 3333 C
1872 3292 2075 3347 herent
2105 3268 2458 3345 Francorum
2492 3266 2678 3357 reges,
2715 3283 2838 3340 solo
2890 3282 3047 3354 regio
3083 3282 3319 3339 nomine
3369 3297 3507 3336 con-

108 3374 273 3429 niam
306 3372 584 3428 denarius
614 3371 708 3426 hic
740 3371 1110 3443 eleemosyna
1158 3373 1312 3445 regis
1366 3377 1453 3427 est
1482 3391 1494 3441 ;
1525 3374 1757 3444 justitia

112 3479 251 3517 vero
284 3462 460 3517 faciat
491 3461 800 3516 denarium
832 3462 1163 3527 reddere,et
1194 3461 1755 3535 forisfacturamepi-

111 3550 276 3622 scopi
308 3555 367 3605 et
395 3550 570 3622 regis.
605 3550 767 3613 Quod
801 3551 849 3604 si
883 3550 1015 3621 quis
1033 3550 1445 3622 pluresdomos
1467 3552 1759 3608 habuerit-

107 3642 182 3695 de
213 3639 319 3694 illa
350 3638 449 3693 ubi
466 3637 729 3694 residens
753 3638 1001 3693 fueritin
1019 3639 1166 3694 festo
1184 3640 1579 3717 apostolorum
1609 3642 1757 3696 Petri

107 3732 167 3784 et
197 3726 365 3783 Pauli
396 3727 702 3782 denarium
733 3728 955 3783 reddat.

179 3818 253 3873 XI
278 3817 375 3889 (2).
413 3816 723 3889 Danegeldi
748 3816 997 3873 redditio
1045 3822 1279 3889 propter
1307 3818 1525 3889 piratas
1556 3821 1759 3892 primi-

106 3914 207 3963 tus
231 3910 455 3962 statuta
484 3908 604 3974 est;
638 3904 891 3977 patriam
941 3906 1098 3961 enim
1147 3907 1510 3975 infestantes,
1564 3915 1761 3965 vasta-

100 3996 253 4052 tioni
284 3996 415 4066 ejus
445 4011 549 4066 pro
568 4008 740 4066 posse
760 4011 869 4049 suo
889 3996 1263 4049 insistebant.
1292 3997 1374 4050 Ad
1397 4014 1595 4051 eorum
1631 3998 1761 4070 qui-

106 4086 244 4140 dem
270 4082 638 4138 iusolentiam
659 4082 1107 4153 rcprimendam,
1155 4088 1439 4139 statutum
1463 4091 1551 4141 est
1584 4088 1761 4143 dane-

103 4172 353 4246 geldum
384 4172 688 4227 annuatim
708 4171 891 4238 reddi,
913 4171 1135 4227 scilicet
1158 4172 1467 4227 duodecim
1488 4175 1763 4231 denarios

104 4264 181 4317 de
212 4276 569 4332 unaquaque
601 4260 741 4315 hida
768 4259 952 4315 totius
981 4261 1202 4331 patriae,
1244 4262 1314 4315 ad
1350 4263 1764 4321 conducendos

105 4366 212 4407 eos
242 4350 345 4421 qui
379 4348 701 4422 piratarum
734 4348 1046 4421 irruptioni
1090 4349 1412 4405 resistendo
1445 4352 1762 4409 obviarent.

110 4440 197 4495 De
227 4438 341 4493 hoc
371 4452 603 4509 quoque
616 4437 937 4509 danegeldo
953 4437 1135 4492 libera
1149 4443 1203 4492 et
1223 4439 1419 4509 quieta
1436 4445 1557 4494 erat
1574 4442 1766 4497 omnis

110 4526 650 4594 Ecclesia;etetiam
669 4526 863 4582 omnis
881 4531 1032 4581 terra
1047 4544 1171 4598 quae
1190 4527 1245 4581 in
1263 4528 1495 4600 proprio
1510 4530 1767 4585 dominio

1865 3379 2028 3435 tenti.
2063 3381 2109 3433 A
2139 3394 2253 3449 quo
2287 3390 2632 3447 responsum
2647 3376 2737 3428 est
2765 3389 2779 3427 :
2804 3370 2939 3427 lllos
2955 3368 3503 3441 decetvocarireges

1867 3469 1964 3541 qui
1995 3466 2300 3539 vigilantes
2321 3464 2642 3519 defendunt
2670 3476 2875 3533 regum
2904 3458 3223 3515 Ecclesiam
3267 3457 3387 3523 Dei,
3448 3461 3507 3512 et

1868 3554 2147 3629 populum
2170 3555 2299 3625 ejus
2318 3551 2537 3607 imitari
2560 3566 2754 3623 regem
2771 3546 3297 3619 Psalmographum
3312 3544 3506 3600 dicen-

1866 3652 1984 3701 tem
2020 3663 2033 3700 :
2065 3644 2182 3699 Non
2214 3640 2483 3697 habitabit
2511 3641 2573 3694 in
2597 3638 2773 3694 medio
2802 3637 2993 3693 domus
3035 3649 3170 3692 mea?
3219 3635 3315 3706 qui
3370 3633 3509 3705 facit

1865 3734 2178 3806 superbiam
2208 3732 2223 3802 (
2258 3731 2400 3785 Psal.
2434 3729 2509 3799 c).
2545 3728 2621 3799 (3)

1940 3824 2053 3879 XV.
2085 3817 2539 3891 Archiepiseopi,
2563 3814 2840 3888 episcopi,
2864 3813 3421 3881 comites,'barones,
3438 3813 3518 3867 .et

1870 3929 2073 3971 omnes
2105 3910 2205 3983 qui
2239 3908 2458 3963 habent
2486 3905 2749 3971 sacham,
2767 3907 2825 3959 et
2839 3920 3059 3971 socam,
3079 3901 3221 3970 thol,
3239 3900 3445 3957 theam
3459 3902 3517 3955 et

1870 4000 2227 4072 infanglhefe
2259 4016 2271 4066 ;
2307 3997 2479 4052 etiam
2499 3992 2716 4049 milites
2741 4008 2879 4049 suos
2900 3997 2959 4048 et
2978 3991 3243 4065 proprios
3266 3988 3521 4047 servien-

1872 4097 1978 4159 tes,
2013 4088 2236 4145 scilicet
2266 4084 2579 4157 dapiferos,
2613 4082 2944 4155 pincernas,
2986 4078 3366 4147 came‘rarios,
3426 4093 3519 4133 co-

1873 4196 2046 4252 quos,
2083 4177 2334 4250 pistores
2366 4174 2475 4229 sub
2508 4189 2614 4229 suo
2646 4171 2899 4243 friborgo
2930 4169 3219 4236 habeant;
3280 4171 3337 4224 et
3378 4165 3521 4222 item

1877 4268 1976 4322 isti
2010 4283 2149 4321 suos
2182 4264 2527 4334 armigeros,
2547 4259 2635 4315 vel
2666 4259 2810 4315 alios
2829 4257 2940 4314 sibi
2961 4257 3276 4314 servientes
3290 4254 3400 4313 sub
3414 4270 3521 4333 suo

1875 4356 2152 4425 friborgo.
2190 4352 2353 4417 Quod
2387 4351 2433 4406 si
2467 4344 2561 4404 cui
2596 4348 2733 4405 foris
2764 4347 3040 4413 facerent,
3064 4350 3120 4401 et
3144 4344 3364 4401 clamor
3380 4341 3521 4398 viei-

1878 4459 2088 4499 uorum
2123 4442 2191 4494 de
2224 4440 2295 4494 iis
2318 4442 2671 4509 assurgeret,
2702 4437 2811 4509 ipsi
2845 4440 3111 4492 tenerent
3136 4451 3234 4491 eos
3287 4433 3524 4488 rectitu-

1878 4531 2000 4587 dini
2034 4531 2089 4584 in
2115 4529 2279 4583 curia
2311 4544 2417 4581 sua
2441 4545 2454 4594 ;
2477 4526 2572 4580 'illi
2602 4526 2731 4580 dico
2764 4524 3161 4597 quihaberent
3181 4522 3440 4587 sacham,
3467 4523 3526 4575 et

110 4614 375 4672 ecclesiae
390 4618 531 4678 erat,
553 4614 1149 4686 ubicunquejacebat,
1171 4615 1568 4688 nihilprorsus
1594 4618 1649 4674 in
1664 4618 1773 4676 hac
1802 4627 1848 4690 1)
1880 4636 2100 4684 socam,
2123 4616 2267 4681 thol,
2291 4620 2348 4670 et
2378 4616 2595 4681 theam,
2630 4618 2687 4669 et
2711 4612 3095 4685 infangthefe.

109 4704 223 4761 tali
257 4703 586 4759 redditione
611 4703 967 4775 persolvens,
989 4705 1129 4777 quia
1158 4705 1346 4777 magis
1396 4706 1453 4760 in
1506 4708 1770 4764 Ecclesiae

108 4793 493 4850 confidebant
515 4792 879 4848 orationibus
901 4808 1077 4864 quam
1092 4793 1151 4848 in
1171 4811 1468 4849 armorum
1487 4797 1767 4854 defensio.

104 4882 309 4938 nibus.
343 4881 717 4953 Hancitaque
736 4881 921 4936 tenuit
954 4881 1279 4953 Anglorum
1317 4883 1575 4939 Ecclesia
1599 4885 1775 4942 liber-

109 4977 303 5029 tatem
333 4982 519 5041 usque
551 4971 622 5025 ad
638 4970 1183 5042 temporaWillelmi
1214 4972 1771 5047 regisJunioris,qui

110 5059 310 5116 Rufus
340 5059 675 5125 vocabatur,
708 5060 889 5114 donec
921 5059 1123 5115 eodem
1156 5077 1190 5114 a
1213 5060 1529 5117 baronibus
1556 5064 1776 5136 Angliae

108 5144 408 5203 auxilium
422 5145 775 5217 requirente,
793 5147 865 5201 ad
886 5146 1373 5202 Northmanniam
1413 5148 1777 5207 retinendam

114 5237 194 5292 de
227 5234 480 5290 Roberto
506 5234 686 5290 fratre
713 5252 843 5302 suo,
865 5238 1250 5307 cognomento
1267 5236 1602 5308 Curtehose,
1648 5241 1781 5296 Hie-

114 5320 384 5380 rusalem
416 5322 841 5395 proﬁciscente,
882 5340 1224 5381 concessum
1255 5330 1345 5381 est
1375 5327 1447 5393 ei,
1493 5344 1609 5384 non
1656 5328 1783 5401 lege

200 5464 557 5542 (2)__Videtur
586 5464 695 5522 hoc
722 5471 899 5539 caput
930 5468 1196 5524 additum
1215 5485 1343 5525 esse
1364 5472 1621 5542 tempore
1638 5475 1787 5526 Hen-

118 5536 233 5595 rici
265 5536 339 5592 11.

199 5582 454 5684 (3)-bum
482 5612 759 5684 praeterea
789 5582 1118 5684 sequuntur
1131 5611 1284 5684 apud
1304 5611 1697 5669 Lambardum
1719 5615 1785 5684 in

123 5680 245 5746 hoc
272 5679 468 5755 capite
483 5679 559 5736 de
588 5680 782 5737 ofﬁcio
798 5679 974 5756 regis,
1007 5686 1066 5741 et
1095 5679 1322 5759 de’jure
1352 5688 1409 5744 et
1424 5683 1787 5761 appendiciis
1834 5738 1848 5748 .

454 5807 721 5875 PATROL.
768 5807 915 5877 CLI.

1950 4708 2093 4765 XVI.
2127 4704 2315 4761 Sacha
2344 4708 2433 4759 est
2462 4704 2617 4775 quod
2650 4704 2698 4757 si
2718 4700 3232 4774 quilibetaliquem
3256 4696 3524 4754 nomina-

1881 4799 1989 4854 tim
2021 4798 2090 4852 de
2122 4794 2317 4865 aliquo
2340 4791 2738 4847 calumniatus
2770 4788 2966 4857 fuerit,
3000 4793 3056 4844 et
3086 4786 3181 4843 ille
3211 4784 3527 4859 negaverit,

1887 4887 2261 4943 forisfactura
2291 4879 2652 4955 probationis
2677 4880 2765 4935 vel
2791 4877 3138 4951 negationis,
3168 4876 3214 4933 si
3249 4874 3527 4946 evenerit,

1890 4979 2311 5119 suisllfboca
2340 5064 2447 5124 est,
2482 5058 2637 5130 quod
2669 5056 2718 5112 si
2750 5055 2966 5129 aliquis
2989 5054 3198 5128 quaerit
3224 5052 3449 5128 aliquid
3474 5052 3535 5109 in

1890 5159 2044 5209 terra
2067 5169 2193 5220 sua,
2218 5150 2394 5206 etiam
2425 5148 2671 5214 furtum,
2708 5163 2816 5202 sua
2846 5149 2936 5200 est
2959 5144 3213 5216 justitia,
3238 5144 3290 5201 si
3335 5143 3536 5199 inven-

1890 5247 2017 5297 tum
2046 5240 2243 5308 fuerit,
2280 5255 2498 5294 annon.

1963 5327 2164 5383 XVIII.
2196 5325 2343 5382 Thol
2376 5324 2550 5398 (quod
2584 5340 2691 5379 nos
2749 5321 3001 5378 dicimus
3055 5321 3379 5393 telonium)
3429 5323 3539 5387 est,

1896 5487 2129 5528 coronae
2160 5468 2319 5539 regni
2364 5467 2693 5534 Britannize,
2743 5482 2878 5539 eum
2918 5462 3183 5539 epistola
3230 5460 3550 5539 Eleutherii

1897 5561 1971 5617 pa
1985 5559 2071 5615 pas
2103 5540 2172 5597 ad
2186 5535 2431 5617 Lucium
2446 5555 2675 5617 regem,
2704 5554 2819 5617 n_on
2838 5535 3127 5594 habentur
3147 5538 3248 5591 aut
3273 5535 3332 5591 in
3347 5538 3548 5597 nostro

1898 5610 2326 5685 induuscripto,
2361 5610 2543 5668 autin
2568 5610 2891 5670 Hovedeuo.

3156 5806 3238 5896 §8
