3962 6392
441 385 600 448 1195

1799 388 2111 453 MONUM.
2158 386 2476 452 DIPLOM.

3695 384 3858 448 1196

442 517 666 576 scilicet
693 521 851 593 quod
880 521 1093 580 habeat
1115 521 1448 580 libertatem
1470 523 1757 579 vendendi
1789 529 1847 578 et
1861 522 2094 579 emendi
2122 522 2180 590 Α
2209 537 2440 594 cunque
2471 521 2530 576 in
2563 535 2742 594 regno
2755 523 2911 592 sunt,
2927 519 3039 578 sub
3060 519 3244 578 tutela
3261 523 3318 578 et
3338 520 3676 581 defensione
3695 527 3860 599 regis

442 605 503 662 in
536 610 693 664 terra
722 625 849 666 sua.

513 694 650 752 XIX.
681 697 1094 772 Theam,quod
1124 699 1174 755 si
1205 699 1499 773 quispiam
1545 699 1769 773 aliquid
1825 699 2094 756 interciet

445 800 624 857 super
649 785 932 859 aliquem,
956 791 1014 844 et
1041 787 1388 845 interciatus
1418 806 1533 846 non
1589 789 1801 862 poterit
1827 807 2090 844 warran-

445 876 574 929 tum
606 891 782 931 suum
811 875 1048 946 habere,
1101 878 1213 934 erit
1244 877 1619 934 forisfactura
1649 881 1846 946 sua,et
1859 877 2094 949 justitia

444 960 717 1019 similiter
739 963 811 1020 de
841 963 1289 1033 calumniatore,
1313 965 1364 1022 si
1395 966 1688 1023 defecerit.

513 1050 633 1108 XX.
655 1051 862 1110 Omnis
883 1054 1041 1110 enim
1072 1053 1174 1127 qui
1203 1055 1379 1111 habet
1405 1055 1585 1112 sacha
1632 1059 1689 1112 et
1735 1056 1930 1124 socha,
1966 1055 2090 1111 thol

445 1142 504 1194 et
529 1139 1228 1216 theam,etinfangthefe,
1277 1144 1583 1216 praedictas
1633 1143 1901 1200 videlicet
1955 1161 2090 1199 con-

444 1229 1059 1303 suetudines,justitia
1087 1231 1492 1304 cognoscentis
1535 1231 1780 1288 latronis
1827 1250 1935 1289 sua
1981 1237 2088 1300 est,

443 1315 517 1372 de
543 1315 782 1375 homine
803 1336 932 1388 suo,
965 1319 1016 1374 si
1045 1321 1254 1392 captus
1276 1319 1451 1376 fuerit
1468 1337 1647 1392 super
1667 1325 1882 1376 terram
1898 1337 2087 1376 suam.

437 1403 530 1463 illi
559 1421 694 1462 vero
723 1407 823 1480 qui
853 1423 970 1464 non
999 1407 1218 1464 habent
1247 1407 1355 1464 has
1385 1409 1861 1474 consuetudines,
1894 1426 2090 1464 coram

439 1493 669 1564 justitia
689 1496 848 1570 regia
893 1501 1118 1553 rectum
1149 1497 1367 1553 faciant
1417 1498 1477 1552 in
1527 1497 1870 1566 hundredis,
1913 1497 1999 1553 vel
2030 1497 2090 1552 in

439 1585 889 1656 wapentachiis,
921 1585 1008 1642 vel
1038 1586 1100 1641 in
1133 1586 1338 1660 scyris.

511 1671 655 1729 XXI.
690 1673 1005 1732 Sciendum
1037 1692 1270 1748 quoque
1300 1675 1458 1748 quod
1490 1691 1694 1732 omnes
1713 1675 1924 1742 Judaei,
1956 1675 2093 1730 ubi-

2201 609 2354 682 ligea
2385 611 2598 666 debent
2623 627 2788 678 esse;
2823 627 2927 667 nec
2944 609 3193 683 quilibet
3223 627 3426 667 eorum
3463 610 3636 669 alicui
3681 615 3856 672 diviti

2202 716 2264 754 se
2295 702 2489 772 potest
2516 699 2764 754 subdere
2793 699 2920 756 sine
2950 699 3104 773 regis
3133 699 3861 774 licentia.Judseienim,et

2202 787 2400 843 omnia
2422 804 2530 843 sua
2558 787 2712 860 regis
2739 793 2896 845 sunt.
2931 789 3092 852 Quod
3126 788 3177 844 si
3208 789 3503 862 quispiam
3533 792 3860 850 detinuerit

2201 893 2323 944 eos,
2348 875 2434 932 vel
2468 875 2778 948 pecuniam
2806 894 3032 946 eorum,
3071 877 3372 950 perquirat
3417 896 3536 948 rex,
3595 881 3646 938 si
3701 883 3855 952 vult,

2201 967 2482 1036 tanquam
2516 981 2648 1020 sum
2681 965 3004 1038 pr0prium.

2274 1053 2446 1108 XXII.
2489 1053 2796 1110 Usurarios
2835 1071 3068 1126 quoque
3099 1055 3358 1112 defendit
3375 1073 3474 1112 rex
3494 1057 3855 1130 Edwardus,

2203 1158 2275 1197 ne
2306 1147 2632 1197 remaneret
2660 1142 2873 1215 aliquis
2902 1143 2961 1198 in
2991 1148 3112 1200 toto
3145 1161 3322 1217 regno
3343 1162 3472 1202 suo.
3495 1147 3565 1202 Et
3607 1147 3658 1204 si
3714 1150 3861 1222 quis

2199 1231 2335 1286 inde
2365 1231 2662 1288 convictus
2693 1236 2847 1288 esset
2887 1233 3040 1304 quod
3100 1233 3292 1290 foenus
3357 1235 3632 1309 exigeret,
3687 1239 3862 1295 omni

2201 1320 2534 1376 substantia
2558 1321 2793 1393 propria
2823 1326 3064 1393 careret,
3107 1326 3165 1378 et
3218 1329 3422 1395 postea
3477 1342 3580 1397 pro
3647 1327 3860 1401 exlege

2201 1408 2532 1464 haberetur.
2562 1409 2679 1465 Hoc
2709 1414 2906 1466 autem
2937 1412 3236 1466 asserebat
3261 1411 3359 1468 ille
3403 1429 3521 1482 rex,
3581 1431 3688 1471 seu
3747 1433 3858 1472 au-

2200 1498 2357 1552 disse
2391 1499 2446 1552 in
2471 1499 2633 1554 curia
2663 1500 2817 1570 regis
2847 1499 3224 1568 Francorum,
3258 1501 3631 1560 dumibidem
3653 1521 3860 1562 mora-

2201 1593 2378 1654 retur,
2413 1587 2566 1658 quod
2600 1604 2780 1643 usura
2809 1605 3043 1646 summa
3074 1589 3239 1645 radix
3269 1591 3536 1648 omnium
3566 1594 3856 1653 vitiorum

2201 1680 2309 1730 est.

437 1801 3858 1830 -————————————-——————————_——_—.

1201 1909 1605 2004 LEGES
1673 1908 2002 2001 ΑΜΕ
2072 1907 2660 2002 EDWARDI
2731 1910 3100 2006 REGIS

1525 2086 2021 2148 Northmannico
2051 2085 2350 2148 idiomate
2384 2087 2755 2166 conscriptae

1046 2209 1198 2284 (Vide
1225 2212 1286 2267 in
1316 2210 1604 2269 Guillelmo
1633 2212 2014 2284 Conquestore,
2048 2210 2119 2267 ad
2145 2227 2238 2268 an.
2274 2209 2434 2278 4087,
2457 2212 2944 2292 Patrologiae'tom,
2974 2214 3240 2285 CXLVII.)

1240 2446 1326 2533 S.
1386 2445 1927 2534 EDWARDI
1983 2437 2312 2534 REGIS
2372 2443 3039 2532 DIPLOMATA

2058 2613 2220 2658 DATA

433 2731 504 2792 In
561 2735 870 2793 conventu
926 2731 1602 2806 Westmonasteriensi,
1666 2729 1884 2792 habito
1931 2731 1994 2790 in
2051 2729 2258 2790 Natali
2306 2729 2578 2802 Domini,
2639 2747 2804 2790 anno
2858 2729 3077 2807 gratia:
3131 2730 3309 2803 1066,
3362 2729 3708 2793 indictione
3791 2750 3864 2796 III

596 2811 784 2891 regni
839 2811 1122 2891 ejusdem
1177 2812 1348 2890 regis
1407 2829 1532 2873 xxv
1589 2815 1780 2890 atque
1835 2811 2085 2891 ultimo,
2127 2811 2578 2891 praesentibus
2655 2811 2966 2891 Eilwardo
3034 2827 3212 2891 rege,
3277 2809 3556 2891 Edgitha
3594 2811 3852 2891 regina.

595 2889 904 2972 Stifgando
957 2889 1424 2972 archiepiscOpo
1482 2889 1857 2972 Cantuariae,
1889 2889 2724 2972 _Eldredo_archicpis_copo
2791 2889 3084 2972 Eboraci,
3128 2889 3515 2972 :caeteris’que
3598 2889 3857 2972 Anglia:

597 2969 919 3050 episcopis,
975 2969 1716 3050 abbatibus,’capellanis
1764 2969 1954 3046 regis,
2006 2969 2361 3050 comitibus,
2415 2969 2742 3050 ministris.
2795 2988 2902 3030 seu
2951 2969 3189 3030 thainis
3225 2969 3442 3049 regiis,
3498 2975 3562 3032 et
3619 2969 3852 3034 militi-

594 3050 731 3124 bus,

821 3049 952 3132 qui;
1002 3050 1069 3132 in
1155 3049 1518 3113 chartarum
1584 3051 1984 3132 sequentium
2058 3049 2618 3132 su‘bscriptionibus
2683 3051 3118 3132 nominantur.
3197 3051 3277 3132 ln_
3332 3050 3493 3132 hoc
3529 3059 3856 3115 conventu

593 3135 804 3192 actum
838 3128 988 3191 'fuit
1027 3131 1104 3193 de
1159 3131 1502 3204 dotatione,
1565 3129 1934 3209 privilegiis,
1993 3129 2222 3190 celebri
2253 3129 2476 3209 asylo,
2535 3133 2654 3190 etc.
2690 3177 2706 3205 ,
2765 3128 3036 3191 ecclesiae
3069 3130 3284 3191 Sancti
3329 3130 3499 3192 Petri
3527 3131 3855 3194 Westmo-

591 3209 872 3286 nasterii,
923 3211 1060 3290 jam
1115 3211 1192 3272 ab
1248 3211 1499 3288 integro
1555 3208 1947 3291 reaediﬁcataa
1991 3215 2067 3291 et
2106 3208 2446 3291 dedicatae,
2475 3289 2484 3291 4
2517 3211 2856 3291 multisque
2930 3209 3377 3291 diplomatibus
3419 3211 3848 3291 amplissime

591 3292 879 3372 munitae,
905 3288 1100 3372 prout
1126 3291 1325 3370 liquet
1353 3291 1555 3352 tribus
1583 3289 1814 3351 chartis
1841 3288 2124 3370 praedicti
2174 3289 2345 3369 regis
2401 3289 2712 3365 Edwardi,
2755 3288 2836 3352 'et
2883 3288 3164 3370 epistolis
3238 3289 3464 3352 Leonis
3522 3288 3705 3372 papae
3771 3295 3853 3356 XI

589 3376 655 3433 et
683 3370 924 3434 Nicolai
941 3372 993 3432 II
1025 3389 1166 3452 quae
1191 3373 1562 3452 sequuntur.

1569 3483 1798 3555 (MANSI,
1839 3483 2068 3551 Concil.,
2099 3486 2145 3538 t.
2176 3482 2322 3555 XIX,
2365 3483 2475 3540 col.
2502 3485 2685 3558 1049.)

1251 3707 1292 3764 Ι.

435 3831 639 3891 Charta
682 3835 830 3904 regis
881 3831 1140 3890 Edwardi
1192 3834 1535 3905 confessoris,
1595 3831 1840 3888 ecclesia
1890 3832 2080 3905 Sancti

505 3907 660 3962 Petri
693 3905 1266 3976 Wostmenasteriensii
1295 3904 1568 3975 confecta,
1603 3905 1665 3959 in
1722 3919 1829 3973 qua
1853 3904 2080 3976 epistola

501 3978 694 4033 Leonis
720 3992 882 4050 papae
908 3976 989 4050 IX_
1010 3974 1082 4030 ad
1107 3975 1368 4050 eumdem
1395 3974 1607 4050 regem
1639 3974 1903 4050 recitatur
1926 3992 1948 4050 ί
1985 3975 2077 4050 sed

502 4045 917 4120 prater'm'ulta
963 4045 1296 4120 intermedia
1352 4045 1704 4120 (dotation'em
1739 4047 1878 4120 sine
1913 4047 2075 4120 dubio

504 4115 864 4192 continentia)
936 4115 1281 4192 desideratur
1317 4115 1537 4192 chartae
1585 4116 1870 4173 exordium
1917 4119 2076 4192 (quod

500 4191 828 4262 harangiam
847 4187 1069 4260 coeant)
1099 4192 1150 4243 et
1177 4189 1470 4244 conclusio.

499 4333 860 4400 Enwnnnus,
895 4329 995 4388 Dei
1039 4331 1251 4403 gratia,
1272 4329 1589 4404 Anglorum
1618 4347 1732 4399 rex,
1748 4335 1856 4388 etc.

499 4422 657 4479 Scire
685 4437 787 4478 vos
815 4420 942 4477 volo
986 4419 1266 4491 quoniam
1308 4424 1567 4492 tempore
1615 4437 1850 4477 avorum
1914 4438 2071 4476 meo-

429 4525 562 4566 rum
592 4506 894 4581 patrisque
923 4505 1060 4575 mei,
1083 4505 1271 4562 multa
1303 4511 1360 4563 et
1399 4507 1597 4580 gravia
1634 4508 1920 4565 bellorum
1972 4524 2070 4579 pe-

429 4595 618 4652 ricula
667 4593 1002 4650 afﬂixerunt
1047 4599 1278 4666 gentem
1309 4596 1630 4670 Anglorum
1662 4601 1719 4653 et
1746 4597 1926 4669 ipsos,
1949 4601 2071 4650 tam

429 4703 465 4742 a
491 4685 617 4741 suis
647 4698 828 4754 quam
859 4683 932 4738 ab
963 4684 1250 4741 extraneis
1279 4685 1586 4754 concitata,
1611 4686 1752 4742 adeo
1798 4689 1863 4739 ut
1925 4699 2072 4754 pene

431 4771 756 4847 periclitata
785 4770 863 4827 sit
896 4771 1260 4830 hereditaria
1311 4790 1516 4847 regum
1573 4773 1887 4836 successio,
1946 4787 2070 4825 ma-

427 4876 730 4936 gnumque
757 4860 1140 4918 interstitium
1168 4862 1320 4920 inter
1338 4865 1574 4920 fratrem
1592 4877 1788 4917 meum
1810 4859 2070 4914 Edmun-

427 4950 592 5018 dum,
616 4949 717 5023 qui
746 4954 911 5024 patre
943 4968 1070 5008 meo
1093 4958 1324 5010 mortuo
1347 4951 1650 5018 successit,
1699 4963 1908 5018 meque
1965 4947 2067 5004 ha-

2101 3713 2150 3778 B
2181 3709 2397 3778 labore,
2425 3709 2578 3766 sicut
2613 3707 2884 3766 amabilis
2931 3708 3048 3766 Deo
3114 3709 3410 3778 Salomon,
3461 3712 3627 3765 tanta
3687 3727 3837 3784 pace

2191 3804 2249 3855 et
2279 3815 2474 3856 rerum
2517 3797 2818 3871 opulentia
2875 3799 3167 3856 abundavi
3227 3803 3292 3855 ut
3347 3797 3549 3854 nullus
3604 3803 3846 3857 antece-

2185 3888 2452 3944 dentium
2505 3904 2710 3962 regum
2756 3886 2968 3943 similis
3015 3887 3129 3943 mei
3189 3885 3365 3942 fuerit
3420 3887 3480 3942 in
3539 3885 3734 3959 gloria
3791 3894 3849 3944 et

2185 3977 2428 4034 divitiis.
2484 3976 2596 4032 Sed
2657 3974 2844 4047 gratia
2905 3975 3021 4044 Dei,
3081 3992 3197 4030 non
3259 3993 3375 4041 me,
3463 3978 3528 4030 ut
3598 3975 3841 4044 assolet,

2183 4085 2252 4123 ex
2307 4065 2608 4138 cpulentia
2665 4067 2724 4118 et
2787 4053 3508 4136 superbia‘contemptus
3597 4063 3838 4134 invasit,

2184 4156 2302 4211 imo
2335 4153 2482 4225 coepi
2503 4154 2757 4223 cogitare
2787 4149 2960 4219 cujus
2980 4149 3133 4205 dono
3163 4156 3220 4206 et
3267 4151 3484 4207 auxilio
3539 4153 3612 4207 ad
3674 4155 3841 4228 regni

2183 4243 2414 4299 culmen
2446 4238 2602 4296 evasi
2633 4235 2912 4308 quoniam
2937 4237 3033 4292 Dei
3065 4241 3154 4293 est
3182 4253 3428 4308 regnum
3463 4242 3522 4294 et
3558 4239 3654 4296 cui
3717 4241 3842 4298 vult

2181 4332 2320 4386 dare
2346 4327 2489 4383 illud
2514 4343 2528 4394 ;
2560 4329 2616 4381 et
2647 4324 2786 4396 quia
2813 4325 3046 4381 mundus
3076 4327 3296 4397 transit,
3345 4329 3396 4382 et
3453 4331 3842 4400 concupiscen-

2181 4421 2261 4474 tia
2291 4417 2408 4488 ejus
2439 4416 2456 4485 (
2489 4416 2516 4470 Ι
2539 4419 2702 4472 Joan.
2738 4431 2778 4469 ιι
2805 4413 2822 4486 )
2852 4414 2952 4486 qui
3007 4417 3204 4471 autem
3261 4418 3453 4470 totum
3513 4431 3574 4472 se
3631 4419 3841 4476 subdit

2182 4510 2314 4572 Deo,
2349 4501 2595 4559 feliciter
2624 4507 2830 4576 regnat
2859 4507 2916 4560 et
2945 4501 3362 4576 perpetualiter
3389 4501 3552 4560 dives
3581 4509 3696 4560 est.
3718 4507 3834 4564 Ita-

2179 4608 2292 4664 que
2327 4591 2640 4648 deliberavi
2672 4609 2766 4648 me
2805 4593 2887 4649 ire
2905 4593 2976 4648 ad
2999 4592 3205 4649 limina
3225 4591 3570 4649 sublimium
3591 4599 3831 4666 aposto-

2178 4681 2369 4736 lorum
2396 4681 2548 4736 Petri
2563 4685 2620 4738 et
2632 4680 2818 4750 Pauli,
2839 4681 2989 4738 etibi
3005 4681 3225 4756 gratias
3246 4699 3415 4755 agere
3448 4699 3552 4754 pro
3603 4682 3835 4740 collatis

2177 4770 2498 4838 beneﬁciis,
2531 4775 2587 4826 et
2617 4788 2854 4827 exorare
2886 4774 2950 4826 ut
2980 4787 3110 4827 eam
3136 4788 3339 4843 pacem
3391 4770 3653 4826 ﬁrmaret
3681 4775 3831 4828 Deus

2177 4863 2521 4932 perpetuam
2555 4859 2698 4915 mihi
2729 4864 2786 4916 et
2817 4860 3066 4932 posteris
3097 4859 3264 4916 meis.
3317 4859 3640 4932 Praeparavi
3693 4877 3830 4934 ergo

2176 4952 2233 5004 et
2261 4948 2636 5005 denumeravi
2667 4965 2952 5022 expensas
2983 4949 3346 5005 necessarias
3391 4947 3606 5016 itineri,
3638 4952 3698 5004 et
3731 4949 3830 5006 ho-

426 5039 619 5094 bitum
652 5040 746 5109 sit,
764 5040 1434 5115 invadentibusregnum
1459 5042 1745 5134 Swegeno
1762 5039 1819 5090 et
1839 5035 2066 5093 Cnutho
2099 5075 2140 5140 Ο
2180 5037 2470 5093 norabilia
2497 5039 2652 5094 dona
2680 5055 2806 5110 quae
2841 5039 3052 5095 ferrem
3097 5037 3316 5094 sanctis
3357 5035 3656 5110 apostolis.
3717 5038 3825 5094 Sed

424 5127 545 5185 filio
577 5128 726 5200 ejus,
748 5129 987 5203 regibus
1019 5135 1336 5196 Danorum,
1363 5145 1430 5183 ac
1455 5125 1593 5180 ﬁliis
1625 5124 1814 5196 ipsius
1834 5125 2066 5196 Cnutbi,

424 5216 676 5274 Haroldo
696 5222 754 5275 et
778 5219 1246 5287 Herdc-Cnutho,
1279 5234 1314 5272 a
1343 5213 1558 5286 quibus
1606 5215 1664 5266 et
1714 5211 1860 5268 alter
1900 5230 2066 5271 meus

422 5307 601 5364 frater
630 5307 906 5364 Alfredus
957 5306 1275 5364 crudeliter
1330 5305 1419 5358 est
1459 5301 1706 5368 occisus,
1768 5301 2064 5376 solusque,

420 5397 573 5454 sicut
591 5397 730 5455 Joas
759 5397 1112 5454 occisionem
1141 5391 1405 5455 Athaliaz,
1431 5389 1514 5445 sic
1533 5406 1638 5463 ego
1661 5391 2064 5448 crudelitatem

418 5503 624 5544 eorum
654 5486 833 5543 evasi.
867 5485 1128 5540 Tandem
1188 5483 1454 5553 respectu
1497 5479 1910 5538 misericordiae
1943 5480 2066 5547 Dei,

415 5580 550 5648 post
606 5574 806 5648 plures
850 5590 1057 5640 annos,
1112 5586 1217 5642 ego
1274 5568 1599 5627 Edwardus
1631 5571 1702 5626 ad
1758 5573 2066 5642 paternum

419 5663 635 5724 solium
666 5661 970 5735 reaccessi,
1002 5664 1060 5718 et
1087 5675 1154 5717 eo
1185 5657 1404 5736 potitus
1436 5659 1562 5720 sine
1593 5658 1710 5718 ullo
1775 5657 2065 5718 bellorum

2179 5127 2411 5200 gravius
2443 5145 2620 5199 super
2645 5144 2706 5183 re
2738 5144 2951 5182 maeror
2979 5125 3232 5182 habebat
3278 5125 3587 5198 optimates
3640 5141 3820 5194 meos,

2175 5219 2375 5288 utpote
2407 5232 2696 5272 memores
2730 5215 3018 5271 malorum
3054 5231 3180 5286 quae
3227 5215 3337 5270 sub
3395 5213 3527 5271 aliis
3585 5215 3819 5288 regibus

2175 5303 2554 5377 pertulerant,
2587 5321 2660 5360 ne
2688 5307 2852 5360 tanto
2884 5303 3140 5372 domino,
3179 5307 3236 5360 et
3291 5306 3394 5376 p'ro
3449 5307 3627 5374 patrm
3683 5318 3812 5376 rege

2175 5394 2434 5461 absente,
2467 5409 2715 5466 regnum
2748 5391 3251 5448 novitersedatum
3266 5392 3463 5465 aliqua
3487 5393 3818 5449 turbaretur

2175 5481 2516 5551 hostilitate,
2548 5485 2607 5536 et
2636 5484 2965 5536 metuentes
2986 5481 3043 5536 id
3063 5481 3218 5553 quod
3255 5485 3498 5538 sanctus
3523 5480 3814 5548 Ezechias,

2175 5586 2247 5625 ne
2277 5569 2327 5626 si
2358 5569 2504 5626 forte
2562 5569 2622 5624 in
2643 5569 2736 5624 via
2767 5573 2869 5624 aut
2899 5569 3262 5641 aegritudine,
3297 5574 3398 5625 aut
3427 5569 3540 5625 alio
3598 5569 3814 5626 incom-

2179 5658 2352 5750 modo
2401 5658 2732 5734 deﬁcerem,
2795 5657 3179 5720 hereditariis
3233 5658 3470 5745 regibus
3529 5661 3811 5736 carerent,
