3962 6360
142 283 295 347 1197

1313 285 1761 350 EDWARDUS
1805 285 1887 350 III
1929 287 2159 350 ANGL.
2209 285 2387 351 REX.

3388 294 3546 357 1198

138 419 396 476 maxime
425 419 563 492 quia
594 419 820 476 nullum
851 421 1140 478 habebam
1172 421 1383 477 ﬁlium.
1411 421 1611 493 Itaque
1629 438 1784 476 com-
1815 425 1868 489 Α
1900 426 2033 477 sant
2061 400 2185 478 ista:
2215 422 2472 495 reliquiae
2506 424 2850 497 confugerit,
2884 426 3011 497 ejus
3043 426 3126 482 rei
3156 431 3212 483 et
3258 396 3546 485 membro-

124 507 303 572 ,muni
332 507 531 565 habito
563 509 825 577 concilio,
861 512 1145 582 rogabant
1165 528 1256 566 me
1278 503 1434 566 ut'ab
1467 511 1785 566 intentione

132 596 500 665 desisterem,
534 598 873 670 pollicentes
930 616 993 655 se
1048 600 1454 656 satisfacturos
1510 600 1626 655 Deo
1684 615 1787 671 pro

130 691 263 742 voto
294 689 572 755 meo,tam
602 686 662 742 in
696 688 1013 743 missarum
1044 694 1102 744 et
1131 688 1461 744 orationum
1494 687 1787 744 oblatione

132 791 308 846 quam
362 776 421 831 in
465 775 628 850 larga
665 777 1165 849 eleemosynarum
1206 777 1638 833 distributione.
1673 778 1785 833 Sed

132 880 268 920 cum
299 865 509 921 obnixe
529 865 1254 933 contradicerem,tandem
1279 866 1545 938 utrisque
1567 866 1786 938 placuit

132 957 199 1008 ut
230 954 604 1011 mitterentur
622 954 795 1027 legati
819 957 933 1012 duo
957 956 1029 1011 ab
1052 960 1296 1027 utraque
1314 955 1783 1027 parte.Eldredus

132 1043 561 1115 (Wirgoncnsis
596 1049 727 1116 post
754 1044 1159 1114 Eboracensis)
1184 1050 1239 1099 et
1268 1046 1589 1101 llermanus
1611 1045 1779 1116 (Sire-

132 1132 471 1200 burnensis)
504 1133 784 1205 episcOpi,
811 1139 870 1188 et
890 1134 1132 1189 abbates
1160 1133 1437 1190 Wll'ricus
1456 1135 1779 1207 Elfwynus,

134 1222 236 1293 qui
272 1221 534 1293 apostolo
561 1238 753 1277 meam
773 1221 1133 1278 voluntatem
1165 1228 1222 1278 et
1242 1227 1526 1290 votum,et
1547 1222 1780 1277 illorum

131 1311 475 1383 petitionem
526 1310 871 1378 indicarent,
930 1316 988 1367 et
1017 1313 1340 1367 secundum
1389 1313 1516 1383 ejus
1555 1316 1782 1367 senten-

129 1400 298 1466 tiam,
333 1416 512 1472 quam
572 1399 719 1455 mihi
769 1401 1094 1468 mandaret,
1153 1401 1396 1472 promisi
1446 1418 1539 1456 me
1583 1400 1782 1456 omnia

131 1488 448 1545 facturum.
474 1489 712 1544 Factum
763 1495 852 1545 est
898 1506 1032 1563 ergo
1064 1491 1219 1563 quod
1251 1491 1562 1545 voluimus.
1598 1491 1664 1545 Et
1692 1505 1782 1545 ve-

131 1580 361 1635 nientes
393 1579 634 1634 Romam
667 1578 839 1650 legati
896 1579 1077 1635 nostri
1128 1595 1195 1634 ex
1225 1579 1522 1634 voluntate
1564 1579 1658 1633 Dei
1689 1578 1777 1634 in-

127 1673 417 1724 venerunt
447 1668 748 1724 collectam
776 1669 1065 1740 synodum
1098 1669 1155 1723 in
1189 1670 1391 1724 eadem
1427 1669 1590 1735 urbe,
1615 1685 1777 1723 cum-

131 1774 246 1831 que
271 1756 677 1829 exposuissent
706 1773 896 1813 meam
929 1756 1309 1821 voluntatem,
1340 1763 1396 1813 et
1435 1774 1601 1813 suam
1632 1757 1776 1827 peti-
1808 1793 1855 1856 Β

129 1848 353 1903 tionem
379 1863 575 1902 coram
606 1847 873 1902 ducentis
905 1852 962 1902 et
1008 1846 1436 1920 quinquaginta
1466 1845 1776 1919 episcopis,

127 1940 187 1991 et
217 1935 336 1995 alia
367 1935 743 1991 multitudine
775 1940 1113 1991 sanctorum
1145 1936 1404 2005 Patrum,
1427 1940 1568 1991 tunc
1606 1952 1777 2006 apos-

124 2025 345 2081 tolicus
375 2041 443 2081 ex
486 2023 728 2081 consilio
773 2029 987 2080 sanctae
1020 2024 1225 2097 synodi
1280 2025 1429 2080 hanc
1469 2023 1776 2097 epistolam

128 2113 373 2187 scripsit
404 2130 417 2169 :

129 2250 247 2304 Lso
277 2251 555 2321 episcopus
581 2265 766 2305 servus
809 2265 1089 2305 servomm
1135 2250 1254 2316 Dei,
1284 2249 1476 2305 dilecto
1519 2249 1635 2319 ﬁlio
1681 2266 1777 2305 suo

198 2339 493 2393 Enwaano
520 2337 819 2407 Anglorum
854 2341 993 2409 regi,
1051 2339 1282 2393 salutem
1327 2342 1379 2393 et
1428 2338 1778 2409 apostolicam

198 2410 645 2465 benedictionem.

199 2549 229 2575 τ‹
265 2525 551 2589 Quoniam
595 2525 974 2593 voluntatem,
1008 2549 1036 2576 ››
1071 2530 1179 2581 etc.
1220 2526 1342 2582 Vide
1387 2528 1448 2580 in
1491 2527 1663 2581 Leone
1691 2527 1773 2592 IX,

120 2615 466 2684 Patrologiae
492 2619 622 2670 tom.
656 2614 889 2669 CXLIII.

201 2721 329 2775 llzec
362 2724 420 2776 et
465 2719 580 2776 alia
630 2719 950 2793 apostolica
998 2722 1275 2776 mandata
1325 2738 1460 2776 cum
1501 2722 1780 2777 referrent

127 2810 300 2865 nobis
330 2809 756 2883 legati,interea
783 2809 1056 2865 revelavit
1084 2810 1291 2865 beatus
1313 2810 1514 2866 Petrus
1544 2811 1776 2866 cuidam

126 2897 452 2971 probabilis
483 2898 614 2953 vitae
646 2898 932 2954 monacho
961 2898 1209 2964 incluso,
1230 2900 1466 2955 nomine
1498 2899 1775 2969 Wulﬁno,

128 2987 493 3043 voluntatem
538 3004 706 3043 suam
739 3004 886 3054 esse,
922 2992 987 3042 ut
1029 2992 1378 3044 restruerem
1428 2989 1619 3044 locum
1676 2990 1778 3061 qui

126 3076 349 3133 dicitur
376 3076 988 3145 Westmonasterium,
1023 3078 1177 3149 quod
1206 3094 1238 3131 a
1262 3082 1523 3150 tempore
1565 3080 1622 3133 S.
1655 3080 1775 3133 Au-

1898 528 2027 566 rum
2059 528 2126 567 ac
2155 511 2283 567 vitae
2315 511 2723 584 impunitatem
2754 519 3166 587 consequatur.

2679 603 2749 659 ΙΙ.

1989 695 2090 745 Pro
2123 690 2309 746 eadem
2341 691 2568 746 ecclesia
2598 690 2654 746 S.
2687 693 2849 748 Petri
2884 693 3454 750 Westmonasteriensi.

1963 779 2310 836 Desideratur
2337 780 2644 836 acordium.
2678 781 2875 836 Sciant
2902 798 3107 838 omnes
3137 782 3346 839 futurae
3376 798 3546 854 gene-

1893 866 2147 924 rationes
2178 884 2272 924 me
2299 885 2401 940 pro
2430 868 2547 924 voti
2570 870 2683 925 mei
2714 869 3096 940 absolutione,
3132 874 3541 944 peccatorum-

1893 973 2006 1028 que
2035 973 2300 1012 meorum
2347 957 2613 1013 omnium
2657 957 3018 1025 remissione,
3070 976 3173 1031 pro
3225 959 3538 1026 animabus

1893 1062 2120 1118 regum,
2177 1050 2296 1101 tam
2347 1062 2754 1103 successorum
2811 1064 2991 1119 quam
3041 1049 3537 1120 praedecessorum

1892 1140 2239 1202 meorum,et
2268 1135 2534 1191 omnium
2562 1140 2870 1208 parentum
2893 1153 3182 1203 meorum,
3201 1141 3257 1193 et
3279 1153 3381 1209 pro
3397 1154 3539 1210 pace

1890 1227 1946 1278 et
1976 1222 2292 1279 stabilitate
2322 1225 2486 1297 regni
2519 1225 2654 1292 mei,
2687 1229 2743 1281 et
2772 1225 3160 1298 prosperitate
3189 1226 3371 1285 totius
3422 1227 3540 1283 An-

1889 1311 2119 1383 glorum
2165 1311 2384 1384 populi,
2438 1311 2564 1369 loco
2611 1313 2719 1382 illi,
2754 1314 2811 1369 id
2870 1319 2959 1370 est
2996 1316 3537 1383 Westmonasterio,

1889 1400 2289 1456 omnimodam
2339 1400 2689 1467 libertatem,
2738 1407 3027 1474 quantum
3077 1404 3149 1459 ad
3191 1407 3535 1476 potestatem

1887 1495 2175 1545 terrenam
2209 1489 2586 1546 concessisse.
2610 1492 2681 1547 Et
2725 1493 2879 1564 quod
2911 1491 2995 1547 illi
3025 1493 3096 1549 de
3143 1492 3537 1549 ecclesiastica

1887 1579 1995 1634 hoc
2028 1579 2189 1651 regia
2216 1578 2481 1635 libertate
2507 1584 2720 1635 statuo.
2755 1580 2892 1653 Ejus
2947 1581 3127 1654 igitur
3171 1581 3388 1640 amoris
3435 1581 3535 1638 sti-

1888 1667 2045 1722 mulo
2073 1673 2129 1723 et
2160 1662 2272 1723 ﬁde
2311 1667 2655 1739 plenissima
2703 1686 2767 1725 ac
2807 1670 3186 1727 devotissima
3232 1671 3529 1740 suffultus,

1887 1756 2057 1827 cujus
2087 1755 2356 1829 largiﬂua
2384 1755 2756 1814 miseratione
2787 1759 2847 1814 in
2872 1759 3146 1816 cathedra
3177 1759 3357 1834 regali
3400 1777 3531 1834 pro-

1890 1850 2086 1900 motus
2113 1862 2264 1909 sum,
2302 1862 2434 1901 cum
2474 1847 2718 1903 concilio
2760 1852 2817 1903 et
2861 1849 3094 1915 decreto
3141 1848 3531 1923 archiepisco-

1889 1951 2118 2006 porum,
2152 1934 2581 2007 episcoporum,
2624 1935 2925 2005 comitum,
2972 1936 3341 2011 aliorumque
3371 1955 3534 1995 meo-

1887 2041 2019 2079 rum
2041 2025 2413 2096 optimatum,
2449 2025 2830 2098 prospiciens,
2863 2026 2985 2082 hoc‘
3012 2026 3126 2100 ipsi
3169 2027 3425 2095 ecclesiis
3472 2032 3533 2085 et

1887 2112 2293 2169 habitantibus
2320 2113 2379 2168 in
2410 2114 2626 2181 ea,sive
2648 2115 3079 2186 pertinentibus
3108 2117 3181 2172 ad
3211 2134 3361 2188 eam,
3393 2116 3535 2174 utile

1889 2202 2029 2268 fore,
2054 2218 2171 2258 non
2202 2202 2394 2258 solum
2420 2202 2480 2257 in
2513 2204 2806 2275 praesenti,
2838 2204 2940 2259 sed
2979 2204 3039 2259 in
3071 2204 3360 2272 futurum,
3388 2205 3534 2278 elegi

1887 2290 2468 2364 sanciendum,atque
2499 2292 2724 2364 perpeti
2748 2292 3148 2350 stabilimento
3163 2294 3236 2351 ab
3260 2294 3535 2351 omnibus

1886 2380 2377 2449 conﬁrmandum,
2408 2384 2473 2435 ut
2503 2398 2606 2452 pro
2655 2380 2869 2436 Christi
2900 2381 3119 2438 honore
3147 2386 3205 2438 et
3237 2400 3454 2453 amore,
3478 2388 3536 2439 et

1888 2487 1989 2542 pro
2020 2470 2342 2525 reverentia
2366 2469 2585 2525 summi
2616 2469 3013 2542 apostolorum
3044 2470 3325 2544 principis
3355 2471 3531 2540 Petri,

1886 2561 2055 2631 cujus
2088 2559 2409 2630 patrocinio
2423 2557 2534 2614 mei
2541 2575 2716 2630 psum
2730 2559 3019 2628 commisi,
3035 2564 3093 2616 et
3101 2577 3206 2632 pro
3229 2560 3533 2617 devotione

1888 2663 1951 2702 ac
1983 2647 2349 2703 veneratione
2369 2652 2704 2703 sanctarum
2732 2647 3137 2720 reliquiarum,
3160 2665 3308 2721 quas
3342 2649 3533 2706 eidem

1888 2736 2012 2792 loco
2042 2735 2282 2802 contuli,
2316 2735 2617 2792 beatorum
2648 2734 2915 2792 videlicet
2942 2736 3361 2810 apostolorum,
3384 2754 3535 2794 mar-

1886 2831 2103 2897 tyrum,
2138 2825 2560 2891 confessorum,
2592 2827 2650 2880 et
2695 2823 3010 2896 virginum,
3052 2829 3117 2880 ut
3164 2826 3537 2899 omnipotens

1888 2915 2041 2970 Deus
2098 2931 2199 2986 per
2242 2913 2479 2969 illorum
2528 2913 2809 2986 suffragia
2866 2918 3225 2983 sanctorum,
3274 2914 3538 2988 depulsis

1887 3002 2113 3059 cunctis
2157 3002 2630 3071 adversitatibus,
2673 3019 2807 3057 cum
2860 3003 3022 3075 pacis
3063 3007 3121 3059 et
3172 3003 3414 3060 honoris
3445 3005 3539 3060 sui

1888 3093 2224 3159 stabilitate,
2257 3110 2322 3147 ac
2343 3097 2631 3164 perpetua:
2645 3092 3536 3165 tranquillitatissublimatione,

124 3166 354 3239 gustini
384 3165 557 3239 primi
588 3165 912 3236 Anglorum
941 3166 1200 3239 episcopi
1250 3167 1585 3223 institutum
1626 3167 1777 3222 mul-

1918 3200 2079 3240 acum
2111 3156 2278 3237 illum
2309 3156 2924 3252 custodiat,dispo-nat,
2953 3186 3010 3251 et
3037 3160 3320 3256 protegat,
3353 3187 3412 3239 et
3431 3156 3537 3256 pro

122 3261 305 3327 taque
362 3259 621 3311 veterum
678 3272 883 3327 regum
943 3255 1342 3311 muniﬁcentia
1399 3256 1772 3326 hono~atum,

123 3349 366 3416 propter
393 3348 739 3399 vetustatem
763 3349 820 3399 et
834 3344 1165 3417 frequentes
1188 3343 1778 3402 bellorumtumultus

122 3449 277 3505 pene
324 3432 630 3488 videbatur
673 3432 1056 3488 destructum.
1109 3434 1374 3506 Cumque
1424 3433 1567 3489 mihi
1626 3433 1776 3490 hanc

121 3520 412 3577 visionem
463 3521 725 3593 meisque
756 3521 1068 3589 retulisset,
1102 3526 1160 3577 et
1197 3522 1527 3594 apostolicae
1572 3521 1776 3577 litterae

124 3609 380 3683 aequalia
409 3615 692 3683 praecepta
742 3609 1109 3676 detulissent,
1151 3611 1367 3666 contuli
1415 3612 1776 3668 voluntatem

126 3716 326 3756 meam
358 3715 492 3755 cum
523 3699 822 3755 voluntate
860 3700 979 3766 Dei,
1011 3704 1067 3756 et
1097 3718 1229 3755 cum
1260 3701 1631 3775 totius‘regni
1663 3702 1778 3759 ele-

127 3789 348 3861 ctione,
371 3792 428 3844 et
455 3788 586 3843 dedi
618 3804 711 3844 me
742 3789 814 3844 ad
859 3788 1300 3845 restructionem
1347 3790 1611 3861 ejusdem
1643 3790 1774 3846 loci.

128 3878 336 3951 Itaque
357 3876 633 3933 decimari
649 3879 892 3951 praecepi
906 3895 1138 3934 omnem
1157 3879 1545 3935 substantiam
1563 3898 1777 3950 meam,

126 3974 254 4023 tam
285 3966 346 4022 in
375 3983 520 4025 auro
550 3970 607 4023 et
635 3971 873 4039 argento
901 3984 1077 4039 quam
1110 3968 1166 4022 in
1200 3969 1595 4040 pecudibuset
1617 3972 1777 4026 omni

126 4073 345 4130 genere
373 4056 897 4128 possessionum,et
926 4057 1234 4112 destruens
1264 4063 1536 4129 veterem,
1571 4077 1777 4115 novam

125 4164 162 4200 a
190 4144 574 4200 fundamento
603 4144 911 4201 basilicam
959 4145 1276 4212 construxi,
1299 4150 1355 4201 et
1384 4150 1778 4203 constructam

127 4232 387 4290 dedicari
420 4232 524 4289 feci
558 4234 764 4306 quinto
797 4233 1088 4290 Kalendas
1119 4234 1382 4290 Januarii
1410 4237 1498 4304 ;in
1530 4254 1645 4309 qua
1667 4238 1781 4293 col-

123 4321 312 4379 locavi
350 4321 479 4395 ipsa
526 4322 616 4379 die
666 4322 943 4395 reliquias
991 4340 1137 4395 quas
1190 4325 1471 4380 Martinus
1520 4343 1693 4399 papa,
1724 4332 1782 4383 et

128 4414 245 4469 Leo
277 4411 379 4484 qui
422 4428 555 4467 eum
604 4414 982 4480 consecravit,
1033 4414 1320 4469 dederunt
1365 4413 1595 4471 Alfredo
1636 4417 1779 4489 regi,

1887 3272 2203 3345 magnifica
2242 3269 2524 3343 dignitate
2568 3269 2687 3324 sive
2743 3267 2921 3341 regali
2979 3269 3319 3327 excellentia
3348 3271 3535 3343 ipsius

1887 3359 2165 3424 ecclesiae,
2198 3362 2254 3413 et
2284 3375 2386 3431 pro
2434 3358 2629 3428 quiete
2678 3356 3102 3414 monachorum
3148 3358 3365 3415 ibidem
3415 3360 3534 3417 Deo

1886 3448 2318 3513 famulantium,
2348 3449 2547 3501 tantus
2589 3444 2775 3500 honor
2803 3445 2987 3502 eidem
3029 3446 3282 3503 ecclesiae
3320 3447 3535 3506 habea-

1886 3542 1983 3593 tur
2016 3537 2069 3591 in
2103 3540 2452 3608 perpetuum
2483 3539 2540 3589 et
2566 3534 2923 3605 observetur,
2952 3539 3018 3589 ut
3053 3552 3242 3607 neque
3272 3552 3400 3605 nos,
3434 3555 3533 3595 ne-

1887 3642 2000 3698 que
2032 3640 2398 3680 successores
2425 3624 2630 3691 nostri,
2663 3640 2765 3679 nec
2790 3622 3035 3695 quilibet
3063 3624 3395 3698 episcopus,
3428 3643 3535 3684 nec

1887 3715 2224 3788 quicunque
2255 3713 2324 3768 de
2367 3711 2682 3782 judiciaria
2729 3715 3035 3783 potestate,
3065 3713 3126 3769 in
3170 3713 3361 3787 ipsam
3392 3732 3536 3772 san-

1887 3810 2040 3860 ctam
2071 3799 2491 3870 basilicam,vel
2523 3800 2582 3856 in
2614 3806 2919 3858 manentes
2944 3801 3004 3857 in
3037 3801 3189 3875 ipsa,
3218 3802 3307 3859 vel
3338 3803 3400 3860 in
3428 3804 3535 3861 ho-

1890 3895 2076 3950 mines
2103 3893 2203 3964 qui
2237 3908 2370 3947 cum
2401 3890 2526 3947 suis
2560 3890 2732 3946 terris
2761 3890 2849 3946 vel
2872 3890 3383 3966 qualibuscumque
3403 3895 3540 3950 sub-

1888 3982 2120 4039 stantiis
2152 3981 2223 4036 ad
2256 3980 2443 4052 ipsam
2474 3980 2701 4035 tradere
2720 3978 2809 4035 vel
2840 3980 3119 4037 devovere
3139 3998 3201 4038 se
3225 3981 3536 4053 voluerint,

1891 4072 2004 4128 nisi
2036 4089 2138 4144 per
2185 4069 2541 4125 voluntatem
2584 4068 2836 4136 abbatis,
2869 4072 2925 4124 et
2953 4087 3196 4127 suorum
3227 4071 3542 4128 monacho-

1891 4178 2045 4228 rum,
2097 4158 2278 4215 ullam
2333 4174 2595 4230 unquam
2634 4157 2889 4213 habeant
2936 4162 3300 4230 potestatem.
3349 4161 3419 4216 Et
3460 4159 3541 4217 sit

1891 4251 2010 4305 hinc
2037 4253 2240 4305 sancta
2269 4252 2456 4304 mater
2486 4247 2743 4304 Ecclesia
2771 4246 3081 4320 peculiaris
3102 4249 3331 4321 patroni
3354 4252 3541 4308 nostri

1892 4337 2114 4395 domini
2147 4341 2204 4392 et
2233 4336 2430 4409 magni
2464 4337 2710 4408 apostoli
2741 4341 2831 4393 ter
2872 4336 3027 4393 beati
3067 4337 3240 4404 Petri,
3270 4337 3457 4407 libera
3483 4342 3542 4394 et

1892 4427 2163 4484 absoluta
2192 4426 2264 4480 ab
2314 4426 2473 4480 omni
2505 4426 2807 4483 invasione
2847 4426 2937 4482 vel
2979 4427 3384 4498 inquietudine
3421 4443 3542 4484 om-

126 4506 185 4557 et
216 4518 366 4573 quas
397 4501 522 4573 ipse
552 4519 587 4557 9-
613 4500 1019 4572 ΟθΓῘοωθοηηον
1055 4519 1186 4575 rege
1238 4504 1612 4573 Francorum,
1655 4505 1780 4560 dari
1813 4526 1858 4589 ι)
1892 4516 2055 4570 nium
2069 4513 2822 4585 hominum,cujuscunque
2843 4515 3147 4585 potestatis
3166 4532 3294 4572 esse
3312 4515 3543 4573 videan-

128 4590 246 4645 sibi
291 4589 640 4663 impetravit,
675 4591 844 4661 cujus
878 4590 1060 4646 filiam
1093 4597 1256 4663 pater
1280 4593 1408 4663 ejus
1434 4592 1782 4649 Ethelwlfus

125 4697 252 4745 rex,
283 4684 416 4752 post
446 4686 693 4736 mortem
726 4681 929 4752 primae
963 4681 1502 4753 conjugis,duxerat
1532 4683 1590 4739 in
1638 4702 1781 4740 uxo-

122 4786 278 4837 rem,
314 4786 557 4842 quaeque
577 4771 648 4825 ab
670 4769 798 4842 ipso
828 4771 900 4826 ad
925 4786 1320 4827 successorem
1344 4773 1471 4843 ejus
1494 4772 1779 4829 Ethelsta-

126 4858 515 4926 num,deinde
545 4860 615 4914 ad
646 4859 965 4932 Edgarum,
998 4861 1069 4915 ad
1104 4859 1379 4916 ultimum
1411 4862 1482 4916 ad
1517 4880 1621 4918 nos
1653 4880 1782 4935 per-

124 4952 437 5015 venerunt,
471 4947 691 5004 scilicet
749 4949 895 5005 duas
955 4955 1151 5021 partes
1199 4951 1388 5006 crucis
1442 4951 1694 5018 Domini,
1728 4957 1785 5007 et

127 5040 358 5110 partem
392 5036 567 5093 unius
597 5036 761 5105 clavi,
790 5041 1133 5110 partemque
1168 5039 1379 5093 tunicas
1411 5041 1539 5109 ejus
1583 5039 1783 5095 incon-

131 5124 353 5191 sutilis,
383 5129 440 5181 et
472 5126 542 5180 de
569 5125 934 5182 vestimentis
957 5131 1170 5182 sancta:
1194 5126 1475 5192 Marite,et
1508 5128 1785 5200 reliquias

130 5212 534 5288 apostolorum
564 5214 716 5270 Petri
747 5220 803 5270 et
829 5215 1015 5283 Pauli,
1046 5216 1306 5283 Andreae,
1357 5215 1783 5285 Bartholomaai,

132 5303 438 5369 Barnabaa,
484 5307 540 5360 et
586 5302 837 5361 aliorum
876 5304 1264 5377 plurimorum
1312 5310 1671 5372 sanctorum,
1730 5312 1788 5362 et

132 5393 401 5466 quinque
427 5408 636 5466 capsas
664 5392 794 5449 aliis
823 5398 1159 5451 sanctorum
1193 5392 1457 5466 reliquiis
1489 5394 1710 5466 plenas,
1732 5401 1789 5451 ct

133 5481 335 5551 statui,
388 5485 453 5537 ut
509 5482 847 5556 quicunque
903 5502 1038 5541 reus
1097 5483 1425 5557 majestatis
1475 5483 1667 5556 regia},
1698 5485 1787 5542 vel

135 5571 454 5649 cujuslibet
482 5570 723 5631 alterius
755 5573 1010 5641 offensae,
1043 5573 1115 5632 ad
1158 5572 1352 5631 locum
1394 5572 1454 5631 in
1497 5589 1613 5650 quo
1644 5590 1788 5650 pau-

1892 4608 2005 4659 tur.
2040 4603 2322 4657 Przeterea
2351 4600 2511 4655 aliud
2544 4601 2857 4670 constituo,
2893 4605 3067 4672 atque
3097 4602 3156 4657 in
3191 4607 3539 4676 perpetuum

1895 4691 2196 4755 conﬁrmo,
2229 4693 2295 4743 ut
2345 4688 2596 4760 quisque
2641 4689 3017 4762 fugitivorum
3080 4691 3151 4745 de
3190 4707 3541 4764 quocunque

1894 4781 2038 4848 loco,
2075 4796 2177 4851 pro
2209 4794 2561 4850 quacunque
2590 4794 2787 4845 causa,
2818 4781 3228 4850 cujuscunque
3257 4780 3540 4836 conditio-

1893 4870 1984 4926 nis
2043 4869 2138 4936 sit,
2186 4868 2381 4939 ipsum
2442 4870 2712 4922 sanctum
2752 4866 2968 4936 locum,
3027 4866 3116 4923 vel
3173 4868 3542 4940 procinctum

1892 4959 2042 5029 ejus,
2095 4955 2325 5029 fugiens
2373 4954 2692 5023 intraverit,
2735 4955 3019 5013 immunis
3068 4956 3145 5014 sit
3182 4956 3443 5027 omnino,
3475 4975 3541 5015 ac

1892 5046 2127 5119 plenam
2156 5043 2484 5101 libertatem
2514 5048 2923 5116 consequatur.

1965 5137 2024 5191 Si
2057 5136 2190 5207 quis
2219 5150 2351 5189 vero
2393 5133 2544 5188 hanc
2592 5137 2856 5190 nostram
2906 5136 3284 5195 donationem
3330 5156 3542 5213 augere

1895 5229 1951 5281 et
1982 5225 2341 5296 amplificare
2360 5222 2624 5291 voluerit,
2659 5229 2869 5297 augeat
2893 5230 3045 5282 Deus
3075 5228 3202 5285 dies
3232 5229 3360 5303 ejus
3386 5246 3545 5301 pros-

1895 5330 2067 5386 peros
2096 5313 2190 5369 hic
2221 5317 2278 5369 et
2327 5313 2385 5368 in
2438 5312 2785 5369 futurum.Si
2820 5320 3015 5372 autem
3059 5318 3312 5374 evenerit
3341 5323 3408 5374 ut
3437 5317 3542 5373 ali-

1897 5402 2031 5474 quis
2061 5406 2161 5457 aut
2191 5418 2396 5475 regum
2422 5401 2970 5469 succedentium,vel
3001 5404 3255 5477 alicujus
3285 5423 3545 5479 persona:

1897 5491 2095 5559 homo,
2154 5491 2310 5562 quod
2373 5508 2488 5546 non
2538 5496 2832 5565 optamus,
2875 5492 3163 5550 diabolica
3219 5495 3548 5553 temeritate

1899 5579 2075 5639 fuerit
2113 5578 2303 5638 elatus
2334 5579 2423 5637 vel
2471 5580 2769 5653 seductus,
2804 5586 3095 5660 quatenus
3125 5583 3235 5644 hoc
3282 5589 3550 5652 nostrum
