3962 6378
443 417 601 483 H99

1800 413 1970 478 MON
1981 411 2114 479 UM.
2167 411 2488 476 DIPLOM.

3691 407 3858 471 1200

443 555 732 610 statutum
756 550 1073 624 infringere
1100 549 1188 606 vel
1219 550 1502 618 minuere,
1534 553 1636 606 aut
1663 548 1722 606 in
1753 549 1913 606 aliud
1953 566 2086 604 mu-
2115 549 2169 616 Α
2267 548 2402 604 stola
2423 547 2636 604 Nicolai
2657 563 2814 624 papae
2844 546 2894 602 II
2919 544 2988 601 ad
3015 561 3226 624 _regem
3251 543 3600 624 _Edwa_rdum
3639 543 3862 624 confes-

440 645 566 698 tare
591 640 772 709 velit;
805 641 954 697 sciat
997 657 1060 697 se
1111 644 1390 714 perpetuo
1439 637 1809 696 anathemate
1838 639 2086 694 damna-

441 723 593 801 tum,
623 723 737 786 nisi
759 733 954 786 tamen
977 727 1369 786 satisfactione
1385 726 1864 784 emendaverit.Si
1891 731 2086 782 autem

442 817 845 876 emendatione
869 819 1044 876 fuerit
1062 816 1494 892 indignus,ipse
1514 816 1750 889 quidem
1773 833 1906 872 cum
1936 815 1966 870 J
1975 815 2090 870 uda

441 907 754 980 proditore,
804 908 1081 981 gehennaz
1111 907 1350 982 ignibus
1390 905 1767 975 cremabitur,
1816 905 1917 961 sed
1967 905 2088 961 haec

441 996 645 1053 charta
701 996 1090 1053 nihilominus
1146 996 1208 1052 in
1256 993 1660 1052 sualibertate
1699 993 2086 1068 permanebit,

441 1083 708 1158 quandiu
737 1083 1054 1143 Christiani
1087 1084 1342 1142 nominis
1389 1083 1566 1140 timor
1596 1088 1654 1139 et
1701 1100 1867 1140 amor
1890 1083 1950 1138 in
1980 1082 2090 1138 hac

447 1177 650 1233 nostra
678 1177 849 1248 gente
879 1174 1324 1248 perseverarint.

478 1279 482 1286 '
519 1259 606 1330 Ad
637 1262 936 1334 ultimum,
967 1263 1230 1320 chartam
1261 1263 1435 1319 istam
1465 1261 1754 1318 conscribi
1772 1263 1830 1317 et
1849 1259 2094 1334 sigillari

445 1352 681 1424 jnssi,et
709 1352 898 1425 ipsam
929 1369 1109 1408 manu
1141 1369 1274 1408 mea
1315 1351 1484 1424 signo
1513 1355 1726 1406 sanctae
1757 1351 1948 1406 crucis
1990 1350 2096 1404 im-

450 1442 721 1516 pres'si,et
747 1442 987 1500 idoneos
1015 1445 1195 1498 testes
1239 1441 1504 1497 adnotari
1553 1440 1800 1513 praecepi
1849 1440 1920 1494 ad
1965 1455 2095 1494 cor-

451 1531 860 1590 roborandam.
885 1533 1086 1604 Itaque
1102 1531 1398 1604 propriam
1419 1529 1750 1586 donationis
1765 1529 2096 1584 libertatem

449 1637 556 1695 ego
587 1621 934 1690 Edwardus,
965 1621 1083 1677 Deo
1133 1619 1436 1693 largiente,
1468 1618 1788 1692 Anglorum
1836 1634 1952 1684 rex,
1987 1617 2100 1688 sig-

451 1727 594 1768 num
625 1711 968 1768 venerandae
999 1709 1191 1766 crucis
1221 1707 1516 1780 impressi.

520 1802 638 1874 Ego
667 1799 879 1856 Editha
928 1797 1132 1872 regina
1158 1797 1297 1853 huic
1329 1796 1631 1854 donationi
1664 1795 1831 1868 regiae
1863 1811 2102 1852 consen-

446 1891 601 1948 tiens
629 1887 972 1962 subscripsi.

519 1981 636 2054 Ego
667 1979 984 2052 Stigandus
1013 1975 1490 2049 archiepiscopus
1520 1974 1791 2031 consensi
1822 1978 1879 2029 et
1924 1975 2099 2030 subs-

450 2087 628 2126 01⁸1081
637 2111 650 2124 .

519 2081 922 2231 ἓξὲἫΠὶηυε
952 2155 1262 2229 episcopus
1295 2153 1566 2210 consensi
1598 2157 1654 2209 et
1679 2152 2026 2225 subscripsi.

521 2248 642 2320 Ego
672 2245 971 2302 Leofricus
1004 2243 1314 2318 episcopus
1345 2243 1614 2299 consensi
1653 2247 1711 2297 et
1753 2239 2096 2314 subscripsi.

525 2337 642 2410 Ego
671 2335 1043 2392 Hermannus
1061 2333 1371 2406 episcopus
1391 2332 1658 2388 consensi
1678 2334 1735 2387 et
1755 2329 2098 2402 subscripsi.

525 2425 642 2499 Ego
669 2421 961 2506 Walterus
991 2421 1302 2494 episcopus
1331 2420 1598 2476 consensi
1631 2424 1689 2476 et
1718 2417 2062 2490 subscripsi.

523 2515 644 2588 Ego
672 2512 810 2570 Giso
839 2511 1148 2584 episcopus
1174 2509 1444 2566 consensi
1475 2513 1532 2564 et
1561 2508 1902 2580 subscripsi.

523 2605 644 2682 Ego
671 2601 1026 2658 Wulstanus
1055 2598 1360 2672 episcopus
1389 2597 1656 2654 consensi
1678 2602 1734 2653 et
1755 2595 2100 2669 subscripsi.

525 2693 644 2766 Ego
673 2689 981 2748 Siwardus
1011 2688 1319 2761 episcopus
1350 2686 1617 2743 consensi
1639 2691 1696 2742 et
1719 2686 2063 2758 subscripsi.

523 2781 646 2853 Ego
670 2778 974 2851 Edwynus
1005 2776 1185 2834 abbas
1215 2775 1482 2832 consensi
1514 2779 1573 2832 et
1603 2775 1947 2847 subscripsi.

525 2873 644 2946 Ego
672 2869 940 2945 Agelsius
971 2869 1151 2926 abbas
1181 2868 1450 2926 consensi
1484 2871 1541 2924 et
1570 2867 1912 2940 subscripsi.

524 2961 644 3034 Ego
669 2958 974 3016 Alswinus
1004 2957 1186 3014 abbas
1213 2957 1484 3014 consensi
1507 2961 1564 3012 et
1595 2956 1940 3029 subscripsi.

528 3050 644 3124 Ego
675 3049 973 3105 Leofricus
1004 3047 1184 3102 abbas
1213 3043 1484 3102 consensi
1516 3047 1574 3100 et
1603 3043 1947 3115 subscripsi.

527 3138 644 3211 Ego
672 3135 978 3210 Agelwrus
1008 3135 1192 3192 abbas
1219 3132 1490 3190 consensi
1518 3135 1576 3188 et
1601 3131 1944 3204 subscripsi.

527 3227 647 3298 Ego
676 3220 1036 3297 Valdwynus
1065 3223 1246 3280 abbas
1278 3221 1545 3278 consensi
1575 3223 1632 3276 et
1656 3219 2000 3292 subscripsi.

527 3315 645 3389 Ego
673 3312 1028 3370 Wulvvodus
1059 3313 1240 3368 abbas
1273 3309 1541 3368 consensi
1570 3313 1627 3365 et
1656 3307 1998 3382 subscripsi.

520 3403 647 3478 Ego
677 3401 1052 3476 Reynbaldus
1081 3399 1486 3458 cancellarius.

449 3512 456 3518 ·
525 3495 646 3568 Ego
673 3490 962 3550 Haroldus
983 3490 1118 3546 dux.

526 3585 644 3658 Ego
666 3583 967 3655 Edwynus
998 3581 1134 3636 dux.

521 3673 646 3748 Ego
669 3670 1047 3730 Leofdwinus
1076 3669 1214 3725 dux.

525 3765 646 3836 Ego
663 3761 878 3818 'Guden
909 3759 1048 3816 dux.

492 3926 496 3932 ἰ
525 3853 644 3926 Ego
671 3850 928 3924 Ergarus
957 3846 1246 3904 minister.

525 3941 644 4014 Ego
675 3938 913 3995 Kendus
943 3934 1232 3992 minister.

520 4031 642 4103 Ego
667 4026 966 4101 Wygodus
997 4022 1292 4079 minister.

524 4119 642 4192 Ego
673 4113 1021 4187 Radulphus
1053 4109 1340 4167 minister.

523 4209 644 4282 Ego
659 4204 962 4284 .Robertus
992 4199 1278 4256 minister.

526 4297 643 4369 Ego
672 4291 979 4350 Ednothus
999 4287 1282 4344 minister.

525 4385 645 4456 Ego
673 4379 1028 4453 Agelnodus,
1059 4375 1398 4446 Wulfricus,
1430 4376 1768 4450 Sywardus,
1796 4376 2100 4436 Godricus.

527 4473 671 4529 Acta
699 4469 854 4542 apud
906 4467 1496 4524 Westmonasterium
1555 4465 1759 4538 quinto
1817 4466 2104 4525 Kalendas

455 4557 742 4626 Januarii,
775 4556 866 4615 die
896 4561 1234 4616 sanctorum
1265 4555 1695 4622 Innocentium,
1719 4572 1870 4612 anno
1914 4559 2105 4613 Domi-

459 4652 601 4708 nicis
633 4646 1055 4706 Incernationis
1082 4645 1397 4704 millesimo
1427 4643 1787 4718 sexagesimo
1818 4645 2100 4716 sexto,in-
2129 4663 2178 4728 D

457 4740 710 4798 dictione
761 4739 955 4808 tertia,
997 4754 1150 4794 anno
1208 4735 1369 4809 regni
1415 4733 1776 4791 serenissimi
1823 4736 2099 4792 Edwardi

455 4829 610 4904 regis
639 4827 913 4886 vicesimo
943 4827 1146 4900 quinto
1179 4825 1275 4898 (αἱ).
1309 4823 1713 4897 Swyergarius
1731 4824 1995 4882 notarius
2025 4825 2099 4880 ad

450 4919 638 4978 vicem
670 4917 992 4992 Reynbaldi
1023 4913 1190 4987 regiae
1223 4912 1526 4986 dignitatis
1573 4914 1900 4971 cancellarii
1947 4913 2100 4970 hanc

451 5008 715 5066 chartam
745 5005 958 5078 scripsi
987 5007 1045 5062 et
1073 5001 1418 5076 subscripsi.
1454 5002 1515 5057 In
1550 5003 1646 5058 Dei
1698 5003 1934 5058 nomine
1976 5001 2099 5057 feli-

449 5097 611 5154 citer.
639 5098 846 5152 Amen.

1231 5216 1326 5272 IlI.

452 5331 563 5382 Pro
591 5324 773 5382 ewienz
822 5324 1048 5380 ecclesia
1089 5323 1276 5378 Sancti
1319 5324 1476 5377 Petri
1528 5322 2098 5378 Westmonasteriensi.

525 5427 596 5438 —-—
623 5397 903 5453 Habentur
933 5397 992 5452 in
1022 5394 1124 5450 hac
1168 5394 1360 5449 charta
1408 5395 1634 5466 epistola
1667 5411 1811 5465 regis
1842 5393 2104 5466 Edwardi

525 5469 868 5541 confessoris,
897 5467 968 5541 ad
1008 5483 1211 5538 papam
1241 5465 1545 5541 Nicolaum
1591 5467 1642 5520 II
1679 5481 1780 5537 pro
1808 5465 2100 5541 conﬁrma-

525 5536 674 5598 am
697 5536 1119 5614 pri-vilegioruin
1147 5538 1382 5594 ecclesiae
1417 5536 1892 5606 Westmonasterii,
1915 5545 1966 5594 et
1995 5536 2106 5609 epi-

529 5719 606 5802 (4)
636 5716 852 5797 Pagina
876 5717 1003 5778 vult
1027 5714 1343 5794 legendum
1372 5731 1519 5776 anno
1547 5731 1700 5776 xxiv.

2268 635 2464 687 sarem,
2496 636 2603 690 qua
2626 617 2799 690 petita
2847 619 3069 685 annuit,
3102 617 3166 674 iet
3201 618 3369 689 plura
3410 619 3640 688 insuper
3672 617 3862 688 privi-

2271 692 2434 760 lcgia.

2269 779 2330 834 In
2365 779 2599 834 nomine
2629 785 2843 834 sancta:
2865 782 2923 834 et
2943 776 3258 832 individua:
3278 775 3867 848 Trinitatis.Propter

2199 885 2298 924 eos
2329 867 2428 940 qui
2449 868 2745 939 justitiam
2776 867 2876 923 Dei
2917 869 3316 932 contemnunt,
3341 869 3400 921 et
3433 882 3602 921 suam
3650 864 3868 922 volunt

2199 956 2860 1029 constituere,quoniam
2883 954 3130 1027 justitiae
3158 954 3258 1011 Dei
3291 971 3405 1009 non
3437 957 3576 1010 sunt
3602 953 3864 1025 subjecti

2201 1048 2372 1117 (Rom.
2402 1047 2479 1116 x),
2513 1045 2946 1118 procurandum
2978 1049 3070 1100 est
3101 1044 3176 1100 iis
3209 1042 3311 1116 qui
3341 1042 3721 1098 ecclesiarum
3759 1041 3868 1098 Dei

2199 1135 2503 1208 privilegia
2553 1134 2938 1202 constituunt,
2991 1137 3058 1188 ut
3106 1131 3462 1205 multiplices
3519 1131 3760 1188 chartas
3809 1135 3870 1188 et

2202 1223 2638 1280 multitudinem
2669 1223 2911 1280 testium
2935 1226 3111 1294 atque
3133 1221 3614 1278 maledictionum
3641 1237 3868 1294 conge-

2203 1318 2372 1379 rant;
2407 1312 2621 1384 quibus
2671 1313 2778 1368 etsi
2829 1329 2942 1367 non
2993 1328 3246 1384 semper,
3292 1313 3488 1366 tamen
3543 1309 3870 1382 aliquoties

2209 1404 2596 1475 pessimorum
2626 1401 2936 1457 hominum
2964 1399 3146 1472 impia
3195 1399 3507 1472 protervia,
3556 1403 3614 1454 et
3659 1399 3868 1472 perni-

2207 1492 2363 1546 ciosa
2394 1491 2786 1562 praesumptio,
2823 1489 3004 1545 totius
3035 1494 3380 1560 proteratur,
3415 1489 3768 1544 retundatur
3799 1504 3867 1544 ac

2209 1579 2739 1644 reverberetur,nec
2772 1595 2885 1633 non
2921 1577 3241 1632 fortissimo
3264 1576 3619 1633 defensionis
3651 1577 3870 1633 robore

2209 1669 2473 1723 funditus
2532 1667 2878 1723 eradicetur.
2933 1669 3294 1738 Quapropter
3350 1682 3456 1738 ego
3505 1665 3868 1734 Edwardus,

2209 1757 2309 1812 Dei
2339 1757 2548 1829 gratia,
2581 1755 2896 1828 Anglorum
2931 1760 3264 1823 rex,notum
3295 1754 3442 1810 facio
3473 1755 3755 1811 omnibus
3769 1755 3873 1811 fu-

2211 1845 2362 1901 turis
2387 1850 2513 1917 post
2543 1862 2635 1900 me
2666 1843 2860 1899 saeculi
2894 1843 3370 1915 generationibus
3399 1842 3678 1916 quoniam
3711 1859 3874 1914 prse-

2126 1923 2174 1988 Β
2207 1938 2370 2005 cepto
2421 1933 2630 1989 Leonis
2682 1949 2864 2004 papae,
2909 1949 3012 2005 pro
3043 1931 3385 2005 poenitentia
3427 1937 3486 1988 et
3515 1931 3873 1988 remissione

2209 2027 2578 2095 peccatorum
2613 2039 2900 2092 meorum,
2925 2021 3192 2078 renovavi
3233 2025 3291 2076 et
3330 2021 3625 2078 melioravi
3657 2020 3874 2078 basili-

2208 2128 2336 2168 cam
2367 2128 2494 2167 eam
2527 2111 2680 2166 Petri
2711 2129 2837 2184 quae
2865 2111 2979 2166 sita
3007 2115 3098 2166 est
3119 2127 3298 2182 prope
3321 2111 3536 2166 moenia
3565 2109 3873 2183 principa-

2207 2199 2282 2256 lis
2311 2199 2628 2272 Anglorum
2665 2199 2823 2255 urbis
2856 2199 3384 2268 Londoniarum,et
3413 2199 3484 2255 ab
3515 2197 3876 2256 occidentali

2208 2305 2310 2344 ora
2332 2289 2597 2360 ejusdem
2626 2288 2790 2344 urbis
2821 2287 3034 2343 dicitur
3075 2287 3696 2356 Westmonasterium,
3730 2305 3867 2361 quas

2210 2377 2494 2434 aedificata
2521 2377 2760 2450 quidem
2820 2378 3009 2432 fuerat
3066 2376 3392 2450 antiquitus
3449 2377 3559 2433 sub
3619 2376 3874 2446 Mellito,

2212 2467 2450 2523 London
2508 2467 2695 2540 primo
2750 2466 3044 2539 episcopo,
3072 2465 3228 2522 socio
3273 2469 3330 2522 et
3377 2469 3876 2538 contemporaneo

2211 2558 2397 2614 sancti
2429 2557 2736 2630 Augustini
2764 2557 2933 2629 primi
2965 2555 3288 2612 Cantuariis
3331 2555 3785 2630 archiepiscopi,
3821 2560 3878 2614 et

2212 2664 2314 2719 per
2343 2647 2539 2718 ipsum
2574 2649 2808 2702 beatum
2840 2643 3367 2718 Petrum,angelico
3397 2645 3726 2702 famulante
3748 2663 3874 2703 ser-

2209 2736 2368 2804 vitio,
2404 2740 2616 2791 sanctae
2649 2735 2840 2791 crucis
2871 2735 3259 2806 impressione
3291 2739 3348 2790 et
3380 2735 3528 2790 sacri
3575 2735 3876 2791 chrisma-

2211 2824 2289 2880 tis
2317 2823 2699 2896 permistione
2729 2823 3028 2892 dedicata;
3063 2823 3164 2880 sed
3189 2838 3289 2895 per
3308 2823 3644 2895 frequentes
3674 2822 3878 2880 incur-

2211 2915 2408 2971 siones
2438 2913 2842 2981 barbarorum,
2876 2917 2933 2968 et
2963 2912 3216 2968 maxime
3245 2912 3876 2986 Danorum,qui,patre

2211 3020 2340 3060 meo
2371 3001 2699 3058 [Ethelredo
2726 3001 3365 3074 vivente,irruptionem
3393 3001 3454 3057 in
3483 3000 3761 3074 Angliam
3785 3002 3871 3058 fe-

2211 3096 2492 3161 cerant,et
2521 3109 2588 3148 eo
2620 3096 3015 3162 mortuo,cnm
3045 3092 3223 3148 fratre
3253 3109 3382 3148 meo
3429 3091 3745 3148 Edmundo
3777 3092 3866 3148 di-

2212 3181 2457 3238 midium
2490 3181 2652 3256 regni
2684 3181 2795 3236 sub
2827 3181 3220 3238 amicitiarum
3253 3181 3620 3253 pacationem
3652 3185 3866 3238 tenue-

2131 3291 2174 3358 C
2212 3275 2362 3338 rant,
2422 3271 2777 3342 fratremque
2849 3269 3031 3326 alium
3091 3269 3393 3326 Alfredum
3445 3269 3871 3341 miserabiliter

2211 3361 2630 3432 interemptum
2660 3363 3055 3429 enecaverant,
3089 3360 3352 3432 neglecta
3381 3359 3616 3432 penitus
3647 3363 3708 3416 et
3739 3361 3872 3416 des-

2211 3453 2403 3506 tructa
2430 3449 2756 3505 videbatur.

2283 3543 2424 3594 Cum
2455 3554 2591 3612 ergo
2640 3554 3012 3595 renovassem
3061 3555 3212 3610 eam,
3245 3543 3302 3594 et
3344 3538 3533 3596 multa
3561 3537 3875 3612 privilegia

2214 3627 2382 3700 regiae
2414 3628 2716 3701 potestatis
2736 3634 2793 3685 et
2823 3628 3155 3702 apostolicae
3195 3628 3557 3685 auctoritatis
3587 3645 3695 3701 per
3724 3629 3872 3684 bea-

2213 3721 2340 3773 tum
2372 3718 2618 3773 Leonem
2651 3734 2862 3790 papam
2894 3717 2952 3772 in
3005 3733 3074 3774 ea
3103 3717 3541 3774 constituissem
3587 3717 3870 3773 defuncto

2211 3807 2340 3879 ipso
2381 3807 2590 3876 Leone,
2641 3811 2697 3863 et
2749 3807 3091 3864 conﬁrmato
3147 3806 3206 3862 in
3237 3808 3366 3879 ejus
3422 3805 3547 3862 loco
3605 3806 3866 3873 Nicolao,

2213 3895 2431 3968 placuit
2459 3896 3234 3964 mihirenovare,meliorare
3258 3900 3316 3952 et
3344 3896 3696 3952 conﬁrmare
3726 3912 3869 3952 con-

2211 3985 2552 4042 suetudines
2581 3989 2638 4042 et
2669 3985 3014 4042 donationes
3064 3985 3449 4058 pecuniarum
3499 4001 3648 4058 quas
3700 3990 3864 4041 ante-

2211 4091 2471 4130 cessores
2502 4074 2614 4130 mei
2640 4091 2803 4147 reges
2825 4079 3024 4130 sancto
3041 4075 3208 4130 Petro
3225 4073 3868 4147 instituerant,propter

2211 4163 2576 4220 devotionem
2607 4179 2904 4218 summam
2937 4178 3114 4234 quam
3145 4161 3352 4216 habuit
3381 4178 3612 4234 semper
3640 4163 3867 4236 Anglo-

2213 4269 2344 4308 rum
2374 4269 2519 4326 gens
2544 4268 2683 4324 erga
2711 4267 2849 4306 eum
2880 4255 2937 4305 et
2967 4253 3094 4321 ejus
3124 4248 3869 4326 vicarios.ltaque,propter

2213 4341 2320 4397 hoc
2352 4341 2649 4414 negotium
2681 4343 2737 4393 et
2762 4337 2878 4394 alia
2907 4337 3278 4410 quamplura,
3311 4336 3534 4410 legatos
3583 4339 3726 4396 misi
3758 4341 3868 4396 Ro-

2212 4447 2392 4497 mam,
2420 4429 2758 4501 episcopum
2792 4444 2975 4481 unum
3005 4426 3417 4495 Aldredum,et
3469 4427 3618 4484 duos
3649 4428 3868 4486 electos

2211 4520 2284 4576 ad
2315 4517 2670 4574 ordinandos
2699 4514 3022 4589 episcopos,
3051 4515 3350 4573 Glisonem
3383 4515 3604 4573 scilicet
3621 4522 3679 4574 et
3707 4519 3870 4575 κναί-

2209 4611 2422 4671 terum,
2457 4609 2521 4660 ut
2569 4622 2603 4660 a
2633 4603 2868 4662 domino
2915 4623 3068 4680 papa
3099 4610 3490 4664 sacrarentur.
3549 4605 3867 4664 Venientes

2208 4699 2403 4752 autem
2437 4694 2704 4762 Romam,
2737 4694 2808 4751 ab
2858 4695 3177 4768 apostolico
3224 4695 3460 4752 Nicolao
3491 4696 3714 4752 honore
3748 4714 3864 4770 quo

2207 4784 2447 4839 decebat
2474 4783 3125 4858 suscepti,invenerunt
3171 4786 3252 4841 ibi
3297 4787 3370 4842 ad
3403 4786 3692 4858 synodum
3726 4803 3864 4843 con-

2208 4877 2508 4946 gregatam
2583 4872 3026 4932 multitudinem
3087 4891 3364 4948 magnam
3424 4875 3860 4948 episcoporum,

2209 4963 2651 5032 monachorum,
2685 4968 2743 5020 et
2791 4964 3168 5032 clericorum,
3206 4968 3668 5036 caaterorumque
3717 4965 3860 5021 {ide-

2209 5053 2352 5109 lium
2397 5071 2697 5125 ;cumque
2757 5053 3029 5109 audiente
3091 5053 3312 5125 synodo
3375 5070 3493 5109 suae
3550 5051 3858 5125 legationis

2208 5160 2443 5199 causam
2475 5145 2830 5214 perorarent,
2863 5142 3042 5214 hujus
3068 5157 3364 5198 summam
3395 5140 3654 5215 epistola:
3678 5141 3858 5199 domi-

2209 5247 2283 5286 no
2315 5247 2477 5302 papae
2501 5230 2861 5286 obtulerunt.

2211 5320 2431 5373 Summo
2460 5321 2790 5375 universalis
2820 5320 3076 5376 Ecclesia?
3126 5321 3288 5376 Patri
3333 5320 3580 5377 NICOLAO
3611 5320 3853 5377 Enwaa-

2282 5407 2392 5446 nus
2422 5393 2733 5464 gratz'a‘Dei
2760 5391 3060 5464 Anglorum
3080 5408 3178 5447 rea:
3206 5393 3446 5448 debitam
3473 5393 3854 5464 subjectionem

2281 5464 2331 5516 et
2351 5461 2726 5519 omnimodum
2753 5463 3056 5518 servitium.

2283 5549 2687 5609 Gloriﬁcamus
2718 5549 3032 5626 Deum,qui
3063 5569 3264 5611 curam
3305 5553 3480 5612 habet
3509 5570 3629 5612 suae
3667 5553 3850 5611 electa
