3962 6396
359 11 486 19 -“’ν-·
505 12 690 27 -τ-κ-Ῑ-
707 14 773 24 τ-ς
793 26 862 31 ___

351 383 510 459 tm

353 539 420 586 tt.
452 531 542 595 33,
573 525 846 600 prmelaro
875 528 1112 600 quidem
1143 528 1326 599 elogio
1361 523 2000 600 nrnat_Ladislaum;_at
2027 529 2078 593 Α

348 594 630 658 sanctum
661 616 775 654 non
802 594 989 668 vocat,
1021 617 1124 655 nec
1155 594 1271 654 ullo
1300 598 1468 652 modo
1499 598 1549 650 ei
1593 595 1860 668 attribuit
1887 594 1992 650 ali-

361 671 500 744 quid
534 687 651 796 quo
679 669 943 726 insinuat
971 667 1036 728 eo
1063 677 1324 742 tempore
1356 668 1531 722 fuisse
1562 667 1993 733 canonizatum,

361 745 462 796 aut
477 758 548 796 cu
575 746 706 796 tum
721 746 786 796 ut
807 748 1098 796 sanetum.
1127 742 1425 796 Praeterea.
1444 745 1498 792 8.
1525 737 1993 796 Henricusimne-

354 739 462 798 int
477 739 706 797 cultum
721 746 786 796 ut
807 748 1098 799 sanctum.
1127 739 1425 805 Praeterea,
1444 745 1498 792 8.
1525 739 1808 794 Henricus
1819 739 1898 792 im
1907 754 1998 809 pe-

355 817 520 869 mter
547 812 795 869 solemni
825 812 1258 870 canonizatione
1283 811 1500 866 sanctis
1539 809 1831 881 ascriptus
1876 812 2000 864 erat

353 885 496 942 ante
527 885 788 940 medium
819 885 1014 940 saeculi
1043 898 1142 947 xu,
1175 887 1241 937 ut
1256 881 1412 954 apud
1447 897 1551 936 nos
1577 885 1878 954 ostensum
1911 884 2001 934 est

355 959 506 1056 tem.
539 956 616 1038 lll
643 955 804 1037 ulii,
984 956 1090 1008 715
1108 957 1165 1034 et
1181 951 1311 1018 716,
1333 968 1442 1033 nec
1459 956 1656 1033 tamen
1685 951 1998 1006 Henricum

361 1031 694 1080 sanctitatis
721 1031 833 1080 titu
855 1043 893 1080 ο
945 1025 1182 1080 audavnt
1207 1023 1570 1078 Carthuitius
1601 1039 1763 1078 num.
1784 1023 1872 1080 43.
1897 1022 1998 1076 sed

352 1027 694 1084 sanctitatis
721 1022 893 1082 titulo
914 1022 1182 1080 laudavit
1207 1023 1570 1078 Carthuitius
1601 1039 1763 1078 num.
1784 1023 1872 1088 l3,
1897 1022 1998 1076 sed

356 1098 557 1155 solum
587 1096 844 1168 pietatis.
877 1098 948 1150 At
978 1111 1083 1168 nec
1126 1093 1486 1168 Ladislaum,
1533 1111 1638 1168 nec
1687 1093 2000 1168 Henricum

362 1164 728 1236 nominasset
746 1170 948 1221 auctor
964 1166 1088 1220 sine
1110 1164 1402 1220 mentione
1423 1165 1777 1231 sanatitatis,
1798 1165 1845 1219 si
1871 1168 2004 1236 post

365 1235 864 1308 canonizationem
883 1253 1084 1292 eorum
1103 1237 1454 1308 scripsisset,
1477 1253 1612 1291 cum
1631 1237 2002 1308 sanctitatem

359 1307 618 1366 aliorum
648 1307 912 1380 omnium
944 1308 1043 1378 qui
1085 1307 1239 1380 autcf
1265 1307 1648 1380 Colomanum
1698 1307 2004 1380 llungarjaa

367 1381 566 1453 regem
590 1378 883 1453 eod-enati
914 1377 1081 1433 erant
1107 1379 1300 1453 titulo,
1336 1395 1451 1434 non
1503 1379 1806 1449 reliquerit
1842 1377 2006 1432 indi-

367 1448 546 1518 ctam,
579 1448 679 1506 ubi
701 1450 772 1506 de
798 1449 916 1504 illis
947 1449 1235 1514 meminit,
1263 1466 1400 1504 nam
1433 1453 1534 1504 aut
1563 1448 1798 1504 sanctos
1819 1453 2004 1512 vocat,

359 1526 474 1579 aut
502 1523 725 1591 beatos,
757 1523 858 1576 aut
887 1521 1143 1592 quadam
1185 1519 2006 1592 circumlocutione,sanctita-

369 1599 492 1650 tem
529 1590 770 1649 indicat.
816 1590 1192 1664 Manifestum
1235 1591 1419 1664 igitur
1463 1592 1536 1664 id_
1575 1597 1663 1646 est
1701 1590 2006 1664 indicium,

360 1664 764 1722 'Carthuitium
796 1662 1104 1734 scripsisse
1136 1663 1236 1718 diu
1270 1661 1408 1718 ante
1447 1661 1864 1718 Colomannum
1896 1661 2008 1734 Ha-

363 1736 517 1793 liciaa
574 1732 950 1807 regem,_nec
999 1733 1193 1807 alium
1229 1735 1610 1807 quaerendum
1663 1750 1790 1788 esse
1842 1732 2008 1807 (loto-

363 1803 681 1875 mannum',
729 1805 824 1860 cui
872 1805 1004 1860 Vita
1050 1803 1588 1875 fuerit'inscripta,
1623 1821 1797 1875 quam
1847 1803 2008 1858 Colo-

374 1823 681 1875 mannum,
729 1823 824 1860 ουι
881 1823 1004 1860 vna
1050 1823 1226 1860 mem
1285 1823 1460 1860 inseri
1513 1823 1515 1846 τ

374 1893 660 1935 manuum
691 1875 997 1949 Hungariae
1029 1892 1225 1948 regem
1271 1881 1332 1931 et
1358 1877 1418 1930 S.
1472 1823 1515 1930 ἱ

368 1965 588 2006 sarem.

443 2022 498 2074 7.
531 2019 614 2074 Ex
642 2017 814 2074 dictis
845 2019 1023 2090 statui
1055 2019 1225 2074 debet
1254 2017 1477 2090 epocha
1505 2017 1648 2072 Vitae
1677 2017 2023 2088 conscriptae

373 2091 486 2148 sub
517 2090 751 2146 initium
795 2089 988 2145 seaculi
1041 2106 1144 2156 xu,
1185 2087 1335 2160 cum,
1363 2087 1758 2144 Colomannus
1781 2087 2026 2160 regnum

377 2163 626 2234 adeptus
658 2161 734 2217 sit
761 2178 915 2234 anno
949 2161 1122 2234 1095;
1160 2159 1369 2234 obierit
1417 2165 1609 2234 autem
1663 2175 1817 2214 anno
1852 2159 2026 2224 illi,

377 2233 430 2290 si
459 2231 757 2288 credimus
788 2231 1128 2288 chronotaxi
1154 2231 1401 2286 Joannis
1430 2234 1499 2286 de
1521 2231 1824 2298 Thwrocz,
1851 2247 2026 2303 quam

377 2305 477 2362 hic
507 2313 770 2360 excutere
801 2319 915 2359 non
948 2307 1038 2358 est
1079 2319 1334 2359 necesse.
1369 2303 1738 2374 Decrepitum
1787 2319 1851 2357 se
1872 2301 2031 2356 dicit

379 2379 581 2434 auctor
609 2375 670 2430 in
699 2374 946 2446 epistola
973 2374 1046 2429 ad
1079 2383 1294 2446 regem,
1329 2375 1410 2428 ita
1441 2379 1506 2428 ut
1527 2375 1652 2446 jam
1687 2377 1861 2446 natus
1901 2389 2030 2428 esse

377 2445 820 2532 potuer‘itan’ne
847 2447 1013 2532 i03tt,
1036 2445 1321 2532 quo:obiit
1335 2445 1395 2528 ε,
1419 2445 2031 2532 Steph.anus.‘Supp‘ar

379 2515 564 2602 igitur
578 2517 922 2600 fuitsancto,
945 2521 1002 2602 et
1023 2515 1212 2602 multa
1231 2515 1539 2602 potuisset
1555 2516 1746 2599 dicere
1763 2516 1834 2596 de
1847 2515 2028 2588 gestis

382 2587 574 2662 ipsius
605 2605 674 2662 ex
701 2588 775 2644 iis
814 2589 914 2660 qui
941 2589 1172 2662 fuerant
1200 2587 1538 2662 praesentes,
1571 2587 1616 2662 s_i
1629 2587 1871 2658 juvenis
1873 2603 2034 2662 _c_on-

382 2657 752 2718 scribendam
776 2657 1134 2731 suscepisset
1153 2657 1308 2731 hanc
1325 2659 1538 2731 Vitam.
1573 2659 1830 2731 Joannes
1873 2657 2030 2712 Thu-

385 2731 615 2811 τουδίρὲ
672 2729 1230 2811 mon-laudatushin
1284 2729 1574 2811 Chronica
1614 2729 2031 2811 tlungarorum

383 2819 512 2874 cap.
544 2803 634 2869 27,
665 2797 1284 2874 verisimilitertvitam
1315 2801 1466 2856 hanc
1499 2801 1698 2874 laudat
1727 2797 1889 2874 hisce
1909 2816 2036 2854 ver-

384 2871 478 2930 bis
506 2891 519 2929 :
554 2895 583 2924 ‹‹
613 2872 842 2944 Geycha
867 2888 1002 2930 vero
1033 2872 1227 2944 divino
1247 2871 1901 2944 praemonitusoraculo,
1929 2888 2030 2926 an-

385 2962 462 3000 no
493 2943 807 3001 Deminicm
841 2942 1266 3016 lncarnationis
1303 2942 1747 3016 nongentesimo
1793 2958 2030 3016 sexage-

387 3016 745 3088 simotnono,
778 3015 1276 3088 quemadmodum
1308 3015 1367 3069 in
1401 3014 1670 3088 Legenda
1699 3014 1886 3070 sancti
1906 3015 2028 3088 Ste-

365 3085 568 3162 phani
595 3085 750 3160 regis
780 3085 1068 3162 scriptum
1099 3089 1206 3162 est,
1242 3085 1444 3162 genuit
1473 3085 1744 3162 sanetum
1789 3085 2028 3162 stepha-

385 3155 532 3214 num
544 3155 800 3231 regem;
819 3155 1127 3231 Ranzanus
1137 3155 1403 3231 ejusdem
1423 3157 1711 3231 meminit,
1729 3155 2031 3231 multaque

388 3245 556 3302 enea
585 3227 766 3302 réfert
787 3229 847 3302 in
863 3229 1114 3302 epitome
1134 3227 1329 3286 rerum
1348 3228 1814 3302 Hungaricarum
1838 3227 2030 3302 indice

389 3303 445 3381 8_.
470 3301 686 3384 verum
719 3297 1135 3384 §chvvartsius,
1169 3317 1299 3384 pag.
1331 3301 1402 3382 59
1433 3297 1608 3384 altam
1640 3298 1836 3384 Vitam
1875 3297 2029 3384 desi-

390 3374 631 3446 gnatum
662 3389 697 3427 a
723 3371 1047 3429 Thuroczio
1079 3369 1414 3445 dicitfquia
1435 3394 1462 3421 «
1489 3371 1757 3444 Legenda
1777 3369 2042 3426 Chartui-

1350 395 1414 457 S.
1460 391 1850 457 STEPHANI
1893 392 2448 456 HUNGABORUM
2493 391 2750 454 REGIS.

2110 523 2611 596 tianainativitatis
2633 540 2854 580 annum
2885 519 3416 596 nullumdesignat.
3439 541 3466 568 η
3491 520 3762 596 Respce}.

2111 597 2218 651 deo
2247 595 2438 650 Vitam
2470 596 2632 650 citari
2666 614 2700 650 a
2729 597 3048 650 Thuroczio
3081 611 3196 649 non
3227 591 3330 664 pro
3361 609 3527 664 anno
3547 591 3756 664 natali,

2105 683 2279 738 quem
2297 667 2423 737 ipse
2443 667 2685 733 addidit,
2702 671 2760 722 et
2777 667 3013 737 quidem
3044 662 3246 738 minus
3261 668 3414 720 recte
3436 663 3536 719 sed
3562 662 3761 738 solum

2105 733 2209 810 pro
2241 733 2422 810 patris
2455 733 3000 810 nominata—divino
3032 735 3264 810 oraculo
3296 751 3410 808 quo
3451 733 3763 810 prsimoni—

2106 805 2406 865 tum—dicit
2437 825 2505 863 ex
2536 809 2666 863 Vita
2695 808 3116 864 Carthuitiana.
3150 805 3345 863 Monet
3387 805 3591 862 eodem
3633 805 3762 862 loco

2108 881 2359 952 scriptor
2384 879 2480 952 ille
2510 896 2719 952 senon
2752 880 2950 952 omnia
2979 879 3337 952 scripturum
3359 893 3487 949 quae
3515 877 3590 933 de
3635 878 3769 952 Ste-

2107 947 2382 1024 phano_et
2413 951 2671 1024 Emerico
2705 953 2831 1020 ejus
2861 950 2980 1024 ﬁlio
3020 951 3076 1024 in
3099 947 3114 952 “
3142 947 3525 1024 Vitiseorum
3577 947 3768 1024 relata

2110 1021 2268 1078 sunt.
2301 1021 2538 1088 Verum,
2573 1045 2600 1071 «
2621 1022 2738 1078 Nos
2765 1039 2852 1091 ea,
2885 1023 3099 1094 inquit,
3119 1038 3245 1093 quae
3268 1021 3341 1076 ab
3361 1021 3494 1074 aliis
3519 1021 3769 1094 scripto-

2109 1093 2274 1149 ribus
2306 1094 2695 1164 praetermissa
2725 1090 2882 1162 sunt,
2904 1090 3154 1149 breviter
3171 1109 3235 1148 ac
3255 1092 3599 1148 summatim
3619 1090 3769 1147 scri-

2110 1166 2246 1220 bere
2275 1165 2656 1220 intendimus.

2181 1238 2234 1290 8.
2271 1235 2464 1299 Porro,
2497 1236 2768 1307 quamvis
2789 1236 2860 1307 de
2906 1239 3072 1290 aetate
3127 1234 3440 1307 Carthuitii
3501 1251 3638 1307 non,
3679 1233 3766 1286 vi-

2113 1307 2321 1362 deatur
2350 1304 2763 1373 dubitandum,
2795 1306 2925 1361 Vita
2956 1311 3152 1365 tamen
3177 1312 3236 1360 S.
3275 1304 3556 1378 stephani
3588 1306 3664 1360 ab
3698 1319 3768 1360 eo

2113 1379 2334 1450 scripta
2361 1395 2480 1450 non
2511 1378 3014 1450 careterroribus,
3050 1394 3154 1433 seu
3188 1376 3639 1450 naavisjaliquot,
3674 1380 3766 1450 at-_

2117 1447 2318 1521 quefhi
2347 1467 2382 1504 a
2402 1449 2574 1504 Surio
2595 1449 2814 1505 editore
2834 1449 2982 1504 aucti
3009 1449 3334 1521 sunt,_dum
3356 1447 3552 1521 _Gi_s_ela
3571 1447 3766 1502 sancti

2117 1519 2333 1592 conjux
2357 1521 2511 1592 apud
2543 1521 2737 1592 ipsum
2771 1521 2892 1591 ﬁlia
2912 1525 3152 1575 vocatur
3173 1519 3426 1592 lleinrici
3453 1519 3774 1590 imperato-

2117 1590 2198 1646 ris
2230 1590 2410 1661 cujus
2431 1590 2694 1648 ﬁlia—non
2729 1590 2857 1657 fuit,
2883 1593 2984 1646 sed
3009 1609 3190 1657 soror,
3217 1591 3390 1646 sicuti
3413 1606 3617 1648 revera
3662 1604 3773 1645 no-

2119 1662 2377 1716 minatur
2406 1661 2464 1716 in
2497 1680 2608 1718 ms.
2641 1667 2698 1718 et
2717 1663 2774 1718 in
2797 1663 3048 1718 editione
3067 1663 3404 1718 vetustiore.
3432 1662 3606 1716 Error
3627 1661 3776 1717 item

2119 1737 2209 1789 est
2227 1735 2288 1806 in
2319 1750 2471 1806 anno
2500 1733 2834 1806 emortuali,
2868 1735 2968 1806 qui
3001 1740 3119 1806 tam
3150 1733 3213 1806 in
3246 1750 3356 1789 ms.
3391 1749 3570 1804 quam
3604 1732 3776 1806 apud

2119 1803 2377 1873 Surium,
2411 1803 2626 1860 dicitur
2671 1805 2830 1874 1034,
2866 1801 2968 1862 sed
3021 1805 3112 1860 hic
3143 1805 3318 1860 etiam
3377 1801 3538 1860 error
3592 1801 3776 1858 facile

1523 1876 1726 1931 adislai
1779 1891 2009 1930 succes-
2047 1897 2092 1961 Β
2117 1877 2376 1947 irrepere
2404 1877 2596 1947 potuit
2623 1877 2762 1932 vitio
2792 1876 3336 1961 trapscrtbentium,
3369 1875 3617 1961 quinon
3641 1891 3779 1955 raro

2136 1945 2421 2002 numeros
2445 1953 2842 2018 corrumpunt.
2879 1949 3146 2003 Erratum
3179 1945 3412 2018 quoque
3439 1946 3674 2002 videtur
3715 1945 3779 2000 in

2137 2019 2372 2090 nomine
2402 2018 2569 2090 ducis
2599 2018 2869 2086 Polonizn,
2931 2035 3107 2090 quem
3140 2025 3338 2073 narrat
3367 2033 3640 2090 coronam
3685 2033 3786 2090 _re-

2136 2089 2294 2162 giam
2328 2089 2564 2162 petiisse
2595 2106 2628 2144 a
2658 2088 2963 2162 pontiﬁce;
2985 2089 3198 2146 Verum
3229 2105 3454 2144 errores
3509 2089 3608 2144 isti
3667 2088 3790 2142 duo

2137 2161 2488 2233 posteriores
2520 2162 2680 2230 (nam
2711 2162 2939 2233 primus
2971 2167 3128 2217 certe
3158 2162 3288 2232 ejus
3310 2177 3470 2216 error
3500 2177 3614 2233 non
3675 2163 3792 2233 est)

2136 2230 2285 2286 tales
2309 2237 2468 2294 sunt,
2484 2236 2548 2286 ut
2565 2230 2970 2288 auctoritatem
2992 2230 3266 2287 Actorum
3281 2249 3396 2287 non
3414 2230 3666 2286 multum
3682 2231 3799 2285 mi—

2137 2307 2344 2367 nuant,
2369 2303 2690 2374 praesertim
2716 2321 2848 2359 cum
2873 2303 3058 2360 multa
3078 2305 3136 2358 in
3161 2304 3234 2358 iis
3256 2303 3437 2374 relata
3456 2320 3525 2358 ex
3545 2303 3801 2374 scripto-

2139 2374 2305 2446 ribus
2332 2373 2678 2446 syncbronis
2711 2376 3152 2440 conﬁrmentur,
3185 2379 3242 2429 et
3271 2373 3385 2446 alia
3427 2390 3545 2446 non
3601 2373 3803 2446 pauca

2139 2462 2208 2500 ex
2227 2444 2446 2517 iisdem
2479 2446 2622 2517 fiant
2649 2447 3010 2502 verisimilia.
3045 2447 3190 2502 Hinc
3222 2445 3364 2500 mihi
3389 2462 3502 2500 non
3521 2444 3804 2517 displicet

2133 2515 2429 2587 judicium
2465 2516 2687 2572 Bailleti
2723 2519 2793 2573 de
2823 2517 3176 2584 hisceActis,
3197 2533 3334 2571 nam
3354 2517 3414 2570 in
3439 2515 3802 2571 Tabulaeri-

2141 2588 2259 2660 tica
2308 2588 2429 2642 ad2
2494 2589 2854 2660 Septembris
2921 2588 3138 2644 Gallice
3212 2587 3392 2660 habet
3423 2604 3551 2658 quae
3613 2587 3805 2660 reddo

2141 2658 2376 2714 Latine:
2415 2680 2442 2707 «
2475 2658 2608 2732 Vita
2632 2661 2761 2730 ejus
2793 2660 3122 2732 conscripta
3143 2659 3604 2732 perepiscopum
3642 2659 3809 2732 Hua-

2181 2747 2370 2794 arum,
2406 2731 2642 2786 nomine
2671 2730 3084 2812 Carthuitium,
3119 2730 3177 2812 et
3223 2730 3489 2812 dedicata
3531 2731 3654 2812 regi
3689 2730 3803 2812 Go-

2164 2818 2436 2862 omanno,
2465 2817 2580 2856 non
2634 2809 2724 2858 est
2753 2803 3036 2857 immunis
3086 2803 3157 2856 ab
3189 2802 3503 2858 erroribus.
3540 2801 3803 2856 Aliunde

2139 2877 2335 2927 tamen
2361 2872 2504 2928 satis
2536 2874 2901 2930 auctoritatis
2931 2873 3123 2938 habet,
3156 2872 3290 2928 licet
3313 2877 3516 2928 auctor
3543 2871 3808 2928 abfuerit

2140 2961 2173 3016 a
2203 2949 2466 3016 tempore
2499 2945 2704 2999 sancti.
2741 2967 2770 2994 »
2806 2947 2976 3000 Recte
3007 2944 3520 3016 caetera.rAtquod
3577 2944 3662 3016 ait
3689 2944 3803 2998 ab-

2140 3015 2324 3086 fuisse
2355 3032 2390 3069 a
2419 3019 2679 3086 tempore
2725 3017 2911 3072 sancti
2969 3015 3211 3071 nimiam
3244 3015 3508 3071 insinuat
3562 3015 3803 3070 distan-

2140 3085 2306 3171 tiam,
2340 3102 2473 3171 cum
2503 3085 2731 3170 tantum
2767 3087 3806 3171 sexagintaautseptuagintaannis

2142 3162 2274 3228 post
2319 3162 2570 3231 mortem
2599 3157 3136 3231 ipsiusscripserit.
3173 3157 3328 3231 Idem
3358 3157 3472 3231 fere
3507 3157 3618 3212 luit
3649 3157 3802 3231 alio—

2145 3245 2276 3354 I‘ltlm
2309 3228 2658 3354 scpiptorum
2677 3228 2968 3302 judicium
2988 3230 3059 3286 de
3077 3230 3421 3285 auctoritate
3445 3229 3807 3302 hujusVitaz,

2145 3315 2177 3354 e
2225 3316 2368 3354 meri
2405 3317 2458 3354 o.

2145 3303 2204 3354 et
2225 3301 2458 3356 merito.

1587 3591 2130 3688 INCIPIT
2215 3593 2593 3688 VITA.

1011 3837 1410 3895 PREFATIO.

457 3931 512 3986 4.
527 3929 776 3986 Domino
789 3945 898 3985 suo
911 3931 1254 3982 ΟΑιΑιίΑΝΝο
1271 3926 1315 3996 (l
1330 3927 1346 3998 )
1361 3925 1476 3999 regi
1493 3925 2030 3998 praecellentissimo

383 4023 750 4075 CARTHUITUS
779 4016 1088 4088 episcopus
1117 4015 1376 4070 ofﬁcium
1409 4015 1714 4087 spirituale
1742 4033 1844 4086 per
1921 4015 2028 4068 mi-

383 4105 763 4165 sericordiam
795 4103 895 4161 Dei
926 4108 1294 4169 consecutus,
1343 4109 1476 4176 post
1519 4103 1690 4160 istius
1739 4104 1867 4157 vitae
1920 4107 2032 4158 ter-

347 4186 360 4192 ’
383 4195 614 4252 minum
646 4193 785 4250 felix
815 4191 960 4249 illud
994 4210 1139 4267 euge
1182 4193 1628 4266 sempiternum.
1683 4193 2026 4264 lncepturus

383 4301 553 4358 opus,
581 4283 819 4339 domine
848 4283 950 4350 mi,
985 4299 1082 4338 rex
1109 4281 1341 4354 inclyte,
1367 4282 1522 4354 quod
1541 4280 1682 4334 mibi
1715 4284 1904 4336 vestro
1939 4300 2026 4336 re-

351 4409 357 4414 ι
385 4372 505 4446 gali
537 4375 846 4445 praecepto,
878 4373 950 4428 de
979 4373 1132 4428 bona
1161 4371 1278 4428 vita
1303 4369 1459 4444 regis
1505 4369 1782 4440 Stephani
1816 4374 2026 4442 poten-

381 4459 602 4518 tialiter
629 4460 989 4534 injunxistis,
1023 4461 1123 4516 diu
1154 4459 1426 4516 rebellem
1449 4456 1725 4530 ingenioli
1761 4458 1872 4513 mei
1895 4476 2030 4530 per-

349 4553 592 4623 :pessus
648 4566 780 4606 sum
839 4549 1156 4618 inscitiam,
1213 4549 1286 4605 ob
1333 4548 1442 4603 hoc
1501 4546 1822 4626 praesertim
1867 4550 2019 4618 quod

381 4639 715 4698 Priscianus
745 4640 820 4710 (‘2)
853 4643 1056 4696 auctor
1084 4635 1480 4711 grammaticas
1513 4634 1854 4691 medullitus
1879 4635 2026 4691 mihi

379 4732 554 4784 notus
575 4727 738 4798 olim,
769 4726 941 4801 longe
971 4728 1274 4800 digressus
1299 4723 1502 4779 faciem
1525 4741 1715 4792 suam,
1740 4725 1908 4796 quasi
1931 4743 2024 4781 ca-

347 4801 560 4890 lligine
599 4817 851 4889 quadam
903 4815 1329 4880 circumﬂuam,
1373 4811 1517 4867 mihi
1563 4812 1856 4884 decrepito
1896 4814 2022 4883 jam

450 4957 528 5031 (l)
549 4957 916 5031 Catamanno,
951 4957 1104 5030 apud
1137 4955 1370 5031 Surium
1403 4955 1754 5031 Cotomagno,
1787 4954 1878 5031 uti
1917 4972 2024 5011 no-

343 5051 351 5058 ’
378 5025 519 5084 men
546 5028 732 5109 ipsius
751 5031 856 5085 hoc
881 5025 1143 5109 tempore
1167 5025 1310 5082 solet
1335 5027 1598 5109 exprimi.
1622 5025 2022 5109 l’l‘upgaricum

345 5121 352 5128 ·
379 5097 592 5156 nomen
608 5101 877 5156 Kalaman
893 5097 1060 5154 initio
1075 5097 1611 5170 expressum’t'uisse
1627 5097 2021 5167 Calamannus,

379 5171 695 5228 admodum
725 5170 1042 5226 verisimile
1073 5174 1180 5225 est.
1203 5171 1285 5242 _At
1317 5175 1518 5242 postea
1546 5173 1891 5242 usurpatum
1933 5179 2022 5227 est

337 5242 342 5250 ’
377 5259 592 5299 nomen
624 5244 1016 5307 Calamamzus,
1053 5245 1154 5295 aut
1187 5240 1528 5305 Coloinanus,
1553 5240 1706 5312 quod
1730 5240 1856 5312 jam
1880 5242 2019 5298 olim

377 5318 504 5370 erat
530 5313 814 5370 usitatum
849 5312 1002 5384 apud
1036 5311 1705 5384 LatinostColomai‘inus
1730 5311 1841 5384 fuit
1867 5313 2021 5368 Hun-

377 5385 553 5465 gariaa
611 5401 711 5440 rex
737 5390 795 5440 et
851 5382 1124 5465 sucee'soir
1175 5383 1232 5438 S.
1290 5382 1742 5465 LadislaiL-Hoc
1799 5383 2018 5465 ipsum,

375 5452 531 5530 quod
565 5453 962 5530 nomen‘regis
999 5454 1374 5530 Calamanpus
1429 5452 1742 5530 scribitur,
1784 5452 2016 5530 sigpum

372 5524 464 5585 est
495 5525 856 5594 vestustatis,
881 5524 1022 5580 ‘cum
1073 5525 1422 5598 posteriores
1473 5524 1816 5597 scripserint
1845 5524 2017 5582 ’σοῖο-

369 5616 610 5656 manuus
617 5643 628 5654 .

439 5672 518 5740 (2)
551 5669 915 5726 Priscianum
943 5667 1239 5725 numerari
1272 5667 1426 5725 inter
1453 5667 1776 5740 praecipuos
1814 5682 2014 5740 gram-

2144 3837 2281 3893 facit
2303 3839 2807 3899 obscurissimam.
2849 3844 3265 3902 Verumtamen
3317 3850 3479 3917 parte
3538 3861 3607 3902 ex
3660 3845 3801 3915 alia,

2143 3928 2305 3994 dum,
2340 3934 2542 3985 vestrae
2574 3931 2880 4005 dignitatis
2939 3934 3190 3990 intuitus
3250 3935 3654 4004 reverentiam,
3706 3936 3801 3991 in-

2139 4022 2298 4071 certa
2329 4025 2592 4089 gravaret
2623 4021 3024 4091 meditatione,
3059 4024 3296 4078 tandem
3329 4025 3593 4079 omnium
3610 4024 3798 4079 virtu-

2139 4110 2267 4160 tum
2301 4105 2400 4162 lux
2424 4112 2480 4164 et
2504 4126 2740 4182 gemma
2759 4111 3116 4166 dubietatem
3141 4112 3324 4165 anxia:
3347 4113 3564 4167 mentis
3587 4113 3801 4168 devicit

2137 4195 2490 4264 obedientia,
2525 4200 2696 4268 cujus
2728 4198 2862 4255 forti
2893 4199 3167 4270 praesidio
3201 4200 3448 4254 deﬁcere
3479 4200 3537 4254 in
3589 4219 3686 4258 me
3716 4204 3802 4258 vi-

2137 4281 2282 4338 dens
2313 4284 2482 4351 vires,
2517 4286 2832 4343 inchoandi
2865 4287 3056 4358 operis
3088 4286 3304 4358 recepit
3329 4287 3541 4343 ﬁducia
3561 4291 3659 4363 (3).
3685 4292 3800 4346 Sed

2137 4373 2413 4443 quoniam
2449 4392 2598 4446 saepe
2631 4375 2978 4431 ﬁducialiter
3010 4381 3138 4431 acta
3171 4393 3262 4432 res
3289 4375 3802 4435 invidiaelbmitem

2135 4466 2396 4531 generat,
2433 4479 2636 4535 precor
2657 4463 2820 4519 flexis
2853 4463 3104 4536 genibus
3150 4469 3353 4520 vestra:
3413 4465 3801 4539 triumphalis

2137 4549 2486 4606 excellentiae
2507 4551 2954 4617 sublimitatem,
2975 4557 3037 4609 ut
3057 4554 3332 4610 manibus
3353 4555 3564 4628 regalis
3587 4557 3798 4613 defen-

2141 4637 2324 4694 sionis
2357 4639 2469 4694 hoc
2499 4639 2834 4711 suscipiatis
2866 4643 3239 4714 opusculum,
3276 4660 3348 4699 ne
3404 4643 3555 4700 male
3578 4661 3796 4702 sonan-

2137 4727 2284 4782 tium
2320 4728 2530 4800 positio
2562 4728 2908 4800 dictionum,
2936 4733 3023 4788 vel
3046 4732 3515 4790 confusiordinis
3534 4735 3796 4790 enormi-

2134 4820 2247 4887 tas,
2279 4821 2561 4886 vestrum,
2597 4835 2730 4874 cum
2763 4819 3042 4894 legeritis,
3067 4823 3321 4878 offendat
3339 4821 3598 4878 oculum.
3625 4823 3788 4888 Quod

2134 4959 2400 5046 mat-icui,
2437 4963 2660 5046 passim
2693 4968 2910 5046 norunt
2938 4963 3173 5019 eruditi.
3205 4965 3506 5046 Signiﬁcat
3524 4964 3621 5046 illa
3647 4965 3784 5046 alle-

2133 5032 2296 5107 goria
2345 5032 2708 5090 Carthuitius
2769 5035 2928 5107 leges
2985 5032 3462 5106 grammaticales
3493 5036 3606 5092 sibi
3638 5037 3780 5093 olim

2133 5103 2369 5178 quidem
2404 5111 2572 5160 notas
2603 5106 2806 5171 fuisse,
2830 5103 2940 5160 sed
2960 5103 3299 5175 peristatem
3327 5107 3608 5178 paulatim
3635 5109 3783 5164 obli-

2129 5175 2284 5228 vioni
2318 5176 2808 5250 datast/tuamet:
2844 5193 2944 5250 pro
2975 5182 3235 5250 tempore
3267 5175 3383 5250 quo
3413 5179 3657 5235 florebat
3687 5180 3781 5237 hic

2131 5251 2352 5325 auctor,
2385 5249 2748 5325 mediocriter
2772 5247 3222 5325 Latinescripsit
3243 5268 3261 5304 :
3281 5247 3378 5325 sed
3403 5252 3614 5307 menda
3631 5269 3785 5325 qua:-

2129 5315 2431 5394 damnhinc
2464 5317 2599 5372 inde
2631 5319 2994 5389 irrepserunt
3045 5315 3466 5394 manuscripto,
3526 5315 3785 5380 maxime

2129 5387 2240 5440 sub
2275 5387 2470 5442 ﬁnem.

2199 5456 2274 5536 (3)
2307 5458 2716 5536 Cumtphrasis
2748 5459 3001 5536 non_sit
3057 5462 3296 5519 omnino
3351 5465 3626 5536 perfecta,
3685 5485 3783 5523 su-

2127 5529 2320 5610 spicor
2347 5534 2646 5586 auctorem
2694 5529 3006 5602 scripsisse
3061 5537 3266 5606 rccepz'o
3293 5529 3381 5592 vel
3415 5538 3588 5608 recipi
3615 5529 3783 5608 'lidu-

2123 5613 2289 5654 cza'ln.
