3962 6376
147 411 310 477 1909

1754 404 1966 475 VITA.

3404 382 3562 481 me

148 548 198 606 si
231 548 469 621 aliquod
499 545 808 622 indignum
840 546 1162 604 occurrerit
1192 545 1796 626 oﬂ‘endieulum,m‘alo
1825 546 1882 617 Α
1911 546 2160 602 sentiam
2200 546 2475 616 adeundi,
2509 543 2725 620 quibus
2752 545 3154 605 voluntarium
3178 546 3428 606 libenter
3449 552 3553 609 adi:

152 637 411 694 codicem
445 641 513 693 ut
541 638 694 710 ignis
726 638 1092 693 comminuat
1133 637 1471 693 incendium
1502 653 1700 708 quam,
1738 638 1803 690 ut

152 725 299 783 livor
315 728 385 782 ad
410 725 649 793 plenum
672 726 969 799 perveniat
981 726 1239 782 oculum.
1256 727 1458 799 Igitur,
1492 726 1631 798 quia
1658 724 1798 780 boni

152 816 442 889 quidquid
465 819 554 872 est
574 832 642 871 ex
685 816 1014 871 Conditoris
1054 816 1457 872 misericordia
1487 818 1705 883 manat,
1741 830 1808 869 ex

154 905 349 977 ipsius
378 905 530 961 dono
562 922 754 961 sermo
785 908 989 977 ceptus
1019 905 1163 961 talia
1192 910 1466 977 personat
1496 906 1593 976 (4).

701 1020 929 1076 CAPUT
966 1020 1273 1076 PRIMUM.

157 1109 345 1165 Sancti
365 1114 542 1180 pater,
559 1111 773 1164 natales
802 1109 1108 1164 visio-nibus
1132 1111 1359 1180 praeviis
1392 1110 1683 1174 illustrali,
1719 1110 1810 1162 ba-

225 1183 478 1253 ptismus,
502 1183 660 1249 regni
678 1182 844 1253 initia
870 1186 922 1236 et
941 1197 1077 1253 cura
1099 1183 1382 1251 religionis
1414 1180 1808 1253 prepogamlae,

228 1251 458 1308 victoria
473 1253 539 1307 de
568 1252 884 1318 rebellibus,
917 1261 968 1309 et
988 1252 1115 1308 hinc
1142 1254 1539 1308 monasterium
1580 1251 1631 1306 S.
1668 1253 1811 1306 Mar-

231 1325 339 1378 tini
366 1340 435 1378 ea:
462 1327 581 1378 voto
617 1324 931 1394 fundatum.

232 1440 462 1496 2.0mm:
500 1438 691 1494 datum
709 1441 976 1510 optimum
1012 1447 1063 1495 et
1107 1456 1264 1494 omne
1284 1440 1484 1495 donum
1516 1442 1821 1511 perfectum

163 1526 459 1584 desursum
486 1532 586 1598 est,
638 1529 959 1584 descendens
988 1547 1022 1583 a
1070 1532 1234 1584 Patre
1286 1530 1563 1583 luminum
1611 1530 1743 1601 (Jac.
1780 1547 1817 1595 ι,

163 1617 276 1688 17).
312 1616 506 1687 Hujus
534 1616 724 1673 Patris
757 1618 960 1672 datum
994 1613 1305 1689 optimu’m,
1339 1624 1395 1672 et
1425 1619 1644 1674 donum
1690 1636 1819 1691 per-

176 1705 396 1761 fectum
430 1706 489 1760 in
520 1722 726 1762 omnes
754 1705 913 1778 large
972 1707 1337 1778 proveniens,
1401 1707 1541 1778 quia
1590 1707 1821 1762 nullum

175 1793 427 1867 spernit,
458 1794 560 1850 sed
597 1811 801 1850 omnes
834 1795 1103 1851 homines
1133 1795 1253 1850 vult
1284 1796 1475 1851 salvos
1510 1798 1632 1852 fieri
1666 1801 1721 1851 et
1751 1797 1820 1851 ad

175 1883 538 1956 agnitionem
584 1884 844 1938 veritatis
901 1884 1201 1955 pervenire
1260 1888 1311 1951 (ι
1375 1887 1489 1941 Tim
1522 1904 1579 1949 II,
1634 1887 1707 1953 1:),
1750 1886 1819 1940 ad

176 1971 486 2044 Hungaros
516 1989 724 2044 usque,
759 1988 907 2043 quos
931 1972 1398 2029 Christianorum
1420 1974 1714 2046 ﬂagellum
1746 1976 1821 2042 (5)

174 2061 475 2134 quondam
500 2061 683 2115 fuisse
712 2061 1244 2128 eonstat,dif1‘usum
1270 2064 1546 2126 εει.ουοά
1575 2062 1825 2135 qualiter

176 2154 238 2206 et
266 2150 501 2222 quando
532 2150 750 2205 factum
785 2151 879 2215 sit,
914 2150 1046 2222 styli
1107 2151 1297 2206 officio
1339 2152 1631 2207 memoriae
1665 2169 1821 2207 com-

172 2240 453 2294 mendare
484 2255 805 2311 congruum
839 2240 1135 2294 duximus.
1172 2241 1248 2294 Ea
1279 2240 1570 2312 siquidem
1604 2247 1822 2313 tempe-

154 2332 327 2383 state
358 2344 506 2399 quas
528 2344 672 2399 gens
700 2328 941 2400 praefata
970 2329 1070 2383 Dei
1097 2328 1412 2385 Ecclesium
1437 2330 1825 2402 depopulaba-

170 2420 424 2488 tur,erat
446 2417 505 2471 in
538 2433 605 2472 ea
624 2417 897 2489 princeps
921 2417 1184 2489 quidam,
1209 2423 1454 2490 quartus
1477 2420 1548 2474 ab
1571 2419 1692 2483 illo,
1725 2420 1823 2491 qui

173 2504 563 2577 ingressionis
587 2506 998 2577 Hungarorum
1030 2506 1087 2560 in
1100 2506 1402 2562 Pannonia
1417 2509 1534 2562 dux
1552 2508 1825 2580 primitus

180 2595 312 2659 fuit,
338 2594 572 2665 (nomen
605 2594 792 2666 Geysa
822 2596 919 2665 ((3),
952 2595 968 2665 )
1001 2612 1237 2650 severus
1256 2597 1492 2667 quidem
1526 2602 1583 2652 et
1615 2598 1823 2652 crude-

155 2681 276 2747 ~1is,
310 2680 485 2736 veluti
522 2681 914 2751 potentialiter
957 2697 1157 2753 agens,
1206 2683 1263 2736 in
1298 2700 1458 2749 suos,
1493 2684 1826 2739 misericors

180 2774 380 2825 autem
404 2769 810 2825 etliberalisin
840 2769 1006 2836 alios,
1041 2774 1096 2824 et
1124 2772 1410 2842 praecipue
1441 2772 1823 2839 Christianus,

183 2859 301 2915 ritu
335 2859 677 2932 paganismo
703 2859 838 2914 licet
869 2859 1058 2914 adhuc
1091 2859 1329 2931 quidem
1354 2861 1663 2917 obvolutus
1694 2880 1707 2929 ;
1741 2866 1825 2917 ta-

184 2963 319 3003 men
336 2947 844 3020 appropinquante
856 2947 1178 3018 spiritualis
1194 2949 1421 3022 fulgore
1434 2950 1824 3016 eharismatis,

182 3053 319 3092 cum
353 3035 628 3092 omnibus
658 3037 995 3107 circumque
1029 3037 1351 3108 positarum
1396 3041 1826 3110 provinciarum

177 3124 391 3181 vicinis
440 3124 511 3180 de
568 3141 708 3196 pace
760 3125 932 3196 coepit
963 3130 1179 3181 attente
1209 3131 1483 3196 tractare,
1532 3133 1597 3183 ut
1617 3131 1741 3200 jam
1770 3129 1827 3182 in

180 3213 283 3270 illo
314 3218 513 3285 posset
543 3214 877 3287 agnosci,cu
878 3216 978 3284 jus
1000 3214 1158 3270 filius
1183 3216 1540 3272 desideraret
1569 3218 1717 3287 ﬁeri,
1742 3235 1828 3272 se-

182 3304 444 3360 cundum
477 3302 699 3358 dictum
715 3302 1029 3359 Selvatoris
1052 3305 1260 3371 nostri,
1288 3305 1533 3362 dicentis
1561 3307 1618 3361 in
1640 3308 1826 3361 Evan-

182 3390 374 3464 gelio:
425 3394 582 3447 Beati
632 3394 870 3463 paciﬁci,
931 3396 1190 3463 quoniam
1223 3395 1330 3449 filii
1357 3396 1456 3450 Dei
1498 3399 1832 3451 vocabuntur

183 3480 396 3551 (Matth.
426 3498 483 3547 ν,
514 3482 590 3553 9).
625 3481 842 3536 Statuit
896 3482 1139 3554 insuper
1197 3489 1545 3556 praeceptum
1603 3486 1831 3541 cunctis

186 3569 558 3638 Christianis,
584 3571 864 3626 ducatum
897 3588 1069 3627 suum
1104 3572 1318 3627 intrare
1351 3574 1704 3640 volentibus,
1730 3574 1831 3630 ho-

185 3658 529 3732 spitalitatis
560 3663 618 3715 et
648 3660 976 3717 securitatis
1006 3663 1258 3733 gratiam
1289 3662 1546 3718 exhiberi
1578 3666 1675 3735 (7).
1709 3664 1832 3719 Cle-

184 3747 325 3805 ricis
353 3752 413 3804 et
441 3749 746 3805 monachis
778 3754 1120 3822 potestatem
1153 3752 1439 3806 concessit
1488 3770 1657 3807 suam
1689 3771 1829 3825 prae-

257 3892 334 3962 (li)
368 3890 632 3946 Przefatio
664 3895 763 3946 aut
797 3891 1080 3948 dedicatio
1106 3893 1223 3947 haec
1258 3894 1478 3949 omissa
1508 3900 1597 3950 est
1628 3896 1686 3949 in
1718 3914 1830 3952 ms.

187 3963 695 4039 Corsendoncano.
729 3964 936 4018 Surius
959 3980 1085 4039 eam
1109 3966 1393 4039 expressit
1415 3971 1638 4039 mutato
1662 3967 1830 4039 style,

187 4035 512 4104 eademque
545 4033 831 4100 libertate,
853 4052 968 4104 qua
999 4033 1310 4091 dictionem
1345 4038 1523 4092 totius
1554 4038 1693 4092 Vitae
1720 4033 1833 4092 imé

188 4104 457 4178 mutavit.
489 4106 718 4177 Accipe,
753 4104 1014 4161 studiose
1060 4107 1257 4173 lector,
1302 4110 1697 4178 prmfationem
1727 4112 1833 4166 Su-

186 4177 418 4249 rianam
448 4194 551 4248 pro
575 4178 893 4249 specimine
918 4179 1094 4233 totius
1126 4179 1265 4232 Vitae
1289 4177 1611 4236 immutatae
1643 4199 1703 4236 ;‹‹
1731 4182 1835 4237 Do-

189 4248 352 4303 mino
374 4247 483 4302 sub
504 4247 879 4315 Colomanno,
902 4249 1017 4319 regi
1039 4249 1542 4318 excellentissimo,
1568 4253 1834 4307 Cbartui-

186 4320 307 4375 tius
340 4319 671 4395 episcopus,
706 4320 968 4395 spiritale
1003 4320 1394 4395 ministerium
1439 4325 1532 4379 Dei
1569 4325 1832 4395 benigni-

185 4396 303 4447 tate
334 4391 583 4463 adeptus
609 4391 945 4467 post'hujus
976 4394 1104 4445 vitae
1136 4394 1476 4467 terminum,
1514 4395 1657 4450 illud
1690 4391 1834 4467 euge

185 4467 462 4544 precatur
490 4463 934 4544 sempiternum.
997 4465 1316 4544 Aggredior
1346 4483 1501 4544 nunc
1543 4485 1710 4538 opus,
1744 4463 1831 4522 se-

186 4534 827 4608 renissime_rex,jus_su
863 4541 963 4608 tuo
991 4534 1133 4608 mihi
1167 4534 1606 4608 demandatum]
1642 4556 1674 4592 a
1717 4555 1830 4608 quo

184 4605 477 4662 hactenus
507 4605 784 4677 ingenioli
833 4607 943 4661 mei
987 4607 1278 4677 imperitia
1310 4609 1632 4673 abhorruit,
1669 4605 1749 4664 ob'
1772 4610 1827 4663 id

184 4677 513 4749 praesertim
530 4680 685 4748 quod
706 4678 1037 4733 Priscianus
1053 4680 1496 4749 grammaticus,
1515 4680 1656 4735 mihi
1689 4680 1828 4736 olim

184 4753 279 4804 sat
298 4749 449 4824 bene
469 4753 808 4824 perspectus
830 4750 1411 4824 et_c_ognitus,procul
1434 4771 1475 4824 a7
1494 4770 1585 4807 me
1618 4754 1834 4824 digres-

185 4837 312 4902 sus,
332 4820 457 4902 jam
488 4820 968 4902 decrepitomihi,
1002 4820 1283 4902 tanquajm
1313 4823 1559 4902 caligine
1581 4820 1834 4902 quadarn

187 4892 643 4964 septus,faciemi
661 4891 892 4964 exhibet
913 4891 1533 4949 obscurissimamScd
1567 4891 1699 4950 cum
1726 4896 1839 4949 alia

186 4962 457 5045 exparte
477 4962 790 5045 dignitatis
821 4968 933 5017 tua:
983 4965 1345 5045 attenderem
1407 4966 1833 5033 auctoritatem,

183 5034 327 5090 vicit
352 5034 592 5090 tandem
623 5035 805 5090 anxia:
839 5035 1051 5089 mentis
1094 5036 1520 5092 dubitationem
1579 5054 1834 5101 omnem,

184 5105 475 5179 virtutum
507 5105 769 5179 omnium
804 5104 903 5161 lux
934 5110 990 5160 et
1019 5107 1629 5178 gemma.obedientia,
1666 5110 1838 5179 cujus

186 5177 323 5249 forti
370 5177 642 5249 praesidio
670 5178 873 5246 fretus,
910 5177 1139 5233 tametsi
1174 5179 1318 5232 mihi
1356 5180 1509 5235 vires
1542 5177 1837 5235 cernerem

188 5248 653 5321 haudquaquam
672 5250 1202 5321 suppetere,operis
1227 5251 1535 5305 inchoandi
1564 5252 1835 5306 fiduciam

188 5320 452 5392 concepi.
487 5320 632 5376 Cum
666 5320 711 5375 si

184 5392 304 5473 xia,
325 5408 458 5463 quae
488 5392 642 5473 bona
664 5392 851 5473 animi
879 5393 1092 5446 fiducia
1123 5401 1442 5473 geruntur,
1462 5394 1707 5473 supplex
1738 5413 1837 5473 ore

184 5462 411 5536 regiam
438 5462 859 5519 sublimitatem
882 5462 1158 5536 tuam,uti
1180 5465 1445 5536 opusculi
1464 5462 1642 5535 hujus
1662 5466 1842 5520 susci-

183 5534 323 5607 pere
355 5551 427 5590 ne
457 5534 1172 5617 graveturpatrocinium,
1209 5534 1682 5617 n‘ee_oll'endatur
1740 5554 1839 5608 pa-

187 5606 317 5662 rum
350 5606 663 5679 commoda
698 5606 991 5679 (dictione,
1027 5612 1126 5662 aut
1158 5609 1378 5663 ordinis
1411 5614 1468 5664 et
1501 5626 1694 5664 rerum
1740 5606 1838 5679 ge-

188 5682 419 5763 starum
476 5677 845 5763 ‘confpsi‘one‘.
908 5680 1071 5763 Quod
1130 5679 1178 5734 si
1239 5686 1504 5763 occurrat
1536 5677 1839 5763 quidpiam

188 5750 349 5822 quod
378 5750 595 5805 fcedam
627 5749 839 5822 habeat
868 5750 1270 5822 offensionem,
1334 5752 1535 5809 malim
1554 5749 1840 5809 ’codicem

189 5821 436 5895 ignibus
464 5821 697 5878 absumi
732 5838 910 5895 quam
927 5821 1131 5879 livoris
1145 5823 1449 5882 materiam
1474 5824 1725 5897 cuipiam
1758 5825 1841 5881 of-

535 5337 632 5375 um
666 5321 786 5375 sint
818 5326 1009 5375 autem
1030 5321 1373 5391 plerumque
1405 5322 1629 5376 invidim
1662 5324 1842 5378 clmo-

1912 638 2040 691 tum
2073 637 2337 708 praebens
2366 637 2696 693 orthodoxae
2750 637 2885 693 ﬁdei
2946 653 3168 706 semen,
3220 640 3472 710 pectoris
3502 638 3561 695 in

1914 725 2081 781 horto
2109 730 2326 790 satum,
2359 726 2760 782 delectabatur
2789 743 3028 799 germen
3050 727 3347 784 emittere.
3392 742 3395 745 '

1986 815 2193 878 3.0uid
2219 815 2429 886 plura?
2449 815 2626 871 Adest
2644 819 2876 888 tempus
2908 816 3136 872 caelitus
3168 817 3519 889 dispositum
3548 834 3561 874 :

1919 904 2167 959 credidit
2196 905 2319 976 ipse
2343 921 2475 959 cum
2506 904 2897 961 familiaribus
2946 906 3090 971 suis,
3141 910 3198 961 et
3236 907 3565 979 baptizatus

1919 997 2029 1059 est,
2064 997 2121 1049 et
2173 1010 2376 1049 omnes
2431 993 2638 1049 ditioni
2696 1011 2814 1049 suae
2852 995 3141 1050 .subditos
3190 1011 3253 1051 se
3285 995 3566 1068 pollicens

1921 1081 2249 1137 Christiano
2263 1083 2495 1137 nomine
2511 1083 3567 1156 mancipaturum.Cumquenimirum

1923 1175 2077 1227 esset
2107 1171 2393 1227 sollicitus
2437 1172 2507 1226 de
2556 1171 2874 1228 rebellibus
2906 1173 3237 1241 domandis,
3271 1177 3329 1228 et
3359 1173 3568 1229 ritibus

1925 1260 2222 1329 sacrilegis
2254 1261 2646 1330 destruendis,
2680 1264 2737 1317 et
2767 1262 3200 1333 episeopatibus
3242 1263 3568 1318 secundum

1926 1350 2367 1405 aestimationem
2393 1367 2581 1415 suam,
2616 1350 2685 1405 ad
2707 1350 3031 1421 profectum
3065 1349 3333 1405 Ecclesiae
3355 1356 3568 1407 sancta

1926 1437 2273 1505 statuendis,
2295 1438 2547 1493 mirabili
2573 1438 2792 1493 visione
2810 1438 2884 1508 (8)
2917 1443 3085 1492 nocte
3115 1438 3450 1495 consolatus
3483 1443 3572 1495 est

1928 1543 2063 1582 eum
2085 1527 2382 1582 Dominus.
2410 1526 2564 1583 Fecit
2585 1534 2773 1583 astare
2811 1527 2920 1582 sibi
2952 1527 3225 1596 juvenem
3257 1527 3569 1584 delectabi-

1927 1615 2042 1671 lem
2075 1620 2336 1688 aspectu,
2369 1615 2467 1688 qui
2495 1617 2639 1672 dixit
2660 1616 2710 1672 ei
2742 1616 2895 1672 :Pax
2941 1616 3070 1683 tibi,
3104 1616 3317 1672 Christi
3351 1617 3568 1686 electe;

1923 1706 2101 1777 jubeo
2123 1709 2175 1760 te
2196 1706 2266 1760 de
2295 1704 2689 1760 sollicitudine
2710 1709 2812 1760 tua
2842 1705 2963 1761 fore
2982 1721 3275 1761 securum.
3309 1707 3430 1763 Non
3464 1707 3573 1764 tibi

1932 1810 2273 1848 concessum
2306 1794 2563 1865 estquod
2592 1793 3061 1866 meditaris,quia
3083 1808 3301 1850 manus
3317 1795 3574 1867 pollutas

1854 1914 1901 1978 Β
1933 1882 2190 1938 humano
2225 1883 2510 1955 sanguine
2540 1887 2755 1954 gestas.
2790 1884 2870 1938 De
2928 1887 2985 1938 te
3033 1883 3191 1939 filius
3242 1883 3575 1940 nasciturus

1931 1972 2278 2045 egredietur,
2314 1972 2404 2027 cui
2438 1971 2560 2026 haec
2587 1970 2787 2027 omnia
2817 1971 3181 2043 disponenda
3210 1972 3416 2027 divina;
3442 1988 3575 2045 pro-

1931 2060 2197 2115 videntis:
2229 2060 2474 2117 concilio
2504 2060 2941 2116 commendabit
2970 2060 3272 2117 Dominus.
3334 2060 3439 2116 Hic
3469 2062 3579 2117 erit

1933 2167 2089 2204 unus
2111 2167 2179 2204 ex
2217 2150 2453 2222 regibus
2482 2149 2682 2205 electis
2711 2167 2745 2204 a
2774 2149 3043 2218 Domino,
3077 2166 3292 2205 corona
3320 2150 3448 2205 vitae
3477 2168 3577 2206 sae-

1933 2238 2149 2294 cularis
2165 2243 2522 2293 commutalu
2532 2256 2630 2293 rus
2643 2242 2938 2293 aeternam.
2953 2238 3371 2294 Verumtamen
3387 2239 3510 2295 viru
3522 2256 3575 2294 m

1934 2328 2220 2399 spirituali
2252 2327 2540 2399 legatione
2572 2327 2677 2381 tibi
2708 2327 3253 2393 transmittendum,
3300 2329 3575 2384 honorifi—

1931 2417 2192 2472 cabiliter
2223 2418 2869 2489 suscipito,susceptum
2902 2416 3307 2472 venerabiliter
3344 2417 3573 2487 habeto,

1933 2507 2429 2562 exhortationibus
2451 2508 2578 2578 ejus
2604 2524 2719 2561 non
2743 2507 2945 2561 fictum
2968 2505 3161 2561 cordis
3174 2504 3364 2562 ﬁdelis
3381 2523 3578 2563 assen-

1936 2614 2067 2651 sum
2100 2597 2371 2668 praebeto.
2407 2595 2854 2668 Expergefactus
2888 2595 3157 2667 princeps
3200 2594 3420 2650 visione
3451 2599 3573 2651 stu~

1936 2686 2127 2758 pidus,
2170 2686 2330 2756 prius
2365 2701 2585 2751 secum,
2629 2689 2760 2756 post
2807 2701 2939 2738 cum
2973 2683 3185 2740 Christi
3218 2683 3489 2740 fidelibus
3520 2689 3578 2741 et

1934 2774 2058 2829 suis
2090 2778 2469 2845 pertractans,
2528 2774 2642 2829 Deo
2692 2772 2907 2847 gratias
2938 2773 3266 2844 pavimento
3298 2773 3573 2829 manibus

1935 2862 2229 2934 expansis,
2245 2863 2565 2925 adhaerens,
2582 2862 2882 2917 humiliter
2912 2862 3050 2935 egit,
3070 2861 3576 2934 se-principatum-

1938 2969 2051 3024 que
2083 2967 2256 3007 suum
2290 2967 2424 3007 eum
2457 2951 2576 3007 filio
2608 2951 2905 3007 nescituro
2936 2950 3212 3007 custodite
3272 2950 3432 3008 illius
3478 2953 3579 3025 qui

1938 3059 2052 3096 non
2084 3042 2301 3096 dormit
2328 3058 2516 3113 neque
2547 3040 2827 3096 dormitat
2851 3041 3022 3111 (Psal.
3055 3056 3186 3100 cxx.
3218 3042 3270 3113 li)
3309 3041 3581 3115 lacrymis

1938 3129 2086 3185 fusis
2100 3130 2548 3186 commendavit.
3485 3142 3489 3147 ‘

2013 3221 2064 3273 4.
2094 3224 2236 3274 Dum
2273 3219 2518 3274 miratur
2538 3236 2672 3291 ergo
2704 3219 2774 3274 de
2811 3219 2931 3273 viro
2964 3218 3242 3274 divinitus
3288 3220 3582 3291 pracdicto,

1942 3309 2247 3363 nuntiatur
2272 3308 2321 3362 ei
2357 3309 2588 3363 beatum
2616 3308 3016 3374 Adalbertum,
3049 3307 3451 3363 Bohemieusis
3482 3309 3580 3363 Ec-

1939 3397 2125 3453 clesiae
2158 3397 2592 3468 pontificem,ad
2612 3414 2672 3451 se
2692 3400 3005 3451 venturum
3039 3412 3166 3450 esse
3185 3400 3420 3467 propter
3440 3414 3578 3452 con-

1937 3486 2257 3541 versionem
2284 3485 2470 3557 ipsius
2502 3490 2559 3540 et
2587 3485 2719 3540 fidei
2753 3501 2865 3539 non
2902 3484 3048 3538 ﬁctae
3094 3484 3438 3556 profectum,
3472 3484 3579 3540 Do-

1941 3577 2098 3630 mino
2118 3581 2230 3630 Deo
2253 3574 2446 3629 laudis
2484 3574 2739 3630 hostiam
2769 3573 3126 3628 oblaturum.
3159 3573 3358 3627 Oritur
3385 3572 3584 3629 laetitia

1941 3665 2105 3720 novis
2151 3662 2363 3719 Christi
2394 3663 2680 3718 militibus
2721 3662 3165 3717 inenarrabilis:
3203 3663 3321 3717 dux
3350 3662 3583 3717 obviam

1941 3753 2115 3808 tironi
2148 3751 2359 3807 Christi
2393 3752 2467 3823 (9)
2501 3768 2633 3806 cum
2651 3750 2921 3807 fidelibus
2943 3750 3274 3823 quibusque
3302 3751 3580 3822 procedit,

1941 3895 2173 3952 ferri.Et
2203 3892 2519 3966 quiabona
2561 3892 2853 3966 omniaad
2895 3908 3002 3947 nos
3031 3910 3098 3947 ex
3129 3893 3324 3966 divina
3357 3891 3583 3947 miseri-

1942 3967 2137 4023 cordia
2170 3962 2638 4038 proliciscuntur,
2673 3964 2856 4038 ipsius
2879 3981 3128 4038 munere
3152 3965 3235 4038 sic
3267 3962 3409 4038 libet
3439 3980 3583 4038 opu-

1941 4034 2459 4108 sculum'przesens
2490 4034 2864 4108 auspicari.»
2908 4035 3092 4108 Vides
3116 4035 3229 4100 hic,
3268 4034 3583 4108 lector,’sic

1942 4106 2316 4164 immutatam
2348 4106 2687 4174 dictionem,
2721 4113 2783 4163 ut
2813 4107 2967 4162 idem
3003 4106 3215 4178 ubique
3242 4107 3315 4161 sit
3341 4123 3581 4178 sensus.

1941 4183 2096 4238 Idem
2124 4180 2341 4253 passim
2368 4180 2425 4234 in
2446 4180 2577 4235 Vita
2599 4180 2813 4253 factum
2832 4196 2977 4253 ;Anec
3010 4177 3157 4253 opus
3182 4177 3422 4253 es-t‘illas
3455 4194 3582 4232 mu-

1941 4248 2192 4308 tationes
2223 4253 2531 4307 verborum
2554 4256 2750 4307 notare
2772 4248 3066 4321 deinceps,
3100 4250 3213 4303 nisi
3246 4248 3420 4304 simul
3454 4265 3586 4303 mu-

1942 4330 2062 4379 tata
2093 4324 2169 4380 sit
2199 4323 2505 4379 sententia.
2541 4322 2707 4378 Solas
2742 4322 2922 4394 igitur
2964 4321 3319 4394 mutationes
3349 4325 3586 4376 senten-

1942 4396 2156 4450 tiarum
2209 4395 2451 4474 inferius
2508 4392 2841 4474 assignabo,
2876 4410 2949 4474 ex
2978 4410 3086 4446 ms.
3128 4410 3261 4474 vero
3302 4392 3462 4474 ipsas
3490 4409 3588 4474 vo:

1941 4483 2075 4521 cum
2137 4466 2486 4520 mutationes
2535 4463 2845 4535 diligenter
2901 4464 3236 4525 observabo,
3291 4463 3435 4535 nisi,
3472 4463 3591 4518 sint

1942 4536 2156 4592 menda
2187 4536 2536 4599 clarissima,
2569 4534 2667 4589 uti
2684 4536 2843 4590 varia
2873 4542 3189 4589 occurrunt
3220 4535 3373 4589 circa
3412 4534 3585 4589 finem

1944 4609 2104 4662 Vitae.

2013 4681 2088 4747 (δ)
2124 4676 2211 4732 Uti
2264 4675 2449 4730 Attila
2506 4676 2698 4731 vocari
2756 4675 2937 4747 volunt
2988 4675 3443 4747 ﬂagellimi_Dei.
3508 4674 3589 4728 ita

1942 4740 2199 4827 Hun'garj
2235 4764 2430 4827 revera
2472 4740 3045 4827 fueruntnilagellum
3069 4740 3586 4827 Christianorum,

1948 4814 2460 4893 quemadmodum
2477 4818 2619 4872 satis
2650 4814 2995 4891 colligi'pote
3012 4822 3135 4871 stex
3160 4816 3332 4871 dictis
3358 4815 3414 4870 in
3429 4814 3588 4871 Com-

1948 4890 2233 4949 mentario
2257 4908 2419 4944 num.
2446 4890 2535 4944 52.

2020 4966 2094 5035 (6)
2144 4964 2205 5019 In
2268 4979 2377 5016 ms.
2419 4960 2655 5035 nomine
2685 4958 2872 5035 Geysa.
2910 4959 3082 5013 Porro
3127 4959 3197 5035 de
3229 4956 3592 5035 ingressione

1947 5029 2356 5107 Hungarorum
2409 5032 3072 5107 in_Pannoniam,‘se_u
3134 5030 3191 5084 in
3247 5029 3591 5107 hodiernam

1948 5101 2657 5179 Hungariammrirnisque
2682 5119 2882 5156 eorum
2916 5101 3305 5179 dueiliu‘s,‘egi
3336 5102 3392 5156 in
3423 5101 3591 5158 Com-

1949 5173 2292 5249 mentario§
2335 5173 2387 5231 5.
2422 5176 2499 5230 De
2544 5173 2729 5246 Geysa
2761 5190 2894 5228 vero
2928 5173 3095 5245 plura
3124 5174 3153 5243 ἓ
3192 5176 3225 5226 8
3256 5173 3312 5229 et
3343 5190 3591 5246 sequen-

1950 5252 2126 5305 tibus.

2022 5325 2096 5391 (7)
2118 5321 2240 5374 Vox
2271 5319 2518 5375 arbiheri
2547 5333 2659 5370 non
2694 5320 2789 5391 est
2813 5316 2867 5369 in
2898 5333 3032 5391 ms,
3096 5333 3195 5369 nec
3227 5320 3315 5369 est
3354 5314 3592 5391 omnino

1951 5382 2300 5448 necessaria.
2363 5391 2719 5460 I’rieceptum
2778 5388 3136 5460 hociGeysm
3185 5385 3595 5440 verosimiliter

1951 5465 2151 5519 datum
2184 5479 2312 5518 esse
2342 5459 2602 5531 tempore
2634 5460 2860 5515 Ottonis
2892 5459 3495 5531 1,7pustipacemcum
3527 5474 3592 5512 eo

1950 5537 2178 5601 initam,
2203 5538 2259 5589 et
2279 5533 2433 5588 circa
2456 5530 2674 5586 annum
2701 5532 2828 5593 972,
2851 5530 2965 5585 dixi
2998 5530 3212 5583 ibidem
3238 5545 3292 5581 n.
3324 5530 3412 5601 80.

2023 5610 2096 5679 (ὅ)
2128 5598 2253 5661 Non
2287 5621 2434 5679 esse,
2466 5620 2571 5679 cur
2602 5603 2751 5657 hanc
2782 5602 3063 5679 visionem
3094 5599 3395 5679 commode
3421 5598 3593 5679 intel-

1950 5670 2158 5734 lectam
2190 5694 2292 5749 pro
2315 5670 2518 5731 fictitia
2548 5675 2875 5729 necessario
2900 5674 3240 5740 habeamus,
3275 5670 3502 5726 ostendi
3537 5670 3591 5725 in

1951 5752 2176 5807 Comm.
2211 5749 2240 5819 ξ
2271 5749 2347 5819 I0.

2023 5822 2098 5895 (9)
2115 5813 2321 5879 Surius
2334 5818 2429 5875 hic
2443 5820 2604 5874 notat
2618 5817 2826 5874 merito
2839 5816 2953 5875 dici
2965 5815 3225 5891 potuisse
3237 5815 3307 5873 de
3320 5814 3506 5889 Geysa
3517 5813 3592 5870 ti-
