3962 6414
402 437 558 512 1211

1403 443 1470 511 S.
1517 446 1913 512 STEPHANI
1957 441 2518 512 HUNGARORUM
2560 445 2818 512 REGIS.

3659 445 3814 509 1212

403 577 831 638 honorabiliter
847 594 982 638 eum
1004 579 1332 655 suscipit,et
1357 585 1424 638 ut
1445 598 1550 654 per
1567 582 1758 639 visum
1784 581 2045 638 monitus
2072 582 2128 650 Α
2159 581 2270 654 (15)
2297 597 2427 638 vero
2458 579 2670 655 oppido
2711 579 3032 638 nativitatis
3088 579 3389 638 exordium
3449 577 3683 649 habuit,
3761 584 3814 637 et

404 664 712 739 eat,modis
733 669 1008 728 omnibus
1038 671 1378 728 obedientiaa
1410 671 1599 728 ﬁlium
1631 689 1693 728 se
1723 672 1844 728 fore
1877 689 2049 728 mon—

404 760 630 816 stravit.
663 760 869 832 Igitur,
893 761 1140 831 juhente
1165 761 1446 834 principe,
1470 762 1534 817 ﬁt
1563 761 1782 834 ubique
1805 777 2049 832 congre-

401 848 560 924 gatio
584 849 880 905 indomitae
901 849 1114 922 [gentis
1139 850 1252 921 (10)
1275 851 1292 922 ]
1315 853 1372 906 et
1391 867 1495 922 per
1524 854 1794 906 sanctum
1825 850 2049 922 episco-

403 956 546 1012 pum
579 937 688 993 fuit
737 938 869 1010 (11),
913 942 970 994 et
999 956 1103 1010 per
1131 955 1268 995 suas
1315 938 1744 995 exhortationes
1776 939 2052 994 continue

400 1031 817 1084 convertuntur
837 1031 895 1082 et
917 1027 1286 1100 baptizantur
1309 1028 1533 1083 alumni
1557 1027 2051 1100 patriae,statuun-

399 1115 576 1172 turin
602 1115 804 1172 multis
827 1114 973 1172 locis
1004 1115 1259 1172 ecclesiae
1289 1135 1302 1184 ;
1356 1115 1454 1171 lux
1486 1116 1722 1188 quippe,
1755 1133 1883 1188 quae
1915 1114 2047 1170 illu-

401 1205 590 1262 minat
619 1219 852 1260 omnem
884 1204 1468 1273 hominem,tenebris
1499 1205 1782 1276 expulsis,
1805 1205 1862 1258 in
1894 1203 2051 1258 Hun-

400 1294 566 1367 garia
621 1292 794 1365 coepit
839 1293 1076 1363 enitere,
1139 1298 1196 1350 et
1223 1293 1465 1366 impleta
1516 1297 1656 1349 sunt
1684 1293 1744 1348 in
1776 1309 1844 1348 ea
1872 1292 2050 1348 verba

399 1382 718 1456 prophetia:
743 1381 990 1438 dicentis
1026 1400 1038 1437 :
1085 1381 1340 1438 Gentium
1369 1383 1626 1454 populus,
1667 1383 1764 1453 qui
1801 1381 2050 1437 ambulat

397 1470 510 1543 (12)
551 1471 612 1525 in
663 1469 915 1538 tenebris,
965 1470 1101 1526 vidit
1147 1471 1324 1526 lucem
1369 1488 1632 1542 magnam
1687 1470 1812 1542 (lsa.
1857 1487 1934 1535 1x,
1965 1471 2042 1541 2).

398 1557 683 1616 Luxlucis
703 1557 1020 1614 invisibilis
1041 1558 1308 1616 Christus
1330 1563 1438 1624 est,
1473 1576 1647 1632 quem
1674 1563 1814 1614 tunc
1843 1563 2046 1631 gentes

393 1647 590 1706 videre
640 1652 997 1716 meruerunt,
1055 1649 1290 1721 quando
1347 1653 1623 1704 revocatas
1655 1649 1725 1704 de
1764 1647 2042 1714 tenebris,

394 1737 590 1810 ipsum
632 1752 836 1792 verum
860 1737 1045 1792 Deum
1073 1741 1131 1793 et
1152 1737 1452 1792 hominem
1475 1753 1604 1793 esse
1627 1753 1831 1792 verum
1854 1735 2043 1808 perfe-

394 1830 484 1882 cte
509 1825 882 1882 crediderunt
911 1825 1044 1896 (l3).
1102 1827 1216 1882 Nec
1245 1825 1354 1882 hoc
1413 1825 1646 1882 silentio
1692 1828 2042 1898 praetereun-

2159 671 2432 743 puer(16)
2451 670 2640 726 adhuc
2671 669 2918 726 scientia
2945 671 3342 744 grammaticae
3372 671 3518 727 artis
3535 671 3608 726 ad
3643 669 3812 742 plene

2159 759 2425 814 imbutus
2455 763 2562 815 est.
2595 759 2784 814 Crevit
2831 759 3047 829 infans,
3079 758 3348 833 diligenti
3379 759 3642 815 nutritus
3673 759 3814 815 edu-

2160 852 2290 903 catu
2309 865 2320 915 ;
2339 847 2761 920 qui,transacta
2781 847 3374 921 pueritia,postquam
3397 848 3648 922 gradum
3678 848 3816 904 ado-

2159 935 2450 992 lescentia:
2505 936 2762 1009 primum
2821 937 3103 1005 ascendit,
3135 941 3213 1005 et,
3274 937 3607 994 convocatis
3647 941 3814 1008 pater

2159 1041 2306 1080 suus
2323 1024 2631 1098 Hungariae
2648 1024 3163 1097 primatibus,cum
3179 1025 3382 1082 ordine
3399 1025 3812 1098 sequenti(17),

2157 1130 2261 1186 per
2279 1113 2612 1170 communis
2635 1112 2945 1169 consilium
2962 1112 3238 1186 colloquii
3271 1113 3456 1169 ﬁlium
3494 1131 3672 1170 suum
3693 1117 3814 1169 Ste-

2156 1202 2418 1275 phanum
2451 1206 2584 1274 post
2629 1219 2692 1258 se
2722 1205 3106 1275 regnaturum
3161 1202 3376 1276 populo
3435 1203 3718 1276 praefecit,
3753 1207 3812 1258 et

2157 1293 2228 1348 ad
2285 1291 2396 1347 hoc
2451 1291 2948 1348 corroborandum
2981 1309 3014 1348 a
3062 1291 3316 1378 singulis
3371 1296 3812 1348 sacramentum

2156 1380 2364 1454 exegit.

2223 1471 2276 1523 6.
2311 1473 2450 1524 Post
2473 1467 2595 1524 haec
2613 1468 2822 1541 plenus
2844 1469 3074 1524 dierum
3097 1485 3250 1525 anno
3279 1468 3597 1526 Dominicis
3615 1471 3812 1527 Incar-

2155 1557 2409 1614 nationis
2430 1557 2876 1631 nongentesimo
2900 1559 3279 1631 nonagesimo
3306 1559 3559 1632 septimo
3581 1560 3695 1632 (18)
3709 1577 3817 1616 sa:-

2155 1645 2270 1702 culi
2303 1662 2555 1718 nequam
2587 1661 2884 1702 aerumnas
2914 1644 3132 1702 ccelesti
3165 1647 3415 1701 mutavit
3473 1647 3709 1720 gaudio.
3741 1647 3812 1702 Et

2155 1736 2360 1791 eodem
2389 1751 2542 1790 anno
2582 1735 2791 1790 beatus
2835 1733 3149 1806 episcopus
3207 1733 3580 1804 Adalbertus,
3631 1751 3817 1792 causa

2154 1825 2510 1897 praedicandi
2541 1823 2788 1880 verbum
2819 1823 2947 1893 Dei,
3005 1823 3304 1881 Prussiam
3354 1823 3682 1898 ingressus,
3727 1823 3814 1880 ibi

395 1915 537 1970 dum
585 1917 675 1970 est
711 1914 887 1986 quod,
918 1917 984 1968 ut
1013 1915 1207 1970 omnis
1255 1913 1610 1988 ambiguitas
1639 1913 1942 1970 tolleretur
1971 1914 2042 1969 de
2073 1950 2122 2015 Β
2153 1913 2350 1986 palma
2380 1913 2644 1986 martyrii
2666 1916 3108 2015 coronatus‘est.
3129 1916 3269 1968 Post
3296 1912 3524 1968 obitum
3541 1929 3676 1969 vero
3707 1929 3814 1986 pa-

395 2002 610 2073 medio,
643 2017 716 2058 nc
739 2002 882 2058 forte
903 2003 1188 2074 praedictae
1216 2003 1459 2059 visionis
1481 2003 1664 2060 solius
1695 2003 1805 2057 viri
1835 2019 2044 2075 parum
2073 1999 2121 2015 "
2157 2002 2264 2059 tris
2278 2002 2630 2075 Stephanus,
2663 2001 2856 2056 adhuc
2876 1999 3236 2070 adolescens,
3261 2001 3454 2058 favore
3473 2001 3814 2074 principum

391 2091 690 2148 videretur
711 2089 903 2146 inesse
924 2090 1083 2160 ﬁdei,
1115 2108 1354 2148 uxorem
1391 2093 1540 2164 ejus,
1565 2093 1692 2164 jam
1727 2091 2044 2164 appropin-

394 2183 675 2253 quantem
736 2180 950 2252 partui,
1006 2179 1108 2236 tali
1169 2181 1350 2236 voluit
1377 2180 1602 2237 visione
1630 2180 1828 2236 divina
1855 2180 2047 2252 gratia

392 2267 702 2326 consolari.
762 2269 1047 2341 Apparuit
1103 2285 1358 2342 namque
1415 2269 1499 2324 illi
1530 2270 1736 2326 beatus
1787 2269 1961 2324 levita
1989 2273 2047 2324 et

391 2360 784 2430 protomartyr
840 2358 1194 2430 Stephanus,
1256 2359 1470 2414 levitici
1524 2358 1766 2414 habitus
1799 2361 2044 2414 ornatus

389 2445 743 2520 insignibus,
777 2445 876 2518 qui
909 2462 1036 2502 eam
1068 2447 1285 2519 alloqui
1316 2447 1510 2504 taliter
1539 2447 1713 2519 coepit
1744 2463 1756 2502 :
1807 2447 2046 2502 Conﬁde

391 2537 450 2592 in
477 2535 746 2602 Domino,
771 2535 1002 2604 mulier,
1037 2539 1096 2592 et
1118 2541 1272 2592 certa
1296 2541 1418 2592 esto
1437 2535 1578 2608 quia
1611 2535 1796 2591 ﬁlium
1827 2534 2042 2608 paries,

390 2623 484 2680 cui
514 2625 705 2696 primo
731 2624 790 2679 in
836 2623 945 2678 hac
971 2629 1141 2696 gente
1163 2641 1378 2682 corona
1417 2625 1662 2681 debetur
1690 2631 1748 2680 et
1772 2639 2042 2697 regnum,

391 2729 706 2786 meumque
735 2729 950 2768 nomen
985 2712 1068 2768 illi
1092 2730 1340 2786 reponas
1361 2714 1605 2787 (14).Cui
1637 2723 1837 2770 autem
1861 2713 2046 2769 admi-

391 2819 531 2858 rans
553 2801 764 2857 mulier
787 2802 1200 2874 responderet:
1226 2802 1364 2867 Quis
1399 2820 1482 2870 es,
1517 2803 1775 2869 domine,
1805 2800 1896 2857 vel
1927 2817 2045 2872 quo

397 2891 634 2947 nomine
664 2891 1074 2963 nuncuparis?
1123 2893 1239 2965 Ego
1271 2909 1427 2960 sum,
1463 2892 1676 2964 inquit,
1711 2890 2044 2962 Stephanus

395 2983 805 3053 protomartyr,
827 2979 924 3052 qui
952 2981 1178 3052 primus
1200 2999 1304 3054 pro
1327 2981 1540 3037 Christi
1570 2981 1806 3036 nomine
1837 2985 2048 3052 marty-

401 3069 558 3125 rium
588 3067 820 3142 pertuli.
849 3069 970 3133 Quo
999 3070 1176 3142 dicto,
1205 3069 1519 3142 disparuit.

465 3159 520 3214 5.
543 3157 813 3214 Nascitur
834 3157 1052 3215 interea
1079 3159 1392 3231 praedictus
1411 3157 1706 3214 aDomino
1721 3155 1878 3212 ﬁlius
1894 3155 2047 3228 prin-

392 3247 528 3320 cipi,
589 3263 786 3320 quem,
844 3248 1168 3304 secundum
1197 3247 1567 3320 prophetam,
1628 3249 1942 3318 antequam
1982 3245 2042 3300 in

2157 2096 2214 2147 et
2231 2091 2418 2164 plebis
2438 2091 2496 2147 in
2517 2089 2702 2163 patris
2719 2089 2936 2145 solium
2960 2089 3338 2146 laudabiliter
3361 2091 3658 2163 profectus
3706 2093 3812 2163 [γη.

2157 2181 2366 2252 actus],
2399 2184 2456 2236 et
2505 2178 2826 2234 ardentiori
2858 2179 3055 2234 animo
3087 2179 3262 2252 coepit
3310 2177 3572 2236 veritatis
3602 2197 3820 2253 propa-

2155 2273 2324 2342 gator
2379 2267 2644 2334 existere,
2705 2267 2870 2340 quia,
2900 2267 3169 2339 quamvis
3204 2267 3605 2324 adolescentia
3637 2269 3817 2325 annis

2158 2359 2408 2424 ﬂoreret,
2442 2373 2558 2412 non
2608 2360 2805 2411 tamen
2851 2371 2952 2411 cor
2977 2355 3035 2410 in
3071 2372 3188 2420 ore,
3223 2356 3323 2412 sed
3338 2373 3405 2412 os
3426 2355 3485 2411 in
3501 2357 3674 2412 corde
3703 2357 3815 2414 ha-

2156 2447 2350 2502 bebat.
2385 2444 2823 2522 Scripturarum
2879 2445 3234 2514 divinarum,
3296 2445 3512 2518 quibus
3542 2446 3820 2519 apprime

2157 2535 2460 2608 ﬂagrabat,
2495 2551 2610 2590 non
2637 2534 2968 2601 immemor,
2997 2533 3292 2605 judicium
3339 2539 3396 2589 et
3416 2534 3714 2604 justitiam
3749 2537 3816 2592 in

2156 2623 2342 2681 oculis
2373 2623 2752 2698 proponebat,
2788 2627 2846 2678 et
2891 2623 3066 2695 juxta
3113 2622 3256 2678 illud
3287 2621 3618 2680 Salomonis
3647 2641 3661 2680 :
3693 2625 3815 2682 Au-

2155 2715 2311 2770 diens
2333 2715 2662 2785 sapientiam
2679 2714 2982 2784 sapientior
3017 2714 3146 2776 erit,
3175 2717 3227 2768 et
3257 2713 3570 2783 intelligens
3607 2715 3814 2785 guber-

2155 2804 2358 2859 nacula
2380 2802 2679 2875 possidebit
2735 2802 2916 2872 (Prov.
2951 2819 2990 2868 ι,
3020 2801 3098 2873 5).
3161 2801 3225 2856 In
3284 2801 3559 2858 omnibus
3606 2801 3815 2876 itaque

2155 2891 2450 2949 mandatis
2478 2890 2578 2947 Dei
2609 2889 2798 2946 ﬁdelis
2844 2890 3212 2962 dispensator
3248 2890 3524 2959 existens,
3555 2893 3712 2964 apud
3749 2911 3818 2950 se

2156 2981 2328 3054 erepit
2357 2979 2625 3036 meditari
2658 2978 2909 3052 qualiter
2961 2980 3294 3052 subjectum
3347 2979 3458 3036 sibi
3516 2980 3814 3054 populum

2155 3069 2334 3126 unius
2356 3069 2452 3124 Dei
2471 3068 2653 3125 cultui
2677 3069 3054 3142 manciparet.
3099 3069 3210 3124 Sed
3241 3068 3381 3142 quia
3409 3071 3818 3142 perpendebat

2156 3159 2214 3215 id
2241 3159 2464 3232 absque
2492 3157 2818 3214 vicinarum
2879 3158 3142 3230 gentium
3190 3157 3659 3216 consideratione
3690 3160 3814 3232 (19)

2156 3248 2400 3304 minime
2432 3245 2768 3320 ﬁeriposse,
2799 3263 3001 3318 pacem
3031 3263 3167 3302 cum
3197 3250 3528 3303 exterarum
3568 3247 3812 3320 provin-

391 3317 554 3393 utero
585 3317 1007 3410 conciperetur,
1061 3317 1348 3393 Dom—inus
1379 3336 1538 3392 novit
1575 3353 1588 3404 ;
1641 3341 1698 3390 et
1726 3317 1840 3404 cui,
1889 3339 2050 3391 ante-
2082 3317 2126 3384 CI
2155 3338 2378 3394 ciarum
2409 3317 2644 3410 pepulis
2665 3317 2889 3392 habens
2930 3337 3066 3407 (20),
3098 3339 3155 3390 et
3184 3335 3434 3392 ﬁdeliter
3462 3317 3814 3394 institutam

393 3442 572 3499 quam
598 3431 952 3493 nasceretur,
987 3441 1090 3498 per
1110 3429 1594 3498 protomartyrem
1619 3440 1793 3481 suum
1824 3441 2037 3481 nomen

391 3515 796 3572 indidit.Hunc
808 3515 924 3572 Deo
937 3513 1187 3570 dilectus
1207 3513 1875 3586 Adalbertusepiscopus
1893 3513 2040 3570 chri-

391 3602 563 3662 smali
585 3605 942 3678 baptismate
973 3603 1301 3659 secundum
1331 3602 1693 3660 credulitatis
1740 3621 1857 3660 suae
1887 3603 2036 3659 veri-

389 3697 571 3750 tatem
594 3693 1077 3750 intinxit.Nomen
1092 3691 1204 3746 sibi
1220 3691 1561 3764 impositum
1576 3696 1666 3748 est
1683 3692 2033 3764 Stephanus,

390 3782 548 3856 quod
579 3780 838 3838 alienum
880 3798 914 3836 a
944 3778 1189 3837 consilio
1224 3779 1320 3836 Dei
1359 3779 1540 3838 fuisse
1570 3797 1686 3836 non
1717 3780 2033 3838 credimus.

389 3871 695 3942 Stephanus
716 3869 934 3942 quippe
955 3869 1149 3925 Graece
1169 3885 1371 3926 corona
1391 3873 1563 3926 sonat
1584 3869 1802 3926 Latine.
1836 3872 2036 3944 Ipsum

389 3959 628 4030 quidem
659 3962 716 4012 et
761 3957 818 4012 in
865 3957 976 4012 hoc
1009 3957 1218 4013 saeculo
1254 3975 1531 4014 coronare
1569 3959 1722 4016 Deus
1747 3959 1932 4016 voluit
1963 3960 2035 4014 ad

389 4045 552 4118 regni
585 4045 924 4118 potentiam,
957 4053 1014 4102 et
1041 4045 1100 4102 in
1147 4047 1342 4102 futuro
1399 4064 1613 4105 corona
1655 4048 2036 4105 beatitudinis

389 4149 624 4204 semper
649 4134 940 4190 manentis
971 4135 1256 4192 redimere
1286 4136 1561 4206 decrevit,
1596 4138 1668 4192 ad
1720 4137 2034 4210 percipien-

390 4220 526 4276 dam
547 4219 850 4296 vitaejugis
873 4221 1296 4280 indeﬁcientem
1329 4223 1598 4297 gloriam.
1648 4223 2034 4298 Strigoniensi

390 4363 516 4440 toni
534 4362 784 4440 timuisti;
811 4381 943 4420 nam
956 4365 1304 4440 Adalbertus
1327 4366 1526 4424 minus
1545 4365 1778 4440 proprie
1797 4372 2036 4424 vocatur

387 4434 888 4511 tiro_§'_h[_isti,cum
907 4442 1060 4511 esset
1087 4439 1420 4511 episcopus.

424 4576 434 4588 .
461 4505 572 4589 (10)
587 4506 714 4589 ‘Vox
739 4503 1139 4589 gentisdeerat'
1163 4511 1221 4564 in
1245 4503 1518 4577 editione,
1548 4514 1724 4582 atque
1759 4509 1888 4568 ideo
1920 4528 2034 4566 un-

387 4577 777 4635 cisinClusam
802 4581 999 4636 addidi
1030 4598 1098 4636 ex
1127 4598 1238 4636 ms.

459 4649 570 4722 (1|)
602 4649 849 4726 Phrasis
879 4656 970 4708 est
1005 4654 1288 4726 mendosa
1325 4652 1384 4707 in
1406 4653 1660 4710 editione
1680 4670 1843 4726 aeque
1873 4670 1939 4710 ac
1969 4653 2030 4710 in

387 4737 500 4798 ms.
531 4721 738 4798 Surius
759 4722 972 4798 habet;
1001 4725 1369 4798 Persanclum
1399 4727 1712 4798 episcopum
1740 4721 1884 4797 ﬁunt
1903 4741 2032 4782 con-

384 4794 562 4875 cio’nes
583 4809 628 4875 ,ς-
626 4797 800 4875 atque
831 4793 1256 4875 italegendum
1277 4793 1500 4875 putem:

482 4865 568 4929 12)
594 4864 803 4921 Surius
823 4864 1158 4933 ambulabat,
1192 4871 1258 4922 ut
1277 4864 1735 4924 reverahabetur
1769 4867 1928 4922 Isaiae
1955 4887 2030 4926 1x.

481 4935 568 5004 13)
582 4935 1419 5011 Coeptamessellungarorum
1442 4937 1880 5011 conversionem
1905 4945 2034 4998 ante

385 5005 701 5060 adventum
720 5007 1034 5080 Adalberti,
1061 5005 1184 5080 jam
1207 5009 1528 5066 insinuavit
1549 5013 1752 5064 auctor
1782 5026 1944 5067 num.
1977 5015 2030 5080 3,

385 5079 445 5153 et
474 5077 977 5153 nos_ostend‘imu_s
1025 5077 1108 5153 in,
1133 5080 1570 5138 Commentario
1618 5080 1648 5153 §
1678 5084 1731 5136 7.
1763 5077 2033 5139 Attamen

387 5147 858 5231 imperfectafuit
877 5151 1066 5222 prima
1097 5151 1198 5207 illa
1220 5153 1545 5217 conversio,
1578 5147 1722 5208 etne
1742 5169 1845 5224 per
1861 5154 2037 5210 Adal-

386 5219 625 5296 bertum
652 5221 887 5296 quidem
919 5223 1063 5278 satis
1092 5224 1344 5296 perfecte
1402 5223 1664 5278 conversi
1704 5229 1846 5280 sunt
1873 5225 2035 5281 Hun-

388 5288 540 5366 gari,
557 5288 928 5366 _u_t_dictum§
961 5297 1044 5348 10.

459 5361 674 5447 (‘14).Ne
699 5363 849 5447 hanc
869 5361 1110 5447 quidem
1145 5365 1429 5447 visionem
1459 5363 1858 5447 incredibilem
1885 5385 2033 5447 esse,

388 5433 488 5508 sed
522 5432 758 5508 aliunde
787 5432 984 5508 potius
1010 5436 1254 5504 ﬁrmari,
1283 5436 1509 5492 ostendi
1531 5442 1732 5494 contra
1761 5432 2034 5495 crimina?

384 5505 576 5580 tiones
592 5505 934 5580 Schwartzii
965 5508 1025 5562 in
1056 5507 1487 5580 Commentario
1519 5509 1548 5580 ξ
1580 5512 1662 5564 10.

457 5576 982 5654 (15)__St_rigo_nium,
1018 5577 1206 5654 vulgo
1236 5577 1402 5654 _Gran,
1437 5576 1589 5654 urbs
1631 5584 1720 5637 est
1753 5581 2038 5654 archiepi-

388 5647 606 5721 scopali
639 5647 924 5721 dignitate
946 5667 980 5704 a
1006 5653 1062 5704 S.
1096 5647 1393 5720 Stephano
1421 5651 1630 5708 deinde
1685 5658 1910 5720 ornata,
1943 5647 2036 5710 ea-

387 5720 842 5850 qggaetiamnum
876 5721 1242 5797 gaudet.Sita
1262 5727 1348 5787 est
1363 5723 1434 5784 ad
1453 5723 1786 5784 Danubium
1809 5728 1864 5780 et
1881 5726 2026 5782 satis

2063 4689 2112 4756 D

2149 3425 2442 3483 roboravit
2496 3425 2694 3493 ﬁdem,
2754 3428 2820 3478 ut
2873 3440 2938 3479 eo
2998 3424 3283 3495 securius,
3318 3425 3474 3497 quod
3511 3424 3572 3480 in
3605 3431 3816 3484 mente

2149 3515 2453 3580 tractabat,
2485 3522 2545 3570 et
2591 3515 2650 3568 in
2674 3511 2902 3570 novella
2946 3512 3308 3586 plantatione
3337 3513 3814 3574 Christianitatis

2147 3604 2433 3678 expellere
2493 3603 2808 3660 sufﬁceret.
2866 3603 2977 3658 Sed
3008 3602 3376 3659 adversarius
3418 3603 3600 3660 totius
3630 3604 3819 3660 boni-

2145 3694 2306 3761 tatis,
2367 3692 2598 3748 invidiae
2661 3691 2872 3764 plenus
2954 3696 3012 3748 et
3069 3692 3325 3759 malitia,
3386 3693 3678 3760 diabolus,
3740 3699 3820 3750 ut

2148 3782 2335 3838 sancti
2365 3781 2577 3838 Christi
2631 3780 2842 3837 tironis
2893 3781 3262 3854 propositum
3303 3781 3678 3848 disturbaret,
3713 3783 3818 3838 in-

2147 3871 2362 3926 testina
2391 3869 2543 3926 bella
2582 3873 2786 3924 contra
2822 3885 2956 3925 eum
2989 3870 3322 3938 commovit,
3359 3870 3637 3943 quoniam
3671 3871 3818 3942 ejus

2146 3959 2429 4016 instinctu
2450 3959 2616 4031 plebs
2641 3957 2901 4032 gentilis,
2925 3958 3270 4016 Christiane
3302 3959 3434 4016 ﬁdei
3472 3961 3620 4032 jugo
3652 3959 3816 4017 colla

2147 4049 2494 4104 submittere
2516 4064 2790 4114 renuens,
2820 4064 2955 4104 cum
2995 4047 3360 4120 principibus
3390 4047 3514 4104 suis
3543 4065 3578 4104 a
3605 4049 3810 4105 domi-

2147 4137 2242 4194 nio
2270 4137 2382 4210 (21)
2406 4137 2591 4209 ipsius
2623 4152 2684 4192 se
2717 4135 3060 4192 subtrahere
3093 4135 3501 4192 moliebantur.
3600 4127 3603 4130 ’

2215 4228 2268 4281 7.
2302 4227 2613 4300 Coeperunt
2642 4224 2800 4280 enim
2853 4223 3030 4279 urbes
3061 4225 3189 4296 ejus
3248 4224 3536 4294 desolare,
3583 4228 3818 4299 praedia

2216 4369 2328 4444 (16)
2362 4368 2697 4424 Mirandum
2728 4365 2968 4444 quidem
3025 4365 3272 4444 videtur,
3321 4369 3812 4444 tantum_lingllee

2145 4437 2362 4497 Latinae
2411 4455 2614 4495 curam
2663 4454 2729 4492 eo
2758 4442 3022 4562 tempore
3050 4437 3231 4494 fuisse
3278 4437 3530 4511 principi
3558 4437 3811 4516 Hun'ga-

2145 4529 2384 4562 mrum:
2419 4526 2524 4562 nec
2555 4515 2752 4562 tamen
2801 4508 2878 4562 du
2927 4507 3216 4562 itandum-
3267 4510 3412 4562 ouin
3463 4513 3811 4562 Stenhanug

2145 4529 2384 4581 rerum;
2419 4526 2524 4566 nec
2555 4515 2752 4564 tamen
2801 4508 3216 4582 dubitandum,
3267 4508 3412 4582 quin
3463 4508 3813 4582 Stephanus

2145 4584 2351 4640 Latino
2374 4579 2668 4662 sermone
2715 4595 2861 4662 puer
2880 4579 2958 4634 sit
2973 4580 3265 4662 imbutus,
3284 4579 3440 4662 _c_urn_
3465 4579 3657 4662 multa
3681 4585 3815 4662 ﬁlio

2146 4672 2252 4712 suo
2285 4657 2590 4734 praecepta,
2624 4650 2926 4723 multaque
2957 4650 3280 4734 diplomata
3319 4654 3520 4711 Latine
3547 4655 3812 4714 dederit.

2217 4727 2330 4798 (l7)
2361 4725 2570 4780 Surius
2596 4740 2672 4798 ;_«
2705 4727 2876 4778 Pater
2898 4795 2912 4798 _
2925 4740 3060 4798 ejus
3090 4725 3426 4798 convocavit
3481 4726 3814 4798 Hungarim

2217 4727 2330 4798 (l7)
2361 4727 2609 4780 Surius:
2645 4746 2672 4774 «
2705 4727 2876 4778 Pater
2931 4727 3060 4795 ejus
3090 4727 3426 4780 convocavit
3481 4727 3811 4800 Hungarim

2185 4813 2432 4864 roceres,
2457 4799 2514 4851 et
2535 4795 2791 4868 reliquos
2813 4795 3069 4852 ordines.
3101 4817 3130 4846 »
3151 4797 3344 4852 Unum
3367 4813 3501 4853 cum
3523 4797 3811 4870 primati-

2142 4815 2255 4924 ξας
2281 4867 2546 4924 ordinem
2579 4871 2960 4924 convocatum
3017 4868 3100 4924 ait
3151 4867 3533 4924 biogranhus.
3596 4867 3811 4924 Dlures

2186 4886 2255 4924 us
2281 4867 2546 4924 ordinem
2579 4867 2960 4950 convocatum
3017 4868 3110 4950 ait
3151 4867 3543 4950 biographus,
3595 4867 3816 4942 plures

2145 4957 2448 5068 perperam
2481 4939 2820 5012 proceribus
2851 4939 3119 5010 adjunxit
3150 4939 3379 4995 Surius.
3596 4939 3615 4942 “

2215 5014 2232 5069 (
2274 5013 2327 5069 8)
2360 5012 2439 5067 De
2469 5011 2578 5068 hoc
2637 5029 2788 5066 anno
2843 5008 3151 5066 emortuali
3207 5012 3426 5069 Gevsze.
3479 5009 3564 5065 uti
3629 5015 3688 5068 et
3734 5013 3778 5069 S

2147 5013 2162 5014 ί
2215 5013 2327 5086 (18)
2360 5013 2439 5096 De
2469 5013 2578 5068 hoc
2637 5029 2788 5094 anno
2843 5013 3151 5092 emortuali
3207 5013 3426 5136 Gejgaa,
3479 5013 3564 5065 uti
3629 5015 3688 5068 et

2144 5084 2462 5151 Adalbertl,
2497 5085 2876 5140 consentiunt
2905 5085 3238 5152 scriptores.
3349 5099 3379 5137 e
3435 5085 3622 5138 morte
3665 5083 3813 5139 ulti-

2146 5155 2572 5204 mismiegestis
2594 5152 2792 5204 Gevsze
2812 5151 2980 5204 Dlura
3005 5156 3144 5204 sunt
3179 5151 3384 5204 dictas
3423 5156 3509 5204 i2.
3543 5154 3794 5204 Stepha-

2146 5157 2374 5228 misque
2389 5155 2572 5236 gestis
2594 5152 2792 5226 Geysae
2812 5151 2980 5232 plura
3005 5156 3144 5232 sunt
3179 5151 3385 5226 dicta§
3423 5156 3509 5210 t2.
3543 5154 3794 5237 Stepha-

2145 5243 2288 5281 num
2314 5231 2454 5282 tunc
2475 5227 2654 5298 fuisse
2677 5224 2954 5279 tredecim
2975 5227 3204 5298 eirciter
3231 5231 3330 5280 aut
3347 5226 3804 5298 quatuordecun

2149 5315 2459 5364 annorum,
2494 5297 2718 5351 dictum
2750 5298 2838 5349 est
2870 5309 3033 5347 num.
3064 5295 3188 5349 122.

2217 5369 2328 5440 (19)
2351 5363 2560 5440 sui-ius
2590 5367 2784 5440 habet,
2826 5363 3300 5435 confcederatimze,
3329 5384 3445 5440 quo
3477 5385 3655 5424 sensu
3689 5386 3801 5424 au-

2147 5439 2270 5496 ctOr
2290 5439 2724 5512 intelligendus.

2218 5512 2341 5596 (ξφ).
2360 5507 2586 5593 ευτῖιιεκ
2613 5523 2805 5596 me
2830 5507 3295 5596 recitabam“
3317 5525 3362 5596 ,α
3414 5514 3609 5596 mente
3645 5511 3804 5596 ,αξη--

2145 5579 2366 5650 thuitii,
2401 5582 2606 5653 opinor
2630 5596 2644 5646 ;
2678 5593 2814 5653 nam
2843 5579 3112 5636 existimo
3134 5579 3291 5636 hunc
3311 5585 3543 5636 tantum
3571 5581 3802 5638 voluis~

2145 5649 2600 5738 se,Stephanum
2633 5649 2937 5704 roborasse
2966 5666 3167 5722 pacem
3198 5669 3232 5708 a
3257 5657 3418 5726 patre
3433 5670 3566 5709 cum
3585 5653 3803 5710 vicinis

2143 5731 2446 5868 mitzalyln
2476 5792 2934 5868 editione,quam
2961 5793 3108 5852 alias
3139 5811 3376 5879 sequor,
3404 5795 3621 5870 legitur
3647 5797 3800 5852 divi-
