3962 6360
204 403 363 465 121⁵7

1805 402 2012 469 νιΤΑ.

3461 404 3619 471 1218

199 553 330 595 cem
362 538 604 609 insuper
630 534 1070 593 anteferendam
1101 536 1244 610 regi,
1304 537 1461 593 velut
1507 537 1569 593 in
1618 539 1856 612 signum
1884 542 1939 607 Α
1974 538 2107 605 sim,
2144 542 2199 593 et
2228 537 2550 610 unicuique
2581 554 2813 610 semper
2833 536 3447 611 praeﬁciensidoneum
3470 558 3616 612 prae-

200 625 588 699 apostolatus,
623 626 785 682 misit
816 627 955 697 (33):
990 627 1129 699 Ego,
1179 627 1470 697 inquiens,
1521 644 1651 683 sum
1712 642 1854 700 apo-

202 714 469 783 stolicus,
527 714 623 770 ille
679 732 812 771 vero
858 714 1065 771 merito
1114 715 1332 791 Christi
1380 715 1705 788 apostolus,
1756 733 1858 788 per

202 820 382 876 quem
414 802 526 860 sibi
547 807 777 858 tantum
796 803 1077 877 populum
1090 804 1356 860 Christus
1378 805 1680 860 convertit.
1706 807 1855 870 Qua-

198 896 442 966 propter
469 892 917 965 dispositionem
940 894 1228 964 ejusdem,
1254 899 1429 965 prout
1454 894 1654 949 divina
1671 893 1859 965 gratia

202 982 402 1053 ipsum
433 981 691 1051 instruit,
722 981 1012 1038 Ecclesias
1033 981 1133 1037 Dei
1159 982 1336 1037 simul
1360 1000 1493 1037 cum
1517 982 1750 1054 populis
1774 982 1855 1037 vi-

199 1075 381 1143 taque
401 1070 537 1142 jure
566 1070 926 1126 ordinandas
956 1070 1350 1143 relinquimus
1369 1072 1502 1141 (34).
1528 1072 1858 1143 lmpetratis

203 1176 344 1232 ergo
374 1159 671 1228 omnibus,
695 1163 867 1232 prout
884 1160 1069 1231 petiit,
1091 1159 1301 1231 praesul
1319 1160 1584 1216 Astricus
1600 1160 1767 1215 laetus
1786 1160 1858 1215 ad

206 1248 445 1321 propria
474 1249 770 1316 remeavit,
804 1265 1003 1304 secum
1035 1250 1224 1305 ferens
1252 1254 1489 1322 propter
1504 1250 1659 1322 quod
1681 1250 1857 1305 incoa-

206 1342 377 1409 ptum
409 1338 520 1393 iter
545 1354 821 1410 prospere
850 1342 1174 1409 peregerat.

277 1424 366 1479 l3.
394 1423 823 1479 Benedictionis
855 1440 989 1497 ergo
1013 1424 1344 1497 apostolicae
1378 1424 1585 1481 litteris
1607 1443 1740 1482 cum
1761 1443 1859 1481 co-

208 1530 355 1568 rona
380 1516 441 1568 et
471 1529 643 1568 cruce
675 1511 854 1568 simul
888 1512 1104 1580 allatis,
1139 1514 1489 1586 praesulibus
1521 1532 1654 1569 cum
1688 1515 1860 1581 clero,

206 1601 525 1657 comitibus
557 1618 693 1656 cum
727 1601 943 1674 populo
977 1602 1184 1657 laudes
1214 1620 1501 1675 congruas
1534 1603 1864 1659 acclaman-

206 1691 393 1763 tibus,
424 1690 669 1759 dilectus
702 1690 817 1745 Deo
863 1691 1195 1763 Stephanus
1244 1709 1342 1747 rex
1392 1692 1662 1748 unctione
1711 1693 1862 1748 chri-

209 1779 382 1836 smali
414 1783 735 1852 perunctus
765 1779 1095 1836 diademate
1130 1780 1342 1853 regalis
1386 1780 1689 1854 dignitatis
1738 1782 1864 1837 feli-

206 1872 355 1927 citer
383 1872 718 1924 coronatur.
756 1868 892 1923 Post
923 1872 1227 1940 acceptum
1261 1868 1471 1942 regalis
1515 1870 1865 1926 excellentiae

207 1956 471 2031 signum,
505 1956 700 2029 qualis
733 1956 860 2012 vitae
890 1956 983 2011 vir
1014 1958 1133 2027 (35)
1163 1961 1219 2013 et
1250 1958 1623 2014 discretionis
1674 1960 1868 2026 fuerit,

209 2063 349 2103 cum
378 2044 672 2119 episcopis
704 2050 761 2101 et
787 2045 1160 2118 primatibus,
1196 2047 1507 2118 Hungariaz
1529 2051 1815 2102 statutum
1840 2066 1873 2103 a

209 2153 274 2192 se
305 2136 603 2191 decretum
636 2136 747 2207 (36)
781 2134 1159 2190 manifestum
1194 2136 1347 2190 fecit.
1397 2135 1458 2189 In
1514 2152 1629 2207 quo
1653 2135 1875 2207 scilicet

210 2225 682 2296 uniuscujusque
693 2222 876 2296 culpae
892 2223 1248 2279 contrarium
1265 2223 1868 2293 dictavitantidotnm,

209 2318 268 2370 et
298 2317 364 2369 ut
390 2313 568 2386 pacis,
602 2330 703 2385 per
733 2330 913 2384 quam
945 2312 1212 2368 Christus
1242 2314 1445 2369 orbem
1498 2314 1868 2381 coadunavit,

213 2421 277 2460 se
311 2404 432 2459 fore
458 2404 579 2473 (37)
610 2404 883 2475 probaret
913 2400 1125 2470 ﬁlium,
1152 2403 1307 2474 quod
1338 2402 1538 2458 nullus
1560 2403 1739 2458 alium
1767 2403 1871 2457 ho-

212 2492 430 2548 stiliter
454 2490 771 2558 invaderet,
805 2506 975 2546 nemo
1006 2490 1265 2546 vicinum
1289 2491 1415 2546 sine
1423 2491 1631 2562 judicii
1652 2491 1870 2547 exami-

214 2581 449 2637 natione
465 2579 930 2646 laederet,viduas
949 2584 1005 2635 et
1026 2579 1320 2651 orphanos
1340 2579 1538 2634 nullus
1585 2581 1873 2652 opprime-

217 2674 327 2738 ret,
357 2668 787 2741 subscriptione
827 2668 1060 2723 foederis
1105 2685 1220 2723 non
1268 2669 1570 2741 pereuntis
1619 2669 1870 2741 posteris

222 2759 349 2816 suis
375 2757 611 2830 reliquit
640 2757 994 2813 stabilitum.
1030 2758 1115 2813 Ad
1150 2757 1509 2812 consortium
1541 2774 1673 2813 vero
1727 2776 1871 2830 prse-

222 2848 391 2921 cipue
419 2863 598 2903 causa
616 2846 835 2902 sobolis
866 2846 1274 2919 propagandae,
1308 2863 1564 2901 sororem
1599 2848 1710 2917 (38)
1763 2849 1872 2904 Ito-

223 2954 414 2993 manaa
442 2936 745 3009 dignitatis
789 2935 1059 3008 Augusti,
1114 2935 1384 2990 videlicet
1432 2937 1578 3005 [ms.,
1631 2936 1873 3009 scilicet]

230 3025 706 3097 Heinrici,quiob
720 3025 1234 3080 mansuetudinem
1250 3041 1480 3079 morum
1502 3025 1637 3079 Pius
1669 3030 1756 3080 est
1780 3044 1876 3099 ap-

227 3115 503 3188 pellatus,
533 3113 766 3186 Gyslam
799 3113 1033 3168 nomine
1067 3113 1201 3184 (39),
1238 3112 1349 3168 sibi
1396 3113 1453 3168 in
1503 3114 1875 3171 matrimonio

230 3207 379 3277 [ms.,
412 3203 789 3259 matrimonio
816 3204 937 3258 sine
960 3202 1040 3267 in]
1077 3201 1338 3269 sociavit,
1365 3219 1542 3273 quam
1604 3203 1877 3260 unctione

1897 1915 1946 1979 B

1964 627 2177 693 sulem,
2212 627 2391 682 simul
2424 633 2480 682 et
2505 626 2740 682 abbatis
2772 627 3029 699 praediis,
3050 628 3251 697 curtis,
3278 632 3336 683 et
3354 628 3615 696 familiis,

1961 721 2018 772 et
2049 716 2393 784 redditibus,
2430 715 2702 787 regaliter
2731 716 3042 788 disposuit,
3079 716 3352 772 crucibus
3375 721 3434 772 et
3456 718 3614 773 vasis

1964 804 2217 877 aliisque
2249 804 2742 877 supellectilibus,
2771 805 2841 860 ad
2876 804 3270 861 ministerium
3302 806 3404 861 Dei
3447 806 3625 879 perti-

1965 893 2263 960 nentibus,
2284 894 2612 948 secundum
2632 894 2787 964 quod
2807 893 3125 965 unicuique
3141 909 3287 965 opus
3310 894 3439 962 fuit,
3466 896 3626 951 suffi-

1969 981 2188 1036 cienter
2217 981 2513 1037 decoravit
2535 999 2548 1049 ;
2568 987 2625 1036 et
2642 980 2893 1054 singulis
2912 981 3102 1050 annis,
3129 982 3319 1054 quoad
3333 982 3624 1063 vixit(42i,

1967 1087 2209 1127 munera
2242 1075 2298 1125 et
2329 1070 2653 1126 oblationes
2688 1087 2923 1143 semper
2963 1072 3234 1142 augebat,
3283 1089 3355 1127 ne
3407 1072 3627 1145 aliquid

1967 1160 2328 1215 extrinsecus
2359 1164 2687 1231 quaererent
2717 1159 2816 1231 qui
2864 1159 3055 1215 officio
3105 1161 3423 1217 sanctuarii
3474 1179 3623 1234 prce-

1966 1252 2152 1303 erant.
2188 1247 2605 1302 Monachorum
2637 1247 2815 1303 vitam
2845 1251 2900 1303 et
2922 1247 3449 1318 conversationem,
3471 1266 3627 1306 nunc

1968 1353 2071 1409 per
2100 1335 2265 1401 alios,
2300 1353 2455 1391 nunc
2482 1353 2584 1407 per
2614 1337 2875 1407 seipsum
2911 1336 3266 1408 explorando
3307 1338 3624 1412 diligenter

1968 1424 2356 1492 examinabat,
2392 1428 2687 1497 torpentes
2718 1442 2990 1497 arguens,
3053 1424 3256 1498 vigiles
3308 1428 3418 1483 sub
3478 1427 3624 1485 dile-

1970 1514 2157 1568 ctione
2188 1512 2571 1580 constituens,
2606 1513 3018 1569 canonicorum
3070 1515 3466 1572 ministerium
3512 1516 3631 1589 epi-

1972 1619 2281 1675 scOporum
2331 1602 2704 1673 providentia
2756 1603 2864 1657 sub
2916 1603 3250 1661 testimonio
3303 1605 3517 1662 Christi
3571 1610 3631 1663 et

1972 1690 2236 1747 Ecclesiae
2308 1691 2779 1759 commendabat,
2848 1693 3172 1748 secundum
3253 1694 3623 1767 Apostolum,

1974 1779 2249 1835 omnibus
2279 1780 2478 1835 omnia
2509 1780 2718 1848 factus,
2781 1785 2845 1835 ut
2901 1797 3105 1838 omnes
3163 1780 3534 1839 lucrifaceret
3585 1783 3631 1856 (ι

1978 1870 2098 1925 Cor.
2132 1886 2208 1939 1x,
2238 1868 2352 1939 22).

2057 1959 2141 2012 15.
2176 1958 2389 2013 Eodem
2423 1961 2682 2029 tempore
2742 1957 3095 2015 monasterio
3147 1959 3339 2015 Sancti
3398 1959 3633 2016 Martini

1981 2052 2106 2102 erat
2137 2046 2461 2101 monachus
2484 2048 2748 2118 quidam,
2788 2048 3169 2103 Sebastianus
3190 2048 3447 2120 nomine,
3465 2050 3635 2121 cujus

1983 2134 2302 2207 probabilis
2333 2135 2469 2199 vita,
2506 2141 2562 2190 et
2590 2136 2801 2191 devota
2831 2136 2889 2190 in
2922 2137 3019 2190 Dei
3047 2137 3280 2192 servitio
3301 2137 3505 2211 religio
3528 2138 3633 2194 ba-

1984 2223 2259 2280 bebatur:
2293 2223 2450 2278 hunc
2484 2242 2582 2279 rex
2622 2224 2969 2279 venerabilis
3012 2225 3161 2280 miro
3212 2242 3409 2282 amore
3457 2227 3632 2300 cmpit

1982 2312 2244 2385 diligere,
2280 2313 2419 2383 quia
2450 2320 2665 2384 quanto
2689 2314 2822 2385 quis
2853 2312 3177 2385 religiosior
3204 2319 3368 2370 tanto
3407 2316 3458 2370 ei
3508 2319 3633 2371 erat

1982 2400 2286 2472 acceptior.
2323 2400 2495 2455 Illum
2530 2418 2667 2473 ergo
2690 2402 2763 2456 ob
2793 2401 2920 2456 vitm
2954 2402 3164 2457 merita
3193 2400 3511 2474 pontiﬁcali
3534 2404 3633 2459 ho-

1976 2505 2121 2544 nore
2154 2489 2397 2562 dignum
2426 2489 2726 2561 judicans,
2792 2490 3043 2561 regendo
3102 2489 3489 2562 Strigoniensi
3546 2506 3634 2547 ar-

1981 2577 2437 2650 chiepiscopatui
2469 2593 2603 2632 eum
2635 2576 2906 2649 praefecit.
2941 2578 3009 2631 Et
3052 2576 3330 2649 quoniam
3380 2576 3634 2651 ﬂagellat

1981 2667 2134 2722 Deus
2165 2682 2396 2721 omnem
2432 2665 2619 2721 filium
2639 2683 2812 2738 quem
2835 2666 3058 2738 recipit,
3087 2667 3431 2738 praedictum
3459 2668 3632 2723 Seba-

1982 2756 2261 2821 stianum,
2286 2755 2357 2810 ad
2383 2755 2743 2826 probandam
2770 2754 2956 2826 ipsius
2972 2755 3336 2827 patientiam,
3361 2772 3634 2829 corpora-

1982 2844 2127 2900 lium
2160 2844 2461 2899 oculorum
2494 2843 2716 2899 lumine
2748 2844 2855 2917 (43)
2885 2844 2956 2899 ad
2978 2848 3212 2917 tempus
3242 2845 3632 2916 privavit.Sed

1983 2950 2055 2988 ne
2086 2932 2347 2988 novellus
2380 2932 2438 2986 in
2471 2932 2583 2987 fide
2604 2948 2741 3005 grex
2772 2932 2993 3004 absque
3043 2933 3295 3005 pastoris
3349 2933 3635 3005 regimine

1983 3038 2017 3075 a
2046 3021 2187 3075 recti
2218 3021 2475 3077 tramitis
2505 3021 2801 3093 proposito
2833 3021 3107 3087 deviaret,
3140 3038 3243 3093 per
3276 3037 3631 3078 consensum

1986 3109 2231 3165 Romani
2262 3110 2556 3181 pontiﬁcis
2587 3127 2737 3182 saepe
2768 3111 2992 3166 dictum
3020 3111 3311 3167 Astricum
3361 3110 3634 3168 Colocen-

1987 3215 2110 3254 sem
2143 3198 2481 3270 episcopum
2509 3199 2569 3253 in
2602 3198 2761 3254 illius
2792 3198 2986 3254 locum
3021 3199 3343 3254 substituit.
3380 3198 3638 3255 Evolutis

224 3292 529 3349 chrismali
559 3296 920 3365 perunctam,
956 3295 1284 3364 gestantem
1307 3307 1581 3346 coronam
1605 3292 1765 3364 regni
1789 3310 1876 3349 so-
1906 3282 1948 3348 C
1985 3287 2194 3342 deinde
2227 3287 2406 3341 trium
2438 3304 2728 3342 annorum
2760 3287 3014 3358 circulis,
3038 3288 3521 3357 Sebastianus,ex
3540 3288 3637 3343 Dei

225 3381 377 3437 ciam
402 3397 531 3437 esse
563 3379 884 3436 constituit.
918 3383 1052 3445 Quae
1081 3380 1272 3451 qualis
1320 3396 1457 3453 erga
1502 3379 1600 3434 Dei
1650 3381 1877 3436 cultum

224 3470 514 3527 orandum
546 3469 659 3542 (40)
691 3468 1002 3537 exstiterit,
1038 3486 1213 3541 quam
1248 3469 1357 3540 (41)
1392 3470 1736 3540 frequenset
1779 3470 1878 3526 be-

223 3560 458 3617 nedicta
478 3559 631 3616 circa
660 3560 758 3615 Dei
790 3558 1147 3615 serventium
1180 3559 1659 3631 congregationes
1706 3578 1881 3633 appa-

224 3649 432 3717 ruerit,
467 3647 786 3704 multarum
822 3647 1197 3704 ecclesiarum
1230 3647 1557 3715 cruces,vel
1606 3666 1744 3704 vasa
1789 3649 1877 3705 vel

225 3741 593 3812 paramenta,
632 3754 805 3811 opere
832 3737 1077 3793 miriﬁco
1095 3736 1342 3793 factavel
1365 3741 1653 3807 contexta,
1692 3756 1879 3810 usque

224 3826 404 3882 hodie
428 3829 739 3882 testantur.
777 3826 895 3880 Prae
923 3825 1149 3881 cunctis
1180 3829 1376 3880 tamen
1402 3825 1615 3880 domus
1661 3826 1881 3897 episco-

226 3920 404 3988 patus
435 3913 891 3986 Vesprimensis,
926 3931 1103 3986 quam
1140 3912 1323 3986 ipsaa
1347 3914 1733 3969 fundamento
1776 3930 1883 3969 coe-

226 4010 417 4079 ptam,
444 4003 720 4059 omnibus
749 4003 1115 4059 sutticientiis
1134 4003 1205 4057 ad
1233 4002 1534 4058 servitium
1554 4002 1653 4057 Dei
1669 4002 1725 4058 in
1742 4020 1881 4059 auro

227 4100 288 4150 et
331 4095 572 4167 argento
612 4091 1091 4164 vestimentisque
1136 4091 1561 4164 multiplicibus
1608 4092 1883 4148 nobiliter

227 4182 554 4240 adornavit.

301 4274 390 4328 14.
418 4273 545 4344 Ipse
573 4288 707 4327 vero
742 4271 859 4326 Rex
893 4269 1187 4341 episcopis
1219 4285 1406 4342 nuper
1436 4270 1708 4341 incoepta,
1759 4274 1880 4326 tam

237 4360 513 4418 videlicet
542 4359 1095 4434 archiepiscopalem
1113 4376 1287 4431 quam
1304 4375 1508 4414 omnes
1526 4359 1882 4431 episcopales

228 4449 526 4519 ecclesias,
573 4449 1001 4521 amplissimam
1042 4447 1292 4520 singulis
1322 4448 1631 4518 assignans
1671 4448 1878 4503 dioece-

304 4577 419 4649 (33)
450 4575 514 4631 In
564 4592 676 4630 ms.
735 4573 968 4649 legitur,
1001 4574 1194 4649 _-veluti
1237 4575 1458 4649 signant
1502 4573 1877 4649 apostolatus:

1990 3374 2391 3431 misericordia
2421 3380 2649 3447 recepto
2680 3374 2923 3443 lumine,
2948 3392 3185 3430 rursum
3207 3392 3311 3446 per
3332 3374 3636 3446 apostolici

1987 3464 2297 3520 consilium
2320 3481 2436 3518 sua:
2470 3463 2592 3519 sedi
2624 3465 2932 3519 restitutus
2954 3467 3060 3531 est,
3118 3467 3175 3519 et
3239 3463 3505 3519 Astricus
3563 3463 3636 3518 ad

1988 3570 2155 3610 suam
2187 3552 2526 3619 Ecclesium,
2560 3552 2832 3609 videlicet
2861 3552 3261 3620 Colocensem,
3293 3568 3427 3607 cum
3460 3550 3637 3624 pallio

1988 3641 2180 3697 rediit.

2623 3755 2850 3812 CAPUT
2888 3755 2984 3812 III.

1990 3849 2171 3902 Pietas
2199 3847 2260 3900 in
2290 3845 2508 3901 beatam
2543 3847 2819 3915 Virginem
2875 3849 3088 3902 structa
3136 3852 3435 3917 ornataque
3483 3844 3639 3900 donis

2062 3927 2114 3973 et
2156 3918 2465 3989 privilegiis
2519 3918 2745 3973 ecclesia
2801 3917 2954 3974 Alba:
3012 3918 3233 3987 regalis,
3292 3916 3640 3988 fundationes

2058 3991 2165 4061 pize
2213 3990 2620 4061 Hierosolymis,
2671 3990 2868 4056 Romaa,
2918 3989 3425 4061 Constantinopoli;
3472 3990 3641 4043 mise-

2062 4050 2300 4187 lzi'eordia
2353 4070 2403 4115 et
2458 4050 2763 4117 liberalitas
2818 4050 2982 4132 regis,
3044 4050 3387 4132 ejusdemque
3465 4061 3640 4115 mira-

2099 4151 2115 4188 ι
2146 4150 2219 4188 ια.

2063 4269 2148 4322 16.
2184 4268 2317 4321 Erat
2346 4266 2567 4321 interea
2597 4281 2695 4320 rex
2723 4263 2877 4319 idem
2912 4263 3171 4321 ﬁdelisin
3197 4262 3471 4320 omnibus
3494 4261 3641 4319 acti-

1989 4356 2100 4411 bus
2130 4356 2274 4419 suis,
2302 4355 2418 4410 Deo
2446 4354 2696 4425 perfecte
2727 4352 2960 4410 deditus
2993 4370 3095 4426 per
3123 4357 3322 4409 votum
3367 4357 3425 4409 et
3478 4351 3643 4408 obla-

1988 4444 2229 4510 tionem,
2264 4445 2647 4514 semetipsum
2666 4460 2801 4497 cum
2829 4459 3005 4515 regno
3038 4460 3145 4498 suo
3177 4443 3287 4499 sub
3310 4442 3496 4500 tutela
3519 4457 3644 4514 per-

1988 4584 2102 4622 non
2135 4564 2464 4632 Carthuitii,
2502 4565 2594 4619 cui
2618 4566 3195 4637 eumattribuerunt
3233 4564 3434 4637 aliqui,
3487 4564 3642 4636 quod

227 4636 440 4726 Su‘riu's
502 4663 606 4726 ceu
627 4636 965 4726 apostovlatus'
989 4647 1220 4726 insigne.
1256 4636 1321 4699 1h
1371 4636 1649 4726 editione,
1701 4660 1880 4726 quam
1914 4654 1960 4718 Ι)
1994 4638 2179 4726 solani
2211 4637 2502 4726 vidissent
2532 4636 3057 4726 Surii‘ed'iti‘onem”.

231 4719 468 4787 recudo,
552 4718 822 4784 habetur,

235 4808 306 4847 ex
334 4806 445 4846 ΗΠΒ.

307 4863 422 4934 (34)
442 4861 731 4934 _Mendosa
749 4860 862 4934 hic
877 4864 969 4934 est
997 4859 1195 4924 editio,
1218 4862 1285 4934 et
1315 4876 1424 4913 ms.
1462 4857 1641 4934 editio
1688 4858 1882 4934 habet,

233 4930 413 5006 prout
441 4931 919 5006 locumreddidi;
970 4948 1080 4985 ms.
1124 4932 1380 5006 vitiaq‘ue
1416 4930 1598 4983 nihilo
1639 4930 1881 5006 melius.

230 5001 445 5061 Surius
473 5020 606 5060 vero
638 5003 832 5059 locum
865 5007 1017 5058 recte
1050 5003 1338 5073 expressit
1368 5001 1475 5073 hoc
1521 5001 1735 5073 modo;
1780 5002 1882 5055 Ec-

234 5077 447 5133 clesiae
478 5075 580 5131 Dei
610 5092 730 5130 una
760 5091 893 5130 cum
924 5072 1154 5146 populis
1188 5078 1388 5128 nostra
1416 5072 1536 5127 vice
1550 5072 1599 5127 ei
1616 5072 1884 5128 ordinan-

233 5146 800 5224 das__relinqui_m_us.
840 5169 861 5195 ι
889 5216 901 5224 _
987 5217 1019 5224 ,Α
1205 5217 1213 5224 ι
1491 5216 1506 5224 _
1667 5214 1723 5224 ,,
1770 5213 1780 5224 ,

307 5219 421 5291 (35)
454 5219 517 5275 In
556 5214 829 5275 'editione
887 5216 1103 5290 legitur
1156 5217 1253 5271 via:
1335 5216 1632 5291 mendose.
1667 5214 1885 5291 Idcirco

232 5284 438 5348 vocem
471 5293 777 5347 mutuatus
807 5284 975 5346 sum“
1000 5306 1068 5344 ex
1120 5304 1256 5355 ms.,
1314 5287 1412 5342 ubi
1468 5288 1552 5341 vir
1609 5290 1758 5341 recte
1782 5284 1885 5340 ha~

238 5364 417 5420 betur

307 5406 436 5505 ("36),
454 5433 740 5505 Loquitur
766 5434 837 5489 de
861 5431 1091 5505 legibus
1123 5448 1225 5504 per
1256 5429 1618 5500 Stephanum
1644 5427 1801 5505 latis.

310 5501 423 5632 (ἔξ)
454 5505 515 5560 In
541 5501 651 5561 ms.
683 5512 842 5577 forte,
895 5501 1091 5559 minus
1123 5501 1307 5573 recte,
1359 5506 1415 5557 et
1462 5516 1595 5555 mox
1637 5501 1734 5569 qui
1780 5514 1886 5571 pro

313 5593 344 5632 ο
388 5618 400 5631 .

274 5593 400 5633 uoa.

237 5596 704 5721 q??§3)_$ororem
733 5646 912 5704 habet
940 5645 1269 5721 haeceditio
1294 5659 1609 5721 aeque___ac_
1628 5658 1740 5721 m_s_.
1784 5641 1891 5721 su-

237 5713 366 5785 rius
393 5713 573 5801 ﬁliam
598 5734 904 5800 perperam
933 5717 1136 5779 edidit.
1166 5719 1239 5777 At
1265 5713 1427 5778 errbr
1453 5713 1551 5775 ille
1578 5713 1733 5774 Surii
1773 5716 1884 5793 est,

918 4719 1313 4788 apostolitatus,
1415 4716 1568 4787 quod
1666 4716 1883 4771 correxi

2067 4710 2177 4780 (39)
2208 4708 2412 4780 Gislam
2445 4724 2650 4780 rursus
2698 4708 2875 4762 habet
2927 4707 3101 4761 editio
3138 4722 3286 4780 cum
3330 4721 3442 4761 ms.
3497 4705 3641 4762 Gise-

1995 4777 2107 4835 tam
2128 4778 2312 4834 edidit
2343 4778 2572 4843 Surius,
2608 4783 2780 4849 prout
2810 4795 2939 4833 eam
2995 4777 3215 4850 passim
3266 4781 3475 4832 vocant
3505 4793 3642 4833 neo-

1994 4851 2178 4908 terici.

2065 4926 2175 4994 (40)
2209 4920 2419 4994 Snrius
2447 4918 2541 4973 hic
2582 4919 2796 4975 rectius
2827 4920 3155 4987 ornamlum,
3209 4919 3292 4975 uti
3343 4923 3640 4977 auctorem

1995 4994 2300 5065 scripsisse
2331 4993 2553 5064 Opinor.

2068 5062 2179 5135 (tl)
2211 5064 2273 5119 In
2305 5062 2417 5117 ms.
2453 5063 2611 5134 quasi
2655 5078 2759 5135 piro
2802 5079 3008 5133 quam;
3057 5079 3192 5119 mox
3248 5062 3505 5119 benedice
3534 5078 3639 5135 pro

2068 5079 2179 5135 (.11)
2211 5079 2273 5119 1n
2305 5080 2417 5117 ms.
2453 5079 2609 5134 quasi
2655 5079 2759 5134 pro
2802 5079 3008 5133 quam;
3057 5079 3192 5119 mox
3248 5079 3505 5119 oeneawa
3534 5079 3621 5189 ξιτ(

1997 5138 2276 5192 benedicta
2306 5143 2362 5190 et
2392 5135 2501 5206 Deo
2524 5134 2933 5206 proADeiLhoe
2982 5135 3193 5192 modo:
3229 5158 3256 5185 ‹‹
3308 5134 3484 5201 Quasi
3561 5150 3621 5189 re

1996 5225 2181 5289 quens
2214 5212 2271 5262 et
2302 5203 2582 5289 benedica
2611 5203 2767 5260 circa
2794 5205 2908 5289 Deo
2940 5206 3648 5289 servientiumcongrega-

1994 5275 2207 5348 tiones,
2246 5301 2272 5328 ››
2304 5282 2413 5334 etc.
2448 5278 2701 5333 Rursum
2718 5275 2891 5348 paulo
2906 5279 3247 5349 postminus
3268 5283 3418 5333 recte
3442 5275 3500 5332 in
3527 5275 3640 5331 ms.

1998 5367 2165 5422 usque
2193 5350 2281 5405 (tie
2301 5367 2404 5421 pro
2426 5366 2593 5421 usque
2613 5349 2788 5404 hodie.

2067 5417 2178 5505 (42)
2214 5417 2454 5505 ιιεέςίυω
2479 5417 2651 5505 voces
2679 5438 2748 5475 ex
2768 5437 2877 5475 ms.
2903 5424 3043 5505 sunt
3065 5420 3410 5502 desumptae,
3428 5435 3564 5472 nam
3583 5417 3644 5473 in

1997 5491 2457 5549 edito’mendose
2486 5492 2736 5548 habetur
2764 5509 2867 5563 quo
2897 5491 3161 5547 advitrix.

1986 5620 1989 5623 .
2066 5566 2177 5638 (43)
2205 5565 2347 5638 Post
2385 5564 2536 5619 hanc
2555 5580 2756 5638 vocem
2771 5559 3015 5621 additur
3042 5578 3166 5620 eum
3194 5561 3254 5619 in
3284 5560 3439 5619 edito
3489 5559 3645 5638 quod

1996 5634 2303 5705 redundat,
2336 5651 2442 5694 nec
2474 5634 2643 5693 estin
2673 5651 2786 5694 ms.
