3962 6398
156 426 316 493 HO!

1760 420 1972 491 νιΤΑ.

3411 398 3568 497 isto

157 563 207 621 si
239 563 475 636 aliquod
505 560 814 637 indignum
846 562 1169 620 occurrerit
1199 560 1802 641 oﬂ‘endiculum,malo
1832 562 1888 627 Α
1917 561 2167 617 sentiam
2206 561 2482 632 adeundi,
2515 559 2732 636 quibus
2758 560 3161 621 voluntarium
3184 562 3434 623 libenter
3455 568 3559 622 adi‘

160 652 417 709 codicem
452 657 519 707 ut
546 653 701 725 ignis
733 653 1098 709 comminuat
1140 653 1477 709 incendium
1509 668 1707 724 quam,
1745 653 1809 706 ut

161 741 305 798 livor
321 743 392 797 ad
416 740 656 809 plenum
679 742 975 814 perveniat
988 742 1246 798 oculum.
1263 742 1464 814 Igitur,
1498 741 1637 813 quia
1665 740 1804 796 boni

160 831 449 904 quidquid
471 835 560 887 est
581 847 649 886 ex
691 831 1020 886 Conditoris
1062 831 1463 887 misericordia
1493 833 1712 897 manat,
1747 846 1814 884 ex

160 920 355 992 ipsius
384 921 537 976 dono
568 937 760 976 sermo
792 923 995 992 ceptus
1027 921 1169 976 talia
1199 924 1472 993 personat
1502 921 1600 991 (4).

707 1035 935 1092 CAPUT
972 1035 1279 1091 PRIMUM.

164 1125 351 1181 Sancti
372 1126 780 1196 pater,nata1es
809 1125 1114 1179 visionibus
1136 1126 1365 1196 przem'is
1398 1125 1689 1190 illustrali,
1726 1125 1817 1196 ba-

232 1195 484 1268 ptismus,
508 1198 667 1264 regni
685 1198 852 1268 initia
877 1201 928 1251 et
947 1213 1083 1251 cura
1106 1195 1389 1266 religionis
1420 1195 1815 1266 propagandae,

235 1267 464 1324 violaria
479 1268 545 1323 de
574 1267 891 1333 rebellibus,
923 1277 974 1324 et
994 1268 1121 1323 hinc
1148 1270 1545 1324 monasterium
1586 1268 1638 1322 S.
1674 1268 1817 1321 Mar-

239 1340 345 1394 tini
371 1355 441 1393 ex
470 1342 587 1393 voto
623 1339 937 1409 fundatum.

240 1455 469 1511 2.0mne
507 1454 697 1509 datum
716 1456 982 1526 optimum
1018 1463 1069 1511 et
1113 1470 1270 1509 omne
1290 1455 1491 1511 donum
1523 1457 1827 1527 perfectum

171 1542 465 1600 desursum
492 1547 591 1613 est,
644 1544 965 1599 descendens
994 1562 1029 1599 α
1076 1547 1240 1599 Patre
1293 1545 1568 1598 luminum
1617 1546 1749 1615 (Jac.
1787 1562 1823 1610 ι,

170 1633 283 1703 17).
318 1632 512 1703 Hujus
540 1632 730 1688 Patris
763 1634 966 1687 datum
1000 1629 1310 1704 optimu’m,
1346 1639 1401 1687 et
1431 1634 1651 1689 donum
1694 1651 1824 1705 per—

184 1721 403 1777 fectum
436 1720 495 1775 in
526 1737 731 1777 omnes
760 1721 919 1793 large
978 1722 1342 1793 proveniens,
1408 1722 1547 1793 quia
1596 1722 1826 1777 nullum

182 1809 433 1882 spernit,
465 1809 566 1865 sed
602 1826 807 1865 omnes
840 1810 1110 1866 homines
1138 1810 1261 1865 vult
1289 1811 1481 1867 salvos
1516 1812 1639 1867 ﬁeri
1672 1817 1727 1867 et
1757 1812 1826 1866 ad

181 1898 545 1972 agnitionem
590 1899 850 1954 veritatis
907 1899 1207 1970 pervenire
1266 1904 1317 1967 (I
1381 1903 1495 1956 Tim
1528 1919 1586 1965 II,
1640 1902 1714 1970 1i),
1755 1902 1825 1955 ad

182 1986 491 2059 Hungaros
523 2003 730 2059 usque,
765 2003 914 2059 quos
936 1987 1404 2044 Christianorum
1426 1989 1720 2061 ﬂagellum
1753 1991 1827 2057 (5)

180 2075 481 2149 quondam
506 2076 689 2131 fuisse
719 2076 1251 2143 constat,dif1‘usum
1276 2078 1551 2142 est.Quod
1581 2078 1831 2150 qualiter

183 2169 245 2221 et
273 2165 508 2237 quando
536 2166 757 2220 factum
791 2166 885 2229 sit,
921 2165 1052 2238 styli
1113 2166 1303 2221 officio
1345 2167 1637 2222 memoria:
1672 2184 1827 2222 com-

180 2254 459 2310 mendare
490 2270 811 2327 congruum
845 2255 1142 2309 duximus.
1179 2256 1255 2309 Ea
1285 2255 1576 2327 siquidem
1609 2262 1828 2328 tempe-

160 2344 339 2398 vstate'
365 2359 512 2414 quas
533 2359 679 2415 gens
707 2344 947 2414 praefata
976 2344 1077 2399 Dei
1104 2344 1419 2399 Ecclesiam
1443 2345 1831 2417 depopulaba-

177 2435 431 2503 tur,erat
453 2433 511 2486 in
544 2448 611 2487 ea
631 2432 904 2504 princeps
927 2433 1190 2504 quidam,
1216 2439 1460 2505 quartus
1483 2436 1553 2489 ab
1577 2434 1698 2499 illo,
1731 2435 1829 2507 qui

180 2518 569 2593 ingressionis
593 2521 1004 2593 Hungarorum
1036 2521 1093 2575 in
1106 2521 1408 2577 Pannonia
1423 2524 1541 2578 dux
1558 2523 1830 2595 primitus

185 2610 319 2674 fuit,
344 2609 578 2680 (nomen
611 2610 798 2681 Geysa
829 2611 925 2679 (ti),
958 2610 973 2679 )
1007 2627 1243 2665 severus
1262 2612 1498 2682 quidem
1533 2617 1589 2667 et
1622 2614 1829 2667 crude—

162 2696 282 2762 -lis,
316 2695 491 2750 veluti
528 2696 920 2766 potentialiter
963 2713 1163 2767 agens,
1213 2698 1270 2751 in
1304 2715 1464 2764 suos,
1499 2699 1832 2754 misericors

187 2788 386 2840 autem
411 2784 817 2841 etliberalisin
846 2784 1012 2851 alios,
1047 2790 1102 2839 et
1129 2787 1417 2857 praecipue
1448 2787 1829 2855 Christianos,

189 2873 307 2930 ritu
341 2874 683 2947 paganismo
710 2874 844 2929 licet
875 2874 1065 2929 adhuc
1097 2874 1336 2946 quidem
1360 2876 1670 2932 obvolutus
1700 2895 1712 2943 ;
1746 2882 1832 2932 ta-

190 2978 325 3018 men
342 2962 850 3035 appropinquante
862 2962 1185 3033 spiritualis
1200 2964 1426 3037 fulgore
1440 2965 1830 3031 charismatis,

188 3068 326 3107 cum
359 3050 634 3107 omnibus
664 3051 1001 3122 circumque
1034 3052 1358 3124 positarum
1403 3055 1833 3125 provinciarum

184 3139 397 3195 vicinis
446 3139 517 3194 de
574 3156 715 3211 pace
766 3140 939 3212 erepit
968 3146 1186 3196 attente
1216 3145 1490 3210 tractare,
1539 3148 1604 3198 ut
1624 3146 1747 3214 jam
1776 3145 1833 3197 in

186 3228 290 3285 illo
319 3233 519 3300 posset
548 3229 984 3302 agnosci,eujus
1006 3229 1164 3285 filius
1189 3230 1546 3287 desideraret
1576 3233 1724 3303 ﬁeri,
1749 3250 1834 3288 se-

188 3319 451 3375 cundum
483 3317 705 3373 dictum
721 3317 1035 3374 Selvatoris
1059 3321 1266 3386 nostri,
1294 3320 1539 3376 dicentis
1567 3322 1625 3376 in
1647 3323 1832 3377 Evan-

188 3405 380 3479 gelio:
432 3409 589 3462 Beati
638 3409 876 3479 paciﬁci,
937 3411 1197 3479 quoniam
1229 3410 1337 3465 ﬁlii
1363 3412 1463 3466 Dei
1504 3415 1838 3467 vocabuntur

188 3496 402 3567 (Matth.
432 3513 489 3562 v,
519 3498 596 3567 9).
631 3496 848 3552 Statuit
902 3497 1146 3569 insuper
1202 3504 1554 3572 praeeptum
1610 3502 1838 3556 cunctis

192 3584 564 3652 Christianis,
591 3587 870 3641 ducatum
903 3604 1077 3642 suum
1109 3588 1325 3643 intrare
1357 3589 1710 3655 volentibus,
1736 3590 1837 3645 ho-

190 3673 534 3747 spitalitatis
565 3678 624 3730 et
654 3675 982 3731 securitatis
1013 3677 1264 3748 gratiam
1295 3678 1553 3733 exhiberi
1585 3680 1681 3749 (7).
1716 3680 1839 3735 Cle-

189 3762 331 3819 rieis
359 3767 419 3819 et
446 3764 752 3820 monachis
784 3768 1127 3836 potestatem
1159 3768 1446 3822 concessit
1495 3786 1664 3823 suam
1695 3787 1835 3841 prae-

264 3906 341 3977 (4)
374 3905 637 3962 Praefatio
670 3910 770 3961 aut
803 3907 1087 3962 dedicatio
1112 3908 1230 3962 haec
1264 3910 1484 3965 omissa
1514 3916 1603 3966 est
1634 3911 1691 3964 in
1727 3929 1837 3966 ms.

193 3978 713 4055 Corsendoncano.
735 3979 942 4033 Surius
965 3996 1092 4055 eam
1116 3981 1399 4055 expressit
1422 3987 1644 4055 mutato
1669 3982 1837 4055 style,

192 4049 519 4120 eademque
551 4048 837 4116 libertate,
859 4067 974 4120 qua
1005 4048 1316 4106 dictionem
1352 4054 1530 4107 totius
1559 4053 1699 4107 Vitae
1725 4048 1839 4108 im;

194 4121 463 4193 mutavit.
496 4121 724 4193 Accipe,
759 4121 1019 4176 studiose
1066 4122 1263 4189 lector,
1308 4125 1703 4193 prtef'ationem
1733 4127 1839 4181 Su-

192 4192 424 4264 rianam
453 4209 557 4263 pro
581 4192 899 4264 sp’ecimine
925 4194 1100 4248 totius
1131 4194 1271 4249 Vitio
1296 4192 1618 4251 immutatae
1649 4214 1710 4252 ;‹‹
1737 4198 1840 4252 Do-

194 4263 358 4318 mino
380 4280 488 4318 suo
511 4263 886 4329 Colomanno,
909 4265 1023 4335 rogi
1045 4265 1548 4334 excellentissimo,
1574 4269 1840 4323 Chartui-

192 4335 314 4390 tius
346 4334 677 4411 episcopus,
712 4335 974 4411 spiritale
1008 4335 1400 4411 ministerium
1444 4340 1553 4411 Dei
1575 4340 1839 4411 benigni-

191 4411 311 4461 tate
340 4406 588 4478 adeptu’s
614 4406 951 4482 post'hujus
984 4409 1111 4461 vitae
1144 4409 1482 4482 terminum,
1521 4410 1663 4465 illud
1696 4406 1840 4482 euge

190 4482 467 4559 precatur
496 4479 940 4559 sempiternum.
1002 4480 1322 4559 Aggredior
1353 4498 1507 4559 nunc
1549 4500 1716 4554 opus,
1749 4479 1837 4537 se-

191 4549 834 4624 remissime_rex,jus_su
869 4556 968 4624 tuo
996 4549 1139 4624 mihi
1173 4549 1612 4624 demandatum,
1648 4572 1681 4608 a
1723 4571 1837 4624 quo

189 4620 482 4693 hactenus
514 4620 791 4692 ingenioli
839 4621 951 4675 mei
995 4621 1285 4693 imperitia
1316 4625 1638 4688 abhorruit,
1675 4620 1757 4679 ob
1779 4625 1834 4678 id

190 4691 519 4765 praesertim
536 4691 691 4764 quod
712 4692 1043 4749 Priscianus
1060 4691 1502 4765 grammaticus,
1522 4696 1663 4751 mihi
1695 4696 1834 4752 olim

190 4768 285 4819 sat
304 4763 455 4840 bene
476 4763 814 4840 perspectus
836 4768 906 4840 et
921 4765 1420 4840 e_ognitus,procul
1441 4763 1592 4840 alme
1624 4769 1840 4840 digres-

190 4852 318 4901 sus,
337 4835 464 4911 jam
494 4835 974 4911 d‘ecrepitohmihi,
1008 4835 1290 4911 tanquam
1319 4839 1566 4910 caligine
1587 4835 1840 4911 quadam

192 4906 649 4979 septus,faciem
667 4906 898 4962 exhibet
918 4906 1539 4965 obscurissimamSed
1573 4906 1705 4965 cum
1732 4911 1845 4965 alia

191 4977 796 5060 exparte‘dignitatis
828 4983 939 5033 tuae
989 4980 1352 5060 attenderem
1413 4982 1840 5049 auctoritatem,

188 5048 333 5105 vicit
358 5048 599 5105 tandem
630 5051 810 5105 anxiae
845 5050 1057 5104 mentis
1100 5052 1526 5108 dubitationem
1585 5048 1841 5118 omnem,

189 5120 481 5196 virtutum
513 5121 775 5196 omnium
811 5119 909 5176 lux
940 5127 997 5176 et
1025 5124 1635 5196 gemmapbedientia,
1673 5126 1845 5196 cujus

190 5191 329 5264 forti
375 5192 648 5264 praesidio
677 5192 879 5262 fretus,
916 5191 1145 5248 tametsi
1181 5195 1324 5249 mihi
1363 5196 1515 5251 vires
1547 5191 1843 5251 cernerem

192 5262 659 5336 haudquaquam
678 5265 1209 5336 suppetere,operis
1232 5267 1543 5321 inehoandi
1570 5269 1841 5322 fiduciam

192 5335 458 5408 concepi.
493 5335 639 5408 Cum
673 5335 793 5408 sint
823 5341 1015 5391 autem
1034 5336 1379 5408 plerumque
1411 5338 1635 5392 invidim
1669 5341 1848 5393 01)ηο-

187 5407 309 5481 xia,
330 5423 464 5478 quae
493 5407 648 5481 bona
671 5407 858 5481 animi
886 5408 1097 5461 fiducia
1129 5407 1432 5480 geruntur,
1468 5410 1712 5481 supplex
1743 5429 1842 5465 oro

189 5477 417 5551 regiam
444 5477 865 5534 sublimitatem
887 5477 1164 5552 tuam,uti
1186 5481 1452 5552 opusculi
1470 5477 1648 5551 hujus
1668 5482 1848 5536 susei-

188 5550 328 5621 pere
359 5566 433 5605 ne
463 5550 1178 5632 gravetur‘patrocinium,
1215 5550 1688 5632 n_ec_oit‘ondatur
1746 5570 1845 5624 pa-

190 5638 323 5676 rum
356 5621 669 5695 commoda
704 5621 997 5695 dictione,
1033 5628 1131 5677 aut
1164 5624 1384 5679 ordinis
1417 5629 1474 5679 et
1507 5641 1699 5680 rerum
1747 5621 1844 5695 ge-

190 5698 425 5778 starum
482 5692 851 5778 ‘confusi‘one.
914 5695 1076 5778 Quod
1136 5695 1185 5750 si
1245 5701 1510 5778 occurrat
1542 5692 1846 5778 quidpiam

190 5765 353 5837 quod
383 5765 601 5837 fcedam
633 5764 846 5837 habeat
874 5765 1276 5837 oil'ensionem,
1340 5767 1541 5824 malim
1560 5764 1846 5824 'codicem

192 5835 442 5910 ignibus
470 5836 703 5894 absumi
738 5854 916 5910 quam
934 5835 1137 5894 livoris
1151 5840 1455 5897 materiam
1479 5839 1731 5913 cuipiam
1764 5840 1847 5896 of-

1920 655 2045 706 tum
2078 652 2343 724 praebens
2372 652 2703 709 orthodoxae
2756 653 2890 708 ﬁdei
2953 668 3174 721 semen,
3227 656 3479 725 pectoris
3508 654 3568 711 in

1920 740 2087 797 horto
2116 745 2332 805 satum,
2365 741 2766 798 delectabatur
2796 760 3035 815 germen
3067 743 3353 800 emittere.

1992 831 2198 893 3.Quid
2224 830 2435 902 plura?
2455 831 2633 886 Adest
2650 835 2883 903 tempus
2915 831 3142 888 caelitus
3174 832 3527 905 dispositum
3554 850 3568 891 :

1925 920 2173 975 credidit
2202 920 2326 991 ipse
2349 937 2481 975 cum
2512 919 2903 976 familiaribus
2952 922 3096 987 suis,
3148 926 3204 978 et
3242 922 3571 994 baptizatus

1925 1012 2035 1074 est,
2070 1012 2126 1063 et
2179 1025 2382 1064 omnes
2437 1008 2644 1065 ditioni
2703 1026 2820 1064 sua)
2858 1011 3147 1065 .subditos
3196 1027 3259 1066 se
3292 1011 3571 1084 pollicens

1927 1097 2255 1153 Christiano
2269 1098 2501 1153 nomine
2518 1099 3279 1171 maneipaturum.Cumque
3292 1100 3572 1155 nimirum

1928 1191 2083 1242 esset
2114 1187 2398 1243 sollicitus
2444 1188 2514 1241 de
2561 1186 2879 1243 rebellibus
2911 1189 3244 1255 domandis,
3277 1192 3334 1244 et
3364 1189 3574 1245 ritibus

1931 1276 2228 1347 sacrilegis
2260 1276 2652 1346 destruendis,
2685 1280 2743 1332 et
2773 1277 3206 1349 episeopatibus
3248 1278 3573 1334 secundum

1932 1365 2373 1420 aestimationem
2400 1382 2587 1431 suam,
2621 1366 2689 1421 ad
2714 1365 3038 1436 profectum
3070 1364 3338 1421 Ecclesiae
3361 1372 3573 1422 sanctae

1931 1453 2279 1519 statuendis,
2300 1453 2552 1508 mirabili
2580 1453 2798 1509 visione
2816 1455 2890 1524 (8)
2924 1459 3092 1508 nocte
3121 1454 3456 1510 consolatus
3489 1459 3578 1510 est

1934 1559 2069 1597 eum
2092 1543 2388 1598 Dominus.
2417 1541 2779 1598 Fecitastare
2817 1542 2927 1598 sibi
2958 1542 3230 1612 juvenem
3263 1543 3576 1599 delectabi-

1933 1630 2048 1686 lem
2082 1636 2343 1703 aspeetu,
2376 1632 2473 1704 qui
2501 1632 2645 1687 dixit
2666 1632 2716 1687 ei
2748 1631 2902 1687 :Pax
2947 1631 3076 1699 tibi,
3110 1631 3323 1688 Christi
3356 1633 3533 1689 electe
3560 1651 3574 1701 ;

1929 1721 2108 1792 jubeo
2128 1724 2181 1775 te
2203 1722 2273 1775 de
2302 1720 2696 1776 sollicitudine
2717 1725 2818 1775 tua
2848 1721 2969 1776 fore
2988 1737 3280 1776 securum.
3315 1722 3435 1778 Non
3470 1723 3579 1779 tibi

1939 1826 2278 1863 concessum
2313 1815 2398 1864 est
2415 1810 2569 1881 quod
2598 1809 3067 1882 meditaris,quia
3089 1826 3300 1866 manus
3322 1810 3579 1883 pollutas

1939 1897 2197 1954 humano
2231 1899 2516 1969 sanguine
2546 1902 2760 1969 gestas.
2796 1899 2876 1953 De
2934 1902 2991 1953 te
3039 1898 3197 1954 filius
3246 1899 3580 1956 nasciturus

1937 1987 2285 2060 egredietur,
2320 1987 2412 2042 cui
2444 1986 2566 2042 haec
2594 1985 2793 2042 omnia
2822 1987 3187 2059 disponenda
3216 1987 3421 2042 divinae
3448 2004 3580 2060 pro-

1937 2075 2204 2131 videntiae
2235 2075 2480 2132 concilio
2510 2075 2947 2131 commendabit
2976 2075 3278 2132 Dominus.
3340 2075 3445 2131 Hie
3475 2078 3585 2133 erit

1939 2182 2095 2219 unus
2117 2182 2184 2219 ex
2222 2165 2459 2236 regibus
2488 2164 2688 2221 electis
2717 2182 2751 2220 a
2780 2164 3048 2234 Domino,
3083 2181 3297 2221 corona
3326 2166 3454 2221 vita:
3482 2183 3583 2221 see-

1940 2253 2155 2309 cularis
2171 2258 2529 2309 commutata
2539 2270 2636 2308 rus
2649 2257 2944 2309 aeternam.
2959 2253 3376 2310 Verumtamen
3394 2254 3582 2310 virum

1940 2343 2225 2415 spiritua‘i
2258 2343 2546 2414 legatione
2576 2342 2683 2396 tibi
2715 2342 3259 2408 transmittendum,
3305 2344 3581 2399 honorifi-

1938 2433 2199 2487 cabiliter
2229 2433 2875 2504 suscipito,susceptum
2907 2432 3313 2488 venerabiliter
3350 2433 3579 2502 habeto,

1940 2522 2435 2578 exhortationibus
2457 2523 2585 2594 ejus
2610 2539 2724 2577 non
2750 2522 2951 2576 fictum
2975 2522 3167 2577 cordis
3182 2520 3371 2577 fidelis
3388 2538 3584 2579 assen-

1942 2629 2075 2667 sum
2107 2612 2378 2683 praebeto.
2413 2611 2861 2683 Expergefactus
2894 2611 3163 2682 princeps
3207 2609 3426 2666 visione
3458 2614 3579 2666 stu-

1941 2702 2133 2773 pidus,
2176 2702 2337 2771 prius
2371 2716 2592 2766 secum,
2634 2704 2766 2772 post
2814 2717 2945 2755 cum
2979 2699 3191 2755 Christi
3224 2699 3496 2756 fidelibus
3527 2705 3585 2756 et

1941 2789 2063 2844 suis
2096 2794 2476 2860 pertractans,
2534 2789 2648 2844 Deo
2698 2789 2914 2862 gratias
2944 2788 3273 2860 pavimento
3306 2789 3580 2845 manibus

1942 2877 2888 2950 expansis,adhzerens,humiliter
2918 2877 3057 2950 egit,
3077 2877 3582 2950 se-principatum-

1944 2985 2058 3039 que
2090 2983 2263 3021 suum
2297 2983 2430 3022 eum
2463 2966 2582 3022 lilio
2614 2967 2911 3023 nascituro
2943 2966 3218 3022 custodire
3278 2966 3439 3024 illius
3485 2968 3584 3041 qui

1945 3074 2058 3111 non
2091 3057 2307 3112 dormit
2334 3073 2521 3128 neque
2552 3055 2832 3112 dormitat
2857 3056 3028 3127 (Psal.
3061 3073 3191 3116 cxx.
3224 3058 3277 3127 4)
3314 3056 3587 3131 lacrymis

1944 3144 2092 3201 fusis
2107 3145 2554 3201 commendavit.

2018 3237 2070 3289 4.
2098 3239 2241 3289 Dum
2278 3234 2523 3289 miratur
2543 3251 2677 3306 ergo
2710 3235 2779 3289 de
2817 3235 2937 3289 viro
2969 3233 3249 3289 divinitus
3294 3236 3588 3307 praedicto,

1948 3324 2254 3379 nuntiatur
2278 3323 2325 3378 ei
2361 3324 2593 3378 beatum
2621 3323 3022 3388 Adalbertum,
3055 3322 3457 3379 Bohemieusis
3488 3326 3587 3379 Ec-

1946 3413 2131 3469 clesiae
2164 3412 2597 3484 pontificem,ad
2618 3429 2677 3467 se
2698 3415 3010 3466 venturum
3044 3428 3172 3466 esse
3190 3416 3427 3483 propter
3446 3430 3585 3468 eon-

1944 3502 2264 3557 versionem
2291 3501 2476 3573 ipsius
2508 3505 2564 3556 et
2593 3500 2725 3555 fidei
2759 3517 2872 3555 non
2909 3500 3054 3554 fictm
3098 3500 3445 3572 profectum,
3478 3500 3586 3556 Do-

1946 3593 2105 3646 mino
2124 3597 2237 3646 Deo
2261 3591 2452 3645 laudis
2491 3589 2745 3645 hostiam
2775 3588 3132 3645 oblaturum.
3164 3589 3364 3644 Oritur
3391 3588 3590 3645 laetitia

1947 3680 2112 3736 novis
2158 3679 2370 3735 Christi
2401 3678 2687 3734 militibus
2728 3678 3170 3734 inenarrabilis:
3209 3679 3327 3733 dux
3356 3678 3589 3733 obviam

1948 3769 2121 3824 tironi
2156 3768 2367 3824 Christi
2401 3768 2475 3839 (9)
2508 3784 2640 3822 cum
2657 3766 2927 3822 fidelibus
2949 3766 3280 3839 quibusque
3308 3766 3587 3838 procedit,

1949 3910 2180 3966 ferri.Et
2210 3909 2527 3982 quiaibona
2568 3908 2860 3982 omniaad
2902 3925 3008 3963 nos
3036 3926 3105 3963 ex
3134 3908 3330 3982 divina
3363 3908 3589 3963 miseri-

1948 3983 2144 4037 cordia
2176 3979 2645 4053 proticiseuntur,
2681 3980 2862 4053 ipsius
2885 3997 3133 4053 munere
3158 3981 3242 4053 sic
3272 3979 3415 4053 libet
3446 3996 3589 4053 opu-

1948 4050 2191 4108 sculum
2215 4070 2466 4124 przesens
2498 4050 2870 4124 auspicari.»
2916 4050 3098 4124 Vides!
3122 4051 3235 4117 hic,
3272 4050 3590 4124 lieetor,’sic

1949 4122 2321 4179 immutatam
2355 4122 2693 4189 dictionem,
2727 4128 2790 4178 ut
2819 4123 2973 4178 idem
3009 4122 3220 4194 ubique
3248 4123 3328 4194 sit
3357 4139 3587 4177 sensus.

1948 4198 2102 4252 Idem
2129 4196 2347 4268 passim
2375 4195 2431 4248 in
2453 4195 2583 4249 Vita
2606 4195 2819 4268 factum
2838 4212 2983 4268 inec
3016 4193 3163 4268 opus
3188 4193 3428 4268 estillas
3462 4210 3588 4247 mu-

1946 4264 2198 4323 tationes
2229 4268 2538 4322 verborum
2559 4272 2756 4337 notare
2778 4264 3072 4337 deinceps,
3107 4266 3219 4319 nisi
3252 4264 3425 4319 simul
3460 4280 3591 4319 mu-

1948 4344 2068 4394 tata
2099 4340 2175 4394 sit
2205 4338 2510 4393 sententia.
2547 4336 2713 4393 Solas
2747 4337 2928 4409 igitur
2970 4336 3324 4409 mutationes
3355 4342 3592 4391 senten-

1948 4412 2161 4465 tiarum
2214 4410 2458 4490 inferius
2513 4408 2847 4490 ass‘iignabo,
2882 4426 2954 4490 ex
2983 4426 3091 4463 ms.
3135 4426 3266 4490 vero
3310 4408 3467 4490 ipsas
3495 4425 3593 4490 vo:

1947 4498 2081 4537 cum
2143 4481 2492 4535 mutationes
2541 4478 2851 4551 diligenter
2906 4480 3242 4543 observabo,
3296 4478 3404 4535 nisi
3478 4478 3596 4535 sint

1948 4552 2162 4607 menda
2193 4551 2542 4615 clarissima,
2576 4550 2671 4604 uti
2691 4552 2849 4606 varia
2879 4557 3195 4605 occurrunt
3226 4550 3380 4605 circa
3418 4551 3592 4605 finem

1950 4625 2110 4679 Vitae.

2019 4696 2094 4765 (ὃ)
2129 4692 2218 4748 Uti
2270 4691 2454 4746 Attila
2512 4692 2705 4747 vocari
2762 4691 2942 4765 voluit
2994 4692 3450 4765 ﬂugellzim_Dei.
3514 4691 3596 4745 ita

1948 4761 2204 4837 Hun'gari
2241 4781 2438 4837 revera
2478 4763 3052 4837 fueruntuflagellum
3101 4761 3593 4837 Christianorum,

1954 4831 2465 4909 quemadmodum
2483 4835 2626 4890 satis
2656 4831 3001 4907 colligi’pote
3018 4838 3059 4886 st
3074 4850 3141 4887 ex
3166 4832 3338 4889 dictis
3364 4832 3421 4887 in
3435 4831 3594 4887 Com-

1955 4906 2239 4965 mentario
2264 4924 2425 4960 num.
2453 4906 2541 4960 52.

2026 4982 2100 5051 (6)
2150 4980 2211 5035 1n
2274 4995 2382 5031 ms.
2426 4977 2662 5051 nomine
2691 4975 2879 5051 (ἔρεψα.
2916 4976 3089 5030 Porro
3133 4976 3203 5051 de
3235 4974 3598 5051 ingressione

1954 5046 2362 5123 Hungarorum
2416 5048 3079 5123 _in_Pannoniam,_seAu
3140 5047 3197 5101 in
3253 5046 3598 5123 hodiernam

1954 5118 2664 5196 Hungariam,pri_misque
2688 5136 2888 5173 eorum
2922 5118 3313 5196 ducil)u§,_egi
3341 5119 3398 5174 in
3429 5119 3597 5175 Com-

1955 5136 2664 5246 Hungariam,primisgue
2688 5136 2888 5173 eorum
2922 5136 3191 5183 nucibus,
3223 5136 3313 5191 egl
3341 5137 3398 5174 in
3429 5136 3597 5175 uom-

1955 5195 2242 5251 mentario
2268 5194 2298 5265 §
2340 5195 2393 5247 5.
2428 5192 2505 5247 De
2600 5208 2736 5262 eysa
2767 5206 2901 5244 vero
2933 5190 3101 5261 plura
3130 5190 3159 5262 ξ
3199 5193 3232 5244 8
3262 5196 3319 5246 et
3350 5207 3597 5263 sequen-

1956 5268 2132 5322 tibus.

2028 5343 2102 5396 (7‘;
2127 5338 2245 5391 Vox
2277 5335 2523 5391 erlu'lmri
2554 5350 2665 5387 non
2700 5336 2788 5387 est
2819 5332 2873 5386 in
2903 5349 3039 5399 ms.,
3103 5350 3201 5385 nee
3233 5337 3322 5386 est
3360 5332 3598 5387 omnino

1957 5398 2306 5465 necessaria.
2368 5407 2724 5477 Praeceptum
2784 5404 2915 5477 110οῇ
2945 5404 3142 5475 Geysa:
3193 5402 3601 5457 verosimiliter

1956 5482 2157 5535 datum
2190 5496 2318 5535 esse
2350 5475 2608 5549 tempore
2640 5475 2940 5549 Ottonisil,
2963 5481 3343 5549 (postpacem‘
3368 5491 3502 5549 cum
3533 5491 3598 5530 eo

1956 5552 2184 5615 initam,
2210 5556 2265 5605 et
2285 5550 2441 5605 circa
2463 5546 2680 5604 annum
2707 5549 2833 5610 972,
2858 5546 2987 5601 dixi
3005 5546 3220 5600 ibidem
3245 5563 3298 5598 n.
3330 5547 3418 5598 80.

2029 5626 2103 5695 (8)
2135 5623 2259 5678 Non
2292 5638 2440 5695 esse,
2472 5638 2578 5695 cur
2611 5621 2757 5675 hanc
2789 5619 3068 5695 visionem
3101 5616 3402 5695 commode
3426 5615 3598 5695 intel-

1955 5687 2165 5751 lectam
2197 5710 2298 5765 pro
2320 5687 2525 5748 fictitia
2555 5693 2881 5747 necessario
2906 5691 3246 5756 habeamus,
3281 5687 3509 5743 ostendi
3542 5689 3598 5742 in

1957 5765 2396 5847 CO.’P.‘E'§IO;.
2530 5838 2599 5847 ..
2755 5833 2956 5847 ..
3053 5832 3129 5847 ..
3260 5831 3366 5847 ,η

2029 5839 2103 5911 (9)
2120 5831 2327 5894 Surius
2339 5834 2434 5892 hic
2449 5838 2610 5891 notat
2625 5834 2832 5892 merito
2845 5833 2959 5891 dici
2971 5832 3232 5908 potuisse
3244 5832 3315 5891 de
3327 5831 3512 5905 Geysa
3523 5831 3598 5887 ti-
