3962 6382
416 403 572 477 1211

1417 410 1484 478 S.
1531 412 1927 478 STEPHANI
1971 407 2532 478 HUNGARORUM
2574 411 2833 478 REGIS.

3673 410 3827 475 1212

417 543 844 604 honorabiliter
861 560 996 603 eum
1019 545 1346 620 suscipit,et
1369 551 1437 605 ut
1459 564 1564 620 per
1580 547 1771 604 visum
1798 547 2059 604 monitus
2087 548 2142 616 Α
2172 547 2284 619 (15)
2312 563 2442 603 vero
2472 545 2684 621 oppido
2725 545 3046 604 nativitatis
3102 545 3402 604 exordium
3463 544 3698 616 habuit,
3772 550 3828 604 et

419 629 726 704 est,modis
747 636 1022 693 omnibus
1051 637 1390 693 obedientiae
1422 637 1612 694 ﬁlium
1645 654 1707 694 se
1737 638 1858 694 fore
1891 655 2063 694 mon-

419 725 643 782 stravit.
677 726 882 798 Igitur,
906 727 1153 796 jubente
1178 727 1458 800 principe,
1484 727 1546 783 ﬁt
1575 727 1794 800 ubique
1818 743 2064 798 congre-

415 814 574 888 gatio
597 815 892 870 indomitae
914 815 1128 888 [gentis
1153 816 1264 886 (10)
1288 817 1304 887 ]
1327 820 1385 871 et
1405 833 1508 888 per
1537 819 1807 872 sanctum
1838 816 2063 888 episco-

417 921 559 977 pum
591 903 701 958 fuit
749 904 882 976 (11),
926 908 984 960 et
1012 921 1116 976 per
1145 921 1282 961 suas
1328 904 1758 960 exhortationes
1791 904 2066 960 continue

413 997 830 1049 convertuntur
849 997 908 1048 et
930 993 1300 1064 baptizantur
1322 993 1546 1048 alumni
1571 993 2065 1066 patriaa,statuun-

412 1081 590 1138 turin
614 1081 818 1137 multis
841 1079 986 1137 locis
1017 1081 1273 1138 ecclesiae
1303 1100 1316 1150 ;
1369 1081 1469 1136 lux
1500 1081 1736 1154 quippe,
1769 1098 1897 1152 qua
1929 1079 2061 1135 illu-

415 1171 604 1226 minat
631 1185 866 1226 omnem
898 1169 1482 1238 hominem,tenebris
1513 1169 1796 1242 expulsis,
1818 1170 1876 1224 in
1907 1169 2064 1224 Hun-

413 1259 578 1332 garia
635 1257 806 1330 coepit
853 1259 1090 1328 enitere,
1153 1264 1210 1315 et
1237 1259 1479 1332 impleta
1529 1263 1670 1314 sunt
1699 1260 1758 1314 in
1790 1275 1860 1314 ea
1885 1259 2063 1314 verba

413 1347 731 1421 prophetiae
756 1346 1004 1403 dicentis
1040 1365 1052 1402 :
1099 1347 1354 1404 Gentium
1383 1349 1640 1420 populus,
1682 1349 1778 1419 qui
1815 1347 2064 1402 ambulat

411 1435 525 1508 (12)
565 1437 625 1490 in
676 1435 929 1502 tenebris,
978 1435 1115 1492 vidit
1160 1437 1338 1492 lucem
1384 1453 1646 1508 magnam
1701 1436 1826 1508 (Isa.
1871 1453 1947 1501 1x,
1978 1436 2056 1506 2).

413 1523 696 1580 Luxlucis
717 1523 1034 1580 invisibilis
1055 1523 1322 1581 Christus
1344 1529 1452 1590 est,
1487 1541 1661 1597 quem
1688 1528 1828 1579 tunc
1857 1529 2060 1596 gentes

407 1613 604 1670 videre
654 1617 1010 1681 meruerunt,
1069 1614 1304 1686 quando
1361 1617 1637 1670 revocatas
1669 1613 1739 1669 de
1777 1613 2055 1679 tenebris,

407 1702 604 1774 ipsum
645 1717 850 1757 verum
874 1701 1058 1758 Deum
1087 1705 1144 1758 et
1165 1701 1465 1758 hominem
1489 1719 1618 1758 esse
1642 1719 1844 1757 verum
1869 1701 2056 1774 perfe-

407 1795 498 1847 cte
523 1790 896 1846 crediderunt
924 1791 1058 1860 (l3).
1116 1791 1229 1847 Nec
1259 1790 1367 1848 hoc
1426 1791 1660 1848 silentio
1705 1795 2055 1864 praetereun-

2173 636 2446 709 puer(l6)
2465 637 2655 692 adhuc
2686 635 2932 692 scientia
2959 637 3356 710 grammaticae
3387 637 3532 694 artis
3549 637 3623 693 ad
3657 635 3827 710 plene

2173 725 2440 780 imbutus
2469 728 2576 781 est.
2610 724 2798 780 Crevit
2845 725 3061 795 infans,
3093 724 3363 800 diligenti
3393 725 3656 782 nutritus
3687 725 3828 782 edu-

2174 818 2305 869 catu
2323 831 2334 881 ;
2353 813 2776 886 qui,transacta
2794 813 3066 885 pueritia,
3076 819 3387 888 postquam
3411 815 3662 887 gradum
3693 815 3830 870 ado-

2172 901 2464 958 lescentia:
2519 901 2778 975 primum
2835 903 3116 971 ascendit,
3149 907 3227 971 et,
3287 903 3621 960 convocatis
3661 907 3828 975 pater

2173 1007 2320 1046 suus
2337 990 2644 1064 Hungariae
2663 990 3177 1062 primatibus,cum
3193 991 3396 1048 ordine
3413 991 3826 1064 sequenti(17),

2171 1096 2275 1152 per
2293 1079 2626 1136 communis
2649 1079 2960 1136 consilium
2976 1079 3252 1152 colloquii
3286 1079 3472 1135 ﬁlium
3508 1097 3687 1136 suum
3708 1083 3828 1136 Ste-

2171 1168 2432 1241 phanum
2464 1172 2597 1240 post
2644 1185 2706 1224 se
2736 1171 3120 1242 regnaturum
3174 1168 3390 1242 populo
3449 1169 3731 1242 praefecit,
3766 1173 3824 1224 et

2171 1258 2241 1313 ad
2299 1257 2410 1313 hoc
2465 1257 2962 1314 corroborandum
2994 1275 3029 1314 a
3076 1257 3330 1344 singulis
3385 1262 3826 1316 sacramentum

2171 1346 2378 1420 exegit.

2238 1436 2290 1490 6.
2324 1439 2464 1490 Post
2487 1434 2608 1490 haec
2625 1435 2837 1507 plenus
2858 1434 3088 1490 dierum
3111 1451 3264 1491 anno
3293 1434 3610 1492 Dominicae
3629 1437 3826 1493 Incar-

2168 1523 2422 1580 nationis
2444 1523 2890 1596 nongentesimo
2913 1525 3293 1597 nonagesimo
3321 1525 3572 1598 septimo
3595 1527 3708 1598 (18)
3723 1543 3830 1582 sa:-

2169 1611 2284 1668 culi
2317 1628 2569 1684 nequam
2601 1627 2897 1668 aerumnas
2927 1610 3146 1668 caelesti
3179 1612 3429 1667 mutavit
3487 1613 3722 1686 gaudio.
3754 1613 3826 1668 Et

2169 1701 2373 1757 eodem
2403 1717 2556 1756 anno
2595 1701 2804 1756 beatus
2849 1699 3163 1773 episcopus
3221 1700 3593 1769 Adalbertus,
3644 1717 3830 1758 causa

2168 1791 2524 1863 praedicandi
2555 1789 2801 1846 verbum
2833 1789 2961 1858 Dei,
3019 1789 3318 1846 Prussiam
3368 1789 3694 1864 ingressus,
3739 1790 3828 1846 ibi

407 1880 551 1936 dum
598 1882 688 1935 est
725 1879 900 1952 quod,
932 1883 998 1934 ut
1027 1879 1221 1935 omnis
1269 1879 1624 1953 ambiguitas
1654 1879 1956 1935 tolleretur
1985 1879 2056 1935 de
2086 1916 2136 1981 Β
2167 1879 2364 1952 palma
2395 1879 2657 1952 martyrii
2679 1882 3283 1981 coronatus‘est.Post
3311 1879 3537 1934 obitum
3554 1895 3689 1936 vero
3719 1896 3827 1952 pa-

409 1967 624 2038 medio,
657 1983 730 2022 ne
751 1967 895 2023 forte
917 1967 1202 2039 pradictze
1229 1967 1472 2024 visionis
1495 1969 1677 2024 solius
1708 1968 1818 2023 viri
1848 1985 2057 2040 parum
2086 1965 2135 1981 ³¹
2171 1969 2278 2024 tris
2291 1969 2644 2041 Stephanus,
2677 1967 2870 2022 adhuc
2889 1965 3250 2035 adolescens,
3273 1967 3468 2024 favore
3487 1967 3828 2041 principum

404 2056 703 2112 videretur
725 2055 916 2112 inesse
937 2056 1096 2125 ﬁdei,
1129 2073 1366 2113 uxorem
1405 2058 1553 2130 ejus,
1579 2059 1706 2130 jam
1741 2057 2058 2129 appropin-

407 2148 688 2218 quantem
749 2145 963 2218 partui,
1019 2145 1122 2201 tali
1182 2146 1364 2202 voluit
1391 2145 1614 2202 visione
1644 2145 1842 2202 divina
1869 2145 2061 2218 gratia

405 2233 715 2291 consolari.
775 2235 1060 2306 Apparuit
1116 2251 1371 2308 namque
1428 2234 1513 2290 illi
1543 2235 1750 2291 beatus
1801 2235 1974 2290 levita
2003 2239 2060 2290 et

404 2325 797 2396 protomartyr
853 2323 1207 2396 Stephanus,
1269 2323 1484 2380 levitici
1537 2323 1780 2379 habitus
1812 2327 2058 2379 ornatus

402 2411 756 2485 insignibus,
789 2411 888 2484 qui
921 2428 1049 2468 eam
1081 2412 1300 2486 alloqui
1329 2412 1524 2469 taliter
1553 2411 1727 2484 ccepit
1757 2429 1770 2468 :
1821 2411 2060 2468 Conﬁde

403 2501 464 2557 in
489 2501 759 2568 Domino,
783 2501 1015 2570 mulier,
1050 2505 1110 2557 et
1131 2505 1286 2557 certa
1309 2506 1432 2558 esto
1451 2501 1592 2574 quia
1624 2501 1810 2556 ﬁlium
1841 2499 2056 2574 paries,

403 2588 496 2646 cui
527 2589 717 2662 primo
743 2590 802 2644 in
849 2589 958 2644 hac
983 2594 1154 2662 gente
1175 2607 1392 2647 corona
1430 2591 1676 2646 debetur
1704 2597 1762 2646 et
1785 2605 2056 2662 regnum,

405 2694 719 2752 meumque
749 2695 963 2734 nomen
997 2679 1082 2733 illi
1104 2696 1353 2752 reponas
1374 2679 1618 2752 (Ui).Cui
1650 2689 1850 2735 autem
1875 2678 2060 2734 admi-

405 2785 543 2824 rans
565 2767 778 2823 mulier
799 2768 1213 2840 responderet:
1239 2768 1377 2833 Quis
1413 2785 1495 2836 es,
1531 2768 1788 2834 domine,
1819 2765 1909 2822 vel
1941 2783 2058 2838 quo

409 2857 646 2912 nomine
677 2857 1087 2928 nuncuparis?
1136 2859 1252 2931 Ego
1285 2875 1440 2926 sum,
1475 2857 1689 2930 inquit,
1724 2855 2058 2928 Stephanus

407 2948 818 3018 protomartyr,
840 2945 938 3017 qui
965 2947 1192 3018 primus
1213 2965 1317 3020 pro
1340 2947 1553 3002 Christi
1583 2946 1820 3002 nomine
1851 2951 2062 3018 marty-

415 3034 570 3090 rium
600 3033 834 3107 pertuli.
862 3034 983 3098 Quo
1013 3035 1189 3108 dicto,
1217 3036 1532 3109 disparuit.

477 3125 532 3179 5.
557 3122 827 3180 Nascitur
847 3123 1066 3180 interea
1092 3125 1404 3198 praedictus
1423 3141 1457 3180 a
1470 3123 1718 3180 Domino
1733 3122 1891 3178 ﬁlius
1907 3121 2061 3194 prin-

405 3212 540 3285 cipi,
603 3229 799 3286 quem,
857 3213 1180 3270 secundum
1210 3214 1580 3286 prophetam,
1640 3215 1956 3285 antequam
1997 3211 2056 3266 in

2171 2063 2228 2112 et
2245 2057 2432 2130 plebis
2451 2058 2510 2113 in
2531 2055 2715 2128 patris
2733 2055 2948 2112 solium
2973 2055 3351 2112 laudabiliter
3373 2057 3670 2129 profectus
3720 2059 3825 2130 [m.

2171 2147 2380 2218 actus],
2412 2151 2470 2202 et
2519 2145 2838 2201 ardentiori
2871 2145 3068 2201 animo
3101 2145 3274 2218 cmpit
3323 2144 3586 2202 veritatis
3615 2163 3833 2220 propa-

2169 2239 2336 2308 gator
2392 2233 2658 2300 existere,
2719 2233 2882 2306 quia,
2914 2233 3183 2306 quamvis
3218 2233 3618 2290 adolescentiae
3651 2236 3832 2291 annis

2170 2325 2421 2389 ﬂoreret,
2457 2339 2572 2378 non
2621 2309 2817 2378 tamen
2865 2338 2964 2378 cor
2990 2322 3048 2376 in
3084 2339 3202 2386 ore,
3237 2323 3336 2378 sed
3352 2339 3418 2378 os
3438 2321 3499 2377 in
3515 2323 3687 2379 corde
3715 2323 3828 2380 ha-

2169 2413 2364 2468 bebat.
2399 2411 2836 2488 Scripturarum
2891 2411 3248 2480 divinarum,
3310 2411 3526 2484 quibus
3555 2413 3833 2485 apprime

2171 2501 2474 2574 ﬂagrabat,
2508 2517 2624 2556 non
2651 2500 2982 2568 immemor,
3009 2499 3304 2572 judicium
3352 2504 3410 2555 et
3429 2501 3727 2571 justitiam
3763 2503 3829 2558 in

2169 2589 2356 2646 oculis
2387 2589 2766 2663 proponebat,
2801 2593 2860 2644 et
2904 2589 3079 2660 juxta
3125 2587 3270 2644 illud
3301 2588 3630 2646 Salomonis
3659 2608 3674 2646 :
3707 2591 3828 2647 Au-

2169 2681 2324 2736 diens
2347 2680 2674 2752 sapientiam
2693 2679 2996 2750 sapientior
3030 2680 3158 2743 erit,
3189 2682 3240 2734 et
3269 2679 3583 2749 intelligens
3620 2681 3828 2752 guber-

2168 2769 2371 2825 nacula
2393 2767 2692 2841 possidebit
2748 2768 2930 2838 (Prov.
2963 2785 3002 2834 ι,
3033 2767 3111 2839 5).
3175 2767 3238 2822 In
3297 2767 3572 2824 omnibus
3619 2767 3829 2842 itaque

2169 2857 2463 2915 mandatis
2491 2855 2590 2913 Dei
2622 2855 2812 2912 ﬁdelis
2857 2855 3225 2928 dispensator
3261 2856 3536 2925 existens,
3567 2859 3726 2930 apud
3761 2877 3831 2916 se

2169 2945 2342 3020 ccepit
2370 2945 2638 3002 meditari
2671 2944 2922 3017 qualiter
2973 2945 3308 3016 subjectum
3361 2945 3470 3002 sibi
3529 2947 3826 3020 populum

2169 3035 2346 3092 unius
2369 3035 2465 3090 Dei
2485 3033 2666 3090 cultui
2690 3034 3066 3107 manciparet.
3113 3035 3222 3091 Sed
3255 3035 3394 3107 quia
3421 3037 3832 3108 perpendebat

2169 3125 2226 3180 id
2255 3125 2477 3197 absque
2505 3123 2832 3179 vicinarum
2892 3123 3154 3196 gentium
3203 3123 3672 3182 consideratione
3704 3126 3828 3200 (19)

2169 3213 2414 3270 minime
2445 3211 2781 3285 ﬁeriposse,
2811 3227 3014 3284 pacem
3045 3228 3179 3268 cum
3210 3216 3540 3269 exterarum
3580 3213 3826 3286 provin-

404 3282 567 3358 ut‘ero
597 3282 1020 3375 conciperetur,
1074 3282 1360 3360 Dom—inus
1391 3302 1551 3358 novit
1587 3320 1600 3370 ;
1653 3307 1710 3356 et
1739 3282 1852 3370 cui,
1903 3304 2063 3356 ante-
2095 3282 2140 3350 (ἶ
2169 3303 2391 3359 ciarum
2422 3282 2657 3375 p0pulis
2678 3282 2902 3358 habens
2943 3303 3078 3372 (20),
3111 3305 3168 3356 et
3197 3300 3446 3358 ﬁdeliter
3475 3282 3827 3360 institutam

405 3407 585 3464 quam
611 3395 966 3460 nasceretur,
1000 3407 1104 3464 per
1122 3394 1606 3464 protomartyrcm
1631 3407 1805 3447 suum
1837 3407 2050 3446 nomen

403 3479 808 3536 indidit.Hunc
821 3480 936 3537 Deo
950 3480 1199 3538 dilectus
1219 3479 1568 3536 Adalbertus
1579 3480 1888 3553 episcopus
1906 3478 2054 3536 chri-

405 3567 575 3626 smali
599 3569 953 3642 baptismate
985 3571 1313 3627 secundum
1344 3569 1706 3626 credulitatis
1752 3587 1870 3626 suae
1900 3568 2049 3625 veri-

403 3662 584 3714 tatem
606 3657 812 3714 intinxi
823 3659 1089 3716 t.Nomen
1103 3658 1214 3714 sibi
1232 3657 1574 3730 impositum
1589 3663 1678 3715 est
1695 3657 2046 3730 Stephanus,

403 3747 561 3820 quod
591 3745 850 3804 alienum
891 3765 926 3803 a
956 3745 1200 3804 consilio
1236 3745 1333 3803 Dei
1371 3747 1553 3804 fuisse
1583 3764 1699 3803 non
1730 3745 2046 3803 credimus.

403 3835 707 3908 Stephanus
728 3836 945 3910 quippe
967 3837 1160 3892 Graece
1179 3852 1383 3893 corona
1403 3839 1576 3892 sonat
1597 3835 1815 3892 Latine.
1850 3837 2049 3908 Ipsum

402 3924 640 3996 quidem
669 3930 728 3980 et
771 3925 830 3980 in
877 3925 987 3980 hoc
1019 3923 1230 3980 saeculo
1265 3941 1544 3980 coronare
1583 3924 1736 3980 Dcus
1761 3923 1946 3980 voluit
1975 3925 2048 3980 ad

401 4012 563 4086 regni
595 4014 936 4086 potentiam,
969 4020 1026 4070 et
1053 4012 1112 4068 in
1160 4013 1356 4069 futuro
1413 4031 1627 4070 corona
1669 4014 2048 4070 beatitudinis

401 4115 635 4172 semper
661 4103 952 4158 manentis
984 4102 1269 4158 redimere
1299 4102 1575 4171 decrevit,
1610 4103 1681 4158 ad
1733 4102 2046 4176 percipien-

402 4188 536 4244 dam
559 4188 862 4266 vitzejugis
886 4188 1310 4245 indeﬁcientem
1343 4188 1612 4262 gloriam.
1661 4189 2046 4264 Strigoniensi

401 4333 527 4406 rom‘
547 4330 796 4406 Christi;
822 4347 957 4386 nam
971 4331 1318 4406 Adalbertus
1341 4332 1539 4390 minus
1559 4333 1790 4406 proprie
1810 4339 2048 4390 vocatur

399 4405 517 4475 tiro
531 4402 899 4475 Ch;_isli,cum
922 4407 1075 4475 esset
1102 4403 1432 4475 episcopus.

473 4473 586 4549 (10)
600 4468 1154 4549 γοχσθηξίξμᾲᾴθιιαῐ
1177 4475 1236 4529 in
1258 4468 1532 4543 editione,
1560 4480 1736 4549 atque
1771 4475 1901 4534 ideo
1933 4495 2046 4533 un-

400 4543 792 4601 cisinclusam
818 4545 1014 4600 addidi
1045 4562 1113 4602 ex
1141 4563 1252 4602 ms.

473 4615 584 4692 (11)
617 4614 866 4692 Phrasis
895 4619 985 4672 est
1020 4619 1300 4692 mendosa
1337 4617 1394 4674 in
1417 4618 1674 4675 editione
1692 4636 1856 4692 aeque
1885 4637 1952 4676 ac
1981 4619 2042 4675 in

403 4685 516 4764 ms.
546 4685 754 4764 Surius
773 4686 986 4764 habet;
1015 4689 1381 4764 Pereanctum
1412 4693 1725 4764 episcopum
1753 4685 1896 4763 ﬁant
1915 4707 2044 4747 con-

399 4759 578 4840 ciones
599 4761 816 4840 :ﬂatque
847 4757 1269 4840 itailegendum
1289 4757 1512 4840 putem.

472 4827 582 4900 (l2)
609 4827 817 4900 Surius
837 4827 1170 4898 ambulabat,
1204 4837 1269 4887 ut
1289 4827 1746 4890 reverahabetur
1780 4833 1941 4889 Isaiae
1967 4851 2043 4890 ix.

469 4899 580 4970 (13)
595 4899 1432 4977 CmptamesseHungarorum
1455 4903 1892 4977 conversionem
1916 4909 2047 4960 ante

399 4970 716 5027 adventum
734 4973 1045 5046 Adalbcrti,
1071 4970 1196 5046 jam
1218 4975 1540 5032 insinuavit
1561 4980 1764 5031 auctor
1793 4991 1956 5031 num.
1989 4978 2043 5044 3,

399 5046 457 5119 et
487 5044 988 5119 nos_ostend_imus
1037 5044 1120 5119 in;
1145 5047 1582 5119 Commentario
1629 5047 1660 5119 §
1690 5051 1742 5101 7.
1775 5049 2045 5103 Attamen

400 5113 738 5190 imperfecta
750 5116 869 5190 fuit
888 5117 1077 5190 prima
1107 5117 1210 5173 illa
1231 5119 1556 5184 conversio,
1589 5113 1733 5190 et'ne
1754 5135 1857 5190 per
1873 5119 2048 5174 Adal-

400 5184 636 5262 bertum
665 5184 906 5262 quidem
931 5190 1073 5245 satis
1103 5191 1356 5262 perfecte
1413 5189 1674 5245 conversi
1715 5184 1858 5245 sunt
1885 5190 2046 5246 Hun-

401 5203 567 5240 οθνιυ
577 5203 632 5240 m
707 5203 897 5244 umem
931 5203 1054 5244 satu

401 5203 886 5334 gari._qt_cqiictum
911 5261 940 5334 ξ
970 5262 1054 5334 10.

471 5329 686 5414 (‘14)"Ne
709 5329 860 5414 hanc
880 5329 1122 5414 quidem
1157 5331 1441 5414 visionem
1471 5329 1870 5414 incredibilem
1897 5349 2045 5414 esse,

400 5400 500 5474 sed
533 5399 769 5474 aliunde
798 5399 995 5474 potius
1022 5403 1266 5474 ﬁrmari,
1295 5403 1521 5458 ostendi
1543 5407 1746 5458 contra
1773 5399 2046 5460 crimina?

396 5471 587 5546 tiones
603 5471 945 5546 Schwartzii
977 5473 1038 5528 in
1068 5473 1498 5546 Commentario
1531 5475 1560 5546 ξ
1593 5477 1676 5530 10.

469 5543 994 5620 (15)__St_rigo_nium,
1026 5542 1217 5620 ‘vu‘lgo
1248 5544 1414 5620 _Gran,
1449 5542 1601 5620 urbs,
1644 5549 1733 5602 est
1765 5545 2050 5620 archiepi-

399 5613 618 5686 scopali
651 5613 936 5686 dignitate
958 5631 991 5668 a
1019 5617 1074 5669 S.
1108 5613 1404 5686 Stephano
1434 5616 1643 5674 deinde
1699 5624 1922 5686 ornata,
1956 5613 2048 5676 ea-

399 5685 856 5809 ggpactiamnum
888 5685 1254 5761 gaudet.Sita
1275 5693 1360 5752 est
1376 5689 1447 5750 ad
1466 5689 1798 5749 Danubium
1821 5694 1878 5746 et
1894 5685 2038 5749 Satis

402 5769 562 5816 nota.

2076 4655 2124 4720 D

2162 3390 2455 3448 roboravit
2509 3391 2706 3459 ﬁdem,
2767 3393 2833 3444 ut
2886 3406 2952 3445 eo
3011 3390 3297 3461 securius,
3331 3392 3487 3463 quod
3525 3391 3585 3446 in
3617 3397 3829 3450 mente

2163 3481 2466 3547 tractabat,
2499 3488 2558 3536 et
2603 3480 2663 3534 in
2687 3477 2915 3536 novella
2959 3477 3321 3551 plantatione
3350 3479 3827 3540 Christianitatis

2161 3569 2447 3643 expellere
2506 3569 2821 3625 sufﬁceret.
2879 3569 2990 3624 Sed
3021 3568 3390 3625 adversarius
3431 3570 3613 3626 totius
3642 3570 3832 3626 boni-

2160 3659 2320 3728 tatis,
2381 3657 2610 3714 invidiae
2673 3657 2884 3730 plenus
2967 3663 3025 3714 et
3081 3658 3338 3724 malitiae,
3399 3659 3690 3726 diabolus,
3753 3666 3834 3716 ut

2161 3747 2348 3804 sancti
2377 3747 2592 3803 Christi
2644 3746 2854 3802 tironis
2906 3747 3273 3818 propositum
3315 3747 3692 3814 disturbaret,
3725 3749 3832 3804 in-

2160 3837 2374 3892 testina
2403 3835 2556 3892 bella
2595 3839 2799 3891 contra
2834 3851 2969 3890 eum
3002 3835 3334 3904 commovit,
3371 3836 3650 3909 quoniam
3684 3837 3832 3908 ejus

2160 3925 2442 3982 instinctu
2463 3925 2628 3998 plebs
2653 3923 2914 3998 gentilis,
2938 3923 3283 3982 Christianae
3314 3925 3447 3981 ﬁdei
3485 3927 3632 3999 jugo
3665 3925 3830 3984 colla

2160 4015 2506 4071 submittere
2529 4029 2802 4079 renuens,
2833 4029 2968 4068 cum
3007 4014 3372 4086 principibus
3402 4013 3526 4070 suis
3556 4032 3591 4069 a
3619 4015 3824 4071 domi-

2158 4104 2256 4160 nio
2283 4104 2395 4176 (21)
2418 4103 2604 4175 ipsius
2635 4118 2697 4156 se
2729 4100 3073 4157 subtrahere
3105 4101 3514 4158 moliebantur.

2227 4193 2281 4248 7.
2314 4193 2626 4265 Coeperunt
2655 4188 2814 4244 enim
2866 4188 3044 4244 urbes
3073 4190 3202 4261 ejus
3261 4189 3548 4260 desolare,
3596 4195 3831 4266 prmdia

2229 4335 2340 4410 (16)
2375 4333 2709 4390 Mirandum
2741 4330 2979 4410 quidem
3037 4331 3284 4410 videtur,
3334 4335 3826 4410 tantum_linguae

2158 4402 2374 4464 Latinae
2423 4419 2626 4482 curam
2676 4419 2742 4457 eo
2771 4406 3034 4482 tempere
3065 4402 3244 4482 [uisse
3291 4403 3542 4482 principi
3571 4402 3826 4482 Bunga-

2158 4493 2357 4534 rorum
2385 4495 2398 4545 ;
2431 4491 2537 4530 nec
2567 4479 2765 4529 tamen
2813 4471 3229 4548 dubitandum,
3279 4471 3424 4548 quin
3475 4471 3827 4548 Stephanus

2157 4548 2363 4604 Latino
2412 4561 2681 4601 sermone
2729 4560 2873 4617 puer
2893 4544 2970 4600 sit
2993 4545 3276 4617 imbutus,
3296 4544 3444 4604 'cum
3477 4544 3667 4605 multa
3693 4551 3829 4609 ﬁlio

2159 4636 2264 4676 suo
2297 4621 2602 4698 praecepta,
2636 4615 2938 4687 multaque
2969 4615 3292 4700 diplomata
3331 4619 3532 4702 Latine
3559 4621 3826 4680 dederit.

2229 4690 2342 4761 (l7)
2373 4689 2582 4744 Sumus
2609 4705 2684 4761 ;_«
2717 4691 2888 4743 Pater
2913 4705 3072 4761 “ejus
3102 4695 3439 4746 convocavxt
3493 4692 3828 4761 Hungarize

2229 4708 2273 4761 (1
2295 4708 2342 4761 ί)
2374 4708 2621 4744 οιιιηυεε
2657 4710 2684 4738 ‹‹
2717 4708 2888 4743 rater
2943 4708 3072 4760 ejus
3102 4708 3439 4746 convocavu
3493 4708 3824 4766 nungarlze

2197 4777 2444 4836 rocercs,
2469 4763 2526 4816 et
2547 4758 2803 4832 reliquos
2825 4759 3080 4836 ordines.
3113 4783 3140 4811 ››
3162 4762 3355 4836 Unum
3379 4779 3513 4836 cum
3535 4763 3824 4836 primati-

2155 4779 2444 4888 procercs,
2469 4779 2526 4816 et
2547 4779 2803 4832 reliquos
2825 4779 3080 4816 omines.
3113 4783 3140 4811 »
3167 4779 3355 4818 unum
3379 4779 3513 4818 cum
3535 4779 3824 4836 primau-

2197 4850 2266 4888 us
2293 4831 2557 4888 ordinem
2591 4835 2970 4916 convocatum
3028 4833 3120 4916 ait.
3162 4833 3544 4916 biographus,
3609 4835 3830 4908 plures

2157 4921 2460 4978 perperam
2480 4903 2831 4978 proceribus
2863 4903 3136 4978 adjunxit
3150 4903 3390 4978 Surius'.
3532 4903 3535 4904 ⁷
3564 4921 3574 4978 ς

2226 4974 2338 5049 (18)
2371 4977 2450 5049 De
2479 4974 2589 5032 hoc
2648 4993 2800 5049 anno
2853 4974 3164 5049 emortuali
3219 4978 3438 5049 Gevsae,
3491 4976 3578 5031 uti
3641 4981 3702 5034 et
3747 4979 3820 5036 S.

2155 5046 2473 5115 Adalberti,
2508 5047 2887 5118 consentiunt
2915 5046 3249 5118 scriptores.
3304 5046 3390 5104 De
3447 5052 3634 5104 morte
3678 5049 3829 5106 ulti-

2157 5121 2385 5192 misque
2400 5119 2582 5192 gestis
2605 5116 2808 5192 Geysze
2822 5115 2992 5192 plura
3017 5115 3156 5192 sunt
3190 5119 3396 5192 dicta§
3434 5122 3521 5175 t2.
3555 5119 3809 5192 Stepha-

2156 5187 2310 5246 num'
2325 5195 2384 5245 tu
2395 5187 2465 5247 nc
2485 5191 2666 5264 fuisse
2687 5187 2966 5244 tredecim
2986 5188 3215 5264 circiter
3241 5197 3342 5246 aut
3359 5187 3818 5264 quattuordecim

2161 5279 2470 5328 annorum,
2505 5261 2729 5316 dictum
2761 5264 2848 5315 cst
2880 5276 3044 5314 num.
3075 5261 3198 5316 122.

2229 5334 2339 5406 (19)
2363 5334 2570 5406 Serius
2601 5332 2795 5406 habet,
2837 5330 3312 5402 confcederatione,
3340 5350 3456 5406 quo
3487 5350 3667 5390 sensu
3702 5351 3816 5390 au-

2158 5404 2281 5461 ctOr
2302 5404 2734 5478 intelligendus.

2229 5473 2598 5560 Suri'us,
2623 5489 2815 5545 pacem
2841 5473 3306 5560 fecithaberrans
3328 5491 3373 5560 .a
3426 5481 3621 5560 mente
3657 5477 3818 5560 ‘Car-

2157 5543 2376 5615 thuitii,
2412 5543 2655 5619 opinor';
2690 5543 3123 5619 namexistimo
3145 5545 3303 5602 hunc
3323 5550 3553 5602 tantum
3582 5547 3817 5604 voluis-

2157 5616 2612 5746 se,tStephanum
2644 5616 2948 5672 roborasse
2976 5633 3178 5688 pacem
3209 5635 3242 5674 a
3269 5622 3430 5691 patre
3443 5635 3577 5674 cum
3595 5619 3819 5676 vicinis

2157 5709 2234 5746 1m
2270 5708 2384 5746 am.

2155 5708 2384 5747 mitam.

2227 5763 2342 5834 (21)
2393 5761 2458 5818 In
2489 5759 2944 5833 editione,quam
2973 5759 3118 5818 alias
3149 5777 3382 5833 sequor,
3415 5761 3632 5835 legitur
3658 5762 3815 5818 divi-
