3962 6364
214 405 373 468 191⁵7

1814 404 2022 472 Vl'l‘A.

3470 408 3628 474 1218

210 556 340 598 cem
370 540 614 612 insuper
639 538 1079 596 anteferendam
1111 539 1254 612 regi,
1313 539 1471 596 velut
1517 540 1578 595 in
1628 542 1867 614 signum
1894 545 1949 610 Α
1982 541 2116 608 sim,
2153 544 2208 596 et
2238 540 2559 612 unicuique
2590 556 2823 613 semper
2843 539 3456 613 praeﬁciensidoneum
3479 560 3625 615 prae-

211 627 597 701 apostolatus,
632 628 794 685 misit
825 629 965 700 (33):
1000 629 1138 701 Ego,
1188 629 1480 699 inquiens,
1531 646 1661 685 sum
1721 646 1864 702 apo—

212 716 479 786 stolicus,
535 716 633 773 ille
688 734 821 774 vero
867 717 1074 774 merito
1123 717 1341 773 Christi
1390 718 1714 790 apostolus,
1766 735 1868 790 per

212 822 392 878 quem
424 805 535 863 sibi
556 809 787 861 tantum
806 805 1086 879 populum
1100 806 1365 862 Christus
1388 807 1689 863 convertit.
1715 810 1864 873 Qua-

211 899 452 968 propter
479 894 927 967 dispositionem
950 896 1238 966 ejusdem,
1264 901 1438 967 prout
1464 897 1495 951 d
1512 896 1664 951 ivina
1680 896 1868 968 gratia

212 983 412 1056 ipsum
441 984 701 1052 instruit,
731 984 1021 1041 Ecclesias
1042 984 1142 1040 Dei
1169 984 1347 1039 simul
1369 1003 1502 1040 cum
1527 985 1759 1057 populis
1783 985 1865 1040 vi-

210 1077 390 1145 taque
411 1073 547 1144 jure
575 1072 935 1129 ordinandas
966 1072 1359 1145 relinquimus
1379 1075 1511 1144 (34).
1537 1074 1868 1145 lmpetratis

214 1178 354 1234 ergo
384 1162 681 1231 omnibus,
705 1166 876 1234 prout
893 1163 1079 1233 petiit,
1100 1162 1310 1234 praesul
1329 1163 1593 1218 Astricus
1610 1162 1776 1218 laetus
1795 1163 1867 1218 ad

216 1250 455 1323 propria
484 1251 779 1319 remeavit,
814 1268 1013 1307 secum
1045 1252 1233 1307 ferens
1262 1256 1497 1324 propter
1513 1253 1668 1324 quod
1690 1252 1867 1308 inca:-

216 1344 387 1412 ptum
418 1339 529 1395 iter
555 1356 830 1412 prospere
861 1345 1183 1413 peregerat.

287 1426 376 1481 43.
404 1425 833 1482 Benedictionis
864 1442 999 1499 ergo
1023 1426 1354 1499 apostolica:
1388 1426 1595 1484 litteris
1617 1446 1750 1485 cum
1770 1446 1869 1484 co-

218 1532 365 1570 rona
391 1519 451 1570 et
481 1532 653 1570 cruce
685 1514 864 1571 simul
897 1515 1113 1584 allatis,
1149 1516 1500 1588 praesulibus
1530 1534 1664 1572 cum
1697 1518 1870 1583 clero,

215 1603 535 1661 comitibus
567 1620 703 1659 cum
735 1603 952 1676 populo
988 1605 1193 1659 laudes
1223 1622 1511 1677 congruas
1543 1606 1874 1662 acclaman-

216 1694 403 1765 tibus,
433 1692 679 1761 dilectus
712 1693 827 1748 Deo
873 1693 1205 1765 Stephanus
1254 1712 1352 1749 rex
1402 1695 1671 1751 unctione
1720 1695 1871 1750 ebri-

217 1782 393 1839 smali
423 1785 744 1855 perunctus
774 1781 1104 1838 diademate
1140 1782 1351 1855 regalis
1396 1784 1699 1856 dignitatis
1748 1785 1874 1840 feli-

216 1874 365 1929 citer
393 1874 728 1926 coronatur.
766 1870 902 1926 Post
933 1875 1237 1943 acceptum
1270 1871 1482 1944 regalis
1525 1872 1875 1929 excellentiae

217 1960 480 2033 signum,
515 1958 710 2031 qualis
742 1959 869 2014 vita:
901 1959 993 2014 vir
1024 1960 1142 2031 (35)
1172 1963 1229 2015 et
1260 1960 1633 2017 discretionis
1684 1962 1877 2029 fuerit,

219 2065 359 2105 cum
388 2047 682 2121 episcopis
714 2052 770 2103 et
796 2048 1170 2121 primatibus,
1206 2049 1516 2121 Hungariae
1539 2053 1825 2105 statutum
1849 2069 1883 2106 a

1907 1918 1955 1982 B

1970 630 2186 695 sulem,
2222 629 2401 684 simul
2434 635 2489 684 et
2515 629 2749 685 abbatis
2781 630 3039 702 przediis,
3060 631 3261 699 curtis,
3287 631 3624 699 etfamiliis,

1971 722 2027 774 et
2058 719 2403 786 redditibus,
2439 717 2711 790 regaliter
2741 718 3052 790 disposuit,
3088 719 3361 774 crucibus
3384 724 3443 775 et
3466 720 3623 776 vasis

1973 807 2227 879 aliisque
2258 806 2752 879 supellectilibus,
2780 808 2850 862 ad
2886 806 3280 863 ministerium
3311 808 3412 863 Dei
3456 809 3634 882 perti-

1974 895 2273 963 nentibus,
2294 896 2621 950 secundum
2641 896 2797 966 quod
2816 896 3133 967 unicuique
3150 913 3296 968 opus
3319 896 3448 965 fuit,
3475 898 3636 954 suffi-

1978 983 2197 1039 cienter
2227 983 2523 1039 decoravit
2544 1001 2557 1052 ;
2578 988 2635 1039 et
2653 982 2903 1056 singulis
2921 984 3111 1052 annis,
3139 985 3328 1056 quoad
3342 985 3634 1066 νίκημά),

1977 1090 2219 1129 munera
2251 1077 2307 1127 et
2338 1072 2663 1128 oblationes
2698 1089 2933 1145 semper
2972 1075 3243 1145 augebat,
3292 1091 3364 1130 ne
3417 1075 3636 1148 aliquid

1976 1163 2337 1217 extrinsecus
2369 1166 2696 1233 quaererent
2726 1162 2826 1233 qui
2874 1161 3064 1217 ofﬁcio
3114 1163 3431 1219 sanctuarii
3483 1182 3632 1237 prae-

1975 1254 2161 1306 erant.
2197 1250 2614 1306 Monachorum
2647 1250 2824 1305 vitam
2855 1254 2910 1306 et
2932 1250 3458 1321 conversationem,
3480 1269 3637 1309 nunc

1977 1356 2080 1411 per
2109 1338 2275 1403 alios,
2310 1356 2465 1394 nunc
2491 1356 2594 1410 per
2624 1339 2885 1410 seipsum
2920 1339 3276 1411 explorando
3316 1340 3634 1414 diligenter

1978 1427 2366 1495 examinabat,
2401 1432 2697 1500 torpentes
2727 1444 3000 1499 arguens,
3062 1427 3266 1500 vigiles
3317 1430 3427 1485 sub
3487 1430 3633 1487 dile-

1980 1516 2166 1571 ctione
2197 1516 2581 1583 constituens,
2615 1516 3026 1571 canonicorum
3080 1517 3476 1574 ministerium
3522 1518 3641 1592 epi-

1982 1622 2290 1678 SCOporum
2340 1604 2713 1676 providentiae
2765 1606 2874 1659 sub
2925 1605 3259 1663 testimonio
3312 1607 3527 1664 Christi
3581 1613 3640 1665 et

1982 1693 2246 1749 Ecclesiae
2318 1694 2789 1763 commendabat,
2857 1696 3182 1750 secundum
3263 1697 3633 1769 Apostolum,

1984 1782 2258 1837 omnibus
2289 1782 2488 1838 omnia
2519 1782 2727 1851 factus,
2791 1788 2855 1837 ut
2911 1800 3114 1840 omnes
3173 1783 3544 1841 lucrifaceret
3594 1786 3640 1858 (1

1987 1871 2107 1927 Cor.
2141 1889 2217 1941 1x,
2247 1870 2361 1943 22).

2066 1962 2150 2015 15.
2185 1960 2399 2015 Eodem
2432 1963 2691 2032 tempore
2752 1960 3104 2016 monasterio
3156 1961 3349 2017 Sancti
3407 1962 3643 2018 Martini

1991 2054 2115 2104 erat
2147 2049 2471 2104 monachus
2493 2051 2757 2121 quidam,
2797 2050 3178 2105 Sebastianus
3200 2050 3457 2122 nomine,
3475 2053 3644 2123 cujus

218 2155 284 2194 se
316 2138 613 2193 decretum
646 2138 757 2209 (36)
791 2137 1169 2193 manifestum
1204 2138 1357 2192 fecit.
1406 2137 1467 2192 In
1524 2154 1638 2209 quo
1662 2138 1885 2210 scilicet
1992 2136 2312 2209 probabilis
2343 2138 2478 2202 vita,
2515 2144 2572 2193 et
2600 2139 2810 2193 devota
2840 2139 2898 2193 iu
2931 2139 3028 2193 Dei
3056 2139 3289 2195 servitio
3312 2139 3514 2213 religio
3537 2140 3642 2197 ha-

220 2227 691 2298 uniuscujusque
703 2225 885 2298 culpae
903 2225 1257 2281 contrarium
1275 2225 1878 2296 dictavitantidotum,

219 2321 278 2373 et
308 2319 375 2371 ut
401 2315 577 2388 pacis,
611 2332 713 2387 per
743 2332 922 2387 quam
955 2314 1221 2371 Christus
1253 2316 1454 2371 orbem
1508 2317 1878 2384 coadunavit,

223 2423 287 2462 se
322 2406 442 2461 fore
468 2407 589 2475 (37)
620 2406 893 2477 probaret
924 2403 1134 2472 ﬁlium,
1162 2406 1318 2477 quod
1348 2405 1547 2460 nullus
1569 2405 1747 2460 alium
1776 2405 1880 2460 ho-

223 2494 441 2550 stiliter
465 2492 780 2562 invaderet,
814 2509 984 2548 nemo
1015 2493 1275 2549 vicinum
1298 2493 1642 2564 sinejudicii
1662 2494 1880 2549 exami-

223 2583 460 2639 natione
475 2581 939 2648 laederet,viduas
959 2586 1014 2637 et
1035 2582 1330 2654 orphanos
1350 2582 1548 2637 nullus
1594 2584 1883 2654 opprime-

228 2677 337 2740 ret,
368 2670 797 2743 subscriptione
837 2671 1069 2726 foederis
1115 2687 1230 2725 non
1278 2672 1579 2743 pereuntis
1629 2672 1879 2743 posteris

233 2761 359 2818 suis
384 2759 621 2832 reliquit
650 2759 1004 2815 stabilitum.
1039 2760 1124 2815 Ad
1159 2760 1519 2815 consortium
1550 2777 1682 2816 vero
1736 2779 1881 2832 prae-

232 2850 402 2923 cipue
429 2865 608 2905 causa
625 2848 844 2905 sobolis
876 2848 1283 2921 propagandae,
1318 2865 1574 2904 sororem
1609 2851 1718 2920 (38)
1773 2851 1882 2906 Ro-

234 2956 424 2995 mana:
453 2938 754 3011 dignitatis
799 2937 1069 3010 Augusti,
1125 2937 1393 2992 videlicet
1441 2939 1587 3007 [ms.,
1640 2939 1883 3012 scilicet]

241 3027 716 3099 Heinrici,quiob
729 3027 1243 3082 mansuetudinem
1260 3043 1489 3081 morum
1512 3027 1647 3082 Pius
1679 3033 1766 3083 est
1789 3046 1885 3101 ap-

238 3117 513 3190 pellatus,
542 3116 776 3189 Gyslam
808 3115 1044 3170 nomine
1077 3116 1211 3187 (39),
1248 3115 1357 3171 sibi
1406 3115 1462 3170 in
1513 3116 1884 3173 matrimonio

240 3209 389 3279 [ms.,
422 3205 799 3262 matrimonio
826 3206 947 3260 sine
968 3203 1051 3269 in]
1087 3203 1347 3271 sociavit,
1374 3221 1552 3275 quam
1614 3205 1887 3262 unctione

1993 2226 2269 2283 bebatur:
2302 2225 2459 2281 hunc
2494 2244 2591 2281 rex
2632 2226 2977 2282 venerabilis
3021 2227 3171 2283 miro
3222 2245 3419 2284 amore
3467 2230 3642 2302 ccepit

1992 2314 2253 2387 diligere,
2289 2316 2428 2385 quia
2459 2323 2675 2387 quanto
2698 2316 2831 2387 quis
2863 2315 3186 2388 religiosior
3214 2322 3377 2372 tanto
3417 2318 3468 2373 ei
3517 2322 3642 2374 erat

1991 2403 2296 2475 acceptior.
2332 2402 2503 2457 Illum
2539 2420 2676 2476 ergo
2699 2405 2773 2459 ob
2802 2404 2930 2458 vitae
2964 2405 3174 2459 merita
3203 2403 3521 2476 pontificali
3544 2406 3643 2461 ho-

1988 2507 2131 2547 nore
2164 2491 2407 2564 dignum
2436 2492 2736 2563 judicans,
2801 2493 3052 2564 regendo
3112 2492 3499 2565 Strigoniensi
3556 2509 3644 2548 ar-

1991 2579 2447 2652 chiepiscopatui
2479 2596 2613 2634 eum
2645 2579 2916 2652 praefecit.
2950 2581 3019 2634 Et
3062 2579 3340 2651 quoniam
3390 2579 3644 2653 flagellat

1990 2669 2144 2725 Deus
2174 2685 2406 2724 omnem
2442 2667 2629 2723 ﬁlium
2649 2686 2822 2741 quem
2844 2668 3067 2740 recipit,
3096 2669 3440 2741 praedictum
3468 2670 3642 2725 Seba-

1992 2757 2271 2823 stianum,
2296 2757 2367 2812 ad
2393 2757 2753 2829 probandam
2780 2756 2966 2828 ipsius
2981 2757 3346 2830 patientiam,
3371 2775 3643 2831 corpora-

1991 2846 2136 2901 lium
2170 2846 2471 2901 oculorum
2504 2845 2726 2901 lumine
2758 2846 2865 2919 (43)
2894 2847 2966 2901 ad
2988 2850 3221 2919 tempus
3251 2847 3642 2919 privavit.Sed

1992 2952 2065 2990 ne
2096 2934 2357 2990 novellus
2389 2934 2448 2988 in
2480 2934 2592 2989 fide
2614 2950 2751 3007 grex
2782 2934 3003 3006 absque
3053 2936 3305 3007 pastoris
3358 2935 3645 3007 regimine

1992 3041 2026 3077 a
2055 3023 2196 3077 recti
2227 3022 2485 3079 tramitis
2514 3023 2811 3095 proposito
2842 3023 3116 3089 deviaret,
3149 3040 3253 3095 per
3286 3039 3640 3080 consensum

1996 3111 2240 3167 Romani
2270 3111 2565 3183 pontiﬁcis
2596 3129 2746 3184 saipe
2778 3112 3001 3167 dictum
3029 3113 3321 3168 Astricum
3371 3112 3643 3170 Colocen-

1996 3218 2119 3256 sem
2152 3200 2490 3273 episcopum
2518 3201 2578 3255 in
2611 3200 2770 3255 illius
2802 3200 2995 3256 locum
3030 3201 3353 3256 substituit.
3390 3200 3648 3257 Evolutis

235 3294 538 3351 chrismali
569 3299 930 3367 perunctam,
965 3297 1294 3365 gestantem
1317 3309 1590 3348 coronam
1614 3294 1775 3366 regni
1798 3312 1885 3351 so-
1915 3284 1957 3350 C
1995 3290 2204 3344 deinde
2235 3289 2415 3343 trium
2448 3305 2737 3344 annorum
2769 3289 3023 3359 circulis,
3048 3289 3531 3357 Sebastianus,ex
3550 3289 3646 3345 Dei

236 3383 388 3439 ciam
412 3399 541 3439 esse
573 3381 894 3438 constituit.
928 3385 1061 3448 Quae
1090 3381 1282 3454 qualis
1330 3397 1467 3454 erga
1511 3381 1609 3436 Dei
1660 3382 1886 3438 cultum

234 3473 523 3529 orandum
556 3471 668 3544 (40)
700 3471 1012 3539 exstiterit,
1048 3488 1223 3543 quam
1258 3470 1368 3542 (41)
1402 3472 1745 3542 frequenset
1789 3472 1887 3527 be-

234 3563 469 3619 nedicta
487 3562 641 3618 circa
671 3562 768 3617 Dei
800 3561 1155 3617 serventium
1190 3562 1668 3633 congregationes
1715 3579 1890 3635 appa-

234 3651 442 3719 ruerit,
476 3649 796 3706 multarum
832 3649 1207 3707 ecclesiarum
1240 3650 1567 3717 cruces,vel
1615 3668 1753 3706 vasa
1798 3650 1887 3707 vel

235 3743 602 3814 paramenta,
642 3756 815 3813 opere
842 3740 1087 3795 miriﬁco
1104 3738 1352 3795 factavel
1375 3743 1662 3809 contexta,
1702 3757 1889 3812 usque

235 3827 413 3885 hodie
437 3831 749 3883 testantur.
786 3827 905 3882 Prae
932 3826 1159 3883 cunctis
1190 3830 1385 3881 tamen
1412 3826 1624 3881 domus
1670 3828 1890 3899 episco-

237 3921 414 3990 patus
444 3915 901 3988 Vesprimensis,
936 3933 1113 3988 quam
1150 3914 1332 3988 ipsaa
1356 3915 1743 3970 fundamento
1785 3932 1892 3971 cce-

237 4012 426 4081 ptam,
453 4004 729 4061 omnibus
759 4004 1126 4077 sutﬁcientiis
1143 4005 1214 4059 ad
1243 4004 1543 4059 servitium
1564 4004 1663 4059 Dei
1679 4004 1735 4060 in
1751 4022 1890 4061 auro

237 4101 299 4152 et
341 4098 582 4169 argento
622 4093 1101 4166 vestimentisque
1146 4093 1571 4166 multiplicibus
1617 4093 1892 4150 nobiliter

238 4184 565 4242 adornavit.

312 4276 399 4330 14,
427 4275 556 4346 Ipse
583 4289 717 4329 vero
752 4273 869 4328 Rex
902 4271 1197 4343 episcopia
1229 4287 1416 4344 nuper
1446 4272 1718 4343 incoepta,
1769 4275 1889 4328 tam

248 4361 523 4420 videlicet
552 4361 1105 4436 archiepiscopalem
1122 4378 1296 4433 quam
1314 4377 1517 4417 omnes
1536 4361 1892 4433 episcopales

238 4451 536 4521 ecclesias,
582 4451 1010 4523 amplissimam
1052 4449 1301 4522 singulis
1332 4450 1641 4520 assignans
1681 4450 1887 4505 dioece-

314 4579 428 4651 (33)
460 4578 524 4634 In
573 4594 686 4632 ms.
745 4576 978 4651 legitur,
1010 4577 1204 4651 _veluli
1247 4578 1468 4651 signum
1512 4575 1841 4651 apostolatus
1867 4592 1886 4629 :

1999 3376 2400 3432 misericordia
2430 3382 2659 3448 recepto
2689 3376 2933 3444 lumine,
2957 3394 3194 3432 rursum
3217 3394 3321 3448 per
3342 3376 3646 3448 apostolici

1996 3466 2306 3522 consilium
2330 3482 2446 3520 sua:
2480 3465 2602 3521 sedi
2634 3466 2942 3520 restitutus
2964 3469 3069 3533 est,
3127 3469 3184 3520 et
3248 3464 3515 3521 Astricus
3574 3465 3646 3520 ad

1997 3572 2165 3612 suam
2198 3554 2535 3621 Ecclesiam,
2570 3553 2842 3611 videlicet
2870 3553 3270 3622 Colocensem,
3302 3570 3437 3609 cum
3470 3552 3647 3626 pallio

1997 3642 2189 3698 rediit.

2633 3757 2860 3814 CAPUT
2898 3758 2993 3814 III.

1999 3850 2181 3904 Pielas
2209 3849 2270 3901 in
2300 3848 2518 3903 beatam
2552 3850 2829 3917 Virginem
2885 3851 3098 3904 structa
3146 3854 3444 3919 ornataque
3493 3846 3649 3902 donis

2072 3930 2124 3975 et
2166 3920 2474 3991 privilegiis
2528 3921 2755 3975 ecclesia
2811 3920 2964 3976 Albae
3021 3919 3243 3989 regalis,
3302 3918 3649 3991 fundationes

2068 3993 2175 4063 piae
2223 3992 2629 4063 Hierosolymis,
2680 3991 2878 4058 Romae,
2928 3991 3435 4063 Constantinopoli;
3482 3991 3650 4045 mise-

2070 4063 2310 4189 Ziiordia
2363 4071 2413 4117 et
2467 4062 2773 4119 liberalitas
2828 4064 2992 4135 regis,
3054 4062 3397 4134 ejusdemque
3475 4063 3650 4117 mira-

2108 4152 2123 4190 z
2156 4152 2229 4189 ιιι.

2073 4271 2157 4323 16.
2193 4269 2327 4323 Erat
2356 4268 2576 4323 interea
2607 4283 2705 4322 rex
2732 4264 2887 4321 idem
2922 4266 3182 4323 ﬁdelisin
3206 4265 3482 4322 omnibus
3504 4263 3651 4321 acti-

1998 4358 2110 4413 bus
2139 4358 2283 4422 suis,
2312 4357 2427 4412 Deo
2455 4356 2705 4428 perfecte
2737 4354 2970 4412 deditus
3002 4373 3104 4429 per
3132 4360 3332 4411 votum
3377 4359 3434 4411 et
3487 4354 3652 4410 obla-

1998 4447 2238 4512 tionem,
2274 4446 2656 4517 semetipsum
2676 4462 2811 4499 cum
2839 4462 3015 4518 regno
3047 4462 3155 4501 suo
3187 4446 3297 4501 sub
3320 4444 3506 4503 tutela
3528 4460 3654 4516 per-

1998 4586 2111 4624 non
2145 4567 2474 4634 Carthuitii,
2513 4567 2604 4621 cui
2628 4569 3206 4639 eumrattribuerunt
3242 4567 3444 4639 aliqui,
3497 4567 3651 4639 quod

237 4638 450 4728 Su‘riu's
512 4665 616 4728 ceu
636 4638 975 4728 apostolatus
998 4649 1235 4728 insigne.
1266 4638 1331 4701 1h
1381 4638 1658 4728 editione,
1711 4662 1890 4728 quam
1924 4656 1969 4719 ι)
2003 4640 2188 4728 solani
2221 4639 2513 4728 vidissent
2543 4638 3066 4728 Surii‘ed‘iti‘one‘rn.

240 4722 478 4789 recudo,
561 4720 831 4787 habetur,

244 4809 454 4850 OXIDS.

316 4864 432 4937 (34)
450 4864 741 4937 _Mendosa
758 4861 873 4937 _h_i_c_
886 4865 978 4937 est
1006 4861 1205 4937 editio,
1226 4864 1294 4937 et
1324 4878 1433 4915 ms.
1472 4860 1650 4937 editio
1696 4860 1891 4937 habet,

242 4932 423 5009 prout
450 4933 929 5009 locum‘reddidi;
980 4950 1090 4987 ms.
1134 4934 1390 5009 vilicique
1425 4932 1607 4985 nihilo
1647 4932 1890 5009 melius.

240 5003 455 5063 Surius
482 5022 615 5062 vero
647 5004 842 5060 locum
874 5009 1026 5059 recte
1060 5004 1347 5075 expressit
1378 5003 1484 5075 hoc
1530 5003 1734 5075 modo:
1789 5004 1892 5057 Ec-

243 5078 457 5135 clesias
487 5077 589 5132 Dei
620 5094 740 5132 una
769 5093 903 5132 cum
934 5073 1163 5148 populis
1197 5080 1398 5130 nostra
1425 5073 1545 5128 vice
1560 5074 1608 5129 ei
1625 5074 1894 5130 ordinan-

243 5147 809 5226 da_s__relinqui_m_us.
849 5170 870 5196 η
898 5218 911 5226 _
941 5147 948 5148 7
996 5219 1029 5226 ,Α
1215 5220 1223 5226 _
1501 5217 1515 5226 _
1676 5216 1696 5226 _
1718 5216 1733 5226 ‘
1780 5215 1789 5226 _

316 5221 431 5293 (35)
464 5220 527 5276 In
566 5216 839 5275 editione
896 5218 1112 5291 legitur
1166 5220 1263 5272 via:
1344 5217 1641 5293 mendose.
1676 5216 1896 5293 Idcirco

242 5286 447 5349 vocem
480 5295 786 5348 mutuatus
816 5286 984 5347 sum“
1010 5307 1077 5345 ex
1129 5306 1265 5356 ms.,
1324 5289 1422 5343 ubi
1478 5290 1562 5342 vir
1618 5293 1768 5343 recte
1792 5286 1894 5342 ha-

247 5366 426 5422 betur

317 5408 446 5505 (ᾗ),
463 5435 750 5507 Loquitur
776 5435 847 5490 de
871 5433 1100 5507 legibus
1132 5449 1234 5505 per
1266 5431 1627 5502 Stephanum
1653 5428 1810 5507 latis.

319 5503 433 5634 (Ξῖ)
462 5507 525 5562 In
551 5503 661 5563 ms.
692 5514 852 5579 forte,
905 5503 1101 5561 minus
1133 5503 1317 5574 recte,
1368 5508 1424 5558 et
1471 5519 1605 5557 mox
1647 5503 1743 5571 qui
1790 5517 1895 5573 pro

322 5595 354 5634 ο
398 5620 409 5632 .

284 5595 409 5635 uoa.

245 5598 435 5723 ᾳαῖἕέ)
451 5648 714 5723 Sororem
743 5647 922 5706 habet
950 5647 1279 5723 hisceditio
1304 5661 1619 5723 aeque_._ae_
1638 5659 1750 5723 ms.
1794 5643 1901 5723 su-

245 5715 376 5787 rius
403 5715 582 5803 ﬁliam
607 5735 914 5802 perperam
943 5719 1146 5781 edidit.
1176 5721 1249 5779 At
1276 5715 1436 5779 error
1462 5715 1561 5777 ille
1587 5715 1742 5776 Surii
1782 5718 1894 5795 est,

928 4717 1323 4790 apostolitatus,
1425 4717 1577 4789 quod
1676 4717 1893 4772 correxi

2077 4710 2187 4782 (39)
2217 4710 2422 4782 Cislam
2455 4726 2660 4782 rursus
2708 4709 2885 4764 habet
2937 4709 3111 4765 editio
3148 4725 3296 4782 cum
3340 4724 3452 4764 ms.
3507 4708 3651 4764 Gise.

2005 4779 2117 4838 Iam
2138 4779 2321 4837 edidit
2353 4780 2582 4845 Surius,
2616 4784 2790 4852 prout
2820 4797 2948 4836 eam
3005 4779 3225 4853 passim
3274 4783 3485 4835 vocant
3515 4795 3651 4835 neo-

2003 4853 2188 4910 terici.

2076 4928 2185 4996 (40)
2218 4922 2428 4996 Surius
2458 4921 2552 4975 hic
2592 4922 2806 4977 rectius
2837 4923 3164 4990 ornandum,
3218 4922 3303 4978 uti
3352 4926 3650 4979 auctorem

2005 4994 2310 5067 scripSisse
2340 4994 2563 5065 opinor.

2078 5065 2189 5139 (lit)
2220 5067 2282 5121 In
2315 5083 2427 5120 ms.
2463 5066 2621 5136 quasi
2665 5081 2769 5137 pro
2812 5082 3019 5135 quam;
3067 5082 3202 5122 mox
3257 5065 3514 5122 benedice
3543 5081 3648 5192 pro

2078 5140 2285 5192 nediela
2315 5145 2371 5192 et
2402 5138 2505 5192 Deo
2534 5152 2636 5192 nro
2682 5137 2798 5192 Dei.
2836 5137 2943 5192 hoc
2992 5138 3203 5192 modo:
3239 5161 3266 5187 «
3318 5138 3494 5192 Ouasi
3571 5152 3648 5192 re-

2007 5137 2285 5195 benelliela
2315 5145 2371 5192 et
2402 5138 2510 5208 Deo
2534 5137 2812 5208 pro_Dei,r
2836 5137 2943 5192 hoc
2992 5138 3203 5193 modo:
3239 5161 3266 5187 «
3318 5138 3494 5203 Quasi
3546 5137 3630 5192 fre

2006 5227 2191 5292 quens
2223 5215 2281 5265 et
2312 5206 2591 5292 benedica
2621 5206 2776 5262 circa
2803 5207 2918 5292 Deo
2950 5208 3658 5292 servientiumcongrega-

2003 5278 2216 5349 tiones,
2255 5304 2281 5330 ››
2314 5285 2422 5336 etc.
2458 5278 2901 5352 Rursumpaulo
2916 5281 3257 5352 postminus
3277 5285 3427 5336 recte
3452 5278 3510 5335 in
3537 5278 3649 5334 ms.

2006 5369 2174 5424 usque
2202 5352 2290 5407 die
2311 5369 2414 5423 pro
2436 5368 2603 5424 usque
2622 5351 2798 5407 hodie.

2077 5419 2188 5507 (b2)
2224 5419 2463 5507 liae-duae
2488 5419 2661 5507 voces
2688 5440 2757 5478 ex
2777 5439 2887 5477 ms.
2912 5426 3053 5507 sunt
3075 5422 3420 5505 desumptaz,
3438 5437 3574 5475 nam
3592 5419 3654 5475 in

2006 5494 2467 5551 edito'mendose
2495 5494 2745 5551 habetur
2773 5510 2876 5565 quo
2907 5494 3171 5549 advilrix.

2100 5569 2187 5632 43)
2212 5567 2357 5641 _Post
2394 5566 2546 5621 hanc
2565 5582 2765 5641 vocem
2782 5562 3025 5624 additur
3052 5581 3176 5623 eum
3204 5564 3265 5622 in
3294 5563 3449 5622 edito
3499 5562 3655 5641 quod

2005 5637 2312 5707 redundat,
2346 5654 2451 5696 nec
2483 5637 2653 5696 estin
2683 5654 2796 5696 ms.
