3962 6390
357 315 516 380 1219

1357 319 1424 380 S.
1471 312 1864 380 STEPHANI
1909 307 2465 379 HUNGARORUM
2509 309 2764 377 REGIS.

3611 302 3764 366 1220

349 421 535 525 petuae
551 450 812 524 Virginis
829 449 928 507 Dei
943 449 1240 524 genitricis
1254 450 1445 506 Mariae
1459 451 1730 522 precibus
1743 449 2000 506 assiduis
2028 451 2082 516 Α
2115 449 2548 521 comprobatur,
2581 447 2682 520 qui
2711 446 2879 502 bonae
2895 441 3213 500 voluntatis
3229 445 3287 498 et
3313 439 3505 513 operis
3521 423 3759 502 famam,

351 543 677 608 conferens,
711 541 882 612 cujus
905 539 1090 613 gloria
1118 543 1174 595 et
1202 539 1390 596 honor
1420 539 1816 595 tam'celebris
1846 539 2000 594 inter

351 632 659 712 Hungaros
689 628 941 684 habetur
961 629 1116 700 quod
1141 628 1317 683 etiam
1339 628 1625 684 festivitas
1643 627 2002 698 Assumptio—

352 721 445 776 nis
470 719 734 790 ejusdem
764 716 1050 790 Virginis,
1083 717 1207 771 sine
1238 717 1634 772 additamenta
1656 715 1874 788 proprii
1901 733 2001 770 no-

352 809 554 874 minis,
589 807 850 880 ipsorum
883 805 1084 878 lingua
1109 806 1236 861 dies
1282 805 1540 860 Dominae
1581 805 1886 860 vocitatur.
1935 804 2003 858 Et

352 901 417 952 ut
447 897 728 968 majorem
758 893 1115 950 defensionis
1133 892 1592 950 misericordiam
1615 893 1893 965 consequi
1911 909 2003 947 va-

351 987 512 1052 leret,
545 984 604 1040 in
637 985 766 1056 ipsa
809 982 1023 1055 regalis
1080 982 1236 1038 sedis
1293 981 1544 1049 civitate,
1605 999 1730 1052 quae
1789 980 2004 1036 dicitur

351 1073 512 1142 Alba,
546 1071 657 1128 sub
680 1071 853 1126 laude
878 1075 935 1126 et
951 1069 1121 1126 titulo
1143 1071 1409 1142 ejusdem
1430 1069 1689 1142 Virginis
1711 1073 2001 1142 perpetuae

349 1163 638 1218 famosam
669 1165 729 1216 et
761 1160 1042 1232 grandem
1073 1158 1381 1214 basilicam
1413 1174 1586 1231 opere
1619 1157 1886 1224 miriﬁco,
1907 1173 1998 1212 ce-

353 1251 564 1308 laturis
587 1249 647 1304 in
677 1248 836 1304 chori
863 1247 1078 1320 pariete
1101 1247 1416 1314 distinctis,
1434 1247 1765 1318 pavimento
1784 1245 2002 1302 tabulis

357 1337 706 1395 marmoreis
733 1341 935 1405 strato,
965 1340 1302 1392 construere
1327 1337 1500 1408 coepit
1524 1354 1537 1403 ;
1572 1352 1750 1406 quam
1773 1334 1874 1406 qui
1913 1333 2001 1388 vi-

341 1430 472 1499 det,
485 1427 601 1483 veri
611 1427 712 1482 tati
739 1426 1139 1482 testimonium
1163 1425 1430 1498 perhibet
1449 1425 1756 1480 verborum
1775 1427 2000 1479 nostro-

357 1533 513 1582 rum,
547 1513 999 1570 innumerabilia
1029 1512 1340 1585 palliorum
1373 1513 1489 1584 [et]
1521 1515 1999 1584 paramentorum

353 1605 432 1661 ibi
463 1621 592 1660 esse
621 1621 854 1678 genera,
887 1603 1121 1659 tabulas
1154 1602 1307 1658 circa
1358 1599 1564 1656 altaria
1613 1600 1812 1673 plures
1861 1617 2002 1656 auro

351 1693 667 1768 purissimo
691 1691 1026 1758 fabricatas,
1051 1690 1312 1764 lapidum
1336 1689 1741 1761 [at.,mendose,
1765 1687 2000 1760 lapidis]

357 1782 538 1839 series
559 1780 1122 1854 pretiosissimorum
1146 1778 1206 1833 in
1228 1795 1291 1834 se
1313 1778 1696 1845 continentes,
1715 1775 2000 1832 ciborium
2035 1820 2082 1884 Β

357 1874 486 1927 arte
516 1869 771 1926 mirabili
797 1884 978 1940 supra
991 1883 1255 1922 mensam
1268 1865 1484 1922 Christi
1508 1871 1764 1922 erectum
1777 1908 1789 1932 ,
1814 1881 2003 1921 came-

355 1976 487 2014 ram
518 1957 677 2014 omni
707 1973 916 2030 genere
936 1972 1212 2010 vasorum
1233 1953 1704 2028 crystallinorum
1728 1954 1849 2024 [al.,
1878 1969 2003 2024 cry-

359 2045 714 2117 stallorum],
749 2043 1195 2118 onychinorum,
1229 2059 1562 2111 aureorum,
1595 2047 2004 2115 argenteorum

354 2135 606 2208 pleniter
635 2133 926 2190 refertam.

427 2225 515 2280 17.
548 2223 736 2278 Tanta
763 2225 1066 2278 venustate
1097 2221 1559 2293 suprascriptam
1589 2219 1895 2276 ecclesiam
1943 2218 2003 2273 in

357 2312 657 2387 propriam
687 2309 968 2383 capellam
995 2327 1094 2366 rex
1114 2308 1226 2366 sibi
1248 2308 1524 2376 retinens,
1553 2307 1656 2364 tali
1677 2325 1806 2365 eam
1829 2307 2004 2363 liber-

354 2405 471 2456 tate
503 2399 722 2456 dotavit
755 2403 819 2454 ut
845 2398 1042 2454 nullus
1067 2398 1475 2471 episcoporum
1497 2397 1557 2454 in
1577 2413 1646 2452 ea
1663 2397 1818 2469 juris
1840 2396 2006 2468 quid-

354 2507 533 2562 quam
564 2489 838 2556 haberet;
874 2489 933 2544 in
965 2487 1056 2543 die
1087 2487 1266 2543 etiam
1293 2485 1678 2543 absolutionis
1710 2490 1765 2540 et
1801 2501 2004 2540 conse-

355 2577 634 2634 crationis
661 2577 1019 2644 chrismatis,
1052 2575 1384 2647 cuicunque
1403 2575 1676 2648 episcopo
1695 2573 1783 2630 vel
1807 2574 2002 2645 injun-

353 2671 514 2742 geret
545 2671 643 2722 rex
671 2666 750 2722 ibi
799 2682 1079 2738 praesens,
1130 2663 1218 2720 vel
1269 2663 1407 2720 illuc
1459 2664 1717 2719 mitteret
1767 2663 2000 2730 absens,

352 2755 697 2829 poenitentes
715 2756 772 2809 in
797 2771 865 2811 ea
885 2753 1226 2821 absolveret,
1251 2758 1305 2808 et
1326 2752 1581 2808 chrisma
1603 2755 2001 2819 consecraret;

353 2845 550 2900 divina
580 2861 814 2916 quoque
859 2843 1174 2898 Missarum
1221 2841 1526 2910 solemnia,
1579 2839 1628 2896 si
1675 2857 1870 2914 regem
1922 2839 2002 2894 ibi

353 2950 481 2990 esse
502 2937 844 3004 praesentem
872 2931 1253 3004 contingeret,
1273 2930 1370 2987 ille
1390 2933 1620 2986 tantum
1645 2927 1765 3003 [at.,
1781 2927 2002 2999 tamen]

351 3021 672 3078 celebraret
701 3021 1029 3092 episcopus,
1091 3020 1182 3074 cui
1240 3036 1358 3085 rex,
1419 3017 1818 3074 consentiente
1867 3033 2000 3072 cum

351 3110 634 3166 fratribus
663 3107 994 3182 praeposito,
1026 3107 1320 3165 celebrare
1341 3108 1596 3179 juberet.
1631 3107 1693 3161 In
1713 3105 1864 3178 regis
1896 3123 1998 3161 au-

2111 555 2287 610 quam
2319 539 2376 592 in
2408 535 2768 592 aediﬁcandis
2795 532 3060 591 ecclesiis
3089 531 3150 587 in
3199 527 3588 603 amplitudine
3633 543 3760 599 pro-

2110 627 2220 698 prii
2245 627 2402 697 juris
2433 626 2544 697 (45)
2576 627 2928 690 exercuerat,
2955 623 3015 676 in
3047 621 3217 693 longe
3239 619 3461 692 positas
3479 621 3666 673 terras
3709 621 3764 672 et

2111 717 2286 772 urbes
2319 713 2747 770 famosissimas
2765 711 3140 784 disperserat.
3161 707 3506 765 Construxit
3525 705 3682 762 enim
3705 704 3762 760 in

2107 805 2236 877 ipsa
2263 801 2720 860 conversationis
2743 801 2956 857 Christi
2978 801 3299 856 secundum
3325 795 3762 852 humanitatem

2109 894 2339 950 civitate
2367 891 2729 948 Hierusalem
2770 889 3194 946 monachorum
3226 885 3579 952 coenobium,
3605 885 3761 956 quod

2109 983 2344 1056 praediis
2374 981 2581 1036 ditavit
2611 983 2669 1036 et
2711 979 2918 1047 vineis,
2968 979 3040 1034 ad
3086 977 3308 1033 victum
3357 973 3766 1048 quotidianum

2111 1073 2336 1145 c0piam
2369 1069 2863 1126 ministrantibus.
2890 1069 2952 1124 In
3010 1067 3198 1140 capite
3254 1081 3490 1138 quoque
3535 1061 3762 1128 mundi,

2110 1161 2324 1226 Romae,
2357 1159 2468 1214 sub
2499 1157 2668 1214 titulo
2699 1155 3147 1230 protomartyris
3179 1151 3460 1226 Stephani
3491 1148 3764 1206 duodcim

2111 1251 2194 1320 [in
2208 1265 2312 1303 ms.
2342 1246 2772 1316 duodecimam]
2797 1244 3213 1314 ca_nonicorum
3237 1239 3768 1315 congregationem,

2112 1335 2338 1392 cunctis
2366 1333 2734 1407 pertinentiis
2777 1333 3114 1388 abundante
3165 1330 3290 1404 [αι.,
3344 1328 3762 1392 abundantem,

2111 1425 2335 1493 statuit,
2370 1428 2428 1478 ct
2456 1422 2761 1478 materiam
2805 1421 2862 1476 in
2915 1421 3163 1477 circuitu
3213 1418 3404 1492 lapide
3451 1413 3766 1478 muratam]

2111 1530 2246 1569 cum
2279 1512 2553 1568 domibus
2584 1511 2720 1584 (46),
2754 1515 2811 1566 et
2838 1509 3118 1582 hospitiis
3151 1509 3583 1581 Hungarorum,
3634 1521 3762 1562 ora-

2113 1602 2286 1658 tionis
2317 1618 2495 1656 causa
2507 1601 2658 1656 beati
2677 1599 2960 1672 principis
2975 1597 3375 1672 apostolorum
3393 1594 3766 1652 Petrilimina

2112 1691 2518 1763 quaerentium,
2550 1689 2830 1745 condidit.
2848 1689 3042 1762 Ipsam
3063 1703 3294 1760 quoque
3312 1688 3533 1760 regiam
3556 1684 3761 1740 urbem

2112 1779 2672 1852 Constantinopolim
2689 1778 3106 1834 beneficiorum
3121 1792 3366 1832 munere
3386 1791 3502 1831 non
3517 1771 3766 1846 privavit

2113 1886 2290 1942 quam
2323 1868 2566 1924 ecclesia
2595 1866 2825 1922 miriﬁci
2861 1868 2982 1938 [at.,
3014 1866 3264 1922 mendose
3285 1863 3549 1934 mirifice]
3567 1861 3764 1934 operis

2113 1975 2246 2014 cum
2282 1956 2626 2014 necessariis
2657 1955 2934 2012 omnibus
2959 1955 3086 2010 suis
3117 1955 3370 2010 donavit.
3395 1951 3600 2010 Merito
3621 1966 3762 2024 ergo

2115 2049 2268 2103 infra
2293 2047 2573 2103 terminos
2603 2063 2722 2102 suae
2739 2043 3158 2100 dominationis
3174 2059 3387 2099 nomen
3408 2041 3660 2112 adeptus
3675 2043 3766 2096 est

2113 2135 2394 2210 Apostoli,
2427 2140 2485 2192 et
2509 2134 2776 2206 quamvis
2808 2150 2984 2206 super
3013 2150 3074 2190 se
3104 2131 3619 2205 evangelizandum
3643 2126 3765 2186 non

2115 2225 2438 2297 assumpsit
2467 2223 2726 2279 ofﬁcium
2776 2221 3245 2294 przedicatorum,
3298 2224 3496 2276 tamen
3546 2218 3670 2274 dux
3707 2221 3767 2274 et

2115 2314 2395 2387 magister
2424 2313 2572 2384 ejus,
2605 2311 2914 2368 tutaminis
2945 2316 3002 2366 et
3031 2308 3473 2368 sustentationis
3502 2306 3766 2364 instituit

2115 2403 2408 2461 solatium.

2185 2495 2270 2548 19.
2307 2493 2462 2548 Inter
2483 2491 2683 2547 omnia
2711 2506 2976 2562 supernae
3009 2488 3402 2546 miserationis
3451 2486 3758 2555 beneficia,

2113 2581 2280 2637 beato
2312 2580 2432 2654 regi
2463 2579 2746 2636 divinitus
2759 2595 3186 2650 concessa,prae
3200 2577 3476 2633 omnibus
3499 2579 3640 2632 sunt
3659 2574 3762 2631 illa

2113 2668 2643 2740 miranda,scriptis
2657 2668 3277 2738 commcndanda,qua3
3290 2665 3484 2725 locum
3498 2663 3758 2738 primum

2112 2758 2372 2814 obtinent
2402 2756 2474 2812 ad
2505 2763 2729 2812 aeternae
2757 2756 2882 2811 vitae
2911 2755 3126 2828 gaudia
3156 2755 3560 2827 promerenda,
3582 2753 3762 2809 mise-

2112 2845 2362 2902 ricordia
2391 2844 2615 2902 scilicet
2641 2849 2698 2900 et
2725 2845 2956 2900 veritas.
2991 2845 3054 2900 In
3087 2843 3372 2900 omnibus
3401 2843 3560 2898 enim
3591 2841 3763 2898 factis

2111 2935 2236 2990 suis
2251 2932 2674 2990 felicibusillud
2696 2933 3034 2989 intendebat
3053 2949 3183 2988 esse
3201 2932 3584 3004 praecipuum,
3603 2931 3763 3003 quod

2111 3041 2180 3080 ex
2209 3021 2517 3096 Evangelio
2566 3021 2724 3078 fideli
2776 3022 3029 3094 pectoris
3078 3019 3536 3092 comtemplatus
3571 3024 3662 3076 est
3704 3021 3762 3076 vi

2112 3130 2290 3186 super
2316 3111 2572 3168 veritatis
2603 3111 2794 3184 ipsius
2823 3109 3148 3167 testimonii
3168 3109 3277 3180 (47)
3299 3109 3578 3165 dicentis:
3601 3109 3764 3164 Beati

350 3204 469 3256 tem
501 3199 782 3266 absentia:
816 3198 1039 3270 absque
1069 3195 1367 3270 Pl‘mPOSiti
1398 3199 1455 3252 et
1477 3196 1724 3250 fratrum
1746 3193 1996 3261 licentia.
2031 3184 2074 3250 (ἶ
2111 3184 2506 3270 misericordes,
2540 3202 2800 3272 quoniam
2831 3201 2940 3272 ipsi
2970 3197 3404 3254 misericordiam
3427 3213 3761 3269 consequen-

350 3288 661 3362 episcopus
690 3286 776 3344 vel
809 3288 1022 3344 missas
1049 3285 1403 3350 celebrandi,
1433 3284 1520 3338 vel
1539 3283 1854 3355 cujuslibet
1875 3283 1998 3356 epi-

349 3376 602 3450 scopalis
623 3377 802 3433 ofﬁcii
817 3375 1142 3442 exercendi,
1164 3373 1588 3429 sibilicentiam
1617 3389 1730 3428 non
1750 3389 1997 3444 usurpa-

352 3470 458 3533 ret.
491 3467 776 3522 Praeterea
802 3465 1076 3522 eumdem
1107 3461 1363 3519 ecclesiae
1410 3461 1694 3534 populum
1744 3461 2000 3516 instituit

349 3572 477 3612 esse
527 3560 645 3612 tam
704 3555 976 3622 liberum,
1032 3557 1096 3608 ut
1149 3551 1296 3607 nihil
1353 3551 1714 3607 decimarum
1763 3550 1998 3606 cuidam

349 3645 620 3717 episcopo
650 3645 788 3700 dare
818 3642 1074 3709 deberet,
1107 3642 1208 3697 sed
1241 3639 1550 3714 praeposito
1607 3639 1715 3696 soli
1774 3643 1830 3695 et
1885 3639 1998 3694 fra-

349 3734 562 3799 tribus,
595 3737 768 3804 prout
791 3733 864 3788 ab
897 3747 963 3786 eo
993 3730 1333 3786 institutum
1365 3732 1472 3800 est,
1505 3728 1808 3785 servitium
1839 3727 1998 3782 exhi-

358 3823 520 3879 beret
547 3821 684 3894 (44).

419 3911 508 3964 18.
543 3909 762 3964 Deinde
793 3925 997 3964 servus
1030 3907 1152 3975 Dei,
1188 3924 1315 3978 quae
1345 3910 1486 3962 tunc
1516 3906 1816 3978 acquirere
1848 3908 2002 3978 pote-

358 4003 467 4064 rat,
501 3997 700 4052 omnia
731 3997 978 4063 Christo,
1005 4013 1132 4068 quae
1163 4012 1232 4051 ex
1261 3995 1448 4067 ipsius
1478 3995 1630 4050 dono
1688 3993 1996 4061 ﬂuxerant,

350 4087 612 4144 conferre
642 4085 870 4141 studuit
901 4089 958 4141 et
988 4085 1207 4156 [Surius
1237 4085 1323 4155 ut]
1355 4083 1456 4156 qui
1513 4100 1647 4139 eum
1705 4083 1890 4156 gloria
1943 4089 2000 4140 et

349 4175 568 4232 honore
602 4173 806 4228 mundi
837 4173 1142 4246 praesentis
1173 4173 1416 4246 dignum
1460 4173 1694 4242 fecerat,
1747 4171 1998 4228 caelestis

349 4264 550 4336 patriae
579 4263 804 4318 civibus
835 4261 1150 4318 clementer
1179 4261 1468 4318 associare
1499 4261 1858 4333 dignaretur.
1901 4262 1998 4318 Le-

349 4353 545 4424 gimus
577 4353 634 4406 in
668 4351 991 4424 prophetiis
1024 4351 1096 4407 de
1125 4349 1407 4424 apostolis
1439 4349 1724 4422 scriptum
1755 4351 1911 4423 quod
1933 4353 1993 4407 In

347 4457 563 4496 omnem
589 4443 796 4495 terram
825 4441 998 4496 exivit
1022 4457 1188 4497 sonus
1219 4456 1430 4506 eorum,
1459 4444 1511 4496 et
1548 4441 1608 4494 in
1657 4441 1794 4512 ﬁnes
1849 4441 1995 4496 orbis

2108 3295 2199 3346 tur
2228 3291 2411 3362 (Matii.
2445 3307 2500 3356 ν,
2527 3292 2604 3357 7),
2655 3293 2711 3344 et
2757 3288 2814 3342 in
2863 3287 2976 3344 alio
3028 3287 3187 3344 loco:
3235 3289 3387 3354 Date,
3434 3295 3485 3342 et
3531 3285 3764 3342 dabitur

2105 3380 2254 3436 vobis
2285 3378 2433 3450 (Luc.
2466 3395 2544 3446 vr,
2571 3377 2683 3449 38).
2719 3377 2922 3432 Tantis
2953 3375 3134 3450 igitur
3163 3375 3663 3444 miserationibus,
3699 3380 3759 3432 et

2108 3467 2340 3540 pietatis
2370 3465 2626 3522 brachiis
2673 3465 2887 3520 Christi
2936 3481 3242 3538 pauperes,
3287 3465 3406 3520 imo
3455 3463 3760 3520 Christum

2105 3557 2322 3630 ipsum,
2347 3554 2710 3626 amplexatus
2723 3559 2831 3621 est,
2861 3555 3015 3626 quod
3040 3553 3240 3610 nullus
3263 3569 3524 3626 unquam
3539 3552 3761 3625 hospes

2106 3651 2162 3702 et
2189 3644 2531 3717 peregrinus
2562 3644 2633 3699 ab
2664 3659 2730 3699 eo
2763 3642 2889 3699 sine
2922 3643 3300 3716 benignitatis
3323 3641 3580 3714 alicujus
3603 3641 3760 3698 sola-

2107 3735 2263 3790 mine
2293 3732 2478 3788 tristis
2510 3731 2812 3788 abscessit.
2848 3731 2930 3788 Ad
2973 3730 3384 3788 revelationem
3439 3747 3762 3804 egenorum

2107 3823 2476 3896 quotidianas
2509 3838 2792 3895 expensas
2826 3821 3222 3877 indeficienter
3251 3820 3376 3876 fieri
3433 3819 3760 3888 constituit,

2107 3917 2422 3969 nocturnas
2453 3911 2684 3984 vigilias
2705 3911 2763 3965 in
2787 3909 3052 3966 lavandis
3072 3909 3286 3966 Christi
3309 3909 3572 3966 ﬁdelium
3593 3909 3764 3980 pedi-

2106 4003 2235 4070 bus,
2273 4001 2412 4058 etin
2443 3999 2876 4056 abscondendis
2908 3999 2968 4054 iu
3001 3999 3134 4055 sinu
3164 4015 3490 4071 pauperum
3512 3997 3764 4055 eleemo-

2107 4091 2288 4164 synis,
2319 4089 2554 4164 agiliter
2583 4093 2640 4144 et
2668 4087 2934 4143 hilariter
2963 4087 3288 4159 transigere
3337 4087 3580 4155 solebat,
3635 4102 3764 4160 ege-

2106 4198 2247 4236 num
2265 4178 2559 4235 Christum
2582 4178 2638 4232 in
2669 4175 2950 4232 membris
2964 4175 3087 4232 suis
3109 4175 3402 4230 consolari
3425 4175 3760 4232 deliberans

2103 4267 2520 4341 temporaliter,
2556 4269 2620 4321 ut
2649 4265 2774 4336 ipse
2799 4264 2927 4318 vitae
2945 4263 3196 4320 caelestis
3211 4279 3502 4318 cameram
3527 4264 3758 4322 cunctis

2103 4355 2544 4415 delectamentis
2577 4354 2848 4409 refertam
2880 4352 3201 4420 inveniens,
3227 4351 3546 4422 jucundari
3567 4369 3755 4410 mere-

2103 4450 2264 4502 retur
2283 4443 2654 4501 aeternaliter.

347 4534 508 4621 terrm
537 4530 702 4621 verba
730 4546 918 4621 eorum
947 4531 1116 4621 (Psal.
1149 4545 1312 4621 xvnl,
1505 4529 1622 4621 Hoc
1653 4547 1768 4621 non
1789 4529 1991 4621 solum
2023 4557 2070 4621 D
2171 4537 2261 4590 20.
2297 4533 2557 4598 Quadam
2589 4547 2722 4586 vero
2754 4536 2920 4586 nocte
2946 4529 3238 4604 spirituali
3270 4530 3494 4587 monitu
3541 4534 3758 4598 tactus,

347 4620 419 4675 de
449 4618 780 4686 duodecim,
813 4619 913 4675 sed
949 4620 1018 4674 de
1047 4619 1369 4675 omnibusa
1389 4619 1503 4676 Deo
1520 4619 1804 4676 missisad
1828 4636 1995 4676 evan-

345 4709 715 4782 gelizandum
749 4709 972 4764 dictum
1003 4725 1131 4765 esse
1188 4710 1486 4782 probatur,
1549 4725 1798 4781 quorum
1855 4709 1990 4774 ﬁde,

343 4799 536 4855 verbis
568 4801 626 4854 et
655 4797 920 4854 moribus
951 4797 1374 4854 incrementum
1415 4799 1566 4872 parit
1605 4797 1880 4854 Ecclesia.
1913 4797 1995 4851 De

345 4886 558 4959 quibus
590 4886 700 4942 iste
716 4885 1256 4944 Christianissimus
1270 4904 1366 4942 rex
1381 4903 1494 4942 non
1509 4885 1794 4942 minimus
1813 4885 1994 4941 fuisse

413 5100 526 5172 (44)
560 5097 688 5154 Haec
720 5099 918 5172 omnia
948 5101 1018 5156 de
1047 5101 1292 5159 ecclesia
1320 5100 1561 5158 Albensi
1614 5101 1817 5156 eodem
1877 5101 1994 5158 fere

347 5170 522 5228 modo
545 5170 802 5226 narravit
823 5172 1140 5229 Bonlinius.

415 5243 525 5317 (45)
556 5242 627 5317 Id_
649 5247 738 5298 est
767 5243 826 5298 in
857 5245 1089 5317 propria
1117 5245 1362 5308 ditione,
1393 5261 1577 5315 eaque
1603 5241 1992 5315 amplissima.

343 5317 420 5373 Su
433 5315 473 5370 ri
484 5331 577 5388 us1
605 5315 664 5369 in
692 5317 932 5388 proprie
959 5315 1188 5372 ditionis
1219 5317 1601 5386 amplitudine.

411 5387 522 5459 (46)
555 5386 619 5441 In
652 5385 762 5442 ms.
790 5385 993 5443 minus
1025 5393 1208 5442 recte:
1242 5409 1268 5439 μ
1303 5385 1368 5441 Et
1398 5387 1714 5459 maceriam
1745 5385 1992 5442 circuitu

343 5457 535 5532 lapide
568 5462 858 5514 muratam
889 5459 1197 5532 domibus._
1218 5484 1246 5508 υ
1281 5462 1391 5532 etc.
1424 5459 1554 5514 Mox
1583 5457 1756 5532 etiam
1776 5459 1994 5515 ibidem

347 5528 846 5606 progua'gfentium
877 5529 1155 5606 mendose
1185 5528 1403 5606 legitur
1426 5529 1798 5606 quaerendum.

432 5599 523 5678 47)
581 5599 686 5658 Hic
737 5599 902 5658 locus
959 5599 1477 5661 mendose'editus
1534 5606 1643 5675 est,
1731 5601 1996 5660 diversus

2103 4623 2337 4678 nemine
2368 4620 2605 4686 sciente,
2625 4619 2789 4676 solus
2806 4620 3048 4693 plenum
3071 4619 3246 4676 homo
3269 4619 3367 4676 Dei
3397 4636 3608 4692 gerens
3630 4637 3759 4677 sac-

2103 4711 2320 4771 culum,
2355 4709 2570 4765 Christi
2603 4708 2888 4781 pusillum
2919 4727 3157 4784 gregem
3189 4714 3208 4778 (
3240 4711 3370 4766 Luc.
3398 4727 3500 4779 x11,
3534 4708 3628 4780 32)
3655 4726 3752 4766 so-

2104 4799 2206 4854 lito
2258 4815 2417 4854 more
2465 4799 2716 4872 perrexit
2762 4798 3030 4856 visitare:
3085 4798 3403 4872 statimque
3471 4814 3757 4871 pauperes

2102 4885 2520 4944 distribuendae
2537 4886 2783 4943 caelestis
2801 4887 3062 4945 thesauri
3079 4887 3339 4960 pecuniae
3352 4887 3756 4944 disturbantes

2104 5105 2431 5178 quidemin
2452 5121 2594 5178 ms,
2631 5119 2734 5158 nec
2755 5107 2950 5160 tamen
2983 5101 3310 5178 correctior.
3363 5101 3570 5178 surius
3618 5117 3752 5178 seu:

2104 5171 2236 5233 sum
2270 5175 2522 5231 reddidit
2558 5175 2874 5247 integrum,
2927 5175 3029 5247 sed
3079 5171 3565 5247 verbagmutavit.
3618 5172 3752 5228 Levi

2104 5246 2456 5304 correctione
2486 5243 2915 5314 emendabitur,
2950 5245 2997 5300 si
3030 5261 3132 5315 pro
3165 5245 3468 5315 testimonii
3489 5243 3754 5315 legamus

2105 5320 2431 5376 testimonio.
2467 5317 2529 5372 In
2561 5335 2672 5372 ms.
2716 5317 2919 5372 eadem
2965 5314 3072 5370 vox
3129 5314 3492 5387 corrigenda,
3521 5386 3526 5387 ί
3551 5314 3754 5387 legen-

2105 5393 2365 5462 dumque
2396 5390 2810 5462 testimonium;
2841 5403 2976 5462 nam
3008 5387 3089 5442 ibi
3123 5385 3433 5462 ωδε-(ψῃ
3459 5385 3749 5458 ﬁdeli’pe-

2105 5457 2287 5519 cteris
2313 5459 2740 5532 contemplatus
2770 5463 2860 5532 est
2889 5457 3062 5532 visgu,.
3094 5481 3120 5508 ››
3155 5475 3220 5514 ac
3249 5458 3462 5532 deinde
3493 5457 3748 5530 «perve-

2106 5533 2294 5591 ritatis
2324 5533 2512 5608 ipsius
2534 5528 2875 5601 testimonii,
2913 5552 2940 5581 »
2974 5529 3100 5605 lege
3129 5531 3522 5590 testimonium.
