3962 6360
183 355 339 420 1221
1789 351 1995 420 νιΤΑ.
3436 348 3593 418 1222

180 489 447 557 initium,
480 486 587 545 viri
619 480 722 545 Dei
754 484 981 545 meritis
1013 483 1311 546 evulsione
1340 486 1532 547 barbae
1564 491 1827 563 praehue-
1859 493 1912 559 Α
1940 488 2215 555 dolentis,
2240 474 2552 554 mandans,
2573 486 2637 543 ut
2658 503 2841 543 sanus
2858 488 3147 559 surgeret,
3168 486 3516 556 transmisit,
3536 490 3594 543 et

183 584 327 635 runt
355 577 780 635 testimonium.
806 578 889 635 Ob
912 578 1022 634 hoc
1046 579 1260 652 gaudio
1281 580 1556 652 perfusus
1577 579 1831 635 maxime
1942 577 2042 633 Dei
2075 577 2487 649 propitiatione
2517 577 2762 631 verbum
2792 576 2982 648 ipsius
3013 575 3350 645 comitante,
3391 576 3592 632 statim

94 5062 107 5074 .
187 5014 498 5100 ligendum

183 668 360 725 miles
389 667 625 739 Christi,
657 685 719 725 se
750 668 995 724 contulit
1024 669 1096 724 ad
1125 669 1523 724 beatissimam
1546 668 1834 724 Creatoris

186 759 273 829 [in
294 774 402 813 ms.
448 757 701 813 mendose
744 758 1093 829 Creatorem]
1144 758 1409 814 omnium
1457 757 1832 824 Genitricem,

184 850 519 919 prostratus
567 851 734 901 terrae
781 846 1001 919 gratias
1058 863 1258 919 agens,
1312 846 1397 902 sic
1452 845 1830 902 exclamavit:

187 936 414 1009 Regina
443 934 696 991 caelestis
727 938 784 991 et
810 951 959 1006 mea,
989 951 1161 1007 quem
1200 940 1263 990 tu
1315 936 1530 1007 Regem
1573 934 1837 1010 statuisti

187 1024 407 1081 milites
433 1024 521 1080 tui
546 1025 631 1080 sic
661 1024 1110 1080 honoraverunt.
1159 1024 1219 1080 Si
1268 1026 1340 1081 ab
1391 1024 1586 1097 aliquo
1636 1028 1834 1080 adver-

187 1115 346 1170 sario
377 1112 523 1168 mihi
553 1113 761 1169 fuisset
788 1112 898 1168 hoc
926 1111 1176 1181 illatum,
1204 1130 1396 1169 meam
1419 1113 1498 1184 inj
1511 1112 1696 1169 uriam
1736 1130 1838 1184 per

187 1206 361 1258 tuum
381 1199 695 1256 ulciScerer
709 1199 1154 1255 adminiculum.
1178 1200 1382 1256 Sciens
1394 1216 1549 1273 ergo,
1566 1200 1833 1268 Domina,

187 1291 342 1347 hanc
357 1296 635 1347 aeternam
653 1288 798 1344 mihi
817 1289 997 1344 tribui
1017 1288 1374 1355 felicitatem,
1398 1289 1575 1345 nimis
1589 1290 1834 1358 exsulto,

190 1380 417 1453 gratias
436 1394 615 1452 agens
637 1377 954 1434 Salvatoris
972 1378 1163 1434 verbis
1179 1378 1603 1449 consolatoriis,
1624 1379 1838 1450 quibus

191 1467 516 1540 discipulos
546 1484 684 1522 suos
715 1465 1050 1522 consolatus
1077 1471 1186 1533 est,
1220 1466 1455 1523 dicens:
1486 1466 1728 1538 Capillus
1774 1467 1839 1522 de

188 1559 372 1630 capite
398 1563 570 1613 vestro
598 1571 709 1611 non
730 1558 938 1628 peribit
967 1556 1115 1627 (Luc.
1163 1572 1279 1623 XXI,
1332 1557 1441 1627 18).
1491 1555 1594 1612 His
1642 1555 1835 1623 dictis,

188 1663 254 1704 se
283 1647 372 1702 vir
400 1646 502 1701 Dei
543 1643 763 1700 ccelesti
804 1643 992 1717 gratia
1040 1643 1366 1716 percipiens
1412 1643 1735 1712 visitatum,
1784 1650 1840 1701 et

190 1733 488 1809 spirituali
518 1733 832 1790 chrismate
864 1732 1189 1806 perfusum,
1224 1733 1416 1788 cordis
1431 1733 1646 1804 januas
1668 1750 1837 1806 opem

191 1823 777 1924 credentibusjforte
815 1822 1170 1924 petentibus]
1218 1838 1522 1924 nunquam
1569 1820 1839 1922 claudere
1870 1860 1918 1924 B

192 1915 470 1983 decrevit,
504 1913 605 1969 sed
631 1928 734 1984 per
763 1927 825 1967 se
855 1911 1149 1984 deinceps,
1185 1916 1242 1967 et
1269 1927 1373 1983 per
1425 1910 1589 1980 alios,
1641 1912 1841 1984 praeci-

190 2019 310 2076 pue
337 2006 536 2059 tamen
568 2017 671 2074 per
698 1999 914 2057 Christi
946 2016 1143 2055 servos
1166 2004 1222 2055 et
1244 1998 1582 2066 familiares,
1601 1998 1841 2056 clericos

192 2091 419 2150 scilicet
445 2094 503 2148 et
531 2088 872 2158 monachos,
905 2088 1134 2145 coalitus
1163 2089 1274 2144 sibi
1323 2089 1488 2144 datas
1538 2088 1841 2145 facultates

191 2181 257 2237 in
288 2180 521 2237 aeternis
551 2178 845 2236 thesauris
867 2195 971 2251 per
993 2195 1205 2235 manus
1227 2195 1551 2251 pauperum
1577 2178 1710 2234 fecit
1729 2177 1842 2234 col-

195 2270 396 2328 locari.

264 2361 357 2415 21.
388 2358 581 2430 Hujus
610 2357 692 2414 rei
715 2357 1119 2414 testimonium
1142 2356 1523 2430 quamplures
1545 2356 1840 2423 exhibent,

195 2449 299 2506 sed
326 2465 396 2505 ex
423 2447 517 2504 his
547 2464 702 2503 unus
732 2447 793 2502 in
824 2450 1106 2502 aeternum
1136 2462 1270 2502 cum
1292 2446 1420 2518 ipso
1441 2445 1693 2501 caelestis
1712 2445 1842 2500 vitae

197 2538 512 2611 particeps,
535 2536 860 2593 monachus
892 2553 961 2591 ex
984 2534 1246 2591 seculari
1276 2533 1576 2590 nobilitate
1609 2549 1845 2589 conver-

196 2630 389 2699 sus,et
401 2626 877 2694 eremita,beatus
890 2623 1247 2691 Guntherus,
1263 2622 1363 2696 qui
1376 2623 1483 2679 hac
1496 2614 1843 2679 liberalitate

197 2715 525 2772 charitativi
562 2713 842 2787 principis
875 2713 1125 2781 illectus,
1162 2713 1376 2785 saepius
1414 2729 1547 2767 eum
1591 2712 1661 2768 de
1691 2716 1846 2767 terra

196 2804 644 2862 Bohemicorum
696 2803 931 2858 visitare
983 2801 1136 2869 [adde
1181 2818 1307 2857 cum
1365 2801 1526 2856 Surio
1577 2800 1839 2873 solebat].

198 2893 436 2961 Quoties
451 2893 605 2949 enim
625 2894 709 2965 [in
728 2909 830 2947 ms.
851 2892 1049 2962 etiam]
1073 2891 1296 2946 curiam
1340 2889 1528 2963 ipsius
1558 2891 1843 2946 adventus

194 2984 292 3041 sui
322 2983 548 3057 fulgore
578 2980 967 3055 perlustravit,
1001 2997 1141 3036 cura
1172 2979 1334 3052 regni
1365 2981 1477 3035 sub
1508 2996 1689 3035 manu
1737 2996 1845 3035 sua

194 3073 410 3147 posita,
442 3071 764 3145 peregrinis
793 3073 849 3127 et
880 3068 1193 3142 indigenis,
1225 3068 1419 3124 viduis
1449 3072 1505 3124 et
1541 3068 1841 3141 orphanis,

1943 665 2286 738 sospitatem
2318 665 2555 738 recepit.
2588 665 2725 720 Post
2744 663 3061 737 gloriosam
3084 665 3154 720 ad
3179 663 3355 722 cmlos
3379 673 3590 722 Ascen-

1945 753 2191 820 sionem,
2223 759 2281 809 et
2314 752 2641 809 mirabilem
2666 752 2726 808 in
2759 753 2946 808 Patris
2986 754 3219 810 dextera
3268 753 3592 810 confessio-

1945 858 2080 896 nem
2134 842 2270 913 [lege
2319 840 2775 914 consessionem]
2827 842 3087 898 Salvator
3134 846 3335 898 noster
3390 844 3595 915 paucis

1946 930 2328 1002 corporaliter
2360 930 2705 1003 apparuisse
2753 931 3110 1002 perhibetur,
3160 949 3263 1004 per
3308 931 3593 988 visionem

1943 1036 2079 1075 vero
2099 1018 2314 1075 multos
2332 1019 2691 1087 consolatus,
2712 1019 3042 1075 futurorum
3061 1037 3160 1076 eos
3176 1020 3448 1092 praescios
3464 1037 3594 1077 esse

1946 1107 2175 1177 docuit;
2204 1109 2357 1180 quod
2392 1113 2449 1164 et
2477 1108 2613 1165 huic
2647 1113 2848 1164 sancto
2882 1108 3020 1181 Regi
3046 1108 3305 1182 contigit.
3332 1111 3593 1174 Quadam

1947 1213 2202 1268 namque
2234 1201 2399 1252 nocte
2431 1201 2668 1268 repente
2698 1214 2800 1268 per
2838 1196 3251 1253 revelationem
3300 1199 3595 1269 quandam

1947 1285 2028 1359 [in
2060 1302 2163 1340 ms.
2186 1286 2437 1341 mendose
2457 1284 2719 1357 quidam]
2745 1287 3206 1359 expergefactus,
3229 1286 3595 1343 veredarium

1948 1374 2265 1446 quemdam
2298 1373 2450 1429 intra
2481 1372 2636 1429 diem
2668 1378 2726 1429 et
2751 1378 2980 1429 noctem
3009 1375 3080 1430 ad
3114 1373 3316 1430 Albam
3358 1375 3594 1432 transil-

1945 1480 2154 1518 vanam
2188 1463 2299 1534 (51)
2335 1462 2607 1535 ρι’ῖεορρίι
2639 1462 2935 1530 festinare,
2991 1467 3048 1518 et
3096 1480 3299 1520 omnes
3351 1463 3410 1519 in
3461 1482 3597 1522 rure

1948 1556 2252 1607 manentes
2286 1552 2356 1606 ad
2380 1552 2737 1607 munitiones
2761 1552 3086 1620 civitatum,
3112 1569 3291 1624 quam
3313 1553 3595 1610 citissime

1948 1645 2165 1711 posset,
2200 1655 2571 1712 congregare.
2615 1638 2887 1693 Praedixit
2932 1639 3090 1694 enim
3140 1645 3594 1712 superventuros

1947 1726 2410 1783 Christianorum
2443 1728 2660 1798 hostes,
2695 1727 2980 1795 videlicet,
3016 1728 3109 1785 cui
3141 1731 3281 1785 tunc
3303 1728 3595 1802 Hungaris

1949 1816 2428 1882 inimicahantur,
2462 1817 2693 1884 Bessos,
2721 1820 2777 1871 et
2803 1816 3206 1888 possessiones
3245 1833 3447 1873 eorum
3495 1820 3595 1875 de-

1950 1906 2333 1978 praedaturos.
2368 1905 2477 1961 Vix
2506 1905 2749 1960 nuntius
2782 1906 3061 1962 mandata
3087 1906 3241 1979 regis
3263 1906 3594 1979 complevit,

1950 1999 2007 2050 et
2037 2010 2169 2050 ecce
2203 1994 2517 2050 Bessorum
2541 1994 2852 2066 inopinata
2883 1993 3188 2051 calamitas
3211 1994 3498 2051 incendiis
3541 1999 3599 2053 et

1951 2083 2176 2156 rapinis
2208 2089 2419 2139 cuncta
2467 2083 2812 2151 devastavit,
2860 2101 2963 2157 per
3011 2084 3423 2141 revelationem
3471 2085 3596 2154 Dei,

1952 2171 2177 2227 meritis
2208 2172 2363 2228 beati
2402 2172 2510 2226 viri
2560 2188 2923 2238 concessam,
2975 2173 3285 2231 animabus
3331 2174 3597 2231 omnium

1952 2259 2190 2316 salvatis
2217 2278 2320 2334 per
2349 2259 2715 2333 receptacula
2747 2261 3164 2319 munitionum.

2589 2376 2826 2432 CAPUT
2861 2375 2954 2431 IV.

1952 2466 2166 2538 Bellum
2193 2483 2227 2521 a
2259 2464 2503 2522 Conrado
2533 2465 2858 2536 imperatore
2886 2467 3109 2521 illatum
3148 2467 3295 2522 mira
3333 2468 3435 2522 Dei
3474 2484 3601 2538 pro-

2021 2537 2267 2619 uidentia
2295 2539 2402 2592 cito
2427 2538 2673 2619 finitum,
2696 2538 2886 2619 crebra
2915 2539 3096 2619 sancti
3112 2540 3287 2594 oratio
3300 2546 3367 2619 et
3382 2537 3595 2619 raptus,

2022 2609 2238 2681 insigne
2263 2608 2564 2664 severitatis
2595 2608 2924 2680 exemplum,
2954 2608 3174 2664 morbus
3192 2611 3335 2681 regis
3353 2618 3405 2666 et
3425 2608 3599 2668 obitus

2023 2680 2285 2750 ﬁliorum,
2318 2681 2545 2735 virtutes
2564 2681 2754 2736 varize.
2998 2684 3003 2691 ‘

2022 2796 2114 2851 23.
2146 2794 2372 2850 Accidit
2401 2798 2532 2866 post
2561 2794 2691 2863 hoc,
2725 2795 2996 2850 defuncto
3029 2794 3182 2850 beati
3213 2795 3367 2868 regis
3388 2797 3598 2864 amico,

1954 2885 2226 2940 Romanae
2256 2882 2560 2957 dignitatis
2587 2883 2852 2956 Augusto
2880 2881 3124 2939 Henrico
3156 2882 3255 2939 Pio
3284 2884 3419 2957 (52),
3453 2886 3600 2941 Con-

1956 2974 2165 3028 radum
2197 2972 2581 3045 imperatoriae
2614 2971 2915 3044 dignitatis
2947 2982 3218 3028 coronam
3242 2990 3345 3045 per
3363 2977 3602 3031 Germa-

1955 3076 2165 3115 norum
2200 3059 2546 3116 electionem
2577 3076 2906 3116 assumere:
2951 3060 3051 3132 qui
3101 3061 3398 3118 destructa
3441 3062 3603 3134 pacis

196 3161 479 3219 coenobiis
510 3164 568 3216 et
586 3159 847 3216 ecclesiis
869 3174 930 3213 re
951 3157 1285 3225 distributa,
1310 3174 1487 3229 quam
1510 3157 1845 3213 continebat
1886 3226 1911 3229 A7
1952 3148 2381 3220 tranquillitate
2411 3149 2592 3205 totius
2623 3148 2953 3204 Theotonias
2994 3149 3102 3222 (53)
3155 3166 3335 3206 manu
3384 3152 3600 3207 coadu-

198 3252 284 3323 [in
306 3266 411 3305 ms.
443 3248 885 3317 consentiebat],
918 3246 978 3301 in
1009 3245 1168 3301 brevi
1200 3226 1683 3301 fuit—examinata
1705 3246 1838 3318 (48),
1871 3226 1914 3293 C
1955 3241 2116 3305 nata,
2148 3237 2454 3293 Pannoniae
2484 3236 2766 3293 terminos
2792 3237 3077 3293 hostiliter
3106 3242 3350 3295 conatus
3388 3243 3479 3297 est
3508 3239 3599 3296 in-

195 3340 283 3395 Ad
314 3342 526 3394 nutum
557 3336 735 3394 etiam
765 3336 1030 3408 ejusdem
1055 3333 1203 3391 servi
1220 3333 1320 3389 Dei
1345 3350 1443 3389 rex
1462 3334 1578 3390 Deo
1602 3334 1845 3389 devotus

197 3425 642 3493 monasterium,
667 3424 823 3497 quod
844 3422 974 3480 Beel
995 3427 1387 3496 nuncupatur,
1410 3422 1719 3495 incipiens,
1742 3423 1844 3478 ho-

198 3516 462 3574 minibus
491 3514 714 3582 ditavit;
747 3514 849 3569 ubi
879 3513 1201 3569 monachus
1232 3513 1522 3568 Gerardus
1554 3512 1625 3568 de
1667 3513 1843 3568 Vene-

193 3607 279 3663 tia
325 3604 589 3673 veniens,
637 3603 818 3659 vitam
871 3601 1380 3673 contemplativam
1429 3616 1599 3673 agere
1648 3601 1840 3673 coepit,

196 3696 299 3769 qui
320 3693 736 3751 constitutione
748 3691 942 3748 divina
956 3690 1211 3764 pontifex
1227 3689 1605 3763 electus,post
1616 3690 1842 3746 obitum

194 3785 385 3842 sancti
418 3782 592 3856 regis,
625 3783 883 3839 instante
914 3780 1341 3837 disturbatione
1372 3779 1482 3852 (49)
1504 3777 1843 3834 Christiani-

191 3874 352 3943 tatis,
371 3872 687 3946 lapidatus,
714 3888 816 3943 per
834 3870 1054 3926 donum
1073 3868 1269 3943 gratiae
1288 3866 1610 3941 spiritualis
1627 3868 1843 3941 dignus

192 3963 434 4019 effectus
463 3966 521 4018 et
550 3960 838 4017 consortio
868 3963 1216 4032 martyrum.

259 4054 355 4108 22.
386 4051 500 4108 Nec
530 4050 640 4106 hoc
670 4048 1137 4122 praetereundum
1169 4047 1394 4103 aestimo
1425 4047 1581 4118 quod
1624 4046 1685 4100 in
1715 4047 1839 4103 viro

186 4142 291 4199 Dei
323 4140 528 4213 quanti
559 4138 751 4195 meriti
785 4142 916 4210 post
945 4137 1170 4193 obitum
1203 4137 1368 4207 foret,
1411 4135 1609 4192 divina
1654 4135 1840 4193 virtus

188 4231 250 4288 in
283 4230 404 4286 vita
430 4246 539 4286 sua
563 4229 965 4285 demonstrare
991 4225 1194 4282 voluit.
1229 4225 1451 4297 Quippe
1472 4225 1701 4297 quoties
1734 4225 1838 4281 ali-

187 4320 363 4391 cujus
389 4317 647 4374 hominis
670 4316 980 4372 infirmitas
1006 4314 1251 4371 auribus
1274 4314 1398 4370 suis
1421 4312 1842 4369 ditfamatafuit

190 4408 311 4465 sibi
339 4424 446 4481 pro
475 4405 786 4473 medicina,
820 4421 997 4477 quam
1032 4408 1168 4459 tunc
1198 4403 1256 4459 in
1290 4403 1563 4476 praesenti
1612 4407 1839 4475 poterat

186 4498 428 4564 habere,
450 4495 796 4569 particulam
826 4494 1012 4566 panis,
1051 4493 1206 4566 pomi
1231 4493 1362 4565 (50),
1405 4491 1492 4547 vel
1525 4491 1715 4547 herbae
1746 4507 1833 4546 re-

262 4657 379 4731 (48)
412 4656 629 4731 Surius
648 4654 1124 4731 legi_t__e.cin_anita,
1158 4669 1294 4731 nam
1328 4650 1546 4731 ita_hi_c
1595 4667 1836 4731 sensum

186 4722 510 4803 expressit;
532 4749 561 4779 «
584 4722 737 4783 Tum
759 4726 854 4782 ille
873 4727 1066 4803 rebus,
1093 4741 1241 4797 quas
1261 4723 1480 4803 inﬂaula
1499 4722 1835 4803 invenisset,

187 4794 639 4881 in’peregrinos,
674 4794 1158 4881 egenos,vid‘uas,
1191 4794 1755 4881 pu.pillo.s,‘ccenohi\a
1783 4799 1840 4881 et

188 4867 473 4943 ecclesias
501 4867 777 4943 erogatis,
809 4869 964 4926 brevi
998 4869 1160 4943 illam
1193 4867 1578 4943 exinaniebat.
1607 4888 1636 4915 »
1675 4867 1843 4943 Quod

186 4960 329 5002 vero
361 4941 580 4998 dicitur
603 4936 679 4998 de
705 4936 846 5014 cura
876 4941 1039 5014 regni
1071 4939 1370 4995 Gunthero
1397 4937 1631 5004 tradita,
1671 4936 1845 4991 intel-

571 5018 670 5069 uto
696 5013 767 5068 de
784 5030 925 5068 cura
945 5011 1449 5082 eleemosynarum
1475 5024 1578 5079 per
1598 5024 1843 5082 regnum

188 5079 757 5153 distribuendarum;
792 5086 850 5140 id
881 5084 1039 5141 enim
1071 5079 1325 5137 innuunt
1345 5079 1651 5151 sequentia
1671 5079 1847 5135 verba

189 5176 263 5216 ex
293 5157 463 5213 Surio
486 5158 613 5229 jam
651 5157 787 5229 data

266 5229 379 5303 (49)
410 5223 533 5285 νόχ
561 5228 957 5303 disturbatione
987 5223 1311 5303 substitute
1340 5225 1429 5278 est
1448 5238 1517 5277 ex
1539 5238 1648 5277 ms.
1669 5239 1682 5290 ;
1707 5236 1842 5276 nam

192 5303 256 5358 in
274 5296 445 5375 Ted'ito
476 5298 998 5375 mendoselegitur
1025 5296 1431 5375 distributione.

264 5372 382 5445 (50)
410 5373 567 5445 Ponti
589 5363 882 5445 omittitur
904 5369 965 5424 in
998 5385 1132 5432 ms.,
1170 5367 1270 5423 sed
1322 5365 1510 5445 etiam.
1550 5367 1639 5445 est
1661 5363 1844 5445 _apud

193 5435 457 5503 serium.
491 5443 784 5499 Mirabilia
813 5443 871 5497 id
903 5457 1090 5513 genus
1120 5455 1235 5513 non
1269 5440 1409 5513 sunt
1438 5436 1550 5513 fide
1579 5435 1842 5513 indigna,

193 5515 529 5587 namrhisce
561 5508 1141 5587 sanctitatis'famam
1172 5511 1231 5566 in
1276 5508 1409 5563 Vita
1458 5508 1847 5587 adeptus__est

193 5586 552 5660 Stephanus,
570 5586 707 5644 licet
723 5602 851 5645 eam
870 5602 988 5643 non
1010 5583 1209 5643 minus
1231 5584 1553 5642 mereretur
1570 5577 1845 5654 operibus

194 5658 441 5723 san—etis.

1866 4597 1913 4661 D

1954 3326 2182 3381 vadere.
2214 3326 2426 3381 Contra
2456 3342 2628 3397 quem
2666 3342 2763 3380 rex
2793 3324 3126 3382 consultum
3175 3328 3261 3399 [in
3305 3344 3407 3382 ms.
3461 3344 3597 3384 con-

1953 3414 2176 3485 silium]
2210 3413 2431 3469 habens
2452 3413 2860 3486 episcoporum
2883 3417 2940 3471 et
2960 3414 3313 3487 principum,
3336 3416 3408 3471 ad
3428 3420 3598 3473 tuen-

1953 3504 2089 3558 dam
2137 3502 2385 3575 patriam
2437 3506 2693 3558 armatos
2740 3501 2922 3559 totius
2972 3503 3278 3576 Hungaris:
3327 3506 3593 3562 extraxit.

1952 3592 2122 3647 Prius
2150 3595 2347 3647 tamen
2375 3589 2657 3657 recolens,
2689 3608 2751 3646 se
2798 3589 2943 3646 nihil
2991 3608 3163 3663 posse
3211 3592 3336 3649 sine
3383 3594 3598 3650 Christi

1953 3680 2254 3753 suffragio,
2289 3696 2500 3734 manus
2532 3684 2588 3735 et
2617 3695 2717 3735 cor
2745 3677 2945 3735 levans
2976 3680 3045 3734 ad
3077 3679 3313 3749 aethera,
3344 3682 3596 3739 dominae

1952 3788 2070 3826 suae
2101 3773 2390 3842 perpetua:
2421 3768 2672 3840 Virgini,
2706 3768 2807 3824 Dei
2836 3768 3134 3839 Genitrici,
3159 3771 3332 3826 matri
3354 3788 3492 3828 suas
3514 3772 3598 3828 in-

1943 3860 2134 3931 jurias
2186 3857 2630 3925 commendans,
2683 3856 2862 3913 talem
2907 3858 3101 3931 erupit
3148 3859 3210 3914 in
3250 3876 3485 3916 vocem:
3537 3859 3596 3915 Si

1950 3948 2139 4021 placet
2166 3947 2294 4011 tibi,
2333 3946 2578 4002 Domina
2608 3946 2838 4014 mundi,
2862 3951 2975 4002 tua:
2997 3952 3219 4020 partem
3241 3948 3596 4007 haereditatis

1949 4038 2022 4093 ab
2054 4036 2309 4092 inimicis
2341 4036 2452 4108 (54)
2483 4035 2790 4104 devastari,
2826 4039 2883 4091 et
2911 4036 3195 4093 novellam
3235 4037 3595 4110 plantionem

1947 4125 2404 4182 Christianitatis
2435 4124 2674 4192 aboleri,
2710 4142 2822 4179 non
2844 4142 3007 4194 meae,
3029 4143 3254 4198 precor,
3274 4126 3598 4200 imputetur

1948 4215 2204 4286 desidiae,
2239 4215 2339 4270 sed
2373 4213 2568 4287 potius
2600 4213 2970 4286 dispositioni
2999 4213 3317 4272 voluntatis
3356 4219 3490 4272 tuas.
3535 4216 3597 4273 Si

1947 4305 2199 4377 pastoris
2229 4303 2401 4375 culpa
2433 4303 2577 4375 quid
2607 4307 2880 4371 meretur,
2914 4304 3041 4376 ipse
3070 4304 3215 4373 luat,
3262 4304 3597 4362 insontibus

1947 4409 2138 4466 parce,
2164 4409 2384 4465 precor,
2413 4393 2708 4448 omnibus.
2734 4392 2835 4449 His
2857 4393 3050 4463 dictis,
3077 4393 3244 4467 quasi
3262 4393 3599 4452 consolatus

1946 4483 2017 4537 ab
2052 4481 2197 4553 ipsa,
2232 4480 2582 4536 ﬁducialiter
2612 4482 2889 4538 adversus
2930 4483 3129 4539 hostes
3174 4485 3283 4539 iter
3327 4483 3595 4557 arripuit.

2019 4642 2129 4712 (51)
2164 4639 2319 4694 Alias
2351 4641 2673 4714 Alba_Julia
2702 4641 2935 4709 dicitur,
2960 4643 3254 4714 Hungaris
3275 4659 3408 4698 vero
3437 4643 3599 4699 Giula

1950 4711 2539 4786 Feywar._(_3ermanis
2581 4714 2986 4786 Weissemburg.
3040 4711 3177 4786 Erat
3226 4730 3293 4769 eo
3334 4717 3599 4786 tempore

1950 4781 2289 4855 metropolis
2320 4782 2506 4855 civilis
2536 4783 2713 4855 totius
2730 4781 3168 4850 Transilvanize,
3190 4789 3248 4839 et
3268 4781 3597 4843 etiamnum

1958 4853 2228 4935 est_inter
2255 4853 2579 4935 prze‘cipuas
2605 4854 2785 4935 urbes
2818 4854 3383 4935 illiusqprincipatus,

2024 4928 2136 4997 (52)
2169 4925 2322 4980 Obiit
2351 4925 2409 4979 S.
2443 4925 2726 4980 Henricus
2758 4925 3091 4998 imperator,
3144 4925 3207 4982 et
3243 4926 3463 4984 electus
3510 4932 3600 4984 est

1954 4998 2271 5062 Conradus,
2305 5001 2689 5068 cognomento
2720 4997 2952 5065 Salicus,
2988 5016 3142 5054 anno
3174 4999 3349 5067 1024;
3384 5004 3445 5055 at
3481 5016 3598 5055 non

1955 5072 2152 5127 statim
2185 5067 2497 5144 ortum’est
2516 5067 2733 5144 bellum
2757 5068 3256 5144 inter‘Conradum
3275 5075 3332 5125 et
3353 5070 3599 5144 Stepha-

1954 5161 2119 5209 num,
2153 5140 2253 5197 sed
2288 5139 2544 5213 primum
2577 5140 3026 5214 fuereiquzedam
3050 5141 3400 5208 simultates,
3428 5139 3600 5214 c'ulpa

1955 5210 2306 5271 Bavarorum
2333 5215 2537 5277 enatis,
2570 5227 2636 5267 ac
2667 5210 2896 5279 deinde,
2931 5230 3084 5269 anno
3110 5215 3265 5281 1030,
3295 5210 3599 5270 Conradus

1954 5290 2151 5359 aperto
2165 5283 2315 5339 bello
2328 5298 2641 5359 aggressus
2657 5283 3043 5356 estStephanu
3054 5302 3369 5357 m,paxque
3382 5285 3601 5341 instau-

1954 5354 2081 5413 rata
2110 5372 2263 5411 anno
2295 5354 2583 5426 sequenti.

2025 5429 2136 5498 (53)
2167 5427 2227 5481 In
2274 5424 2395 5482 ms.—
2441 5427 2728 5498 Teutoniee.
2783 5424 3061 5497 Intelligit
3109 5431 3313 5483 auctor
3359 5427 3598 5483 Germa-

1955 5498 2111 5554 niam
2144 5500 2246 5552 aut
2275 5501 2463 5552 totum
2499 5497 2832 5570 imperium.

1967 5644 1976 5655 _
2025 5570 2246 5655 €519.11]
2296 5584 2408 5625 ms.
2456 5567 2714 5641 additur,
2758 5571 2921 5645 regis,
2968 5567 3296 5646 legiturque
3340 5569 3484 5642 regis
3530 5568 3599 5630 ab

1953 5656 2196 5705 ῑηηηιοιδ
2203 5681 2216 5699 ο
