3962 6386
381 403 406 460 1
418 397 538 462 223‘

1377 398 1443 460 S.
1487 391 1879 460 STEPHANI
1923 391 2476 458 HUNGARORUM
2521 388 2775 458 REGIS.

377 533 578 590 Altera
609 549 742 590 mox
771 533 864 588 die
896 531 1136 588 nuntius
1163 532 1235 586 ad
1279 547 1759 604 unumquemque
1807 530 2016 585 ducem
2047 531 2102 598 Α
2133 530 2465 594 Bessorum,
2485 545 2736 600 quorum
2761 529 3032 601 superius
3055 529 3411 586 mentionem
3433 529 3777 600 habuimus,

377 623 822 690 Germanorum,
843 625 898 676 et
919 621 975 675 in
1001 625 1190 676 castra
1208 619 1694 675 'I‘heotonicorum
1724 619 1844 690 [ηις.
1871 619 2019 672 Teu-

377 710 734 780 tonicorum]
763 710 836 765 ab
884 710 1232 780 imperatore
1274 708 1384 780 (55)
1413 707 1592 775 venit,
1645 706 1744 778 qui
1794 705 1881 760 eis
1929 721 2022 760 re-

378 799 592 854 deundi
623 797 968 853 mandatum
1003 796 1228 853 detulit.
1271 796 1880 868 RegredientibustSO)
1916 793 2021 848 ad-

375 887 668 954 versariis,
700 887 789 941 vir
817 890 1058 942 sanctus
1091 890 1356 957 respectu
1399 883 1795 940 miserationis
1833 881 1934 938 Dei
1961 899 2022 937 se

370 977 669 1033 visitatum
709 975 1005 1048 intelligit,
1052 974 1279 1029 Christo
1327 973 1538 1046 suique
1587 975 1696 1044 (57)
1746 970 2023 1026 Genitrici

371 1071 540 1122 terra:
571 1069 896 1138 prostratus
923 1062 1145 1136 gratias
1177 1061 1323 1134 egit;
1353 1063 1524 1133 cujus
1572 1078 1634 1117 se
1685 1077 1818 1115 cum
1859 1059 2022 1132 regni

373 1154 705 1226 provisione
735 1151 1008 1207 tutamini
1039 1151 1309 1224 precibus
1348 1149 1606 1206 assiduis
1647 1149 2020 1204 commenda-

370 1245 472 1299 vit.
509 1245 827 1314 Imperator
853 1257 1006 1309 vero,
1035 1257 1277 1296 suorum
1306 1244 1426 1294 tam
1458 1238 1761 1310 repentina
1803 1241 2020 1309 perter-

373 1332 526 1388 ritus
555 1331 898 1398 defectione,
934 1328 1239 1384 sciscitans
1269 1327 1520 1400 qualiter
1540 1343 1631 1382 res
1653 1326 1806 1382 facta
1824 1326 2017 1394 fuerit,

372 1438 507 1477 cum
539 1420 814 1475 nuntium
847 1417 1194 1474 reversionis
1227 1433 1428 1473 eorum
1461 1433 1574 1472 non
1616 1432 1792 1471 suum
1840 1413 2020 1470 fuisse

367 1509 648 1566 veraciter
676 1507 872 1575 sciret,
908 1523 1011 1578 per
1031 1505 1342 1562 consilium
1367 1503 1706 1570 divinitatis,
1732 1504 1802 1559 ad
1822 1519 2019 1558 corro-

368 1598 692 1655 borandam
719 1597 874 1668 regis
907 1595 1236 1651 fidelissimi
1270 1610 1458 1666 spem,
1480 1594 1690 1648 factam
1716 1609 1830 1648 non
1854 1591 2020 1648 dubi-

368 1687 530 1756 tavit,
563 1703 742 1760 super
770 1685 983 1754 dehinc
1013 1685 1085 1740 ab
1117 1683 1415 1740 invasione
1445 1682 1609 1755 regni
1637 1683 1766 1753 ejus
1806 1681 2016 1737 timore

365 1777 593 1834 Judicis
623 1775 822 1832 aeterni
852 1777 1139 1841 retentus,
1173 1772 1477 1828 abstinuit.

439 1869 529 1921 24.
557 1865 712 1921 Idem
733 1879 966 1936 quoque
989 1879 1106 1930 rex,
1131 1862 1300 1918 beata
1319 1859 1712 1916 sollicitudine
1727 1858 2012 1932 regalium

369 1953 750 2027 dispositione
781 1957 1121 2023 occupatus,
1151 1955 1266 2006 tem
1279 1967 1385 2022 pus
1407 1949 1684 2006 diurnum
1707 1947 2012 2020 colloquiis

369 2049 426 2099 et
456 2041 718 2098 consiliis
735 2041 1134 2113 transignans,
1153 2056 1257 2112 per
1277 2039 1462 2094 noctis
1483 2037 1781 2094 silentium
1798 2035 2012 2109 vigiliis

369 2138 426 2188 et
455 2131 816 2188 orationibus
846 2129 1088 2198 instare,
1123 2127 1617 2200 comtemplationi
1648 2143 1871 2196 vacare,
1925 2124 2008 2180 la-

368 2238 598 2294 crymas
617 2220 878 2287 fundere,
905 2218 1086 2274 Deum
1110 2216 1324 2289 alloqui
1349 2216 1640 2289 precibus,
1661 2232 1895 2288 operam
1918 2215 2012 2271 de-

367 2311 471 2376 dit,
499 2310 769 2382 justique
797 2307 1024 2364 Judicis
1046 2306 1500 2385 moderalionem
1529 2321 1708 2376 super
1723 2305 2010 2378 quotidia-

367 2416 471 2455 nas
491 2397 852 2470 judiciorum
875 2395 1272 2451 discussiones
1293 2392 1746 2448 misericorditer
1765 2393 2008 2448 descen-

363 2490 500 2544 dere
523 2485 844 2559 ﬂagitabat.
869 2483 1030 2548 Quod
1054 2499 1188 2538 cum
1214 2481 1417 2538 sedulo
1439 2480 1766 2554 spiritualis
1787 2481 2010 2537 deside-

363 2577 432 2632 rii
465 2576 861 2648 frequentaret
889 2571 1102 2636 officio,
1135 2574 1302 2627 nocte
1333 2569 1607 2641 quadam,
1642 2567 1861 2640 templo
1905 2569 2006 2624 Dei

359 2665 532 2738 longe
562 2668 804 2730 remoto,
856 2661 1258 2732 (descenderat
1303 2658 1520 2730 quippe
1571 2674 1704 2713 cum
1753 2657 1851 2714 illo
1900 2674 2006 2714 suo

360 2771 574 2828 magno
603 2758 662 2809 et
691 2751 871 2808 nobili
903 2751 1203 2816 comitatu,
1238 2749 1365 2803 ﬁxis
1395 2746 1660 2804 tentoriis
1689 2747 1748 2802 in
1772 2765 2004 2820 campe-

359 2843 500 2900 stris
528 2840 936 2915 amplitudinis
967 2838 1140 2908 loco,)
1172 2838 1396 2894 caeteris
1435 2854 1640 2909 sopore
1689 2837 2002 2909 depressis,

361 2949 611 3005 surgens
643 2949 678 2986 a
710 2931 855 2986 lecto
885 2927 1220 2984 cubiculum
1253 2927 1446 2984 cordis
1477 2925 1800 2999 ingressus,
1842 2926 2002 2998 geni-

358 3023 472 3079 bus
495 3021 677 3090 ﬂexis,
715 3020 838 3076 solo
870 3019 1155 3074 labiorum
1180 3022 1343 3073 motu
1363 3021 1585 3072 aeternae
1610 3015 2003 3072 miserationis

353 3112 601 3183 januam
633 3107 948 3181 gemitibus
977 3105 1346 3178 et'lacrymis
1396 3103 1688 3176 pulsabat.
1743 3107 2003 3176 Cumque

361 3199 584 3256 diutius
614 3195 1120 3270 deprecationibus
1151 3195 1468 3258 insisteret,
1493 3191 1718 3247 Uon'iini
1740 3194 1830 3248 sui
1849 3195 2002 3266 regis

2133 633 2266 672 cum
2299 617 2570 672 universo
2601 622 2886 690 apparatu
2917 635 3044 686 suo,
3097 617 3365 674 videlicet
3411 619 3539 674 auri
3579 624 3638 674 et
3686 636 3776 674 ar-

2131 707 2288 778 genti
2303 705 2970 779 copiositate,mu1taque
2982 707 3257 764 varietate
3269 711 3752 764 ornamentorum
3763 752 3778 775 ,

2131 795 2401 850 curribus
2431 796 2658 851 onustis
2679 797 2752 851 de
2769 797 3036 867 partibus
3063 796 3372 869 Hungarias
3393 797 3505 869 (59)
3528 797 3778 870 egressi,

2133 884 2200 938 ad
2235 900 2428 956 regem
2460 883 2656 940 venire
2702 884 2977 952 volentes,
3022 885 3296 942 terminis
3335 887 3775 942 Pannoniorum

2131 973 2768 1045 appropinquaverunt.
2816 975 2884 1028 At
2932 973 3102 1029 multi
3151 991 3472 1044 servorum,
3519 991 3776 1047 quorum

2131 1077 2329 1117 cereus
2359 1066 2448 1118 est
2478 1061 2712 1118 animus
2743 1063 2893 1117 ﬂecti
2915 1063 2973 1117 in
2996 1063 3224 1134 vitium,
3248 1063 3788 1136 malignitatissua.

2131 1149 2252 1206 face
2283 1150 2547 1206 succensi
2580 1149 2701 1223 [al.,
2737 1167 3048 1220 succensae,
3079 1153 3374 1224 mendose],
3407 1152 3636 1208 obviam
3657 1151 3777 1208 illis

2129 1239 2412 1307 exierunt,
2441 1240 2729 1312 quosdam
2759 1239 2952 1313 gladio
2975 1227 3410 1313 percusserunt,
3433 1243 3772 1314 omniaque,

2129 1345 2258 1400 quae
2289 1345 2491 1385 eorum
2524 1330 2772 1396 fuerant,
2806 1329 3154 1398 auferentes,
3188 1347 3400 1387 vacuos
3430 1335 3487 1386 et
3533 1329 3771 1388 semivi-

2125 1421 2325 1474 ventes
2355 1417 2736 1490 reliquerunt.
2759 1417 2844 1473 Illi
2865 1435 2997 1474 vero
3020 1419 3140 1492 regi
3157 1419 3297 1491 quid
3311 1423 3531 1488 actum,
3556 1419 3776 1492 quidve

2128 1506 2388 1578 perpessi
2420 1511 2560 1562 sunt
2589 1512 2970 1573 reservantes,
3005 1507 3112 1563 iler
3140 1509 3296 1580 quod
3323 1512 3618 1581 cceperant
3647 1525 3774 1581 per-

2126 1599 2390 1668 egerunt,
2425 1599 2479 1651 et
2511 1597 2580 1651 ad
2613 1613 2746 1651 eum
2765 1601 3140 1669 properantes
3161 1597 3410 1669 genibus
3435 1598 3562 1669 ejus
3589 1614 3652 1654 se
3672 1597 3772 1654 ad-

2124 1683 2442 1740 volverunt.
2475 1683 2698 1747 Quibus
2719 1684 2892 1740 visis:
2927 1685 3061 1748 Quae
3093 1701 3290 1753 causa,
3324 1685 3536 1758 inquit,
3581 1685 3770 1742 maln-

2124 1773 2296 1828 rum?
2330 1772 2407 1827 Mi
2438 1773 2692 1841 domine,
2727 1773 3004 1840 referunt,
3037 1790 3144 1830 nos
3175 1775 3323 1831 servi
3353 1775 3440 1830 tui
3458 1774 3602 1830 nihil
3623 1774 3772 1831 mali

2121 1861 2548 1928 machinantes,
2581 1862 2663 1918 .ad
2721 1862 3069 1918 audiendam
3116 1863 3476 1935 judiciorum
3531 1872 3768 1920 tuorum

2123 1955 2380 2021 [tuorum
2408 1967 2519 2006 non.
2549 1959 2624 2006 est
2653 1952 2710 2005 in
2740 1953 2865 2022 ma]
2896 1951 3274 2008 veniebamus
3295 1951 3688 2026 disciplinam,
3709 1957 3772 2009 et

2119 2040 2508 2111 quorumdam
2541 2039 2836 2107 manibus,
2867 2056 3048 2112 quam
3079 2041 3387 2098 nobiscum
3409 2043 3768 2109 ferebam-us,

2119 2129 2366 2200 pecunia
2380 2129 2600 2200 absque
2621 2127 2831 2184 delicto
2853 2129 3118 2184 omnium
3143 2133 3412 2186 nostrum
3439 2130 3768 2188 ablata‘est.’

2120 2217 2363 2288 Insuper
2392 2217 2788 2290 apprehensos
2815 2217 3042 2290 aliquos
3074 2219 3428 2287 ceciderunt,
3447 2223 3506 2276 et
3533 2219 3770 2276 vitavix

2117 2307 2328 2362 comite
2356 2307 2646 2373 venimus,
2678 2311 2743 2360 ut
2768 2307 3180 2364 nuntiaremus
3208 2308 3336 2364 tibi.
3372 2309 3510 2375 Rex,
3544 2313 3609 2364 ut
3637 2313 3771 2366 erat

2118 2395 2512 2468 prudentioris
2541 2395 2742 2463 animi,
2777 2413 2892 2450 non
2923 2395 3107 2464 vultu,
3139 2413 3255 2452 non
3286 2397 3478 2454 verbis
3497 2398 3767 2455 minatus

2117 2490 2206 2540 est
2227 2484 2310 2540 eis
2341 2484 2445 2556 [eis
2475 2484 2624 2540 abest
2646 2501 2678 2539 α
2703 2489 2858 2552 ma];
2893 2485 2991 2540 sed
3025 2485 3764 2556 sustinens,-utscribitur,

2116 2575 2377 2646 prudens
2409 2573 2681 2646 spiritum
2712 2574 2824 2644 (60)
2859 2579 3114 2630 reservat
3143 2575 3203 2629 in
3233 2579 3552 2647 posterum,
3594 2575 3768 2633 misit

2115 2664 2279 2720 ocius
2311 2665 2378 2718 ad
2413 2663 2602 2730 illum,
2639 2662 2748 2718 sub
2779 2679 2894 2734 quo
2927 2662 3278 2730 militabant,
3325 2664 3653 2734 tribunum,
3703 2670 3768 2722 et

2114 2753 2206 2808 die
2234 2752 2552 2808 constituto
2583 2767 2789 2806 omnes
2811 2751 3154 2822 perditionis
3201 2752 3355 2808 viros
3393 2753 3578 2823 jussit
3603 2769 3764 2810 con-

2114 2841 2412 2914 spectibus
2441 2840 2566 2896 suis
2597 2839 2957 2912 praesentari.
2987 2841 3226 2896 Factum
3257 2845 3366 2908 est,
3399 2846 3466 2897 ut
3505 2842 3764 2914 impera-

2111 2939 2289 2998 verat,
2323 2938 2376 2985 et
2405 2930 2475 2984 ad
2507 2929 2945 2984 discutiendum
2977 2929 3036 2983 in
3068 2930 3377 3001 praesentia
3407 2931 3501 2987 sui
3537 2931 3762 2988 consti-

2111 3021 2223 3076 tuti
2254 3024 2412 3074 sunt.
2445 3021 2600 3084 Quos
2630 3016 2962 3090 alloquens:
2992 3023 3124 3089 Cur,
3155 3018 3368 3090 inquit,
3400 3019 3588 3092 legem
3612 3037 3764 3093 prae-

2111 3114 2411 3181 ceptorum
2444 3107 2544 3162 Dei
2575 3107 3090 3180 transgredientes,
3119 3125 3235 3164 non
3257 3107 3623 3164 intellexistis
3647 3109 3761 3165 mi-

2113 3197 2509 3265 sericordiam,
2567 3200 2623 3251 et
2673 3196 2828 3252 viros
2876 3196 3219 3252 innocentia:
3276 3197 3762 3254 condemnastis?

361 3289 560 3345 aeterni
591 3286 878 3354 ministris
910 3287 981 3342 ad
1014 3283 1420 3356 suscipiendas
1450 3299 1650 3354 preces
1687 3285 1814 3355 ejus
1863 3299 2000 3338 con-
2027 3265 2075 3332 Π
2110 3289 2270 3343 Sicut
2295 3285 2535 3351 fecistis,
2569 3285 2652 3340 ita
2679 3285 2850 3340 faciet
2879 3285 3164 3341 Dominus
3203 3286 3369 3342 vobis
3417 3302 3614 3342 coram
3661 3301 3761 3344 me

357 3377 746 3444 venientibus,
779 3376 993 3449 papilio
1033 3392 1210 3447 super
1258 3391 1393 3429 eum
1443 3379 1716 3428 extensus
1767 3391 1801 3428 a
1845 3377 2000 3430 terra

357 3469 580 3524 levatus
607 3471 729 3522 tam
761 3466 860 3520 diu
890 3465 1140 3538 pendere
1171 3461 1345 3534 cmpit
1376 3461 1433 3515 in
1485 3477 1636 3527 aere,
1689 3461 1870 3518 donec
1915 3463 2002 3518 vir

359 3557 458 3613 Dei
489 3557 561 3612 ad
593 3571 655 3612 se
685 3571 950 3610 reversus
973 3571 1006 3609 a
1029 3549 1536 3622 contemplatione,
1565 3549 1836 3622 spiritum
1859 3551 2002 3607 rela-

363 3645 514 3702 xavit
537 3646 608 3702 ab
641 3644 919 3701 oratione.
949 3642 1112 3707 Quod
1142 3641 1278 3696 licet
1324 3639 1693 3695 invisibiliter
1735 3639 1819 3694 illi
1870 3641 1998 3711 soli,

357 3735 459 3807 qui
490 3751 582 3790 res
612 3734 790 3802 novit,
825 3735 1140 3803 antequam
1172 3730 1336 3794 ﬁant,
1371 3727 1582 3800 suique
1635 3728 1837 3784 secreti
1871 3746 2004 3784 con-

357 3823 494 3880 sciis
524 3821 748 3895 angelis
777 3820 985 3876 fuisset
1015 3817 1336 3891 cognitum,
1367 3817 1598 3872 cuidam
1629 3819 1827 3872 tamen
1877 3835 2002 3874 ma-

356 3925 480 3986 gna!
511 3909 906 3984 simplicitatis
939 3912 998 3962 et
1027 3904 1370 3962 innocentiae
1409 3906 1493 3976 [in
1539 3922 1642 3961 ms.
1684 3905 2002 3980 innocenti]

355 4001 496 4080 virp,
531 4000 630 4074 qui
666 4005 805 4056 tunc
855 3995 1034 4052 simili
1085 3995 1326 4050 forsitan
1376 3993 1632 4050 instabat
1683 3995 1864 4066 operi,
1913 4001 2005 4053 est

356 4091 826 4154 manifestatum;
861 4101 1037 4157 quem
1070 4101 1167 4138 rex
1192 4087 1453 4150 sanctus,
1488 4083 1683 4139 arcani
1706 4084 1886 4140 simul
1909 4087 2000 4142 sui

355 4179 655 4235 conscium
686 4193 814 4232 esse
847 4191 948 4246 per
967 4171 1250 4244 Spiritum
1275 4177 1545 4228 sanctum
1566 4173 1826 4242 edoctus,
1851 4174 1922 4229 ad
1943 4192 2003 4232 se

352 4272 623 4324 vocatum
654 4263 889 4321 blandis
921 4261 1086 4334 prius
1121 4261 1514 4332 sermonibus,
1565 4261 1709 4334 quid
1760 4261 2004 4320 vidisset

355 4355 784 4412 sciscitabatur.
805 4353 1010 4408 Postea
1031 4368 1102 4408 ne
1123 4351 1212 4408 cui
1233 4351 1598 4424 patefaceret,
1620 4353 2004 4425 quoadusque

355 4445 479 4517 ipse
509 4442 743 4509 viveret,
777 4439 1188 4497 interminatus
1221 4445 1327 4496 est.
1573 4457 1576 4462 ·

424 4533 514 4586 25.
549 4531 730 4587 Fama
755 4530 1012 4586 nominis
1047 4530 1136 4585 sui
1168 4529 1227 4584 in
1259 4529 1500 4586 auribus
1523 4529 1844 4586 multarum
1867 4547 2004 4604 gen-

2111 3375 2319 3445 hodie;
2372 3378 2838 3446 transgressores
2885 3375 3038 3429 enim
3089 3374 3233 3446 legis
3287 3375 3532 3432 feriendi
3589 3380 3756 3431 sunt.

2108 3469 2356 3537 Accepta
2389 3463 2696 3530 sententia,
2729 3462 2921 3518 educti
2947 3469 3107 3532 sunt,
3131 3468 3187 3519 et
3207 3480 3310 3536 per
3329 3481 3565 3520 omnem
3587 3465 3758 3536 regni

2109 3555 2442 3628 ingressum
2475 3553 2590 3607 duo
2626 3557 2687 3608 et
2730 3553 2845 3608 duo
2895 3553 3214 3624 suspendio
3258 3555 3558 3626 perierunt
3589 3555 3756 3624 (6i);

2110 3645 2262 3716 quod
2296 3644 2367 3698 ob
2398 3647 2676 3697 terrorem
2706 3641 3110 3696 incutiendum
3143 3641 3404 3714 reliquis,
3449 3643 3570 3698 zelo
3616 3657 3758 3699 eum

2101 3732 2346 3806 justitiae
2381 3731 2586 3786 fecisse
2617 3731 2973 3786 credendum
3023 3735 3134 3796 est,
3181 3736 3266 3799 ut,
3316 3731 3456 3804 quia
3500 3747 3756 3804 regnum

2109 3821 2386 3878 omnibus
2417 3818 2751 3892 hospitibus
2783 3823 2988 3890 potens
3005 3819 3233 3892 asylum
3255 3835 3384 3876 esse
3401 3820 3651 3889 volebat,
3673 3821 3759 3877 sic

2108 3910 2255 3965 liber
2280 3907 2554 3964 omnibus
2570 3907 2846 3962 introitus
2861 3911 3016 3962 esset
3033 3913 3097 3962 ut
3112 3907 3312 3964 nullus
3331 3909 3758 3980 ingredientem

2109 3997 2430 4070 quemlibet
2459 3997 2518 4050 in
2559 3995 2754 4066 aliquo
2804 3995 3055 4062 laederet,
3108 3995 3196 4051 vel
3247 3996 3556 4053 molestare
3609 4013 3763 4070 pra-

2111 4091 2394 4154 sumeret;
2444 4085 2599 4156 quod
2641 4089 2698 4138 et
2743 4084 2959 4138 factum
3007 4089 3114 4142 est.
3170 4085 3339 4152 Nam,
3385 4087 3580 4156 quoad
3623 4086 3767 4144 vixit

2111 4176 2312 4233 nullus
2343 4173 2582 4230 cuilibet
2612 4171 2829 4244 hospiti
2862 4171 3184 4244 quidquam
3217 4173 3498 4230 molestiae
3549 4176 3766 4234 inferre

2110 4263 2502 4339 prmsumpsit.

2181 4356 2272 4409 26.
2322 4353 2385 4408 In
2432 4352 2598 4406 beato
2645 4365 2879 4422 quoque
2919 4366 3052 4422 rege
3093 4354 3321 4407 constat
3367 4353 3760 4424 apostolicum

2109 4443 2255 4499 illud
2288 4439 2616 4512 impletum,
2651 4439 2806 4510 quod
2839 4439 3078 4512 legitur:
3113 4442 3383 4509 Quoniam
3405 4457 3508 4514 per
3551 4445 3760 4500 mqu

2111 4531 2490 4588 tribulationes
2555 4535 2755 4602 oportet
2821 4529 3030 4584 intrare
3095 4532 3156 4584 in
3211 4546 3443 4600 regnum
3498 4534 3763 4589 caelorum

353 4619 504 4676 tium
535 4619 905 4676 saecularium
935 4619 1168 4688 diffusa,
1202 4623 1259 4675 et
1289 4617 1534 4691 judiciis
1583 4619 1700 4674 oris
1749 4621 1862 4691 (58)
1907 4619 2000 4674 sui
2031 4634 2078 4700 Β
2110 4622 2244 4692 (Act.
2280 4636 2395 4684 xxv,
2428 4617 2550 4686 21);
2584 4620 2642 4672 et
2673 4617 2731 4671 in
2779 4617 2928 4673 libro
2975 4619 3317 4691 Sapientiae:
3367 4621 3524 4685 Quos
3566 4621 3762 4694 diligit

353 4707 565 4766 celebri
583 4709 755 4766 laude
781 4709 1000 4782 ubique
1021 4707 1542 4776 innotescentibus,
1569 4709 1872 4781 sexaginta
1889 4707 1997 4764 viri

422 4897 628 4970 (55)”Id
660 4902 749 4954 est
780 4896 949 4970 quasi
977 4897 1196 4970 missus
1227 4897 1298 4952 ab
1331 4897 1708 4970 imperatore;
1745 4895 1858 4970 nisi
1910 4911 1996 4970 ref

350 4967 486 5094 veiia
516 4967 682 5023 illum
716 4967 944 5024 miserit
985 4969 1304 5038 Conradus,
1354 4967 1530 5041 idque
1580 4973 1784 5040 postea
1834 4967 1998 5022 fateri

355 5057 428 5094 no
457 5040 628 5094 uerit.

355 5057 628 5096 uetuerit.

387 5110 534 5184 Δ((56)
558 5111 674 5184 Ms.
723 5110 1154 5184 Egredientibus,
1205 5111 1485 5167 nimirum
1535 5125 1713 5181 regno
1762 5109 1998 5182 Hunga-

351 5182 470 5237 ribo
500 5182 852 5240 adversariis.

351 5325 389 5381 G
422 5253 534 5379 (5;)
555 5255 631 5338 _In
661 5271 762 5310 ms.
796 5255 1011 5312 rectius
1040 5269 1260 5326 suaeque
1303 5252 1568 5308 Genitrz'cz'
1616 5269 1721 5324 pro
1777 5253 2000 5326 ejusque

393 5341 480 5380 em
509 5342 631 5381 rm.

393 5341 631 5382 enzmcz.

420 5397 531 5469 (58)
563 5399 683 5454 Vox
713 5401 823 5454 oris
850 5397 1170 5454 substituta
1199 5399 1289 5469 est
1319 5411 1387 5450 ex
1419 5404 1738 5469 ms.q;qnam
1779 5394 1839 5450 in
1871 5395 1997 5451 edi-

349 5466 520 5542 tione
539 5471 818 5526 mendose
849 5469 1220 5542 legitu_r_or£._
1239 5467 1484 5542 Itamox
1510 5466 1624 5542 alia
1645 5468 1760 5523 duo
1786 5469 1999 5542 menda

347 5535 637 5612 'corrigam
671 5559 738 5596 ex
765 5535 1222 5612 ms.:"'Melgdensi
1256 5538 1668 5612 substituendo
1707 5541 1994 5612 sesamum

348 5608 775 5740 prpssiwuginti,
809 5615 866 5669 et
895 5609 1208 5679 habuimus,
1239 5613 1343 5682 pro
1375 5608 1560 5683 hujus,
1585 5611 1669 5668 uti
1700 5611 1878 5668 etiam
1915 5609 1996 5668 le-

351 5697 409 5764 σι
505 5699 689 5741 unus.

2108 4710 2284 4780 Deus,
2335 4705 2600 4779 castigat,
2647 4709 2704 4762 et
2750 4711 2913 4778 pater
2959 4707 3212 4781 ﬂagellat
3259 4725 3492 4766 omnem
3543 4709 3756 4780 ﬁlium,

2179 4897 2290 4969 ('59)
2326 4894 2560 4951 Rectius
2589 4895 2978 4969 Bulgarorum.

2179 4967 2289 5040 (GU)
2325 4969 2382 5023 In
2399 4984 2512 5050 ms:
2529 4969 2726 5032 spiritu
2745 4968 2944 5050 minus
2961 4971 3134 5024 recte.
3155 4967 3262 5050 Dat
3281 4971 3500 5050 auctor,
3524 4971 3752 5050 opinor,

2109 5056 2349 5096 sensum
2396 5039 2707 5094 verborum
2756 5039 3012 5107 iiloru'm,
3065 5056 3192 5110 quae
3239 5039 3532 5096 habentur
3561 5039 3752 5097 'Provl

2105 5130 2256 5177 xxrx,
2374 5111 2472 5184 ll:
2516 5111 2698 5165 Totum
2745 5112 3006 5184 spiritum
3058 5126 3216 5164 suum
3261 5114 3474 5184 profert
3511 5114 3754 5176 stult-us;

2105 5182 2552 5256 sapieusdi/ibrt,
2584 5186 2636 5256 et
2665 5183 2994 5256 reseruetur
3020 5185 3313 5256 posterum.

2179 5254 2289 5327 (61)
2323 5251 2478 5327 Idem
2503 5251 2679 5327 habet
2694 5267 2804 5306 ms.
2827 5251 3168 5327 Milliqense,
3193 5252 3251 5308 in
3277 5269 3392 5327 quo
3413 5253 3536 5310 Ι]ωο
3559 5255 3749 5312 solum

2106 5322 2316 5380 de‘hOc
2347 5325 2496 5379 facto
2528 5324 2890 5396 subduntur:
2925 5345 2954 5371 ‹‹
2988 5322 3092 5377 Per
3120 5323 3228 5396 hoc
3258 5322 3510 5396 denique
3551 5327 3749 5383 volens

2105 5395 2374 5468 intelligi,
2407 5399 2477 5468 ut
2501 5394 2833 5468 quicunque
2867 5409 2978 5448 non
3007 5394 3640 5468 acquiesceretjudicio
3658 5400 3750 5468 ju-

2107 5417 2374 5468 Intelllgl,
2408 5417 2472 5448 ut.
2501 5417 2833 5466 quicunque
2868 5417 2978 5448 uuu
3007 5417 3640 5468 acqulesceretju01010
3693 5417 3746 5452 u-

2107 5467 2296 5532 stitiae,
2331 5467 2485 5538 quod
2513 5483 2548 5520 a
2572 5463 2820 5538 Domino
2853 5472 3255 5538 proposuerat,
3293 5468 3376 5524 sic
3427 5469 3593 5525 fieret
3641 5417 3746 5526 illi.

2105 5537 2431 5595 Audierant
2448 5537 2580 5614 habi
2594 5540 2804 5614 latores
2819 5539 2983 5592 terras
2999 5537 3314 5610 judicium,
3327 5541 3480 5614 quod
3493 5541 3750 5614 judicasa

2105 5614 2195 5670 set
2225 5627 2345 5682 rex,
2378 5615 2436 5668 et
2465 5609 2808 5666 timuerunt.
2843 5629 2871 5660 ››

3624 385 3831 458 im»
3898 399 3908 412 '
