3962 6360
123 373 282 434 1225

1726 377 1934 443 VITA.

3374 392 3531 452 1226

124 521 300 576 quem
333 506 537 580 recipit
583 508 764 576 (Prov.
819 525 901 576 ιιι,
963 509 1057 578 tl;
1104 511 1263 568 Hebr.
1326 514 1518 583 xu,6).
1575 512 1773 569 Multis

1900 523 2215 593 ctum[forte
2244 520 2474 591 affectu]
2538 517 2744 586 doluit,
2786 519 2979 576 sciens
3030 531 3184 576 vero’
3209 521 3525 594 scriptum:

123 594 282 650 enim
316 595 506 652 modis
545 597 885 653 correctioni
939 598 1148 654 divina:
1204 601 1532 669 succubuit,
1583 600 1770 656 tribus

126 684 299 741 annis
327 684 666 742 inﬁrmitate
697 688 954 744 continet
985 687 1241 745 laborem
1274 690 1408 759 (62).
1457 691 1770 762 Postquam

124 771 262 829 inde
276 772 710 846 propitiationis
726 775 826 832 Dei
839 777 1224 832 medicamine
1254 776 1768 844 convaluit,tamen

116 860 343 930 judicio
369 863 570 920 aeterni
609 865 918 936 persecreti
945 865 1194 933 consilii,
1218 868 1536 938 quamdam
1552 868 1768 924 exami-

123 949 424 1007 nationem
457 951 515 1008 in
546 951 802 1009 ﬁliorum
833 971 1076 1010 suorum
1117 955 1278 1010 obitu
1302 956 1414 1010 sibi
1447 956 1632 1013 sensit
1659 956 1768 1011 im-

125 1037 358 1096 mittere
390 1041 474 1110 [z‘n
499 1057 602 1096 ms.
637 1042 886 1108 mittere]
916 1044 1178 1111 verbera,
1209 1060 1358 1116 quos
1389 1044 1446 1100 in
1489 1044 1636 1117 ipsis
1688 1045 1770 1099 in-

124 1126 325 1184 fantiae
350 1129 630 1201 gradibus
651 1129 920 1196 infantes,
958 1132 1055 1203 qui
1106 1133 1285 1198 dedit,
1345 1133 1589 1188 abstulit
1635 1134 1767 1205 (63).

124 1214 208 1272 De
234 1233 489 1288 quorum
513 1223 697 1274 morte
728 1220 1066 1276 maestitiam
1098 1221 1364 1278 obortam
1397 1222 1623 1294 genitor
1638 1240 1768 1294 pro-

125 1309 258 1376 pter
286 1322 547 1364 amorem
580 1307 682 1364 ﬁlii
716 1309 1072 1380 superstitis,
1118 1311 1283 1367 bonae
1341 1310 1556 1368 indolis
1604 1311 1770 1383 pueri

126 1394 375 1450 Emerici
406 1397 784 1469 compescuit,
817 1397 1090 1453 solatium
1121 1415 1296 1470 quem
1318 1398 1619 1470 quasijam
1645 1400 1772 1455 uni-

127 1499 264 1542 cum
296 1499 429 1540 caro
460 1484 708 1558 diligens
739 1487 968 1552 affectu,
1002 1487 1272 1559 precibus
1307 1487 1537 1544 Christo
1589 1489 1773 1560 quoti-

128 1572 343 1638 dianis,
374 1578 432 1629 et
464 1575 593 1644 ejus
621 1574 885 1646 genitrici
917 1575 1447 1648 Virginiperpetuze
1474 1594 1771 1633 commen-

126 1661 303 1718 davit.
330 1662 621 1719 Huncsibi
649 1662 769 1718 fore
790 1664 1186 1735 superstitem,
1211 1664 1369 1721 hunc
1406 1666 1570 1738 regni
1591 1665 1771 1721 haere-

128 1751 284 1818 dem,
317 1751 466 1807 votis
492 1751 766 1807 omnibus
796 1753 1166 1817 desideravit,
1199 1759 1257 1810 et
1286 1760 1352 1809 ut
1381 1755 1585 1810 efﬁcax
1611 1756 1773 1811 ﬁeret

125 1839 198 1893 ad
229 1839 484 1895 tenenda
506 1839 650 1895 tanti
705 1840 1008 1912 regiminis
1065 1842 1464 1913 gubernacula
1513 1843 1769 1899 virorum

126 1927 496 1983 documentis
527 1927 1003 1996 orthodoxorum,
1037 1947 1149 1987 usu
1182 1929 1448 1987 lectionis
1488 1932 1770 2003 quotidia-

127 2032 238 2082 nae,
271 2015 407 2072 fecit
435 2017 704 2072 auditum
730 2023 1042 2089 utrumque
1067 2020 1176 2090 (64)
1196 2021 1466 2091 praebere.
1491 2021 1769 2092 Ipseque-

126 2121 243 2177 que
272 2108 524 2176 paternae
557 2103 885 2161 dilectionis
916 2107 1119 2163 ardore
1147 2113 1552 2180 compunctus,
1598 2108 1768 2166 libel-

126 2193 250 2249 lum
280 2195 390 2264 (65)
425 2193 536 2248 sibi
565 2193 638 2250 de
666 2193 1030 2251 institutione
1062 2212 1293 2251 morum
1332 2196 1682 2269 composuit,
1708 2199 1802 2253 in-

129 2299 244 2354 quo
285 2280 552 2351 ﬁdeliter,
586 2286 643 2337 et
667 2282 977 2356 diligenter
997 2284 1186 2340 verbis
1203 2301 1337 2340 eum
1353 2286 1769 2343 admonitionis

131 2370 457 2443 spiritualis
478 2373 614 2442 (ms.
649 2371 949 2444 specialis]
972 2371 1614 2444 alloquitur,instruens
1629 2391 1768 2446 qua-

129 2459 264 2516 liter
292 2463 426 2516 ante
437 2461 634 2516 omnia
651 2461 855 2517 debeat
871 2462 1177 2518 observare
1197 2463 1370 2518 ﬁdem
1397 2462 1765 2530 catholicam,

129 2550 477 2606 conﬁrmare
498 2553 718 2607 statum
742 2549 1509 2621 ecclesiasticum,honorem
1543 2553 1766 2623 impen-

129 2639 264 2694 dere
296 2637 565 2710 dignitati
597 2637 962 2710 pontiticum,
995 2640 1287 2712 principes
1318 2645 1374 2696 et
1405 2641 1622 2696 milites
1642 2641 1770 2696 dili-

130 2742 284 2798 gere,
310 2726 604 2797 judicium
637 2727 962 2794 observare,
998 2728 1341 2800 patientiam
1379 2729 1435 2784 in
1496 2730 1770 2786 omnibus

131 2815 359 2871 actibus
373 2814 606 2882 habere,
623 2815 883 2887 hospites
897 2815 1144 2889 benigne
1160 2817 1431 2890 recipere,
1456 2817 1769 2890 benignius

132 2904 254 2974 [αι.,
286 2903 613 2976 benignus]
648 2903 887 2970 nutrire,
923 2904 1046 2962 sine
1082 2906 1322 2963 consilio
1372 2906 1516 2961 nihil
1577 2923 1766 2978 agere,

131 2993 382 3063 majores
414 3009 555 3050 suos
605 3008 836 3065 semper
880 2998 1016 3050 ante
1065 2995 1262 3051 oculos
1318 2996 1390 3052 ad
1437 2996 1768 3068 exemplum

131 3086 405 3148 statuere,
430 3081 707 3137 orationis
735 3082 992 3138 ofﬁcium
1047 3084 1435 3155 frequentare,
1495 3085 1769 3156 pietatem

132 3176 186 3226 et
217 3170 679 3226 misericordiam
708 3187 841 3226 cum
874 3172 1093 3226 caeteris
1116 3171 1426 3229 virtuiibus
1449 3174 1766 3244 possidere.

1802 1888 1849 1952 B

1883 614 2000 668 Non
2029 618 2106 666 est
2137 609 2428 680 sapimztia,
2459 623 2571 662 non
2593 615 2672 664 cst
2695 608 3010 680 prudentia,
3059 625 3168 665 non
3225 619 3305 666 est
3351 614 3526 668 comi-

1882 703 2021 758 tium
2048 706 2237 755 contra
2276 698 2568 755 Dominum
2598 699 2785 774 (Prov.
2817 715 2932 766 xxi,
2991 699 3102 769 30):
3137 720 3166 749 ‹‹
3225 698 3528 758 Neminem

1880 793 2116 862 propter
2143 786 2368 843 obitum
2401 786 2709 842 charorum
2736 786 2986 843 nimium
3039 788 3250 845 debere
3312 790 3528 846 contri-

1883 877 2050 947 stari,
2080 899 2108 927 n
2136 875 2400 948 deposito
2431 891 2678 931 maerore
2719 875 2810 947 (66
2831 876 2898 947 '),
2930 893 2990 931 se
3033 875 3282 933 contulit
3337 881 3528 934 totum

1882 968 1951 1023 ad
1977 952 2352 1038 quazrendam
2374 963 2706 1036 largitatem
2737 965 3148 1024 misericordiae
3179 965 3527 1035 div-intepue-

1882 1055 2214 1111 nobiorium
2235 1055 2291 1110 et
2303 1051 2571 1110 Ecclesiae
2589 1051 3208 1121 ministris,monachis
3221 1058 3281 1110 et
3301 1053 3528 1112 clericis

1881 1141 2127 1199 diversis
2157 1140 2658 1212 eleemosynarum
2677 1139 2856 1196 donis
2871 1141 3210 1199 consolatus
3229 1145 3384 1215 [forte
3399 1159 3530 1200 con-

1883 1229 2130 1304 solatis],
2164 1245 2479 1301 expensam
2512 1228 2694 1284 totius
2724 1233 3018 1302 sumptus,
3053 1235 3406 1303 quam-tunc
3424 1231 3528 1294 ha-

1881 1321 2014 1376 bere
2046 1321 2292 1391 poterat,
2325 1316 2890 1389 peregrinis,viduis,
2913 1322 2970 1374 et
2999 1318 3280 1391 orphanis
3306 1324 3526 1392 erogat.

1880 1411 2222 1466 Exterarum
2255 1407 2430 1462 etiam
2462 1405 2818 1462 monasteria
2845 1407 3277 1479 provinciarum
3293 1409 3528 1466 muniﬁ-

1881 1497 2080 1553 centia
2098 1493 2449 1568 regiaedonis
2466 1493 2795 1552 innumeris
2815 1511 2920 1568 per
2940 1497 3180 1553 nuntios
3202 1513 3351 1554 suos
3364 1514 3518 1571 sepe

1879 1586 2155 1643 visitavit.

1950 1678 2039 1729 28.
2072 1673 2454 1730 Gravedinem
2487 1689 2718 1729 morum
2742 1674 2833 1744 (66
2847 1673 2908 1746 '),
2935 1689 3113 1744 quam
3143 1674 3528 1747 injuventute

1883 1768 2195 1837 receperat,
2228 1779 2413 1834 usque
2445 1763 2516 1818 ad
2548 1762 2865 1818 ﬁnemvitae
2889 1763 3097 1819 tenuit.
3120 1763 3227 1818 Vix
3258 1781 3520 1836 unquam

1881 1854 1952 1908 ad
1984 1853 2171 1908 risum
2211 1851 2365 1907 labia
2415 1852 2611 1918 movit,
2673 1850 2936 1907 recolens
2989 1852 3302 1924 scriptum:
3365 1856 3523 1910 Risus

1878 1942 2061 1998 dolore
2098 1943 2374 2006 miscetur,
2431 1943 2484 1995 et
2539 1943 2782 1996 extrema
2832 1939 3025 2010 gaudii
3083 1941 3260 1994 luctus
3302 1946 3525 2013 occupat

1878 2032 2062 2102 (Prov.
2095 2047 2210 2096 x1v,
2248 2030 2376 2100 13);
2429 2044 2662 2100 semper
2711 2028 2795 2085 sic
2833 2045 3122 2101 apparens
3162 2046 3227 2083 ac
3285 2030 3332 2084 si
3392 2033 3524 2087 ante

1878 2119 2090 2175 Christi
2120 2118 2378 2174 tribunal
2409 2124 2608 2184 staret,
2642 2115 2935 2174 interioris
2992 2117 3105 2190 (67)
3162 2118 3350 2174 oculis
3396 2119 3524 2191 ejus

1878 2208 2250 2280 praesentiam
2278 2207 2441 2262 vultu
2467 2222 2670 2262 sereno
2701 2205 3088 2278 conspiciens,
3119 2206 3417 2264 Christum
3462 2207 3522 2264 in

1878 2314 1996 2368 ore,
2027 2296 2323 2353 Christum
2350 2296 2412 2351 in
2432 2295 2624 2362 corde,
2645 2294 2941 2351 Christum
2972 2295 3031 2350 in
3047 2295 3276 2352 cunctis
3291 2296 3521 2353 actibus

1878 2401 1942 2439 se
1973 2383 2059 2456 [se
2077 2385 2224 2449 abest
2254 2384 2380 2453 ma]
2425 2387 2650 2456 gestare
2689 2382 3128 2440 demonstravit.
3175 2384 3338 2440 Diem
3391 2383 3523 2453 ulti-

1878 2489 2042 2528 mum
2075 2488 2305 2544 semper
2334 2476 2465 2528 ante
2486 2470 2686 2528 oculos
2709 2472 2902 2528 cordis
2928 2475 3338 2540 statuens,toto
3357 2488 3519 2528 men-

1878 2562 1955 2618 tis
2003 2561 2292 2617 desiderio
2338 2560 2490 2616 inter
2536 2559 2737 2632 patriae
2787 2560 3036 2616 caelestis
3102 2560 3276 2616 cives.
3345 2561 3519 2632 quasi

1879 2650 2131 2722 quodam
2157 2651 2231 2720 [al
2240 2692 2251 2704 .
2264 2690 2276 2714 ,
2293 2649 2613 2720 quondam]
2629 2648 2902 2720 angelicae
2935 2649 3395 2705 conversationis
3411 2648 3518 2704 ha-

1878 2740 2002 2794 bitu
2045 2738 2314 2810 cupiebat
2379 2737 2663 2794 habitare.
2718 2738 2953 2793 Cunctis
3004 2738 3120 2794 Deo
3174 2737 3519 2810 placitarum

1877 2828 2158 2882 virtutum
2175 2825 2486 2899 generibus
2501 2827 2820 2882 adornatus
2833 2825 2893 2880 in
2911 2826 3217 2883 sanctitate
3244 2831 3301 2881 et
3342 2826 3520 2898 justi-

1879 2916 1981 2984 tia,
2012 2931 2207 2971 coram
2235 2914 2362 2986 ipso
2393 2914 2668 2970 omnibus
2681 2914 2890 2971 diebus
2913 2914 3042 2970 vitae
3057 2931 3176 2972 suae
3189 2913 3523 2972 conversari

1879 3003 2150 3070 decrevit,
2180 3007 2244 3058 ut
2272 3002 2332 3056 in
2361 3018 2427 3057 eo
2451 3003 2576 3072 jam
2594 3018 2698 3057 ceu
2731 3003 3000 3074 quadam
3031 3002 3240 3058 futura;
3299 3002 3516 3076 gloriﬁ-

1879 3093 2125 3149 cationis
2153 3091 2378 3164 species
2409 3090 2724 3148 clarescere
2750 3092 3064 3148 videretur.

2544 3197 2775 3252 CAPUT
2802 3197 2868 3251 V.

198 3259 292 3315 27.
317 3257 569 3354 ‘Talibus
593 3263 650 3314 et
679 3258 770 3315 his
803 3259 1438 3354 similibusdisciplinis
1463 3261 1769 3354 institutus
1801 3250 1844 3317 C
1883 3288 2113 3353 Morbus,
2173 3293 2224 3341 ει
2269 3287 2329 3340 in
2377 3301 2436 3341 eo
2484 3250 2709 3339 ἀϐέέέξίί
2736 3250 3069 3354 gamma-0
3122 3258 3528 3354 qumlumdam;

127 3348 364 3419 juvenis
397 3346 725 3420 praeclarus,
759 3349 831 3404 ad
865 3346 1510 3422 nutum'dispositionis
1527 3354 1772 3422 aeternae,

136 3436 468 3492 cuicuncta
508 3436 830 3507 subjacent,
894 3437 1214 3493 obediendo
1272 3439 1404 3493 1031
1460 3439 1774 3494 Dominicae

138 3524 558 3582 Incarnationis
589 3542 742 3581 anno
772 3525 950 3582 vitam
981 3525 1130 3582 hanc
1144 3526 1435 3584 exitialem
1459 3531 1778 3584 commuta-

134 3613 489 3685 vit,sempite
499 3631 606 3669 rno
622 3615 741 3685 [al.,
756 3615 1010 3670 mendose
1031 3615 1446 3687 sempiternam
1469 3617 1777 3688 ]superno-

136 3720 267 3758 rum
309 3701 523 3758 civium
552 3702 865 3773 adjunctus
897 3704 1298 3772 contubernio,
1332 3705 1502 3775 cujus
1517 3705 1775 3760 animam

133 3792 260 3865 ipsa
287 3791 573 3847 transitus
601 3792 693 3847 sui
722 3792 864 3848 hora
893 3792 1124 3848 cuidam
1155 3792 1427 3866 episcopo
1449 3795 1776 3849 Graecorum

135 3881 270 3952 (65),
327 3885 541 3936 sanctae
591 3881 1047 3938 conversationis
1105 3881 1248 3948 viro,
1308 3881 1621 3938 revelatum
1691 3887 1779 3938 est

137 3969 349 4026 deferri
381 3985 485 4042 per
513 3969 753 4043 angelos
785 3970 855 4027 ad
887 3970 1014 4028 coeli
1043 3971 1510 4042 palatia.Verum
1526 3971 1777 4044 quiapro

137 4057 468 4114 sanctitatis
499 4076 617 4114 suae
641 4059 887 4127 meritis,
923 4076 1156 4115 summo
1189 4060 1259 4115 ab
1283 4060 1558 4116 omnibus
1576 4060 1777 4132 dilige-

135 4148 313 4203 batur
332 4147 563 4213 affectu,
597 4151 758 4203 ortus
784 4153 873 4203 est
896 4148 1102 4221 ingens
1132 4148 1325 4204 luctus
1357 4149 1645 4216 omnium,
1679 4149 1778 4205 sed

137 4236 391 4292 maxime
415 4235 767 4309 principum,
785 4237 934 4292 inter
956 4254 1102 4309 quos
1125 4242 1290 4308 pater
1302 4237 1596 4294 desolatus
1610 4253 1782 4311 grave

137 4326 316 4381 traxit
349 4326 472 4395 [ma
493 4325 800 4396 contraxit]
849 4326 1173 4398 suspirium
1214 4327 1458 4395 ;videns
1505 4328 1661 4384 enim
1719 4344 1783 4384 se

138 4414 336 4470 solum
367 4413 492 4470 sine
514 4430 616 4486 spe
642 4413 999 4481 posteritatis
1019 4413 1622 4488 derelictum,pietatis
1646 4419 1783 4472 affe-

213 4558 541 4631 (62)7Locus
570 4558 797 4631 videtur
827 4559 1143 4631 mendosus
1184 4558 1612 4631 legendumque
1654 4574 1779 4614 con-

213 4575 327 4631 (02)
354 4575 541 4613 Locus
570 4575 797 4613 Videtur
827 4575 1143 4613 mendosus
1184 4575 1277 4684 leg

137 4632 300 4702 tinua
331 4630 606 4702 laborans,
638 4629 723 4684 uti
757 4630 815 4684 in
844 4629 1180 4702 apographo
1203 4647 1236 4685 a

141 4701 454 4772 scriptum,
486 4705 544 4770 et
570 4700 725 4756 hunc
741 4700 984 4757 sensum
1012 4700 1172 4757 dedit
1191 4702 1419 4756 Surius.

213 4771 328 4844 (63)
360 4771 625 4844 Phrasim
657 4772 807 4828 hanc
838 4772 1233 4827 obscuriorem
1267 4777 1324 4828 et
1355 4775 1570 4828 forsam
1621 4788 1788 4844 men-

146 4843 354 4927 dosam
387 4843 614 4927 clarius.
634 4844 717 4898 sic
738 4845 1024 4927 expressit
1049 4844 1255 4926 suriu‘s
1288 4861 1300 4898 :
1335 4844 1508 4927 «“Qua
1534 4843 1792 4927 (infirmi-

145 4918 278 4986 tate)
314 4931 448 4986 cum
481 4915 717 4986 tandem
762 4914 973 4986 divinae
1034 4915 1447 4971 misericordiae
1504 4914 1794 4986 medicina

144 4985 304 5043 esset
324 4985 692 5052 liberatus,in
711 4986 873 5042 obitu
898 4985 1150 5042 ﬁliorum
1171 5002 1588 5056 suorum,quors
1601 4985 1793 5039 adhuc

83 5127 86 5129 _
143 5059 404 5129 infantes
435 5074 594 5113 mors
622 5058 836 5128 rapuit,
861 5057 1058 5112 aeterni
1110 5058 1336 5113 Judicis
1387 5055 1614 5128 ﬂagella
1663 5071 1791 5127 per-

147 5128 355 5185 sensit.
391 5151 418 5178 »

223 5201 337 5272 (64)
371 5200 572 5272 idest,
607 5199 875 5272 auditum
910 5199 1168 5272 corporis
1197 5202 1253 5272 et
1282 5199 1483 5272 animi.

227 5267 340 5344 (6.5)
366 5269 660 5344 (Libellum
697 5267 1034 5344 istum,»seu_
1067 5270 1285 5326 Monita
1314 5270 1373 5344 S.
1402 5267 1674 5344 Stephani
1695 5267 1796 5323 ha-

153 5341 262 5400 bes
290 5342 460 5397 infra.
496 5343 577 5398 Ex
606 5358 808 5398 eorum
841 5341 1149 5398 collatione
1179 5358 1309 5396 cum
1345 5341 1501 5396 brevi
1534 5356 1802 5411 compen-

150 5414 435 5486 dio,quod
457 5413 740 5486 sequitur,
772 5413 1044 5486 colligere
1077 5411 1313 5486 (poterit
1355 5410 1682 5486 studiosus,
1714 5410 1801 5466 le-

151 5483 505 5557 ctorfquam
537 5483 734 5557 exacte
807 5483 1169 5557 Carthuitius
1237 5487 1472 5557 secutus
1537 5483 1614 5538 sit
1671 5497 1801 5557 mo-

154 5553 442 5684 guncilenta
471 5556 689 5628 quibus
721 5573 864 5612 usus
895 5561 984 5612 est
1003 5557 1073 5612 ad
1103 5556 1297 5611 Vitam
1343 5554 1494 5610 hanc
1548 5553 1802 5610 conscri-

197 5646 269 5684 en
317 5645 432 5684 am.

153 5631 432 5688 bendam.

228 5700 406 5779 (65‘)
439 5698 601 5757 Idem
629 5697 809 5756 latius
847 5698 1096 5758 refertur
1145 5698 1207 5756 in
1238 5698 1371 5758 Vita
1428 5698 1488 5756 S.
1532 5693 1803 5770 Emerici,

479 5823 747 5912 Ρλτιιοι..
788 5823 939 5892 GLI.

1957 3361 2145 3414 beatas
2175 3357 2372 3425 obitus,
2399 3357 2701 3427 sepultura.
2735 3355 2948 3411 decreta
2985 3357 3227 3425 corporis
3273 3355 3526 3425 elcvatio,

1955 3446 2018 3485 ac
2046 3428 2333 3484 mirabilia
2363 3429 2423 3482 in
2443 3429 2720 3498 apertione
2749 3428 2990 3497 sepulcri
3017 3427 3184 3497 facta.

1955 3536 2042 3590 29.
2077 3534 2210 3589 Post
2264 3550 2377 3588 non
2439 3532 2691 3587 multum
2748 3531 3035 3604 temporis
3087 3531 3526 3604 aegrotationem

1887 3623 2150 3691 incurrit,
2168 3639 2285 3693 qua
2297 3621 2673 3692 postmodum
2697 3636 2936 3691 corpore
2953 3622 3219 3688 excessit,
3237 3619 3528 3692 longaque

1887 3711 2185 3784 languoris
2218 3708 2487 3764 molestia
2519 3708 2980 3782 ingravescente,
3007 3708 3069 3764 in
3101 3708 3349 3780 pedibus
3373 3713 3528 3764 stare

1887 3799 2183 3871 nequibat.
2212 3797 2486 3852 Videntes
2511 3801 2705 3852 autem
2731 3795 3346 3868 quatuornobilissimi
3369 3794 3528 3868 pala-

1887 3888 2143 3944 tinorum
2183 3885 2282 3941 diu
2332 3885 2696 3958 graviterque
2737 3885 3093 3941 laborantem
3117 3886 3277 3954 (nam
3307 3884 3422 3958 ipsi
3469 3883 3531 3940 in

1887 3975 2132 4050 perﬁdia
2167 3975 2359 4030 cordis
2389 3973 2579 4030 adhuc
2593 3977 2852 4031 errantes
2870 3972 3184 4034 consilium
3203 3971 3534 4048 iniquitatis

1887 4067 2198 4130 duxerunt,
2233 4079 2626 4135 occasumque
2645 4063 2772 4134 ejus
2794 4062 2854 4117 in
2885 4065 3133 4118 mortem
3163 4061 3354 4122 conati
3395 4064 3536 4120 sunt

1889 4156 2180 4224 tractare),
2205 4154 2330 4224 jam
2365 4152 2457 4208 die
2489 4152 3026 4223 advesperascente,
3094 4155 3411 4224 antequam
3471 4149 3532 4204 in

1890 4244 2061 4298 domo
2091 4241 2328 4298 lucerna
2354 4241 2788 4307 accenderetur,
2824 4255 2980 4294 unus
3023 4253 3226 4294 eorum
3259 4239 3534 4296 audacter

1891 4333 2001 4387 sub
2033 4331 2282 4387 obscuro
2316 4329 2616 4402 ingressus
2647 4333 2754 4396 est,
2775 4331 2831 4384 et
2861 4326 3326 4400 adjugulandem
3340 4343 3536 4400 regem

1890 4436 2090 4475 ensem
2124 4419 2411 4473 nudatum
2445 4418 2554 4473 sub
2574 4417 2864 4474 chlamida
2879 4416 3130 4489 tegebat.
3157 4418 3303 4473 Dum
3328 4417 3537 4490 pedem

1893 4561 1992 4616 ubi
2017 4559 2340 4632 episcopus
2359 4558 2455 4614 ille
2485 4559 2709 4632 dicitur
2726 4560 2999 4632 Eusebius
3059 4560 3318 4632 Caesarem
3359 4560 3541 4632 Bala-

1301 4620 1625 4703 margin'em
1663 4633 1787 4684 erat
1820 4620 1861 4684 D
1893 4620 2552 4703 stin-w‘metropolitanus.
2589 4631 2840 4703 Additur
2870 4630 3335 4703 ibidem,factum
3378 4627 3538 4703 Hu_n-_

1939 4703 2056 4759 aris
2078 4701 2404 4755 innotuisse
2453 4717 2521 4755 ex
2566 4699 2846 4757 relatione
2905 4700 3216 4770 cujusdam
3277 4699 3541 4770 canonici

1939 4721 2056 4759 aris
2078 4721 2404 4755 ιῐιῐιῡιυιεεθ
2453 4721 2521 4755 ex
2566 4721 2846 4757 ι’θιᾶιιοῐιθ
2905 4721 3216 4770 οιῃυδαθω
3277 4721 3541 4754 0811011101

1895 4721 2428 4852 fCaesariensiSLq'ui
2461 4772 2618 4852 istud
2648 4769 3167 4852 Constantinopoli,
3201 4768 3544 4852 ubilegatus

1901 4842 2544 4924 erat_,_par‘ravit.'.Erant
2572 4859 2638 4924 eo
2669 4847 2930 4924 tempore
2960 4842 3216 4924 episcOpi
3251 4844 3543 4924 ‘Caesareaa

1901 4923 1957 4973 et
1987 4916 2117 4971 aliis
2149 4913 2460 4969 Palaestinae
2492 4913 2655 4982 locis,
2689 4913 2848 4984 iique
2877 4913 3391 4984 communicabant
3407 4929 3544 4971 cum

1903 4987 2156 5044 Ecclesia
2177 4987 2457 5050 Romana,
2489 4985 2588 5039 sed
2624 4983 2822 5040 minus
2853 4983 2972 5039 noti
2986 4987 3144 5039 sunt.
3169 4983 3314 5040 Cum
3347 4989 3545 5040 autem

1903 5077 1994 5114 res
2016 5057 2204 5128 magis
2235 5061 2458 5128 spectet
2487 5057 2558 5128 ad
2589 5055 2916 5128 Emericum
2951 5071 3129 5128 quam
3173 5056 3245 5128 ad
3299 5055 3547 5128 Stepha-

1905 5146 2067 5191 num,
2103 5125 2291 5198 magis
2315 5125 2766 5198 discutiipoterit
2795 5126 2865 5198 ad
2908 5143 2963 5180 1v
3006 5126 3368 5195 Novembris,
3403 5125 3548 5198 'quo

1904 5199 2149 5256 Emerici
2182 5196 2465 5253 memoria
2494 5196 2900 5270 Martyrologio
2934 5198 3196 5254 Romano
3227 5202 3317 5254 est
3369 5196 3549 5255 ascri-

1905 5277 2023 5345 Pls:

1979 5342 2090 5415 (66)
2135 5341 2377 5415 Luctum
2431 5356 2543 5394 non
2591 5338 2771 5415 fuisse
2812 5337 2988 5415 nimis
3046 5339 3413 5415 diuturnum,
3456 5355 3550 5415 ne-

1909 5408 2051 5469 dum
2075 5408 2348 5466 morbum
2386 5427 2454 5465 ex
2492 5427 2557 5466 eo
2588 5414 2974 5478 contractum,
3005 5414 3072 5465 ut
3100 5410 3372 5467 volebant
3427 5408 3548 5479 alii,

1910 5484 2146 5558 probavi
2178 5482 2342 5558 alias.

2004 5557 2075 5610 66
2095 5555 2148 5626 ')-
2169 5552 2520 5626 Gravitatem
2554 5569 2785 5608 morum
2816 5550 3107 5626 intelligit.

2005 5626 2096 5700 67)
2122 5623 2433 5696 'lnteriorz's,
2467 5623 2527 5681 id
2559 5629 2646 5682 est
2674 5624 2872 5682 mentis
2901 5623 3108 5681 oculis.

3161 5820 3240 5898 39
