3962 6404
399 321 556 394 1227

1397 324 1463 388 S.
1511 322 1901 389 STEPHANI
1943 320 2500 391 HUNGARORUM
2549 320 2805 388 REGIS.

3658 323 3807 390 1228

398 457 691 514 inhiberet
717 456 821 514 ubi
842 456 1312 530 rexquiescebat,
1337 473 1539 516 revera
1552 459 2043 531 caelestiimpulsu
2075 461 2128 526 Α
2160 477 2336 515 manu
2364 460 2770 515 ministrorum
2802 455 3143 530 principalis
3159 454 3373 514 chorus
3390 459 3807 516 comitum.Ubi

394 545 628 618 gladius
658 547 897 617 corruit,
937 562 1370 620 percussusque
1385 551 1600 604 terram
1623 549 1734 620 (68)
1765 548 2044 603 tinnitum

397 635 674 692 reddidit.
698 637 907 693 Statim
929 653 1028 693 rex
1041 637 1289 693 audiens
1310 653 1549 692 causam
1572 638 1891 709 requisivit,
1907 653 2042 692 cum

395 722 537 795 quid
569 724 759 782 fuerat
785 725 1142 798 praesciebat.
1194 725 1295 782 Ille
1344 742 1480 792 yero
1534 725 1743 782 anxius
1801 726 2041 797 corruit,

394 811 708 869 consilium
742 812 955 870 furoris
985 813 1079 869 sui
1130 815 1481 887 recognovit,
1516 814 1722 884 doluit,
1774 814 2039 881 accessit,

392 900 981 976 procubuit,vestigia
1034 901 1398 976 amplexatus
1455 907 1563 971 est,
1616 921 1677 959 se
1724 903 2042 975 deliquisse

326 1020 337 1030 -
397 990 727 1060 confessus,
760 991 873 1048 sibi
902 991 1196 1065 indulgeri
1219 997 1489 1064 precatus
1503 991 1860 1049 est.Veniam
1883 1008 2041 1064 quae-

393 1079 567 1148 renti,
600 1096 719 1136 non
747 1081 956 1137 avertit
984 1081 1218 1149 faciem,
1256 1080 1428 1136 facile
1485 1080 1728 1137 dimisit.
1778 1081 2040 1152 Denique

384 1165 564 1237 jussu
592 1168 751 1241 regis
777 1168 1081 1225 homicidae
1112 1168 1199 1224 illi
1230 1170 1446 1226 inventi
1480 1173 1707 1241 sunt,et
1761 1169 2041 1224 adversus

390 1271 495 1316 eos
512 1256 740 1327 judicio
769 1258 930 1329 [forte
952 1258 1199 1332 judicia]
1231 1256 1484 1327 locutus,
1513 1259 1690 1330 digna
1707 1273 1806 1313 eos
1825 1254 2037 1311 multa-

403 1349 488 1406 vit
515 1345 823 1403 sententia.

458 1438 546 1493 30.
581 1435 840 1491 Tandem
870 1451 975 1508 per
991 1432 1455 1492 misericordiam
1489 1433 1589 1490 Dei
1631 1433 1846 1507 dignus
1903 1450 2035 1489 cen-

385 1523 661 1599 tuplicari
692 1523 1095 1579 retributionis
1125 1524 1346 1590 bravio,
1380 1527 1574 1579 tactus
1604 1522 1910 1591 {ebri,eum
1925 1520 2036 1578 sibi

389 1615 546 1671 diem
574 1612 862 1670 transitus
884 1612 1193 1668 imminere
1227 1630 1344 1668 non
1376 1612 1717 1686 ambigeret,
1742 1610 2038 1667 accersitis

382 1703 671 1777 episcopis
700 1706 757 1757 et
783 1701 990 1774 primis
1020 1700 1219 1773 palatii
1252 1703 1323 1756 de
1363 1701 1576 1757 Christi
1636 1700 1871 1756 nomine
1920 1699 2039 1772 glo-

382 1790 959 1863 riantibus,primum
993 1806 1127 1845 cum
1154 1791 1237 1845 eis
1258 1789 1609 1846 tractavitde
1626 1789 2034 1845 substituendo

384 1896 489 1954 pro
520 1896 583 1937 se
601 1894 755 1952 rege.
780 1879 1001 1934 Deinde
1014 1881 1252 1949 paterne
1267 1878 1499 1934 monuit
1518 1878 1649 1932 illos
1687 1876 2036 1933 catholicam

382 1968 561 2024 ﬁdem
608 1967 915 2023 observare
945 1982 1124 2038 quam
1155 1970 1513 2038 acceperant,
1533 1983 1728 2022 amare
1740 1965 2035 2037 justitiam

381 2054 623 2112 vincula
648 2070 917 2127 supernae
975 2053 1283 2109 charitatis
1332 2054 1594 2127 diligere,
1655 2059 1712 2110 et
1768 2052 2036 2109 cbaritati

383 2161 624 2219 operam
669 2144 831 2211 dare,
876 2141 1239 2199 humilitatis
1280 2144 1476 2199 studio
1532 2142 1854 2215 invigilare,
1915 2159 2033 2214 pra:

381 2233 643 2308 [ms.pro]
673 2232 951 2290 omnibus
977 2220 1111 2288 vero
1141 2232 1378 2288 novellae
1395 2231 1853 2288 Christianitatis
1865 2231 2032 2303 plan-

376 2322 585 2379 tationi
616 2321 740 2395 [al.,
772 2320 1222 2393 plantationem]
1254 2320 1578 2376 custodiam
1602 2319 1896 2376 adhibere.
1926 2320 2030 2375 His

379 2411 571 2480 dictis,
606 2427 819 2466 manus
847 2414 905 2466 et
934 2409 1132 2467 oculos
1162 2408 1361 2466 levans
1386 2410 1459 2465 ad
1484 2410 1698 2476 sidera,
1731 2410 1817 2465 sic
1841 2408 2029 2465 excla-

377 2498 589 2556 mavit:
616 2500 841 2572 Regina
870 2498 1017 2567 coeli,
1053 2498 1369 2571 reparatrix
1400 2497 1620 2571 inclyta
1668 2498 1875 2553 mundi
1926 2502 2028 2554 tuo

374 2589 699 2662 patrocinio
757 2592 1020 2645 sanctam
1085 2586 1567 2655 Ecclesiam,cum
1620 2587 1910 2659 episcOpis
1970 2592 2029 2643 et

380 2677 554 2746 clero,
589 2693 836 2750 regnum
865 2693 1000 2734 cum
1030 2676 1383 2749 primatibus
1406 2680 1463 2732 et
1492 2675 1706 2748 populo
1748 2677 1859 2732 sub
1908 2676 2027 2732 tuis

374 2766 650 2838 precibus
679 2765 1022 2823 committo:
1074 2765 1291 2836 quibus
1350 2764 1626 2820 ultimum
1672 2764 2023 2837 valedicens,

376 2854 652 2910 manibus
671 2854 794 2910 tuis
824 2854 1084 2909 animam
1110 2870 1300 2909 meam
1333 2854 1699 2909 commendo.

446 2947 535 2998 3i.
571 2942 834 2998 Instabat
877 2945 1017 2996 tunc
1061 2941 1407 2997 solemnitas
1465 2940 2025 3014 praecipua,celebris

375 3029 607 3103 angelis
636 3034 693 3085 et
715 3029 1057 3097 homnibus,
1091 3029 1216 3084 dies
1246 3029 1682 3101 Assumptionis
1714 3029 1929 3096 Mariae,
1961 3030 2021 3085 in

372 3118 547 3190 cujus
575 3117 787 3191 gaudio
819 3116 1124 3173 dissolutio
1155 3118 1247 3173 sui
1277 3118 1537 3191 corporis
1580 3119 1760 3185 ﬁeret,
1793 3118 2023 3175 miseri-

2158 566 2257 603 rex
2285 548 2530 604 dilectus
2560 549 2619 602 in
2652 546 2842 603 medio
2863 548 3091 618 jacens,
3110 551 3349 620 accepta
3371 545 3648 605 unctione
3690 549 3805 621 spi-

2157 637 2343 692 ritalis
2379 637 2750 701 sacramenti,
2784 640 3047 693 sanctam
3095 638 3377 702 animam,
3433 637 3700 711 corporis
3755 643 3809 693 et

2156 726 2462 799 sanguinis
2483 725 2714 781 Domini
2736 724 2924 781 nostri
2954 725 2987 780 J
2993 742 3094 781 esu
3118 725 3332 782 Christi
3354 726 3562 782 viatico
3584 743 3807 783 recrea-

2150 819 2294 882 tam,
2328 831 2480 870 anno
2502 813 2816 870 Dominica:
2848 814 3274 870 Incarnationis
3304 814 3621 871 millesimo
3644 816 3809 872 trice-

2152 903 2302 959 simo
2333 908 2540 975 quarto
2563 902 2698 974 (70),
2732 903 2792 957 in
2826 919 3038 959 manus
3087 908 3377 976 perpetua:
3431 904 3695 978 Virginis
3751 920 3808 960 et

2151 997 2488 1048 sanctorum
2513 991 2882 1063 angelorum,
2917 997 3167 1048 aeternae‘
3201 993 3417 1065 quietis
3454 994 3807 1050 beatitudini

2146 1080 2507 1136 inferendam
2541 1080 2802 1137 tradidit.
2838 1082 3049 1136 Factus
3073 1085 3163 1136 est
3202 1081 3473 1153 planctus
3505 1083 3805 1139 maximus

2148 1186 2411 1238 suorum,
2463 1168 2744 1242 gaudium
2792 1169 3135 1242 angelorum
3170 1172 3310 1240 ;sed
3368 1170 3465 1226 hic
3523 1171 3803 1244 planctus

2147 1262 2351 1330 postea
2380 1274 2584 1313 versus
2628 1262 2716 1313 est
2758 1258 2817 1313 in
2866 1257 3129 1314 laetitiam
3189 1260 3301 1331 (71)
3351 1260 3800 1331 sempiternam,

2145 1351 2267 1403 tam
2289 1347 2655 1402 nascentium
2670 1363 2846 1418 quam
2870 1352 2928 1402 et
2942 1346 3258 1403 viventium
3277 1346 3649 1420 populorum.

2215 1437 2303 1490 32.
2336 1437 2419 1490 Ad
2450 1434 2758 1506 exsequias
2790 1435 3010 1492 funeris
3040 1437 3169 1507 ejus
3199 1452 3267 1491 ex
3315 1437 3588 1493 omnibus
3645 1439 3797 1494 Pan-

2147 1524 2334 1579 noniae
2348 1524 2539 1596 plagis
2558 1525 2945 1590 concurritur,
2970 1541 3183 1597 corpus
3207 1525 3277 1580 ad
3302 1526 3499 1581 sedem
3515 1526 3798 1599 regalem.

2144 1612 2351 1666 Albam
2384 1611 2651 1667 videlicet
2679 1612 2997 1681 civitatem,
3030 1613 3358 1668 deducitur.
3396 1614 3463 1668 Et
3513 1615 3797 1686 quoniam

2145 1700 2387 1755 ecclesia
2418 1699 2774 1755 Beatissimae
2809 1700 3087 1773 Virginis,
3130 1702 3203 1757 ab
3252 1702 3381 1774 ipso
3430 1707 3793 1771 constructa,

2149 1790 2409 1843 nondum
2442 1793 2565 1844 erat
2601 1789 2885 1854 dedicata,
2952 1790 3160 1845 merito
3213 1791 3457 1846 consilio
3502 1796 3797 1847 statutum

2147 1879 2258 1949 (72)
2288 1878 2614 1950 pontifices,
2646 1877 2811 1950 prius
2842 1878 3145 1934 basilicam
3159 1879 3546 1949 sanctificare,
3572 1880 3795 1938 deinde

2146 1983 2356 2037 corpus
2387 1971 2554 2022 terra:
2605 1969 3036 2023 commendare.
3099 1969 3362 2024 Perfecta
3407 1969 3800 2026 dedicationis

2145 2054 2530 2125 solemnitate,
2566 2074 2776 2129 corpus
2791 2061 3059 2112 sanctum
3079 2058 3137 2112 in
3161 2057 3353 2113 medio
3372 2058 3582 2113 domus
3596 2075 3799 2115 sarco-

2141 2144 2332 2216 phago
2363 2146 2593 2200 candidi
2627 2145 2939 2201 marmoris
2964 2145 3306 2217 imponitur,
3340 2146 3440 2201 ubi
3472 2164 3575 2219 per
3602 2165 3797 2205 annos

2140 2233 2359 2304 plures,
2394 2234 2677 2290 Dominus
2711 2251 2812 2306 per
2843 2235 3029 2307 ipsius
3056 2236 3264 2291 merita
3308 2235 3511 2292 multis
3565 2237 3795 2294 incom-

2141 2323 2313 2376 moda
2346 2323 2726 2394 patientibus,
2775 2323 3262 2394 febricitantibus,
3294 2324 3674 2381 afﬂictionem
3736 2332 3797 2382 et

2140 2409 2437 2467 miseriam
2469 2429 2637 2467 suam
2667 2411 3187 2484 proclamantibus,
3212 2413 3628 2486 judiciumque
3659 2432 3795 2487 por-

2139 2500 2423 2567 tantibus,
2456 2500 2742 2555 beueﬁcia
2771 2500 3060 2572 praestitit.
3116 2501 3427 2557 innumera
3456 2502 3587 2574 (73).
3624 2502 3793 2575 Saepe

2138 2603 2239 2658 per
2268 2591 2495 2643 noctem
2528 2587 2798 2656 melodia,
2834 2589 3210 2644 cantantibus
3244 2588 3487 2661 angelis,
3520 2606 3555 2646 a
3578 2590 3792 2647 multis

2137 2676 2487 2731 audiebatur
2519 2694 2532 2745 ;
2567 2678 2902 2748 frequenter
2930 2676 3123 2732 odoris
3154 2676 3489 2734 suavissimi
3533 2678 3788 2735 dulcedo

2136 2780 2239 2835 per
2265 2764 2448 2820 latera
2478 2764 2677 2837 templi
2701 2765 3162 2837 dispergebatur.
3197 2766 3304 2829 Qui
3336 2766 3446 2839 (74)
3501 2783 3636 2823 cum
3697 2768 3787 2823 ita

2082 2856 2090 2867 ‘
2134 2869 2350 2925 corpus
2380 2854 2620 2908 beatum
2644 2854 2701 2907 in
2726 2854 2849 2909 loco
2881 2855 3083 2910 eodem
3104 2855 3493 2927 quadraginta
3513 2856 3784 2928 quinque

2133 2941 2304 2996 annis
2326 2942 2486 2996 mirae
2510 2942 2909 3014 dispositionis
2941 2949 3181 3011 secreto,
3201 2944 3301 3015 qui
3334 2944 3392 2998 in
3409 2945 3628 3001 sanctis
3653 2946 3787 3001 suis

2132 3028 2481 3101 praedicatur
2497 3030 2803 3095 mirabilis,
2823 3032 3134 3103 gravedine
3149 3049 3444 3104 pressum,
3463 3038 3520 3089 et
3541 3033 3601 3088 in
3646 3034 3786 3106 pul-

2132 3135 2325 3173 verem
2358 3120 2681 3179 redactum.
2717 3120 2782 3174 Et
2812 3120 2921 3175 hoc
2949 3124 3212 3194 tempore
3243 3122 3654 3194 praedestinato
3681 3124 3788 3180 de-

376 3207 584 3264 cordiaa
628 3223 790 3279 spem
816 3205 1056 3278 majoris
1079 3207 1201 3279 [ma
1221 3206 1525 3280 majorem]
1557 3224 1875 3279 sesperans
1916 3207 2014 3263 ha-
2044 3196 2086 3263 C
2125 3205 2331 3262 clarari
2381 3207 2617 3279 dignus,
2650 3212 2707 3263 et
2734 3208 2795 3263 in
2836 3210 3281 3266 resurrectionis
3337 3209 3429 3266 die
3486 3210 3786 3282 gloriosus

370 3297 636 3353 biturum
668 3295 1099 3368 precibus(69);
1137 3295 1258 3351 haec
1271 3296 1682 3368 spiritualibus
1706 3296 2019 3369 postulavit

371 3385 666 3459 suspiriis,
699 3390 757 3441 et
780 3384 1053 3457 lacrymis
1099 3385 1372 3441 obtinuit.
1413 3385 1629 3441 Aderat
1683 3401 1820 3458 ergo
1880 3385 2017 3440 felix

369 3475 470 3531 illa
499 3474 649 3541 dies,
682 3490 784 3546 per
810 3474 939 3545 ejus
970 3474 1196 3529 obitum
1231 3473 1451 3529 felicior
1482 3491 1616 3529 mox
1646 3475 1862 3543 futura,
1905 3474 2014 3529 cir-

344 3564 702 3621 .cumstabat
732 3579 868 3618 cum
890 3561 1043 3618 clero
1077 3563 1399 3635 paternitas
1431 3563 1858 3636 episcoporum,
1878 3578 2013 3619 cum

430 3799 543 3871 (68)
571 3798 807 3871 Rectius
836 3795 1148 3871 diceretur,
1175 3813 1541 3869 percussaque
1586 3801 1754 3871 terra,
1806 3797 1906 3854 sed
1955 3801 2013 3853 et

359 3868 477 3927 alia
509 3868 710 3925 minus
741 3870 954 3928 Latina
984 3868 1158 3924 habet
1178 3868 1530 3932 ’auctor,nec
1569 3868 1768 3924 omnia
1814 3872 2009 3924 tamen

356 3941 461 3996 illa
490 3939 747 4011 notanda
776 3940 939 4008 duxi,
976 3941 1149 3995 modo
1183 3938 1791 4011 sensusintelligatur.

430 4009 701 4083 (69)_Vox
723 4014 982 4083 precibus
1009 4010 1229 4081 omissa
1257 4015 1346 4065 est
1375 4009 1436 4064 in
1468 4009 1863 4083 ms.,_nec_est
1905 4027 2010 4066 ne-

357 4079 626 4153 cessaria.
665 4079 889 4139 Ibidem
922 4099 1056 4138 mox
1087 4079 1191 4152 pro
1221 4081 1604 4152 spiritualibus
1648 4080 1863 4153 legitur
1894 4098 2010 4153 spe-

355 4152 798 4297 cuzélzgfdbiisse
830 4228 1113 4297 sanctum
1135 4239 1287 4278 anno
1319 4222 1737 4297 103_8__con_stat.
1786 4225 1909 4297 Qua
1946 4223 2005 4279 in

229 4301 248 4308 ’
352 4293 498 4351 urbe
526 4293 754 4367 Obierit,
786 4298 941 4370 apud
999 4296 1272 4366 antiquos
1313 4293 1519 4370 nullibi
1547 4293 1804 4370 _dicit_ur.
1840 4296 2006 4350 Atta-

353 4381 678 4449 men,‘cum
711 4364 845 4449 mag
863 4364 1268 4449 _di_cat_cor_‘pus
1316 4364 1522 4449 Albam
1547 4365 1826 4449 Regalem
1874 4382 2006 4449 esse

349 4434 730 4505 translatum,
784 4438 1019 4495 videtur
1036 4434 1339 4494 insinuare
1368 4435 1448 4490 ibi
1471 4453 1586 4490 non
1618 4434 1747 4492 esse
1795 4437 2001 4493 defun-

350 4513 536 4664 alii?)
581 4578 665 4635 Ob
716 4579 999 4638 miracula
1045 4584 1266 4649 secuta,
1318 4578 1542 4653 opinor,
1604 4583 1661 4635 et
1746 4578 1996 4652 gloriam

349 4661 736 4798 83?;2lj.Forte
772 4727 1031 4798 statuere.
1066 4724 1146 4779 De
1176 4723 1346 4798 Alba_
1369 4694 1565 4795 Regali
1620 4721 1793 4798 variis
1847 4721 1993 4778 locis

345 4793 560 4862 actum,
585 4795 656 4876 de
684 4794 864 4876 hujus
885 4812 1126 4876 quoque
1135 4793 1398 4876 ecclesia
1419 4793 1850 4849 constructione
1875 4810 1990 4848 non

344 4883 531 4938 pauca
557 4865 741 4938 videri
767 4865 1069 4938 possunt'g‘
1097 4868 1188 4922 25.

400 4937 528 5007 (73)
559 4937 623 4992 In
652 4932 1324 5009 ms._'aliquahicomissa
1349 4954 1361 5002 ;
1390 4952 1527 5009 nam
1557 4934 1679 5009 hac
1701 4932 1990 5009 solumibi

342 5005 661 5085 leguntur}
698 5029 725 5055 ‹‹
763 5005 1004 5080 Ubi-per
1033 5025 1216 5063 annos
1244 5008 1444 5132 slures
1470 5006 1754 5084 Dominus
1787 5005 1987 5086 perip-

344 5077 469 5132 sius
494 5078 703 5132 merita
728 5077 1239 5132 multisincommo
1285 5075 1987 5132 anatientlbusbeneﬁcm

344 5075 469 5133 sius
494 5075 703 5150 merita
728 5075 931 5135 multis
946 5075 1319 5135 incommoda
1334 5076 1691 5150 patientibus
1704 5075 1988 5131 beneﬁcia

343 5146 617 5221 praestitit
648 5145 975 5221 innumera.
1007 5172 1036 5199 ››

415 5220 529 5291 (74)
550 5216 794 5291 Phrasis
825 5220 918 5275 hic
949 5219 1491 5276 maximemendosa
1516 5222 1747 5291 esttam
1778 5218 1832 5291 in
1866 5219 1982 5272 edi-

341 5285 782 5362 tio'ne'quainrin
815 5307 947 5362 ms,
980 5291 1113 5345 licet
1144 5292 1201 5345 in
1227 5291 1464 5362 vocibus
1494 5289 1743 5362 subinde
1761 5289 1982 5362 dissen-

339 5362 510 5423 tiant.
544 5359 835 5433 Scriptum
866 5360 1022 5433 haud
1055 5362 1229 5417 dubie
1261 5361 1371 5416 fuit
1401 5377 1587 5433 usque
1601 5360 1672 5416 ad
1686 5360 1860 5416 ﬁnem
1876 5359 1981 5433 hu-

2128 3296 2390 3351 renovari
2420 3301 2702 3363 meretur,
2733 3296 2842 3353 hoc
2872 3314 2971 3353 cor
3000 3315 3175 3354 suum
3209 3298 3473 3371 resipuit,
3508 3300 3648 3371 quid
3673 3302 3785 3358 de-

2126 3384 2316 3457 signet
2346 3385 2532 3440 oculis
2564 3384 2969 3457 spiritualibus
3012 3388 3131 3458 [ma
3179 3388 3728 3460 supernaturalibus
3764 3390 3783 3461 ]

2125 3472 2373 3528 delectat
2390 3473 2713 3541 intendere,
2735 3475 2910 3545 quod,
2931 3477 3181 3547 [ms.qui]
3203 3475 3327 3531 sine
3340 3477 3783 3549 praeordinatio-

2125 3561 2215 3616 nis
2247 3561 2338 3617 die
2370 3562 2580 3617 affectu
2612 3562 2808 3618 divino
2838 3563 3057 3619 factum
3088 3581 3205 3620 non
3221 3564 3602 3622 aestimamus.
3637 3566 3783 3622 For-

2121 3795 2291 3868 (Psal.
2327 3796 2606 3863 van,36,
2642 3796 2952 3851 marmoris
2982 3795 3242 3868 pondere
3283 3800 3666 3868 pressumhet
3711 3796 3779 3853 in

2120 3865 2431 3950 pulverem
2449 3868 2774 3950 redactum,
2801 3872 2865 3922 ut
2909 3865 3170 3950 tempore
3216 3865 3504 3950 praefinito
3550 3866 3777 3948 dignus

2119 3937 2531 4004 declararetur,
2567 3943 2623 3993 et
2652 3941 2709 3993 in
2742 3937 3189 3994 resurrectionis
3216 3937 3312 3994 die
3343 3937 3656 4004 gloriosius
3676 3955 3771 3995 re-

2118 4013 2378 4064 novetur.
2412 4010 2475 4063 Id
2498 4026 2630 4065 vero
2652 4009 2790 4080 quid
2823 4009 3134 4080 signiﬁcet,
3167 4009 3401 4081 quando
3419 4010 3544 4065 sine
3566 4010 3770 4067 divina

2118 4080 2481 4153 ordinatione
2511 4086 2568 4135 et
2590 4081 2791 4153 divino
2816 4081 3022 4153 affectu
3056 4081 3274 4135 factum
3292 4081 3549 4153 gmirnime
3591 4086 3765 4153 puta-

2118 4168 2272 4219 mus,
2306 4151 2448 4206 libet
2476 4150 3062 4221 oculisinterioribus
3107 4150 3422 4221 speculari.
3469 4150 3763 4210 Fortassis

2115 4221 2383 4297 nonnihil
2416 4220 3608 4297 terreni_p_ulveris,divinte’examinationis
3627 4223 3765 4297 igne

2115 4238 2383 4278 nonmnu
2416 4238 2629 4276 terreni
2648 4238 3137 4345 pulverismivmze
3158 4238 3608 4279 examinatioms
3627 4239 3760 4297 igne

2113 4293 2510 4366 purgandum,
2546 4293 2604 4368 i_n
2634 4290 3161 4368 i_lo.remanserat,
3207 4290 3333 4368 sine
3392 4307 3507 4368 quo
3568 4311 3760 4368 reges,

2113 4361 2329 4438 magna
2358 4363 2616 4438 potentia
2646 4361 2797 4438 fulti,
2832 4362 3013 4416 vitam
3043 4361 3534 4433 praesentem—vix,
3562 4361 3668 4421 aut
3689 4361 3765 4424 ne

2111 4433 2473 4508 vix'quidem
2504 4433 2824 4508 transigere
2857 4439 3188 4508 possuntqc
3219 4438 3468 4508 Sensum
3503 4453 3537 4491 a
3583 4438 3760 4495 Suric

2110 4503 2270 4563 recte
2293 4503 2817 4578 datumexistimo,
2848 4507 2907 4559 at
2937 4505 3156 4578 auctori
3182 4504 3619 4578 philosophanti
3651 4510 3762 4565 mi-

2027 4563 2075 4627 D
2107 4578 2265 4633 nime
2297 4576 2619 4650 assentior;
2645 4563 2971 4650 namiquod
2992 4563 3225 4650 corpus,
3285 4563 3522 4650 exce‘pta
3558 4563 3761 4636 delite-

2106 4666 2193 4716 ra,
2210 4653 2278 4702 ut
2290 4645 2637 4723 videbimus,
2653 4645 3026 4723 inpulverem
3043 4645 3121 4704 sit
3132 4645 3454 4723 redactum]
3475 4651 3757 4723 quodque

2103 4735 2207 4789 per
2236 4734 2422 4792 annos
2448 4718 2835 4792 quadraginta
2866 4719 3129 4792 quinque
3148 4720 3381 4792 publico
3440 4718 3603 4777 cultu
3653 4718 3757 4779 ca-
3794 4764 3797 4773 .

2101 4788 2308 4855 ruerit,
2338 4805 2453 4843 non
2494 4788 2721 4863 praebet
2752 4788 3049 4863 idoneam—
3074 4788 3363 4863 rationem
3413 4792 3748 4863 judicandi,

2101 4864 2234 4938 post
2265 4864 2512 4938 mortem
2540 4861 2726 4938 sancti
2758 4861 2982 4938 aliquid
3014 4863 3073 4917 in
3105 4864 3234 4933 ejus
3249 4861 3447 4938 anima
3466 4863 3651 4920 fuisse
3670 4861 3752 4938 ig-

2099 4930 2275 4987 nibus
2306 4930 2699 5004 piacularibus
2721 4930 3105 5008 expiandum;
3132 4930 3271 5008 cum
3330 4930 3748 5008 plerorumqu'e

2096 5007 2432 5077 sanctorum
2464 5020 2704 5077 corpora
2724 5004 3104 5077 in'pulverem
3143 5005 3503 5077 redigantur,
3534 5004 3746 5064 secun-

2095 5076 2237 5149 dum
2261 5075 3032 5149 ordinariasnaturreleges,
3068 5075 3356 5149 multique
3382 5093 3451 5149 ex
3472 5076 3591 5149 illis
3622 5078 3744 5135 lon-

2093 5145 2239 5217 giori
2267 5152 2526 5218 tempore
2558 5147 2683 5202 sine
2710 5145 2944 5218 publica
2970 5145 3339 5218 veneratione
3372 5147 3607 5217 fuerint,
3638 5168 3737 5206 ne-

2093 5216 2203 5293 que
2234 5216 2427 5271 tamen
2450 5218 2583 5293 inde
2601 5216 2802 5293 inferri
2820 5219 3024 5293 possit,
3042 5216 3264 5293 aliquid
3280 5219 3356 5293 _i_n
3374 5218 3520 5290 ipsis
3533 5237 3738 5293 super-

2090 5290 2273 5343 fuisse
2304 5289 2516 5361 terreni
2540 5288 2795 5360 pulveris
2822 5288 2959 5361 post
2982 5288 3209 5361 felicem
3241 5288 3486 5346 obitum.
3547 5288 3735 5349 Tanto

2089 5364 2284 5414 autem
2320 5360 2507 5431 magis
2538 5358 2610 5415 ab
2642 5361 2752 5414 hac
2778 5358 3110 5430 suspicione
3140 5360 3435 5417 abstinere
3452 5362 3734 5419 debuerat

330 5435 435 5505 jus
465 5431 704 5506 numeri
726 5431 839 5506 hoc
869 5431 985 5506 fere
1025 5432 1232 5506 modo;
1279 5448 1392 5503 quo
1450 5430 1644 5488 locum
1693 5431 1981 5506 expressit
2088 5436 2290 5506 auctor
2320 5430 2540 5506 quanto
2572 5430 2818 5506 clariora
2833 5435 2985 5506 sunt
3014 5431 3341 5506 sanctitatis
3358 5432 3729 5506 i_ndieia,qua:

339 5500 582 5584 Surius:
608 5525 647 5584 _u
674 5503 871 5584 Jacuit
898 5502 959 5557 in
990 5519 1056 5558 eo
1086 5502 1223 5584 loco
1263 5500 1495 5584 sacrum
1541 5500 1977 5584 corpus'annis
2084 5500 2447 5584 praemiserat
2475 5502 2545 5584 de
2604 5500 2925 5570 miraculis,
2980 5501 3228 5561 melodis.
3287 5503 3502 5561 caelesti
3552 5500 3727 5584 atque

379 5576 733 5662 uadraginta
758 5575 1020 5659 quinque
1041 5572 1269 5662 occulta
1286 5575 1541 5662 quadam
1558 5572 1976 5662 omnipotentis
2084 5572 2258 5630 odore
2283 5572 2655 5631 suavissimo.

420 5642 869 5727 idispositiohe,
894 5642 997 5727 q'ui
1021 5648 1112 5707 est
1136 5642 1422 5705 mirabilis
1466 5645 1528 5706 in
1576 5642 1795 5705 sanctis
1849 5644 1975 5705 suis
