3962 6364
144 338 297 400 1229

1736 333 1916 404 VI'l‘A
1930 388 1944 402 .

3387 340 3548 406 i230

144 472 292 527 sitan
330 471 599 543 quaedam
623 471 747 542 [τηε.
773 470 1114 544 quemdam]
1137 472 1196 528 in
1227 473 1378 545 ipso,
1409 474 1622 528 terreni
1658 472 1786 545 pul-
1821 477 1863 540 A
1902 476 2032 545 (80),
2084 473 2321 529 nomine
2368 473 2651 539 Charitas,
2714 474 2886 545 cujus
2932 473 3061 529 vitae
3116 474 3363 531 celebris
3402 477 3543 530 tunc

141 559 289 617 veris
320 559 678 633 aspersione,
713 560 848 634 igne
905 561 1114 618 divinae
1172 560 1622 618 examinationis
1663 564 1782 632 [ms.

143 648 783 720 excommunicationis]
816 649 1247 721 puriﬁcandum
1273 651 1786 719 remanserat,sine

142 739 406 811 qua[ms.
440 738 577 810 quo]
611 743 941 811 regnantes,
996 739 1166 810 quasi
1207 739 1460 812 quodam
1513 739 1649 810 jure
1678 755 1785 811 po-

140 827 373 883 tentiale
393 826 572 883 vitam
598 832 944 900 prasentem
966 827 1058 882 vix
1078 831 1181 883 aut
1206 826 1544 883 nullatenus
1575 828 1787 883 ducere

141 920 374 989 queant.

208 1005 295 1061 34.
348 1005 672 1077 Interjectis
725 1006 836 1077 (75)
871 1005 1066 1077 itaque
1097 1004 1489 1078 quadraginta
1526 1004 1785 1077 quinque

141 1094 330 1163 annis,
363 1109 498 1149 cum
530 1094 641 1165 (76)
675 1094 746 1149 ad
777 1094 1109 1166 praestanda
1139 1110 1241 1166 per
1270 1110 1405 1149 eum
1437 1092 1784 1149 mortalibus

141 1182 548 1239 misericordiae
579 1199 697 1238 sua:
728 1182 1029 1250 beneﬁcia,
1063 1182 1259 1238 Sancti
1303 1183 1394 1237 sui
1437 1183 1564 1253 jam
1610 1180 1786 1238 vellet

140 1277 289 1329 Deus
310 1271 519 1328 merita
539 1271 852 1340 declarare,
888 1272 1159 1327 Romana;
1193 1272 1348 1328 sedis
1394 1271 1780 1338 institutione,

143 1359 473 1435 apostolicis
493 1360 702 1417 litteris
748 1360 1040 1417 sancitum
1092 1365 1182 1417 est
1214 1365 1276 1416 ut
1306 1377 1509 1417 eorum
1541 1376 1785 1432 corpora

142 1450 344 1507 elevari
381 1450 682 1516 deberent,
716 1448 816 1522 qui
847 1450 906 1504 in
940 1449 1238 1505 Pannonia
1270 1448 1614 1505 Christianae
1647 1448 1782 1504 ﬁdei

132 1540 395 1610 jacentes
425 1539 559 1612 [ad.,
610 1538 861 1595 mendose
910 1539 1198 1609 jacentes]
1231 1537 1480 1605 semina,
1515 1555 1623 1593 sua
1653 1553 1782 1593 eam

141 1627 567 1699 praedicatione,
594 1626 680 1682 vel
708 1627 1076 1682 institutione
1106 1627 1177 1683 ad
1201 1626 1516 1682 Dominum
1547 1642 1780 1682 conver-

140 1716 724 1773 tissent.Adveniente
746 1732 878 1771 vero
900 1720 1160 1787 tempore
1181 1714 1593 1772 declarationis
1631 1717 1778 1787 ejus,

140 1812 198 1861 et
214 1805 700 1878 laudibusgratize
723 1807 871 1875 ejus,
906 1822 1082 1877 quam
1115 1806 1429 1877 peripsum
1448 1821 1591 1878 gens
1623 1804 1780 1858 Hun-

139 1894 333 1967 garica
354 1894 694 1967 promeruit,
718 1893 777 1948 in
811 1894 1031 1949 mundo
1072 1893 1463 1966 divulgandae,
1498 1909 1598 1948 rex
1625 1892 1784 1949 Ladi-

137 1983 295 2040 slaus
345 1985 479 2056 (77),
528 1983 626 2056 qui
672 1988 812 2038 tunc
843 1982 1269 2055 rempublicam
1304 1982 1781 2049 administrabat,

139 2071 409 2128 universa
438 2088 668 2127 morum
701 2072 1004 2127 honestate
1062 2071 1382 2143 praeclarus
1440 2070 1697 2137 habitus,
1731 2074 1787 2125 et

137 2163 422 2217 virtutum
470 2159 692 2234 fulgore
742 2162 1114 2233 conspicuus,
1150 2160 1425 2216 laudibus
1453 2164 1509 2215 et
1549 2159 1783 2216 servitio

138 2251 239 2307 Dei
260 2251 512 2324 perfecte
557 2250 812 2317 deditus,
861 2249 1111 2323 Spiritus
1145 2249 1427 2305 Paracleti
1464 2248 1786 2321 perlustra-

140 2340 293 2395 tione
312 2338 734 2407 tactus,habito
749 2337 991 2394 consilio
1018 2355 1150 2393 cum
1175 2337 1464 2410 episcopis
1486 2341 1542 2392 ct
1567 2337 1783 2408 prima-

140 2429 318 2495 tibus,
349 2432 407 2484 et
436 2429 620 2485 totius
651 2427 963 2483 Pannoniae
996 2426 1383 2499 sapientibus,
1443 2426 1782 2480 triduanum

140 2517 911 2590 cunctisindixitjejunium,
948 2521 1011 2572 ut
1048 2516 1203 2588 quod
1249 2514 1545 2571 communi
1578 2513 1782 2569 Catho-

137 2605 380 2663 licorum
414 2606 670 2673 utilitati,
702 2606 953 2679 Spiritus
971 2604 1157 2660 sancti
1181 2602 1349 2659 donis
1367 2604 1695 2658 animarum
1729 2606 1786 2657 et

140 2712 451 2768 corporum
482 2695 730 2751 salutem
777 2695 1177 2767 operantibus,
1201 2692 1429 2748 videtur
1457 2692 1575 2746 fore
1608 2690 1783 2763 proﬁ-

138 2800 316 2839 cuum
340 2783 638 2840 communi
670 2788 1015 2839 cunctorum
1036 2780 1706 2854 deprecatione,jejuniis
1728 2785 1785 2835 et

139 2872 527 2946 eleemosynis
539 2873 920 2945 fundata,per
932 2871 1463 2927 manifestationem
1478 2870 1781 2942 signorum

138 2961 374 3018 deberet
403 2978 532 3018 esse
562 2963 964 3035 quzerendum.

206 3052 296 3107 34.
346 3051 456 3108 Sed
508 3056 571 3107 ut
621 3051 953 3107 ostenderet
980 3049 1261 3106 Dominus
1291 3052 1522 3121 quanta:
1555 3047 1783 3103 miseri-

137 3140 345 3196 cordia
395 3157 493 3196 rex
514 3144 754 3197 sanctus
780 3139 973 3208 fuerit,
1004 3139 1194 3194 adhuc
1226 3136 1459 3193 mortali
1491 3137 1691 3192 vivens
1722 3138 1779 3191 in

1895 563 2175 635 temporis
2199 563 2395 634 opinio
2428 564 2742 630 ferebatur,
2790 562 3140 620 revelatione
3170 563 3284 620 sibi
3313 562 3545 619 ccelitus

1895 650 2067 717 facta,
2103 652 2223 725 regi
2250 646 2548 708 mandavit
2573 668 2673 708 eos
2693 651 2991 709 incassum
3030 652 3137 709 niti
3156 656 3346 709 etnon
3369 668 3541 724 posse

1894 740 2211 796 transferre
2233 741 2415 797 sancti
2456 740 2608 813 regis
2643 741 2908 815 pignora,
2958 743 3141 798 donec
3181 740 3480 798 Salomoni
3512 757 3547 796 a

1894 828 2171 884 carcerali
2198 828 2468 884 absoluto
2488 830 2776 897 custodia,
2810 829 2993 887 libera
3013 829 3378 903 indulgentia
3400 846 3541 902 prte-

1894 916 2151 973 beretur.
2186 917 2290 973 Illo
2316 917 2515 990 itaque
2535 934 2565 974 e
2587 932 2814 975 carcere
2844 919 3149 990 producto,
3179 924 3237 976 et
3263 918 3551 975 triduano-

1896 1004 2360 1079 iteratojejunio,
2393 1023 2528 1062 cum
2552 1007 2624 1062 ad
2648 1007 3085 1064 transferendae
3128 1006 3407 1079 reliquias
3445 1023 3539 1064 sa-

1894 1110 2026 1149 cras
2052 1095 2226 1151 tertia
2249 1095 2342 1151 die
2363 1099 2602 1151 ventum
2614 1095 3008 1168 fuisset,lapis
3033 1096 3240 1168 ingens
3262 1112 3543 1168 superpo-

1894 1181 2045 1239 situs
2068 1184 2306 1249 tumbae,
2337 1187 2502 1239 tanta
2519 1183 2792 1240 facilitate
2813 1183 3088 1241 sublatus
3106 1188 3216 1254 est,
3238 1200 3304 1240 ac
3323 1181 3373 1239 si
3399 1182 3546 1239 nihil

1893 1276 2028 1331 ante
2059 1272 2335 1343 ponderis
2366 1271 2687 1329 habuisset.

2532 1378 2763 1435 CAPUT
2797 1379 2892 1434 VI.

1892 1468 2133 1522 Elevatio
2152 1469 2394 1538 corporis
2442 1471 2494 1523 et
2513 1468 2985 1594 mtiractiéla,'tmira
3013 1467 3254 1525 dextera!
3299 1469 3545 1525 inventio

2520 1555 2550 1594 ε
2618 1556 2677 1594 zn
2729 1556 2814 1594 an
2840 1555 2919 1593 as.
3395 1562 3437 1567 η

2520 1555 2573 1594 ει
2618 1555 2919 1610 zmegmas.
3395 1562 3401 1567 -
3432 1562 3437 1567 λ

1961 1628 2049 1681 35.
2084 1626 2381 1699 Completo
2411 1642 2548 1699 ergo
2582 1626 2763 1683 tertias
2785 1626 2898 1683 diei
2929 1627 3303 1699 vespertinali
3327 1627 3539 1693 ofﬁcio,

1892 1716 2118 1771 cunctis
2142 1714 2346 1770 divinae
2364 1715 2758 1772 miserationis
2792 1715 3075 1772 beneﬁcia
3111 1734 3214 1789 per
3249 1716 3405 1773 beati
3432 1716 3543 1772 viri

1892 1804 2167 1859 meritum
2197 1802 2689 1876 przestolantibus,
2723 1804 2917 1860 subito
2951 1805 3073 1876 [al.,
3133 1803 3368 1861 subdito
3394 1821 3543 1861 men-

1893 1892 2039 1963 dose]
2073 1891 2302 1963 plebem
2325 1908 2497 1947 suam
2534 1891 2766 1947 Christo
2796 1892 3086 1961 visitante,
3121 1891 3542 1949 miraculorum

1894 1980 2149 2054 insignia
2164 1997 2269 2053 per
2290 1980 2737 2053 amplitudinem
2759 1981 2971 2038 domus
2987 1985 3200 2037 sanctae
3215 1982 3546 2038 funduntur

1895 2069 2148 2136 coalitus,
2188 2086 2438 2142 quorum
2470 2068 2799 2142 pluralitas,
2861 2069 3142 2141 quoniam
3200 2070 3330 2142 ipsa
3377 2075 3543 2127 nocte

1895 2173 2207 2213 numerum
2241 2162 2567 2213 excesserat
2598 2156 2891 2229 (81),illud
2923 2158 3322 2230 evangelicum
3353 2158 3450 2215 hic
3472 2157 3540 2214 li-

1894 2248 1992 2303 bet
2012 2247 2381 2302 introducere
2407 2246 2562 2318 quod
2613 2245 2878 2301 Salvator
2897 2245 3134 2316 Joanni,
3168 2262 3273 2319 per
3301 2247 3542 2304 nuntios

1894 2335 2210 2392 sciscitanti
2260 2351 2337 2391 an
2366 2333 2492 2406 ipse
2537 2334 2615 2390 sit
2644 2334 2745 2405 qui
2770 2338 3051 2390 venturus
3081 2338 3171 2390 est
3192 2352 3541 2407 responsum

1895 2424 2272 2480 mandaverat
2300 2441 2312 2479 :
2345 2423 2489 2479 Caeci
2518 2422 2718 2478 vident
2752 2422 2863 2494 (82)
2895 2426 2953 2477 et
2981 2421 3183 2478 claudi
3209 2422 3536 2489 ambulant,

1893 2513 2055 2571 surdi
2080 2510 2564 2583 audiunt,leprosi
2585 2509 3111 2578 mundantur,mali
3141 2511 3540 2584 corriguntur,

1892 2600 2192 2673 paralytici
2225 2604 2544 2655 curantur:
2596 2615 2849 2670 quorum
2897 2603 3095 2655 tamen
3127 2591 3345 2671 aliqua,
3380 2600 3538 2672 quod

1892 2694 2102 2746 cuncta
2158 2704 2272 2744 non
2333 2704 2668 2759 possumus,
2747 2689 3108 2743 innotescere
3177 2691 3536 2761 satagemus.

1891 2779 2133 2834 Juvenis
2156 2777 2395 2850 quidam
2418 2776 2692 2832 omnibus
2705 2775 2987 2832 membris
3004 2774 3349 2845 dissolutus,
3365 2776 3539 2833 annis

1890 2885 1967 2923 xu
2014 2865 2330 2939 paralysim
2386 2867 2618 2938 passus,
2678 2880 2962 2920 manuum
3020 2868 3078 2920 et
3120 2864 3337 2936 pedum
3376 2881 3538 2922 care-

1892 2957 1992 3012 bat
2023 2955 2234 3022 ofﬁcio,
2268 2954 2366 3026 qui
2418 2956 2725 3026 parentum
2760 2952 3099 3024 adjumento
3144 2956 3345 3010 vectus
3376 2940 3536 3021 illuc,

1893 3050 2125 3117 recepta
2172 3042 2352 3100 totius
2397 3041 2656 3115 corporis
2694 3042 3000 3113 sospitate,
3059 3041 3363 3114 signorum
3403 3041 3541 3100 fecit

1890 3134 2145 3200 initium,
2181 3136 2353 3204 atque
2382 3131 2453 3186 ad
2513 3129 2696 3187 altare
2748 3130 2905 3186 haud
2964 3129 3222 3202 segniter
3272 3146 3536 3200 currens,

137 3246 397 3303 corpore,
427 3236 606 3301 quam
649 3230 773 3301 jam
826 3244 958 3283 cum
1003 3227 1232 3284 Christo
1300 3242 1574 3298 regnasse
1623 3226 1783 3297 [forte
1813 3208 1856 3274 C
1894 3222 2158 3279 omnium
2188 3220 2417 3276 Christo
2447 3218 2652 3274 laudes
2700 3218 3080 3274 clamantium
3140 3218 3540 3292 augmentavit

136 3318 411 3392 regnans]
431 3317 891 3386 demonstrabat,
916 3316 987 3371 ad
1002 3315 1111 3371 hoc
1133 3332 1250 3387 prae
1271 3313 1495 3370 caeteris
1506 3313 1782 3385 operibus

136 3408 461 3481 approbare
480 3407 613 3480 (78),
638 3423 771 3462 cum
793 3406 986 3462 triduo
1008 3406 1136 3476 ejus
1157 3421 1368 3477 corpus
1394 3403 1530 3459 totis
1561 3401 1782 3459 viribus

134 3497 359 3553 elevare
390 3499 739 3569 satagerent,
773 3493 940 3550 nulla
998 3495 1069 3550 de
1102 3494 1225 3549 loco
1265 3510 1372 3547 suo
1417 3491 1605 3564 potuit
1660 3493 1782 3545 arte

136 3585 378 3642 moveri.
411 3587 533 3651 Quo
580 3600 833 3656 namque
860 3589 1139 3656 tempore,
1175 3581 1540 3654 exigentibus
1570 3578 1779 3650 culpis,

102 3718 107 3723 .
135 3674 292 3731 inter
321 3672 664 3747 praedictum
695 3689 889 3746 regem
922 3670 1263 3728 Ladislaum
1294 3675 1351 3725 et
1383 3669 1618 3724 fratrem
1669 3667 1780 3739 (79)

136 3765 267 3837 ejus
284 3762 652 3819 Salomonem
672 3760 865 3835 gravis
888 3766 1013 3817 orta
1033 3759 1242 3816 seditio
1266 3760 1474 3825 fuerat,
1507 3756 1579 3812 ob
1603 3772 1781 3828 quam

132 3852 410 3909 Salomon
442 3854 649 3924 captus
678 3851 737 3905 in
782 3866 1011 3906 carcere
1066 3848 1391 3904 tenebatur.
1451 3846 1595 3901 Cum
1645 3860 1781 3917 ergo

114 3959 232 4015 pro
264 3940 547 3998 elevando
604 3955 840 4012 corpore
885 3940 1102 3995 frustra
1132 3939 1460 4003 conaretur,
1512 3934 1779 4006 quadam

100 4032 165 4087 in
189 4031 552 4102 clusajuxta
580 4027 886 4086 ecclesiam
946 4027 1144 4083 Sancti
1203 4022 1514 4081 Salvatoris
1563 4021 1779 4079 sumlui

179 4155 300 4228 (75)
327 4155 672 4230 Legebatur_
686 4151 1303 4230 interjectiones,quod
1333 4152 1398 4204 ut
1428 4148 1581 4230 clare
1612 4164 1780 4204 men-

102 4221 327 4283 dosum
359 4221 600 4282 correxi.
640 4221 848 4280 Plura"
885 4221 1215 4296 sequuntur
1272 4221 1485 4296 menda
1535 4221 1595 4296 in
1642 4236 1780 4288 ms.,

103 4296 693 4373 etinonnullaetiam
741 4296 797 4351 in
862 4290 1137 4373 editione.
1198 4294 1403 4373 Priora
1447 4290 1778 4373 negligam;

104 4372 229 4427 alia
257 4386 418 4439 vero,
446 4369 543 4424 ubi
576 4368 734 4424 clara
768 4373 927 4439 sunt,
961 4367 1273 4438 corrigam,
1306 4364 1405 4419 sed
1449 4360 1669 4419 monito
1698 4360 1778 4417 le-

111 4447 315 4603 cum)
336 4529 482 4586 Illud
513 4546 638 4584 cum
662 4528 929 4601 supplevi
963 4545 1030 4584 ex
1057 4526 1246 4583 Surio.

174 4631 287 4757 ⁴(77
294 4628 426 4711 )η1)θ
446 4628 507 4684 S.
540 4626 804 4683 Ladislao
835 4642 969 4698 rege
991 4625 1145 4708 apud
1167 4641 1274 4679 nos
1310 4626 1504 4704 actum
1528 4624 1618 4702 est
1641 4622 1781 4673 tom.

111 4701 163 4755 V
217 4717 368 4757 unu.
401 4715 536 4757 nae.
561 4700 668 4755 315
684 4703 741 4754 et
771 4697 1172 4757 sequentibus.
1206 4695 1287 4751 De
1316 4711 1382 4750 eo
1412 4711 1471 4748 1n
1503 4692 1634 4746 Vita
1675 4707 1781 4745 an-

217 4691 536 4772 unii,pag.
561 4700 668 4755 315
684 4703 741 4754 et
763 4691 1172 4772 sequentibus.
1206 4695 1287 4751 De
1316 4711 1382 4772 eo
1412 4691 1634 4772 in_V_ita
1660 4707 1781 4772 Ian-

113 4761 559 4855 tiquaibidem,
593 4786 725 4843 pag.
751 4761 891 4825 319':
917 4793 937 4850 τι
990 4768 1133 4823 Nam
1158 4763 1563 4855 annpiDomini
1589 4761 1781 4855 mille:

113 4838 279 4900 sifno
312 4838 640 4917 centesimo
655 4838 1035 4913 nonagesimo
1067 4838 1644 4917 _secuudo_sanctum
1666 4849 1787 4917 epr-

114 4932 239 4990 pus
271 4917 404 4990 ejus
435 4905 981 4990 canonizatutﬁest.
1007 4910 1332 4990 uAduquem
1351 4905 1666 4989 locum.sic.
1687 4905 1787 4990 Pp-

115 4976 484 5062 pebrovchius
502 5002 569 5062 :_«
596 4983 832 5062 Pbrasis
848 4983 1098 5062 h_aec_es_t
1127 4976 1287 5062 illius
1317 4976 1622 5058 temporis,
1642 4976 1789 5062 inde

116 5047 377 5130 Bumpta
392 5056 548 5130 quod
571 5052 1038 5130 canonizationis
1054 5054 1353 5130 decretum
1384 5047 1549 5120 sequi
1576 5047 1785 5130 soleret

117 5117 394 5202 carperis
411 5117 486 5184 de
500 5132 653 5182 terra
673 5124 1224 5202 elevatio.»_Ead_em
1246 5123 1317 5176 de
1375 5117 1585 5202 causa"
1603 5117 1790 5202 clava:

117 5189 258 5257 tum
286 5201 471 5272 fuisse
503 5214 716 5270 corpus
744 5201 800 5272 S.
840 5195 1142 5272 Stephani,
1178 5200 1352 5264 atque
1384 5192 1538 5272 adeo.
1561 5189 1789 5245 formali

120 5271 580 5329 canonizatione
600 5262 820 5340 sanctis
840 5262 1165 5340 ascriptum
1187 5262 1339 5334 esse,
1368 5262 1636 5335 pluribus
1669 5278 1796 5334 pro-

121 5345 265 5401 bavi
294 5343 354 5399 in
393 5345 717 5398 Comment.
749 5339 780 5414 §
812 5341 900 5395 38.

202 5438 394 5521 (7_8)I_n
407 5456 526 5521 ms;
548 5436 914 5521 approbatur;
935 5439 995 5491 at
1017 5451 1086 5490 ne
1109 5433 1193 5521 sic
1213 5431 1455 5521 quidem
1470 5432 1799 5521 sensusest

124 5507 702 5586 perfectus._Surius
733 5508 965 5586 videtur
998 5507 1351 5586 sententiam
1399 5507 1554 5586 recte
1574 5517 1801 5583 expres-

127 5572 318 5652 sisse,
349 5583 434 5638 sic
462 5580 687 5655 habens
710 5598 760 5655 zu
790 5602 817 5630 «
851 5579 962 5634 Sed
1017 5582 1087 5655 ut
1143 5576 1476 5655 ostenderet
1513 5572 1801 5627 Dominus
1911 5572 2019 5655 bat;

126 5649 366 5732 quanta
396 5649 804 5732 misericordia
834 5666 947 5732 rex.
960 5649 1155 5732 adhuc
1188 5662 1434 5704 manens
1463 5649 1523 5732 in
1565 5660 1803 5732 corpore

127 5714 656 5810 ﬁreditusfuerit,
687 5737 869 5801 quam
898 5720 1076 5781 etiam
1100 5722 1228 5798 jam
1269 5734 1407 5780 cum
1462 5714 1691 5776 Christo
1721 5731 1809 5774 re-

1890 3312 2265 3456 gaggmziius
2325 3412 2555 3469 quoque
2611 3411 2757 3468 puer
2811 3394 3130 3467 septennia,
3165 3412 3199 3451 a
3238 3394 3537 3452 nativitate

1891 3488 2201 3545 contractis
2222 3486 2413 3541 nervis
2435 3485 2682 3557 genibus
2719 3487 2777 3540 et
2797 3483 3094 3551 manibus,
3129 3484 3537 3556 reportabatur

1892 3578 2002 3652 (83)
2030 3596 2042 3647 ;
2075 3593 2249 3649 quem
2284 3575 2398 3630 ﬁde
2440 3573 2591 3645 pleni
2627 3575 2915 3646 parentes,
2950 3572 3105 3628 beati
3126 3572 3233 3627 viri
3254 3572 3533 3645 suffragio

1891 3668 2278 3732 conferentes,
2313 3662 2588 3736 prostrati
2609 3663 2781 3734 juxta
2811 3660 3147 3734 sepulcrum
3198 3677 3397 3717 secum
3430 3678 3534 3734 po-

1892 3759 2157 3823 suerunt,
2172 3753 2421 3827 gratiam
2434 3750 2690 3824 petituri,
2717 3766 2898 3822 quam
2912 3766 3046 3806 mox
3065 3749 3382 3818 consecuti,
3402 3765 3537 3806 con-

1889 3843 2232 3900 tractionem
2269 3857 2579 3897 nervorum
2618 3839 2677 3894 in
2709 3838 2828 3894 ﬁlio
2857 3828 3112 3894 distendi
3144 3830 3531 3906 mirabantur,

1891 3939 1947 3990 et
1965 3929 2341 3989 consolidatis
2364 3927 2614 4002 genibus
2636 3931 2693 3983 et
2712 3926 2953 4000 plantis,
2982 3942 3188 3983 omnes
3218 3942 3352 3982 eum
3383 3927 3538 3983 ince-

1890 4024 2122 4080 dentem
2155 4020 2266 4092 (84)
2298 4018 2582 4084 videntes,
2616 4016 2831 4073 Christi
2860 4032 3072 4073 nomen
3130 4015 3191 4072 in
3239 4016 3393 4073 beati
3428 4014 3538 4072 viri

1890 4163 2079 4222 gnans
2103 4162 2216 4219 pra;
2263 4142 2485 4199 caeteris
2513 4142 2790 4214 operibus
2820 4158 2883 4198 se
2923 4141 3247 4214 approbare
3275 4138 3536 4196 declara-

1892 4225 1996 4275 ret.
2032 4241 2059 4269 »
2095 4222 2202 4272 etc.

1963 4290 2075 4362 (79)
2106 4287 2379 4362 Salomon
2414 4303 2555 4362 npn_
2583 4287 2707 4362 erat
2758 4283 2935 4339 frater
2985 4281 3258 4362 Ladislai,
3287 4281 3405 4362 sed
3438 4298 3539 4362 pa:

1887 4352 2115 4418 trueli's.
2179 4359 2396 4414 Forsan
2452 4356 2647 4412 latiori
2700 4371 2875 4411 sensu
2925 4358 3165 4410 vocatur
3196 4353 3391 4422 frater,
3425 4352 3540 4409 nisi

1891 4449 2052 4488 error
2102 4428 2406 4501 irrepserit
2459 4428 2598 4483 vitio
2656 4425 3368 4501 transcribentiumkaut
3418 4424 3543 4501 ipse

1891 4494 2252 4558 Carthuitius
2297 4499 2356 4553 in
2388 4515 2453 4553 eo
2502 4498 2797 4554 erraverit.
2843 4497 2924 4553 De
2955 4513 3184 4553 carcere
3213 4494 3543 4551 Solomonis

1814 4579 1861 4643 Ι)
1892 4587 2185 4642 causaque
2216 4568 2487 4643 carceris
2508 4574 2704 4643 actum
2729 4572 2819 4643 est
2851 4568 2910 4621 in
2940 4567 3190 4643 Cpmm.,
3218 4582 3378 4621 num.
3413 4565 3538 4633 439,

1894 4644 1993 4700 ubi
2017 4638 2188 4698 etiam
2216 4641 2335 4695 haec
2358 4639 2546 4712 ipsius
2567 4638 3253 4712 liberatioconﬁrmatur.

1965 4714 2075 4787 (80)
2107 4712 2253 4790 Quid
2288 4705 2422 4766 velit
2449 4727 2558 4790 vox
2580 4710 2682 4790 illa
2700 4709 2926 4790 sumini,
2951 4708 3123 4790 plane
3161 4708 3384 4778 ignem,
3422 4705 3539 4761 nisi

1895 4779 2087 4844 forsan
2112 4784 2189 4840 sit
2208 4798 2417 4837 nomen
2448 4780 2579 4837 loci.
2607 4779 2910 4836 Bonﬁnius
2957 4779 3115 4834 idem
3151 4793 3419 4845 narrans,
3450 4793 3544 4833 vo-

1895 4874 2017 4915 cem
2051 4857 2223 4911 istam
2255 4853 2489 4921 omisitL
2507 4852 2592 4907 uti
2624 4856 2682 4907 et
2707 4849 2935 4907 Surius.

1967 4929 2078 5002 (81)
2108 4926 2342 5002 Editum
2366 4919 2489 4979 erat
2515 4923 2792 4979 mendose
2833 4928 3113 4990 messerat,
3137 4919 3294 4992 quod
3326 4919 3548 4977 correxi

1897 5000 2333 5144 ex(ggfifidicat
2363 5070 2567 5144 auctor
2586 5064 2762 5144 verba
2791 5063 3007 5144 Christi
3038 5061 3243 5144 Matth.
3275 5079 3357 5144 x1,
3388 5063 3454 5144 7.7
3473 5063 3546 5118 5:

1903 5133 2290 5209 Greci'vident,
2340 5138 2526 5194 claudi
2573 5136 2878 5202 ambulant,
2930 5136 3129 5207 ιερνοδὶ
3186 5133 3548 5209 mandantur.

1900 5214 2058 5272 surdi
2085 5206 2337 5275 audiunt,
2364 5210 2571 5266 mortui
2620 5210 2934 5277 resurgunt,
2964 5206 3233 5279 pauperes
3276 5206 3551 5279 evangeli-

1902 5290 2120 5344 zantur.
2170 5286 2241 5339 At
2291 5283 2421 5355 ipsa
2469 5281 2644 5336 verba
2670 5276 2869 5334 exaCte
2901 5276 3231 5355 nondedit,
3266 5276 3550 5348 quianon

1906 5356 2105 5433 omnia
2129 5348 2549 5433 congruebant,
2582 5356 2868 5433 quantum
2900 5348 3215 5433 existimo.“
3301 5416 3311 5428 .

1979 5429 2090 5499 (83)
2143 5419 2554 5499 Reportahamr,
2597 5419 2809 5499 _i_d__est
2836 5422 3131 5499 ferebatur.
3181 5419 3390 5499 sarius
3428 5433 3555 5499 sen-

1909 5489 2044 5555 sum
2075 5489 2341 5565 mutavit,
2375 5498 2515 5552 dum
2543 5489 2749 5561 edidit,
2770 5489 2996 5564 genibus
3023 5498 3074 5546 et
3101 5489 3359 5545 manibus
3378 5491 3555 5560 repta-

1911 5717 1948 5774 s
1983 5639 2095 5725 (8.1;)
2127 5638 2255 5696 Alia
2311 5638 2590 5696 mendose
2639 5636 2967 5710 incedentes,
3021 5632 3175 5708 quod
3223 5629 3443 5691 correxi
3487 5645 3559 5694 ex

1955 5728 2099 5773 uno.

1955 5728 2099 5773 111⁸10.
