3962 6404
420 411 570 512 4231

1418 411 1484 475 S.
1532 410 1922 475 STEPHANI
1963 410 2525 476 HUNGARORUM
2568 410 2821 476 REGIS.

3667 409 3826 504 1233

417 545 662 616 meritis,
693 543 977 603 laudabili
1016 544 1270 602 clamore
1325 544 1813 618 glorificaverunt.
1875 548 2054 612 Quem
2091 547 2140 612 Α
2173 550 2472 618 coeperunt
2500 545 2743 618 quidam
2761 545 2939 617 jussu
2997 541 3150 616 regis
3209 557 3423 616 aquam
3472 541 3533 599 in
3564 541 3822 600 caldaria

416 653 514 692 rex
536 640 650 692 Deo
671 635 932 702 devotus,
955 652 1070 708 prae
1091 633 1272 691 nimio
1300 636 1517 708 gaudio
1537 635 1914 708 lacrymatus,
1945 652 2064 691 ma-

2169 640 2445 707 argentea
2491 641 2548 690 et
2603 633 2759 690 dolia
2813 633 3130 699 effundere,
3188 633 3277 704 [ut
3321 633 3480 705 (89)]
3539 637 3820 688 evacuate

413 725 817 782 nibusaterra
831 725 1106 793 levatum,
1127 725 1196 780 ad
1231 723 1414 780 altare
1444 725 1714 796 portavit,
1748 724 1848 780 ubi
1880 724 2062 781 nimio
2169 724 2529 796 sarcophago
2559 723 2773 780 certior
2801 724 2965 778 fieret
2994 721 3196 778 annuli
3250 721 3526 778 inventio.
3560 721 3675 778 Sed
3708 719 3830 778 mi?

413 813 526 886 (85)
551 811 745 870 laudis
784 812 1032 885 prolato,
1065 812 1285 886 gratias
1324 813 1442 869 Deo
1463 829 1568 885 pro
1590 812 1890 868 beneﬁciis
1913 831 2059 886 prae-

2169 829 2300 868 rum
2331 812 2390 866 in
2423 813 2687 880 modum,
2712 816 2932 884 quanto
2955 811 3146 885 magis
3168 809 3360 883 liquor
3383 810 3816 867 effundebatur.

411 901 568 960 stitia
610 901 670 957 in
695 901 949 959 sanitate
988 901 1346 974 pueri,.cum
1379 902 1656 958 omnibus
1687 901 1788 974 qui
1817 902 2059 958 aderant
2168 905 2327 956 tanto
2352 901 2486 973 plus
2507 918 2572 957 eo
2595 905 2890 957 crescente
2915 900 3122 956 tumba
3150 899 3502 972 replebatur.
3537 901 3663 966 Quo
3693 899 3816 956 viso

409 987 804 1047 favorabiliter
859 991 997 1064 egit.
1031 991 1126 1047 Sic
1171 994 1357 1047 totam
1389 994 1620 1047 noctem
1651 995 1805 1046 Deus
1837 1007 1938 1064 pro
1973 991 2054 1046 fa-

409 1077 554 1133 muli
575 1078 672 1136 sui
699 1079 1079 1136 veneratione
1108 1079 1220 1152 (86)
1252 1082 1571 1136 multorum
1602 1078 1828 1152 fulgore
1858 1079 2053 1152 signo-

405 1163 540 1223 rum
597 1166 944 1224 mirabiliter
999 1167 1418 1240 perlustravit;
1476 1166 1732 1240 populus
1792 1185 1924 1224 vero
1969 1168 2050 1222 vi-

405 1253 630 1326 giliiset
644 1256 1008 1312 orationibus
1028 1255 1289 1313 intentus
1311 1255 1664 1312 miraculum
1682 1257 2052 1328 unumquod-

405 1358 520 1414 que
548 1342 792 1401 laudum
835 1343 1192 1406 clamoribus
1247 1345 1627 1402 manifestum
1686 1344 1872 1402 facere
1932 1361 2046 1400 non

401 1432 690 1490 cessabat.

473 1523 564 1578 37.
597 1518 702 1579 His
729 1521 1108 1580 inserendum
1164 1523 1396 1580 videtur
1453 1527 1510 1580 et
1566 1521 1708 1578 illud
1743 1524 1898 1596 quod
1931 1540 2044 1579 non

399 1609 592 1669 solum
608 1609 691 1668 ibi
711 1617 1050 1685 praesentes,
1081 1613 1184 1670 sed
1222 1611 1394 1686 longe
1433 1628 1666 1685 quoque
1698 1611 1891 1685 positi,
1927 1613 2044 1668 suf-

397 1701 769 1775 fragantibus
799 1701 928 1774 ejus
958 1702 1206 1771 meritis,
1238 1701 1526 1758 celebrem
1576 1701 1873 1757 consecuti
1904 1705 2044 1758 sunt

395 1789 606 1848 salutis
635 1791 926 1848 effectum.
945 1792 1093 1848 Nam
1123 1807 1258 1848 cum
1288 1789 1625 1848 elevationis
1654 1790 1843 1863 ipsius
1874 1791 2042 1846 undi-

397 1896 513 1952 que
562 1879 830 1953 cmpisset
889 1880 1050 1936 fama
1103 1879 1534 1948 celebrescere;
1583 1879 1758 1936 variis
1814 1879 2039 1936 obsessi

396 1968 786 2041 languoribus
807 1985 876 2024 ex
915 1969 1191 2026 omnibus
1222 1969 1529 2042 Hungariaz
1551 1969 1768 2024 ﬁnibus
1801 1969 1872 2024 ad
1905 1985 2039 2023 san-

396 2061 556 2116 ctum
586 2056 904 2127 tumulum,
941 2075 1057 2131 quo
1105 2058 1323 2130 quique
1351 2060 1618 2130 poterant
1643 2057 1837 2125 modo,
1883 2057 2044 2112 festi-

395 2163 538 2203 nare
567 2150 888 2219 cmperunt.
925 2147 1038 2204 Sed
1069 2163 1202 2202 cum
1257 2145 1388 2202 aliis
1431 2146 1914 2218 praecedentibus,
1945 2145 2042 2201 alii

393 2233 644 2309 graviori
673 2234 972 2304 debilitate
1029 2235 1327 2308 prohibiti,
1388 2235 1564 2292 simul
1605 2235 1902 2308 pervenire
1941 2251 2042 2291 ne-

399 2322 652 2395 quirent,
701 2322 880 2380 simili
901 2327 1097 2380 tamen
1119 2323 1522 2380 misericordia
1548 2323 1609 2379 in
1629 2324 1724 2380 via
1747 2323 2042 2381 innumeri

396 2411 588 2469 sanati
619 2412 960 2470 sunt.Unde
992 2413 1052 2468 in
1097 2429 1544 2486 permansuram
1593 2413 1703 2486 (87)
1740 2411 2039 2469 beneﬁciis

393 2501 584 2558 sancti
609 2501 763 2574 regis
793 2501 1160 2570 memoriam,
1205 2501 1587 2575 quamplures
1629 2518 1732 2575 per
1761 2519 1894 2558 eum
1943 2519 2036 2558 sa-

398 2590 540 2662 nati,
573 2591 786 2648 redditi
806 2591 864 2646 in
889 2591 1115 2660 eodem,
1148 2591 1248 2648 ubi
1278 2591 1467 2648 sanati
1498 2597 1656 2660 sunt,
1687 2591 1914 2648 itineris
1951 2590 2036 2648 lo-

392 2695 480 2749 co,
509 2680 761 2752 grandes
791 2684 1252 2754 aggregaverant
1293 2697 1530 2737 acervos
1586 2678 1872 2753 lapidum,
1935 2681 2033 2754 qui

391 2767 564 2842 longo
586 2767 670 2824 ibi
707 2773 971 2841 tempore
1001 2773 1135 2840 post
1163 2769 1417 2825 multum
1449 2769 1609 2841 ]forle
1632 2770 2034 2842 postmodum]

387 2855 647 2914 fuerunt.
681 2857 795 2914 Sed
825 2861 883 2914 et
911 2857 1122 2914 mulier
1150 2858 1444 2930 quaedam,
1475 2875 1610 2914 cum
1647 2857 1803 2914 inter
1831 2858 2030 2912 Ι]ωοῦ-

387 2943 505 3000 lius
525 2945 653 3017 ejus
703 2944 1034 3003 exhalasset
1075 2947 1371 3020 spiritum,
1405 2947 1506 3020 qui
1538 2945 1648 3002 sibi
1680 2946 1869 3002 fuerat
1897 2946 2026 3002 uni-

388 3034 836 3101 cus,exanimati
848 3051 1058 3107 corpus
1065 3036 1236 3108 juxta
1247 3036 1400 3110 regis
1416 3034 1714 3092 tumulum
1733 3035 2025 3108 deposuit,

383 3121 489 3178 Dei
517 3128 576 3179 et
611 3123 797 3180 sancti
843 3125 972 3198 ejus
1016 3141 1192 3198 super
1219 3142 1286 3182 eo
1314 3124 1700 3198 imploratura
1737 3123 2020 3180 solamen.

383 3211 531 3269 Mira
559 3212 795 3284 quidem
825 3230 938 3282 res,
969 3217 1028 3270 et
1064 3215 1280 3272 nostris
1317 3213 1607 3286 stupenda
1634 3211 2021 3285 temporibus,

2166 988 2468 1057 miraculo,
2510 990 2786 1046 haustam
2817 1006 3031 1062 aquam
3075 988 3202 1044 loco
3241 1006 3348 1045 suo
3381 988 3812 1046 restituerunt:

2163 1095 2268 1133 nec
2293 1083 2507 1147 tamen,
2537 1095 2604 1134 ea
2625 1079 2840 1149 refusa,
2894 1077 3083 1151 magis
3113 1077 3186 1134 ob
3217 1077 3328 1134 hoc
3357 1077 3564 1134 tumba
3593 1076 3818 1151 repleta

2159 1167 2289 1222 fuit.

2229 1257 2318 1312 39.
2379 1258 2564 1326 Tunc,
2612 1260 2882 1329 cooperto
2933 1256 3221 1329 sepulcro,
3265 1255 3470 1312 laudes
3499 1259 3557 1312 et
3585 1255 3815 1329 gratias

2157 1345 2367 1400 divinae
2400 1345 2601 1418 pietati
2632 1345 3080 1420 proclamantes,
3139 1361 3276 1402 cum
3307 1345 3378 1402 de
3405 1345 3642 1402 invento
3681 1345 3812 1401 the-

2156 1451 2330 1490 sauro
2357 1434 2710 1491 beatissima;
2731 1435 2932 1491 Matris
2954 1434 3054 1490 Dei
3079 1433 3380 1508 genitricis
3413 1437 3470 1490 et
3516 1437 3830 1508 perpetua!

2151 1523 2395 1596 virginis
2422 1523 2600 1579 altare
2630 1527 3062 1597 reparaverunt,
3121 1523 3356 1580 interim
3378 1523 3553 1590 Deus,
3587 1523 3693 1596 qui
3723 1528 3816 1581 est

2153 1611 2438 1667 mirabilis
2491 1612 2552 1668 in
2610 1614 2830 1669 sanctis
2882 1613 3007 1670 suis
3047 1613 3220 1684 (Psal.
3255 1629 3422 1682 van,
3451 1613 3564 1683 36),
3600 1613 3812 1669 effusis

2151 1700 2275 1756 suis
2325 1701 2616 1773 largitatis
2646 1703 2966 1770 beneﬁciis,
3017 1701 3350 1775 petentibus
3381 1700 3812 1758 miraculorum

2150 1806 2390 1844 suorum
2419 1790 2606 1862 signis
2627 1807 2689 1846 se
2710 1795 3054 1863 praesentem
3089 1807 3218 1848 esse
3249 1789 3572 1846 notificavit
3596 1790 3714 1862 (90)
3749 1791 3811 1845 in

2147 1883 2399 1946 tantum,
2437 1883 2498 1934 ut
2527 1883 2760 1952 tempus
2786 1879 2934 1936 illud
2983 1879 3298 1936 Dominicis
3343 1878 3813 1936 conversationis

2159 1967 2310 2022 inter
2332 1967 2601 2025 homines
2623 1968 2916 2025 videretur
2934 1968 3282 2038 revolutum,
3301 1969 3374 2026 de
3403 1985 3518 2041 quo
3548 1967 3808 2042 legitur:

2155 2059 2360 2111 Omnes
2386 2059 2519 2128 (91),
2544 2057 2644 2128 qui
2679 2057 2973 2113 habebant
3000 2059 3267 2114 inﬁrmos
3297 2057 3473 2114 variis
3500 2056 3807 2131 languori-

2153 2145 2286 2212 bus,
2315 2147 2608 2202 ducebant
2637 2145 2768 2202 illos
2800 2147 2871 2202 ad
2901 2148 3104 2202 Jesum
3137 2152 3196 2204 et
3247 2147 3622 2204 eurabantur.
3669 2147 3806 2203 Haec

2152 2235 2352 2290 omnia
2391 2235 2575 2290 virtus
2630 2235 2827 2291 divina
2855 2253 2971 2292 non
3001 2235 3190 2292 solum
3223 2237 3353 2309 ipsa
3383 2235 3497 2302 die,
3531 2237 3635 2292 sed
3666 2239 3834 2308 post'

2151 2327 2410 2396 tempore
2431 2326 2542 2396 (92)
2571 2323 2777 2396 multo,
2811 2341 2915 2397 per
2957 2325 3164 2381 merita
3193 2324 3399 2381 famuli
3429 2324 3522 2380 sui
3555 2323 3804 2398 dignata

2149 2415 2236 2467 est
2258 2413 2504 2484 cperari,
2540 2414 2690 2484 quod
2712 2413 2890 2469 etiam
2921 2415 2991 2470 de
3023 2412 3154 2471 aliis
3203 2413 3562 2487 regionibus,
3595 2413 3804 2470 audita

2145 2501 2561 2558 beneficiorum
2594 2503 2695 2558 Dei
2726 2501 2902 2570 fama,
2935 2519 3039 2576 pro
3087 2503 3486 2576 recuperanda
3522 2503 3801 2571 sanitate,

2145 2590 2508 2646 diversarum
2525 2589 2928 2647 valetudinum
2951 2591 3062 2664 (93)
3081 2591 3302 2648 morbis
3331 2591 3686 2660 laborantes,
3723 2591 3799 2648 ad

2144 2679 2422 2751 suffragia
2439 2680 2589 2736 beati
2605 2680 2709 2736 viri
2724 2697 2854 2736 cum
2872 2696 3084 2754 magno
3098 2679 3386 2737 desiderio
3399 2679 3798 2737 convolarent.

2142 2767 2455 2824 Comitissa
2471 2786 2604 2825 vero
2622 2769 2889 2842 quaedam
2909 2769 3234 2826 nobilitatis
3247 2768 3798 2837 eximiaa,matrona,

2140 2857 2374 2912 nomine
2405 2858 2661 2913 Mathide
2695 2859 2828 2930 (94),
2861 2858 3052 2914 tribus
3081 2858 3377 2914 continuis
3408 2859 3580 2914 annis
3606 2859 3797 2916 visce-

2137 2961 2268 3000 rum
2301 2946 2497 3001 dolore
2529 2953 2786 3018 gravata,
2812 2947 2940 3018 jam
2980 2947 3154 3003 morti
3195 2947 3461 3020 proxima
3491 2946 3620 3003 fuit.
3653 2948 3796 3012 Quae

2135 3050 2170 3088 a
2193 3033 2318 3089 suis
2351 3034 2410 3088 in
2446 3036 2657 3090 feretro
2689 3035 2902 3104 delata,
2935 3052 3070 3092 mox
3099 3035 3232 3108 ipsa
3287 3036 3379 3092 die
3435 3053 3555 3108 qua
3601 3036 3795 3092 sancti

2130 3123 2238 3178 viri
2295 3123 2591 3179 tumulum
2622 3124 2814 3197 attigit
2842 3123 3124 3197 paulatim
3155 3141 3217 3181 se
3234 3124 3549 3181 melioriari
3579 3125 3792 3194 sensit,

2133 3227 2200 3267 ac
2230 3210 2289 3267 in
2321 3212 2481 3268 brevi
2511 3212 2638 3269 vita
2670 3213 2881 3286 prioris
2910 3212 3193 3286 sospitate
3231 3218 3480 3287 recepta,
3541 3231 3790 3288 magna-

382 3319 498 3358 non
530 3301 692 3374 prius
717 3319 882 3360 orare
912 3301 1125 3360 mulier
1143 3303 1370 3360 destitit
1392 3319 1570 3376 quam
1605 3302 1814 3370 filium,
1849 3319 2023 3376 quem
2053 3287 2098 3356 Ο
2134 3299 2214 3356 lia
2245 3299 2341 3356 Dei
2368 3318 2470 3373 per
2497 3301 2702 3358 famuli
2733 3302 2824 3358 sui
2856 3300 3066 3359 merita
3093 3301 3153 3356 in
3185 3317 3249 3360 se
3289 3287 3666 3358 remunerata
3694 3301 3790 3357 di-

379 3390 722 3450 defunctum
748 3391 1143 3462 collocaverat,
1175 3393 1463 3448 viventem
1494 3391 1734 3464 accepit.

445 3479 731 3550 38.Mane,
758 3481 931 3550 facto,
963 3480 1057 3536 die
1087 3485 1220 3554 post
1263 3481 1743 3554 Assumptionem
1773 3481 2018 3538 sanctis-

375 3569 542 3627 sima
567 3569 811 3644 virginis
831 3570 1028 3627 Mariae
1065 3569 1291 3642 quinto,
1325 3569 1802 3627 convenientibus
1833 3570 1893 3625 in
1925 3586 2018 3627 ec-

373 3657 611 3716 clesiam
641 3676 775 3722 cum
805 3675 940 3732 rege
969 3657 1357 3732 principibus,
1379 3675 1514 3716 cum
1545 3659 1698 3716 clero
1729 3658 2015 3732 pontiﬁci-

372 3747 506 3818 bus,
541 3747 800 3822 primum
831 3748 1015 3806 missa
1044 3764 1148 3821 pro
1207 3746 1498 3806 defunctis
1555 3748 1844 3805 celebrata
1877 3752 1966 3804 est
2000 3767 2012 3815 ;

371 3837 582 3896 deinde
611 3839 848 3896 sublata
870 3837 1072 3894 tabula
1115 3853 1462 3906 marmorea,
1516 3854 1644 3910 quae
1682 3837 2013 3910 pavimento

368 3928 768 4000 praeminebat.
791 3927 1108 3999 Postquam
1130 3929 1472 3998 perventum
1499 3930 1588 3983 est
1625 3928 1696 3982 ad
1723 3927 2010 3997 tumbam,

369 4020 534 4074 tanta
551 4015 876 4090 fragrantia
895 4031 1073 4072 suave
1101 4014 1415 4071 redolentis
1462 4015 1658 4072 odoris
1686 4014 1748 4070 in
1779 4015 2010 4089 appari-

367 4103 524 4162 tione
549 4104 738 4178 ipsius
767 4119 973 4160 omnes
1003 4101 1106 4175 qui
1152 4103 1395 4158 aderant
1417 4103 1821 4171 circumdedit,
1854 4106 2010 4176 quod

365 4192 426 4249 in
457 4192 718 4251 medium
748 4191 1004 4264 paradisi
1034 4189 1379 4248 deliciarum
1427 4191 1648 4248 donum
1705 4209 1768 4249 se
1811 4198 2008 4267 raptos

364 4283 768 4356 opinarentur.
802 4281 936 4353 Ipsa
981 4296 1214 4352 quoque
1243 4281 1449 4336 tumba
1496 4280 1668 4353 plena
1716 4281 1827 4338 fuit
1855 4299 2008 4355 aqua

363 4386 573 4443 parum
595 4369 850 4436 rubenti,
885 4369 1054 4440 quasi
1083 4367 1208 4426 oleo
1257 4371 1556 4442 permista,
1590 4370 1649 4426 in
1681 4389 1817 4444 qua,
1847 4371 2008 4428 velut

359 4457 422 4513 in
449 4457 716 4514 balsamo
732 4456 1416 4530 liquefacto,quieverunt
1445 4476 1578 4517 ossa
1596 4461 2005 4534 pretiosa.Qui-

360 4546 475 4604 bus
521 4545 580 4602 in
624 4546 1021 4604 mundissimo
1067 4548 1406 4606 linteamine
1456 4549 1732 4620 collectis,
1782 4550 1841 4606 in
1872 4551 2002 4624 ipso

2130 3389 2406 3463 vulgavit.

2199 3481 2287 3534 40.
2319 3483 2534 3537 Cretera
2579 3498 2712 3538 vero
2761 3480 3182 3538 miraculorum
3213 3481 3312 3538 Dei
3343 3481 3640 3556 prodigia,
3671 3499 3786 3555 pro

2127 3567 2438 3624 dilectione
2458 3569 2664 3624 famuli
2692 3570 2783 3626 sui
2810 3569 3039 3627 cmlitus
3069 3575 3449 3642 ostensa,non
3472 3570 3602 3627 ideo
3616 3572 3784 3644 quod

2125 3657 2567 3725 fastidiam,non
2591 3658 2811 3732 scripta
2829 3659 3245 3732 dereliqui,sed
3271 3660 3411 3732 quia
3440 3676 3556 3716 non
3577 3659 3779 3716 solum

2125 3746 2270 3802 mihi
2301 3747 2519 3819 placuit
2549 3747 2854 3818 Dominus,
2889 3749 2990 3822 qui
3021 3765 3197 3822 super
3242 3749 3427 3805 bonos
3479 3753 3537 3806 et
3583 3749 3779 3808 malos

2123 3835 2302 3892 solem
2332 3853 2506 3892 suum
2555 3837 2874 3894 clarescere
2904 3837 3042 3894 facit
3086 3839 3293 3909 (Matth.
3318 3857 3372 3908 v,
3406 3839 3517 3910 45),
3552 3839 3777 3896 benefi-

2121 3923 2346 3980 ciorum
2372 3923 2561 3998 ipsius
2593 3925 3025 3998 multiplicitate
3066 3927 3202 3998 [lege
3251 3925 3774 3999 multiplicitatem]

2119 4019 2464 4069 cunctorum
2516 4014 2754 4086 proficio
2814 4015 2925 4086 (95)
2978 4014 3404 4084 consulentem,
3439 4015 3772 4072 innumeris

2117 4102 2484 4174 sapientibus
2513 4118 2661 4174 quos
2692 4103 2990 4175 Hungaria
3047 4102 3198 4159 fovet
3256 4109 3314 4160 et
3371 4103 3768 4176 amplectitur,

2118 4190 2266 4264 style
2297 4189 2707 4247 declarandam
2739 4189 3164 4246 commendavi.
3198 4190 3350 4246 Illud
3389 4209 3526 4249 vero
3557 4193 3617 4250 in
3648 4194 3769 4251 fine

2115 4280 2331 4335 codicis
2362 4283 2592 4334 tantum
2622 4279 2916 4335 adhaerere
2958 4279 3209 4348 decrevi,
3269 4281 3552 4353 quoniam
3610 4281 3764 4340 miro

2113 4368 2348 4441 pietatis
2377 4368 2478 4424 Dei
2509 4383 2750 4423 munere
2783 4365 2886 4422 diu
2925 4368 3206 4440 quaesitus
3255 4373 3312 4426 et
3341 4387 3458 4426 non
3490 4371 3766 4434 inventus

2113 4455 2390 4525 annulus,
2415 4474 2548 4512 cum
2579 4456 2710 4528 ipsa
2735 4457 2890 4512 beati
2918 4457 3026 4514 viri
3057 4458 3312 4526 dextera,
3343 4465 3476 4532 post
3504 4459 3764 4528 transla-

2109 4545 2287 4602 tionis
2316 4547 2444 4617 ejus
2475 4545 2793 4602 terminum
2823 4551 2914 4602 est
2943 4545 3370 4604 manifestatus.
3434 4548 3766 4607 Monachus

358 4636 587 4708 liquore
615 4635 948 4694 diutissime
977 4641 1066 4695 est
1085 4639 1364 4710 quaesitus
1394 4638 1668 4708 annulus,
1715 4641 1814 4713 qui
1847 4639 2001 4696 beati
2029 4659 2077 4724 Β
2110 4635 2616 4706 quidam,nomine
2638 4635 2983 4706 Mercurius,
3008 4637 3108 4710 qui
3130 4637 3190 4693 in
3212 4637 3414 4694 ordine
3437 4637 3758 4696 clericatus

357 4724 464 4780 viri
487 4725 732 4782 dexterae
755 4726 866 4798 (88)
889 4727 1424 4800 fueratimpositus.
1459 4731 1582 4796 Quo
1603 4746 1718 4785 non
1740 4729 1994 4798 invento,

426 4885 540 5034 (85)
571 4887 1154 4970 Legendumopinor,
1187 4889 1389 4962 hymno
1441 4889 1622 4946 laudis
1655 4889 1890 4961 prolato.

569 4957 777 5034 l_n__ms.
809 4958 1040 5032 legitur,
1068 4977 1168 5034 per
1205 4963 1410 5034 famuli
1444 4963 1553 5034 sui;
1573 4963 1994 5034 venerationem.

426 5028 540 5104 (87)
575 5029 809 5104 Editum
842 5028 966 5104 e'rat
979 5028 1082 5104 pe;
1097 5028 1436 5102 mensuram,
1456 5032 1559 5088 sed
1580 5032 1863 5104 mendum
1877 5049 1997 5088 cor-

352 5102 564 5184 regis}:
581 5101 770 5184 Sunio,
795 5103 896 5175 qui
919 5101 1339 5184 sensum‘recte
1370 5103 1673 5184 expressit.
1730 5160 1735 5167 ,

423 5171 539 5245 (88)
584 5171 830 5229 Editum
873 5179 999 5232 erat
1049 5176 1294 5238 dextera,
1329 5179 1388 5228 at
1443 5171 1500 5228 in
1534 5174 1702 5228 Surio
1733 5172 1990 5230 ἀράκην-ξε.

349 5243 620 5316 Annulus
651 5250 846 5302 autem
875 5248 1120 5304 dexterae
1141 5245 1250 5300 fuit
1273 5246 1584 5316 impositus
1609 5251 1869 5316 tempore
1902 5263 1991 5302 se-

347 5315 617 5388 pulturae.
651 5317 922 5382 Quesitus
953 5317 1051 5372 ille
1087 5321 1178 5372 est
1214 5315 1638 5388 sine’dextera,
1683 5315 1837 5388 quod
1870 5317 1991 5374 haec

345 5386 680 5470 mederetur
698 5395 974 5470 corrupta
991 5405 1126 5470 cum
1150 5386 1374 5470 reliquo
1393 5405 1654 5470 corpore.

382 5459 630 5587 ἐξ)ῃὲ
663 5459 994 5534 appositum
1027 5463 1116 5514 est
1163 5459 1444 5530 exSurio
1489 5459 1562 5515 ad
1607 5459 1847 5516 sensum
1891 5477 1986 5516 ex-

341 5547 648 5602 piendum.

411 5603 530 5676 (90).
553 5602 712 5676 Alias
743 5604 1042 5676 mendose,
1071 5601 1389 5676 noliﬁcablt.

410 5665 529 5746 (91)
555 5665 780 5730 Iudicat
798 5674 995 5730 locum
1028 5665 1196 5728 'Luc.'
1223 5690 1300 5744 IV,
1324 5674 1412 5742 40,
1445 5673 1504 5728 in
1533 5673 1647 5730 fine
1675 5673 1984 5746 paululum

339 5748 805 5898 ωῗιὲῖαὲἒίωω
834 5817 960 5874 erat
977 5817 1272 5890 temporis;
1303 5820 1366 5876 at
1393 5816 1677 5876 mendum
1715 5831 1786 5876 ex
1813 5815 1984 5878 Surio

447 4886 518 4941 85
571 4887 899 4959 Legendum
930 4887 1154 4961 opinor,
1187 4889 1389 4962 hymno
1441 4889 1622 4946 laudis
1655 4889 1890 4961 prolato.

449 4887 540 5102 86E
569 4957 634 5014 In
665 4975 777 5039 _ms.
809 4958 1040 5032 legitur,
1068 4977 1168 5034 per
1205 4963 1410 5034 famuli
1444 4963 1535 5016 sui
1573 4963 1888 5016 ceneralion

448 5028 518 5082 87
575 5029 809 5102 Editum
842 5036 966 5088 erat
979 5049 1082 5102 per
1097 5049 1436 5102 mensuram,
1456 5032 1559 5088 sed
1580 5032 1890 5087 mendumi

2107 4723 2370 4779 thesauri
2401 4727 2694 4796 perpetuae
2722 4725 2983 4800 Virginis
3039 4730 3239 4783 custos
3295 4727 3505 4795 fuerat,
3546 4730 3605 4783 et
3625 4728 3758 4798 jam

2109 4885 2430 4942 sublatum.

2199 4959 2288 5024 93)
2337 4957 2400 5014 In
2433 4975 2542 5014 ms.
2569 4959 3048 5024 z‘nvaleludinum;
3078 4961 3180 5018 sed
3213 4961 3368 5018 idem
3398 4965 3488 5018 est
3515 4979 3750 5020 sensus.

2198 5030 2287 5102 94)
2325 5031 2494 5102 Apud
2545 5030 2782 5088 Surium
2841 5033 3144 5098 Mathildis,
3196 5033 3282 5088 uti
3341 5033 3518 5089 etiam
3573 5033 3754 5092 habet

2105 5100 2405 5156 Bontinius
2432 5103 2490 5156 in
2523 5102 2950 5158 Commentario
2979 5103 3254 5159 laudatus
3280 5121 3445 5161 num.
3479 5107 3602 5160 446.

2175 5173 2285 5240 (95)
2321 5173 2489 5248 Forte
2544 5173 2855 5248 legendum
2909 5175 3169 5248 pro/imo,
3227 5175 3285 5230 id
3337 5183 3426 5248 est
3481 5176 3746 5248 utilitati,

2103 5245 2592 5319 c_oiuuigdo.Tota
2622 5246 2896 5319 periodus
2915 5245 3049 5300 haec
3079 5251 3376 5319 utcunque
3405 5247 3604 5304 luxata
3635 5245 3746 5318 est,

2103 5313 2266 5388 Illam
2299 5315 2506 5370 Surius
2538 5313 2824 5388 expressit
2852 5315 2963 5388 hoc
2993 5317 3165 5373 modo
3195 5333 3208 5373 :
3234 5341 3262 5368 ‹‹
3281 5313 3412 5374 Alia
3456 5313 3747 5377 miracula

2099 5385 2320 5463 caelitus
2342 5385 2669 5463 perpetrata
2694 5403 2810 5442 non
2846 5386 3060 5463 idcirco
3087 5391 3457 5463 praetermisi,
3490 5393 3647 5463 quod
3677 5408 3747 5449 ea

2098 5457 2395 5530 fastidiam
2417 5457 2564 5528 {sed
2595 5474 2733 5530 eum
2761 5475 2876 5530 non
2903 5457 3045 5530 mihi
3071 5457 3174 5516 uni
3220 5463 3386 5530 pluat
3431 5457 3741 5530 Dominus,

2098 5529 2197 5604 qui
2230 5528 2414 5604 solem
2447 5546 2622 5604 suum
2653 5528 2792 5584 oriri
2819 5529 2960 5604 facit
3012 5547 3188 5604 super
3221 5528 3412 5589 bonos
3443 5537 3500 5589 et
3529 5528 3740 5600 malos,

2095 5602 2319 5675 tantam
2343 5601 2759 5675 beneﬁciorum
2779 5601 2910 5672 ejus
2925 5601 3173 5675 copiam,
3201 5605 3467 5660 omnium
3501 5605 3740 5662 utilitati

2095 5671 2398 5747 consulere
2412 5671 3013 5747 cupiens,innumeris
3027 5675 3392 5747 sapientibus
3413 5676 3575 5744 viris,
3591 5693 3740 5747 quos

2093 5743 2392 5828 Hupgaria
2410 5742 2639 5801 fovetet
2657 5744 3080 5822 complectitur,
3095 5742 3246 5828 style
3266 5742 3738 5828 prosequendam

2091 5814 2382 5894 relinquo.
2410 5835 2443 5868 n
