  <div class='ocr_page' id='page_1' title='image "/cluster/home/n/w/nwhite01/storage/ocr_20150623/151/umn.31951002477444s/751.png"; bbox 0 0 3962 6410; ppageno 0'>
   <div class='ocr_carea' id='block_1_1' title="bbox 798 22 1277 39">
    <p class='ocr_par' dir='ltr' id='par_1_1' title="bbox 798 22 1277 39">
     <span class='ocr_line' id='line_1_1' title="bbox 798 22 1277 39; baseline 0.004 -2"><span class='ocrx_word' id='word_1_1' title='bbox 798 22 1043 37; x_wconf 51' lang='grc' dir='ltr'>’ν’-’ῃ</span> <span class='ocrx_word' id='word_1_2' title='bbox 1062 28 1277 39; x_wconf 78' lang='lat'>-—-——-———_</span> 
     </span>
    </p>
   </div>
   <div class='ocr_carea' id='block_1_2' title="bbox 438 472 600 584">
    <p class='ocr_par' dir='ltr' id='par_1_2' title="bbox 438 472 600 584">
     <span class='ocr_line' id='line_1_2' title="bbox 438 472 600 584; baseline -0.006 -1"><span class='ocrx_word' id='word_1_3' title='bbox 438 472 600 584; x_wconf 69' lang='lat' dir='ltr'><strong>i235</strong></span> 
     </span>
    </p>
   </div>
   <div class='ocr_carea' id='block_1_3' title="bbox 1442 513 2853 583">
    <p class='ocr_par' dir='ltr' id='par_1_3' title="bbox 1442 513 2853 583">
     <span class='ocr_line' id='line_1_3' title="bbox 1442 513 2853 583; baseline -0.004 -1"><span class='ocrx_word' id='word_1_4' title='bbox 1442 520 1507 583; x_wconf 94' lang='lat' dir='ltr'>S.</span> <span class='ocrx_word' id='word_1_5' title='bbox 1556 514 1949 581; x_wconf 83' lang='lat' dir='ltr'>STEPHANI</span> <span class='ocrx_word' id='word_1_6' title='bbox 1993 513 2550 580; x_wconf 82' lang='lat' dir='ltr'>HUNGARORUM</span> <span class='ocrx_word' id='word_1_7' title='bbox 2593 516 2853 581; x_wconf 83' lang='lat' dir='ltr'>REGIS.</span> 
     </span>
    </p>
   </div>
   <div class='ocr_carea' id='block_1_4' title="bbox 3696 513 3838 582">
    <p class='ocr_par' dir='ltr' id='par_1_4' title="bbox 3696 513 3838 582">
     <span class='ocr_line' id='line_1_4' title="bbox 3696 513 3838 582; baseline 0.014 -2"><span class='ocrx_word' id='word_1_8' title='bbox 3696 513 3838 582; x_wconf 74' lang='lat'><strong>1236</strong></span> 
     </span>
    </p>
   </div>
   <div class='ocr_carea' id='block_1_5' title="bbox 431 649 3833 733">
    <p class='ocr_par' dir='ltr' id='par_1_5' title="bbox 431 649 3833 733">
     <span class='ocr_line' id='line_1_5' title="bbox 431 649 3833 733; baseline -0.001 -20"><span class='ocrx_word' id='word_1_9' title='bbox 431 672 619 733; x_wconf 86' lang='lat' dir='ltr'>gnum</span> <span class='ocrx_word' id='word_1_10' title='bbox 648 658 921 732; x_wconf 53' lang='lat' dir='ltr'>praeclare</span> <span class='ocrx_word' id='word_1_11' title='bbox 951 656 1505 714; x_wconf 89' lang='lat' dir='ltr'>administrandum.</span> <span class='ocrx_word' id='word_1_12' title='bbox 1540 655 1646 710; x_wconf 88' lang='lat' dir='ltr'>Illa</span> <span class='ocrx_word' id='word_1_13' title='bbox 1677 657 1869 709; x_wconf 90' lang='lat' dir='ltr'>autem</span> <span class='ocrx_word' id='word_1_14' title='bbox 1898 652 2014 708; x_wconf 92' lang='lat' dir='ltr'>huc</span> <span class='ocrx_word' id='word_1_15' title='bbox 2042 649 2361 706; x_wconf 81' lang='lat' dir='ltr'>tranteram</span> <span class='ocrx_word' id='word_1_16' title='bbox 2393 667 2463 707; x_wconf 80' lang='lat' dir='ltr'>ex</span> <span class='ocrx_word' id='word_1_17' title='bbox 2492 652 2744 709; x_wconf 85' lang='lat' dir='ltr'>editione</span> <span class='ocrx_word' id='word_1_18' title='bbox 2775 657 3118 720; x_wconf 89' lang='lat' dir='ltr'>memorata,</span> <span class='ocrx_word' id='word_1_19' title='bbox 3152 656 3324 727; x_wconf 82' lang='lat' dir='ltr'>prout</span> <span class='ocrx_word' id='word_1_20' title='bbox 3375 653 3565 711; x_wconf 90' lang='lat' dir='ltr'>divisa</span> <span class='ocrx_word' id='word_1_21' title='bbox 3614 658 3757 711; x_wconf 89' lang='lat' dir='ltr'>sunt</span> <span class='ocrx_word' id='word_1_22' title='bbox 3781 655 3833 711; x_wconf 90' lang='lat' dir='ltr'>in</span> 
     </span>
    </p>
   </div>
   <div class='ocr_carea' id='block_1_6' title="bbox 436 740 3836 818">
    <p class='ocr_par' dir='ltr' id='par_1_6' title="bbox 436 740 3836 818">
     <span class='ocr_line' id='line_1_6' title="bbox 436 740 3836 818; baseline -0 -18"><span class='ocrx_word' id='word_1_23' title='bbox 436 747 835 818; x_wconf 64' lang='lat' dir='ltr'>pretationem</span> <span class='ocrx_word' id='word_1_24' title='bbox 867 751 924 803; x_wconf 91' lang='lat' dir='ltr'>et</span> <span class='ocrx_word' id='word_1_25' title='bbox 952 748 1151 804; x_wconf 89' lang='lat' dir='ltr'>decem</span> <span class='ocrx_word' id='word_1_26' title='bbox 1181 745 1401 818; x_wconf 87' lang='lat' dir='ltr'>capita;</span> <span class='ocrx_word' id='word_1_27' title='bbox 1433 745 1829 816; x_wconf 90' lang='lat' dir='ltr'>lectionesque</span> <span class='ocrx_word' id='word_1_28' title='bbox 1858 740 2149 797; x_wconf 82' lang='lat' dir='ltr'>variantes</span> <span class='ocrx_word' id='word_1_29' title='bbox 2177 740 2328 795; x_wconf 82' lang='lat' dir='ltr'>dabo</span> <span class='ocrx_word' id='word_1_30' title='bbox 2379 742 2449 796; x_wconf 92' lang='lat' dir='ltr'>ad</span> <span class='ocrx_word' id='word_1_31' title='bbox 2502 742 2827 813; x_wconf 84' lang='lat' dir='ltr'>marginem</span> <span class='ocrx_word' id='word_1_32' title='bbox 2876 759 2946 799; x_wconf 84' lang='lat' dir='ltr'>ex</span> <span class='ocrx_word' id='word_1_33' title='bbox 2987 743 3241 799; x_wconf 86' lang='lat' dir='ltr'>editione</span> <span class='ocrx_word' id='word_1_34' title='bbox 3274 743 3518 800; x_wconf 85' lang='lat' dir='ltr'>Joannis</span> <span class='ocrx_word' id='word_1_35' title='bbox 3550 744 3836 813; x_wconf 91' lang='lat' dir='ltr'>Sambuci,</span> 
     </span>
    </p>
   </div>
   <div class='ocr_carea' id='block_1_7' title="bbox 434 829 3839 908">
    <p class='ocr_par' dir='ltr' id='par_1_7' title="bbox 434 829 3839 908">
     <span class='ocr_line' id='line_1_7' title="bbox 434 829 3839 908; baseline -0.001 -17"><span class='ocrx_word' id='word_1_36' title='bbox 434 835 538 908; x_wconf 89' lang='lat' dir='ltr'>qui</span> <span class='ocrx_word' id='word_1_37' title='bbox 566 836 769 892; x_wconf 89' lang='lat' dir='ltr'>eadem</span> <span class='ocrx_word' id='word_1_38' title='bbox 798 836 961 891; x_wconf 85' lang='lat' dir='ltr'>dedit</span> <span class='ocrx_word' id='word_1_39' title='bbox 994 835 1403 908; x_wconf 85' lang='lat' dir='ltr'>postBonﬁnii</span> <span class='ocrx_word' id='word_1_40' title='bbox 1436 834 1803 905; x_wconf 88' lang='lat' dir='ltr'>aliorumque</span> <span class='ocrx_word' id='word_1_41' title='bbox 1832 832 2040 904; x_wconf 82' lang='lat' dir='ltr'>Opera.</span> <span class='ocrx_word' id='word_1_42' title='bbox 2074 829 2133 887; x_wconf 92' lang='lat' dir='ltr'>Si</span> <span class='ocrx_word' id='word_1_43' title='bbox 2167 845 2298 901; x_wconf 66' lang='lat' dir='ltr'>qua:</span> <span class='ocrx_word' id='word_1_44' title='bbox 2329 845 2459 885; x_wconf 91' lang='lat' dir='ltr'>vero</span> <span class='ocrx_word' id='word_1_45' title='bbox 2489 832 2832 888; x_wconf 85' lang='lat' dir='ltr'>obscuriora</span> <span class='ocrx_word' id='word_1_46' title='bbox 2877 832 3250 901; x_wconf 87' lang='lat' dir='ltr'>videbuntur,</span> <span class='ocrx_word' id='word_1_47' title='bbox 3283 831 3343 889; x_wconf 88' lang='lat' dir='ltr'>in</span> <span class='ocrx_word' id='word_1_48' title='bbox 3396 832 3548 890; x_wconf 89' lang='lat' dir='ltr'>notis</span> <span class='ocrx_word' id='word_1_49' title='bbox 3601 833 3839 890; x_wconf 80' lang='lat' dir='ltr'>breviter</span> 
     </span>
    </p>
   </div>
   <div class='ocr_carea' id='block_1_8' title="bbox 435 913 1022 1006">
    <p class='ocr_par' dir='ltr' id='par_1_8' title="bbox 435 913 1022 1006">
     <span class='ocr_line' id='line_1_8' title="bbox 435 913 1022 1006; baseline 0.002 -28"><span class='ocrx_word' id='word_1_50' title='bbox 435 923 720 1006; x_wconf 78' lang='lat' dir='ltr'>explicare</span> <span class='ocrx_word' id='word_1_51' title='bbox 740 913 1022 981; x_wconf 83' lang='lat' dir='ltr'>conabor.</span> 
     </span>
    </p>
   </div>
   <div class='ocr_carea' id='block_1_9' title="bbox 1954 1013 2352 1029">
    <p class='ocr_par' dir='ltr' id='par_1_9' title="bbox 1954 1013 2352 1029">
     <span class='ocr_line' id='line_1_9' title="bbox 1954 1013 2352 1029; baseline 0 -2"><span class='ocrx_word' id='word_1_52' title='bbox 1954 1013 2352 1029; x_wconf 45' lang='grc' dir='ltr'><strong>ψ</strong></span> 
     </span>
    </p>
   </div>
   <div class='ocr_carea' id='block_1_10' title="bbox 1073 1093 1460 1151">
    <p class='ocr_par' dir='ltr' id='par_1_10' title="bbox 1073 1093 1460 1151">
     <span class='ocr_line' id='line_1_10' title="bbox 1073 1093 1460 1151; baseline 0 -2"><span class='ocrx_word' id='word_1_53' title='bbox 1073 1093 1460 1151; x_wconf 65' lang='lat' dir='ltr'>PRIEFATIO.</span> 
     </span>
    </p>
   </div>
   <div class='ocr_carea' id='block_1_11' title="bbox 438 1182 2092 1255">
    <p class='ocr_par' dir='ltr' id='par_1_11' title="bbox 438 1182 2092 1255">
     <span class='ocr_line' id='line_1_11' title="bbox 438 1182 2092 1255; baseline -0.002 -18"><span class='ocrx_word' id='word_1_54' title='bbox 438 1182 505 1237; x_wconf 84' lang='lat' dir='ltr'>In</span> <span class='ocrx_word' id='word_1_55' title='bbox 533 1198 643 1255; x_wconf 82' lang='lat' dir='ltr'>qua</span> <span class='ocrx_word' id='word_1_56' title='bbox 698 1199 799 1241; x_wconf 74' lang='lat' dir='ltr'>rex</span> <span class='ocrx_word' id='word_1_57' title='bbox 839 1184 1088 1241; x_wconf 81' lang='lat' dir='ltr'>hortatur</span> <span class='ocrx_word' id='word_1_58' title='bbox 1134 1184 1324 1239; x_wconf 83' lang='lat' dir='ltr'>ducem</span> <span class='ocrx_word' id='word_1_59' title='bbox 1373 1183 1443 1238; x_wconf 87' lang='lat' dir='ltr'>ad</span> <span class='ocrx_word' id='word_1_60' title='bbox 1488 1182 1813 1253; x_wconf 79' lang='lat' dir='ltr'>capessenda</span> <span class='ocrx_word' id='word_1_61' title='bbox 1858 1184 2092 1254; x_wconf 81' lang='lat' dir='ltr'>paterna</span> 
     </span>
    </p>
   </div>
   <div class='ocr_carea' id='block_1_12' title="bbox 881 1256 1663 1327">
    <p class='ocr_par' dir='ltr' id='par_1_12' title="bbox 881 1256 1663 1327">
     <span class='ocr_line' id='line_1_12' title="bbox 881 1256 1663 1327; baseline 0.001 -18"><span class='ocrx_word' id='word_1_62' title='bbox 881 1257 1092 1310; x_wconf 79' lang='lat' dir='ltr'>monita</span> <span class='ocrx_word' id='word_1_63' title='bbox 1119 1259 1171 1311; x_wconf 83' lang='lat' dir='ltr'>et</span> <span class='ocrx_word' id='word_1_64' title='bbox 1192 1258 1465 1327; x_wconf 72' lang='lat' dir='ltr'>praecepta</span> <span class='ocrx_word' id='word_1_65' title='bbox 1494 1256 1663 1326; x_wconf 83' lang='grc'>(102).</span> 
     </span>
    </p>
   </div>
   <div class='ocr_carea' id='block_1_13' title="bbox 512 1359 2088 1418">
    <p class='ocr_par' dir='ltr' id='par_1_13' title="bbox 512 1359 2088 1418">
     <span class='ocr_line' id='line_1_13' title="bbox 512 1359 2088 1418; baseline -0.001 -3"><span class='ocrx_word' id='word_1_66' title='bbox 512 1363 579 1416; x_wconf 88' lang='lat' dir='ltr'>In</span> <span class='ocrx_word' id='word_1_67' title='bbox 611 1360 844 1417; x_wconf 88' lang='lat' dir='ltr'>nomine</span> <span class='ocrx_word' id='word_1_68' title='bbox 865 1365 1078 1418; x_wconf 71' lang='lat' dir='ltr'>sancta:</span> <span class='ocrx_word' id='word_1_69' title='bbox 1110 1359 1414 1417; x_wconf 81' lang='lat' dir='ltr'>Trinitatis</span> <span class='ocrx_word' id='word_1_70' title='bbox 1443 1366 1500 1416; x_wconf 88' lang='lat' dir='ltr'>et</span> <span class='ocrx_word' id='word_1_71' title='bbox 1527 1360 1843 1416; x_wconf 69' lang='lat' dir='ltr'>individuze</span> <span class='ocrx_word' id='word_1_72' title='bbox 1892 1360 2088 1415; x_wconf 87' lang='lat' dir='ltr'>Unita-</span> 
     </span>
    </p>
   </div>
   <div class='ocr_carea' id='block_1_14' title="bbox 441 1448 539 1505">
    <p class='ocr_par' dir='ltr' id='par_1_14' title="bbox 441 1448 539 1505">
     <span class='ocr_line' id='line_1_14' title="bbox 441 1448 539 1505; baseline 0 -1"><span class='ocrx_word' id='word_1_73' title='bbox 441 1448 539 1505; x_wconf 90' lang='lat' dir='ltr'>tis.</span> 
     </span>
    </p>
   </div>
   <div class='ocr_carea' id='block_1_15' title="bbox 512 1539 2090 1612">
    <p class='ocr_par' dir='ltr' id='par_1_15' title="bbox 512 1539 2090 1612">
     <span class='ocr_line' id='line_1_15' title="bbox 512 1539 2090 1612; baseline 0 -18"><span class='ocrx_word' id='word_1_74' title='bbox 512 1539 656 1595; x_wconf 90' lang='lat' dir='ltr'>Cum</span> <span class='ocrx_word' id='word_1_75' title='bbox 689 1544 900 1596; x_wconf 89' lang='lat' dir='ltr'>cuncta</span> <span class='ocrx_word' id='word_1_76' title='bbox 928 1539 1026 1596; x_wconf 93' lang='lat' dir='ltr'>Dei</span> <span class='ocrx_word' id='word_1_77' title='bbox 1060 1542 1207 1595; x_wconf 91' lang='lat' dir='ltr'>nutu</span> <span class='ocrx_word' id='word_1_78' title='bbox 1238 1540 1493 1608; x_wconf 88' lang='lat' dir='ltr'>condita,</span> <span class='ocrx_word' id='word_1_79' title='bbox 1528 1556 1752 1612; x_wconf 87' lang='lat' dir='ltr'>suaque</span> <span class='ocrx_word' id='word_1_80' title='bbox 1783 1539 2090 1595; x_wconf 89' lang='lat' dir='ltr'>evidentis-</span> 
     </span>
    </p>
   </div>
   <div class='ocr_carea' id='block_1_16' title="bbox 438 1626 2088 1699">
    <p class='ocr_par' dir='ltr' id='par_1_16' title="bbox 438 1626 2088 1699">
     <span class='ocr_line' id='line_1_16' title="bbox 438 1626 2088 1699; baseline -0.002 -16"><span class='ocrx_word' id='word_1_81' title='bbox 438 1626 594 1685; x_wconf 82' lang='lat' dir='ltr'>sima</span> <span class='ocrx_word' id='word_1_82' title='bbox 617 1628 1105 1699; x_wconf 69' lang='lat' dir='ltr'>prieordinatione</span> <span class='ocrx_word' id='word_1_83' title='bbox 1135 1627 1575 1699; x_wconf 88' lang='lat' dir='ltr'>disposita,tam</span> <span class='ocrx_word' id='word_1_84' title='bbox 1610 1628 1668 1681; x_wconf 93' lang='lat' dir='ltr'>in</span> <span class='ocrx_word' id='word_1_85' title='bbox 1699 1626 2088 1698; x_wconf 88' lang='lat' dir='ltr'>amplitudine</span> 
     </span>
    </p>
   </div>
   <div class='ocr_carea' id='block_1_17' title="bbox 439 1714 2090 1789">
    <p class='ocr_par' dir='ltr' id='par_1_17' title="bbox 439 1714 2090 1789">
     <span class='ocr_line' id='line_1_17' title="bbox 439 1714 2090 1789; baseline -0.002 -17"><span class='ocrx_word' id='word_1_86' title='bbox 439 1715 568 1772; x_wconf 80' lang='lat' dir='ltr'>cceli</span> <span class='ocrx_word' id='word_1_87' title='bbox 600 1733 778 1789; x_wconf 92' lang='lat' dir='ltr'>quam</span> <span class='ocrx_word' id='word_1_88' title='bbox 810 1718 869 1772; x_wconf 93' lang='lat' dir='ltr'>in</span> <span class='ocrx_word' id='word_1_89' title='bbox 902 1717 1033 1774; x_wconf 91' lang='lat' dir='ltr'>istis</span> <span class='ocrx_word' id='word_1_90' title='bbox 1064 1716 1451 1788; x_wconf 83' lang='lat' dir='ltr'>amplissimis</span> <span class='ocrx_word' id='word_1_91' title='bbox 1485 1718 1602 1783; x_wconf 82' lang='lat' dir='ltr'>[al.,</span> <span class='ocrx_word' id='word_1_92' title='bbox 1631 1714 2090 1787; x_wconf 81' lang='lat' dir='ltr'>aptissimis]ter-</span> 
     </span>
    </p>
   </div>
   <div class='ocr_carea' id='block_1_18' title="bbox 438 1804 2088 1877">
    <p class='ocr_par' dir='ltr' id='par_1_18' title="bbox 438 1804 2088 1877">
     <span class='ocr_line' id='line_1_18' title="bbox 438 1804 2088 1877; baseline -0.001 -17"><span class='ocrx_word' id='word_1_93' title='bbox 438 1822 640 1861; x_wconf 87' lang='lat' dir='ltr'>rarum</span> <span class='ocrx_word' id='word_1_94' title='bbox 696 1805 1053 1874; x_wconf 87' lang='lat' dir='ltr'>climatibus,</span> <span class='ocrx_word' id='word_1_95' title='bbox 1103 1805 1325 1861; x_wconf 75' lang='lat' dir='ltr'>ratione</span> <span class='ocrx_word' id='word_1_96' title='bbox 1376 1804 1770 1877; x_wconf 70' lang='lat' dir='ltr'>intelligentiae</span> <span class='ocrx_word' id='word_1_97' title='bbox 1822 1804 2088 1859; x_wconf 86' lang='lat' dir='ltr'>funditus</span> 
     </span>
    </p>
   </div>
   <div class='ocr_carea' id='block_1_19' title="bbox 440 1893 2086 1967">
    <p class='ocr_par' dir='ltr' id='par_1_19' title="bbox 440 1893 2086 1967">
     <span class='ocr_line' id='line_1_19' title="bbox 440 1893 2086 1967; baseline -0.001 -17"><span class='ocrx_word' id='word_1_98' title='bbox 440 1894 695 1950; x_wconf 86' lang='lat' dir='ltr'>sentiam</span> <span class='ocrx_word' id='word_1_99' title='bbox 723 1896 915 1967; x_wconf 82' lang='lat' dir='ltr'>vigere</span> <span class='ocrx_word' id='word_1_100' title='bbox 944 1899 1121 1966; x_wconf 88' lang='lat' dir='ltr'>atque</span> <span class='ocrx_word' id='word_1_101' title='bbox 1152 1894 1471 1950; x_wconf 88' lang='lat' dir='ltr'>subsistere</span> <span class='ocrx_word' id='word_1_102' title='bbox 1520 1912 1533 1948; x_wconf 88' lang='lat'><strong>:</strong></span> <span class='ocrx_word' id='word_1_103' title='bbox 1584 1911 1837 1966; x_wconf 90' lang='lat' dir='ltr'>cumque</span> <span class='ocrx_word' id='word_1_104' title='bbox 1867 1893 2086 1949; x_wconf 75' lang='lat' dir='ltr'>affatim</span> 
     </span>
    </p>
   </div>
   <div class='ocr_carea' id='block_1_20' title="bbox 445 1982 2087 2055">
    <p class='ocr_par' dir='ltr' id='par_1_20' title="bbox 445 1982 2087 2055">
     <span class='ocr_line' id='line_1_20' title="bbox 445 1982 2087 2055; baseline -0.001 -17"><span class='ocrx_word' id='word_1_105' title='bbox 445 1983 720 2038; x_wconf 90' lang='lat' dir='ltr'>universa</span> <span class='ocrx_word' id='word_1_106' title='bbox 747 1983 926 2053; x_wconf 88' lang='lat' dir='ltr'>hujus</span> <span class='ocrx_word' id='word_1_107' title='bbox 938 1984 1066 2038; x_wconf 65' lang='lat' dir='ltr'>vitae</span> <span class='ocrx_word' id='word_1_108' title='bbox 1080 1983 1314 2039; x_wconf 87' lang='lat' dir='ltr'>utilitati</span> <span class='ocrx_word' id='word_1_109' title='bbox 1338 1982 1758 2055; x_wconf 86' lang='lat' dir='ltr'>dignitatisque</span> <span class='ocrx_word' id='word_1_110' title='bbox 1778 1982 1968 2055; x_wconf 89' lang='lat' dir='ltr'>gratia</span> <span class='ocrx_word' id='word_1_111' title='bbox 1987 1982 2087 2039; x_wconf 90' lang='lat' dir='ltr'>Dei</span> 
     </span>
    </p>
   </div>
   <div class='ocr_carea' id='block_1_21' title="bbox 445 2070 2092 2144">
    <p class='ocr_par' dir='ltr' id='par_1_21' title="bbox 445 2070 2092 2144">
     <span class='ocr_line' id='line_1_21' title="bbox 445 2070 2092 2144; baseline -0.001 -17"><span class='ocrx_word' id='word_1_112' title='bbox 445 2088 743 2138; x_wconf 90' lang='lat' dir='ltr'>concessa,</span> <span class='ocrx_word' id='word_1_113' title='bbox 775 2072 996 2128; x_wconf 89' lang='lat' dir='ltr'>scilicet</span> <span class='ocrx_word' id='word_1_114' title='bbox 1024 2089 1221 2144; x_wconf 88' lang='lat' dir='ltr'>regna,</span> <span class='ocrx_word' id='word_1_115' title='bbox 1256 2070 1616 2139; x_wconf 85' lang='lat' dir='ltr'>consulatus,</span> <span class='ocrx_word' id='word_1_116' title='bbox 1641 2071 2092 2141; x_wconf 88' lang='lat' dir='ltr'>ducatus,comi-</span> 
     </span>
    </p>
   </div>
   <div class='ocr_carea' id='block_1_22' title="bbox 447 2160 2087 2234">
    <p class='ocr_par' dir='ltr' id='par_1_22' title="bbox 447 2160 2087 2234">
     <span class='ocr_line' id='line_1_22' title="bbox 447 2160 2087 2234; baseline -0.001 -18"><span class='ocrx_word' id='word_1_117' title='bbox 447 2164 626 2230; x_wconf 88' lang='lat' dir='ltr'>tatus,</span> <span class='ocrx_word' id='word_1_118' title='bbox 683 2161 1079 2234; x_wconf 88' lang='lat' dir='ltr'>pontiﬁcatus,</span> <span class='ocrx_word' id='word_1_119' title='bbox 1112 2166 1463 2233; x_wconf 61' lang='lat' dir='ltr'>craterasque</span> <span class='ocrx_word' id='word_1_120' title='bbox 1504 2160 1840 2232; x_wconf 86' lang='lat' dir='ltr'>dignitates,</span> <span class='ocrx_word' id='word_1_121' title='bbox 1874 2160 2087 2232; x_wconf 85' lang='lat' dir='ltr'>partim</span> 
     </span>
    </p>
   </div>
   <div class='ocr_carea' id='block_1_23' title="bbox 446 2247 2085 2322">
    <p class='ocr_par' dir='ltr' id='par_1_23' title="bbox 446 2247 2085 2322">
     <span class='ocr_line' id='line_1_23' title="bbox 446 2247 2085 2322; baseline -0.001 -17"><span class='ocrx_word' id='word_1_122' title='bbox 446 2249 660 2307; x_wconf 87' lang='lat' dir='ltr'>divinis</span> <span class='ocrx_word' id='word_1_123' title='bbox 690 2250 1195 2322; x_wconf 64' lang='lat' dir='ltr'>praeceptis,atque</span> <span class='ocrx_word' id='word_1_124' title='bbox 1217 2247 1744 2320; x_wconf 88' lang='lat' dir='ltr'>institutis,partim</span> <span class='ocrx_word' id='word_1_125' title='bbox 1775 2248 2085 2321; x_wconf 85' lang='lat' dir='ltr'>legalibus,</span> 
     </span>
    </p>
   </div>
   <div class='ocr_carea' id='block_1_24' title="bbox 442 2336 2086 2411">
    <p class='ocr_par' dir='ltr' id='par_1_24' title="bbox 442 2336 2086 2411">
     <span class='ocr_line' id='line_1_24' title="bbox 442 2336 2086 2411; baseline -0.001 -16"><span class='ocrx_word' id='word_1_126' title='bbox 442 2338 946 2411; x_wconf 88' lang='lat' dir='ltr'>partimjuridicis</span> <span class='ocrx_word' id='word_1_127' title='bbox 977 2339 1099 2411; x_wconf 84' lang='lat' dir='ltr'>[al.,</span> <span class='ocrx_word' id='word_1_128' title='bbox 1121 2336 1556 2409; x_wconf 90' lang='lat' dir='ltr'>juridicialibus</span> <span class='ocrx_word' id='word_1_129' title='bbox 1587 2338 1706 2393; x_wconf 84' lang='lat' dir='ltr'>sive</span> <span class='ocrx_word' id='word_1_130' title='bbox 1728 2338 1884 2408; x_wconf 91' lang='lat' dir='ltr'>juris</span> <span class='ocrx_word' id='word_1_131' title='bbox 1924 2338 2086 2394; x_wconf 81' lang='lat' dir='ltr'>ictio-</span> 
     </span>
    </p>
   </div>
   <div class='ocr_carea' id='block_1_25' title="bbox 2114 1088 3840 1166">
    <p class='ocr_par' dir='ltr' id='par_1_25' title="bbox 2114 1088 3840 1166">
     <span class='ocr_line' id='line_1_25' title="bbox 2114 1088 3840 1166; baseline 0.005 -23"><span class='ocrx_word' id='word_1_132' title='bbox 2114 1089 2171 1155; x_wconf 75' lang='grc' dir='ltr'><strong>Α</strong></span> <span class='ocrx_word' id='word_1_133' title='bbox 2200 1088 2459 1146; x_wconf 90' lang='lat' dir='ltr'>minatus</span> <span class='ocrx_word' id='word_1_134' title='bbox 2507 1094 2597 1147; x_wconf 88' lang='lat' dir='ltr'>est</span> <span class='ocrx_word' id='word_1_135' title='bbox 2643 1092 2858 1165; x_wconf 93' lang='lat' dir='ltr'>populo</span> <span class='ocrx_word' id='word_1_136' title='bbox 2880 1093 3286 1165; x_wconf 87' lang='lat' dir='ltr'>percussiones</span> <span class='ocrx_word' id='word_1_137' title='bbox 3326 1093 3558 1150; x_wconf 65' lang='lat' dir='ltr'>frameae</span> <span class='ocrx_word' id='word_1_138' title='bbox 3588 1110 3694 1166; x_wconf 92' lang='lat' dir='ltr'>pro</span> <span class='ocrx_word' id='word_1_139' title='bbox 3724 1110 3840 1151; x_wconf 89' lang='lat' dir='ltr'>ma-</span> 
     </span>
    </p>
   </div>
   <div class='ocr_carea' id='block_1_26' title="bbox 2199 1176 3844 1256">
    <p class='ocr_par' dir='ltr' id='par_1_26' title="bbox 2199 1176 3844 1256">
     <span class='ocr_line' id='line_1_26' title="bbox 2199 1176 3844 1256; baseline 0.004 -25"><span class='ocrx_word' id='word_1_140' title='bbox 2199 1176 2389 1250; x_wconf 88' lang='lat' dir='ltr'>stigiis</span> <span class='ocrx_word' id='word_1_141' title='bbox 2419 1180 2601 1251; x_wconf 88' lang='lat' dir='ltr'>patris</span> <span class='ocrx_word' id='word_1_142' title='bbox 2649 1182 2772 1253; x_wconf 85' lang='lat' dir='ltr'>[al.,</span> <span class='ocrx_word' id='word_1_143' title='bbox 2822 1182 3007 1254; x_wconf 89' lang='lat' dir='ltr'>patris</span> <span class='ocrx_word' id='word_1_144' title='bbox 3057 1181 3376 1256; x_wconf 83' lang='lat' dir='ltr'>omittitur],</span> <span class='ocrx_word' id='word_1_145' title='bbox 3411 1182 3628 1238; x_wconf 89' lang='lat' dir='ltr'>idcirco</span> <span class='ocrx_word' id='word_1_146' title='bbox 3662 1182 3844 1238; x_wconf 90' lang='lat' dir='ltr'>multa</span> 
     </span>
    </p>
   </div>
   <div class='ocr_carea' id='block_1_27' title="bbox 2199 1265 3843 1343">
    <p class='ocr_par' dir='ltr' id='par_1_27' title="bbox 2199 1265 3843 1343">
     <span class='ocr_line' id='line_1_27' title="bbox 2199 1265 3843 1343; baseline 0.004 -22"><span class='ocrx_word' id='word_1_147' title='bbox 2199 1265 2355 1321; x_wconf 89' lang='lat' dir='ltr'>mala</span> <span class='ocrx_word' id='word_1_148' title='bbox 2386 1284 2596 1339; x_wconf 90' lang='lat' dir='ltr'>passus</span> <span class='ocrx_word' id='word_1_149' title='bbox 2627 1275 2716 1325; x_wconf 90' lang='lat' dir='ltr'>est</span> <span class='ocrx_word' id='word_1_150' title='bbox 2742 1269 2800 1325; x_wconf 89' lang='lat' dir='ltr'>in</span> <span class='ocrx_word' id='word_1_151' title='bbox 2835 1287 3035 1343; x_wconf 90' lang='lat' dir='ltr'>regno,</span> <span class='ocrx_word' id='word_1_152' title='bbox 3068 1275 3126 1326; x_wconf 91' lang='lat' dir='ltr'>et</span> <span class='ocrx_word' id='word_1_153' title='bbox 3163 1271 3235 1327; x_wconf 90' lang='lat' dir='ltr'>ad</span> <span class='ocrx_word' id='word_1_154' title='bbox 3280 1270 3555 1327; x_wconf 90' lang='lat' dir='ltr'>ultimum</span> <span class='ocrx_word' id='word_1_155' title='bbox 3586 1272 3843 1343; x_wconf 87' lang='lat' dir='ltr'>dejectus</span> 
     </span>
    </p>
   </div>
   <div class='ocr_carea' id='block_1_28' title="bbox 2199 1355 3841 1431">
    <p class='ocr_par' dir='ltr' id='par_1_28' title="bbox 2199 1355 3841 1431">
     <span class='ocr_line' id='line_1_28' title="bbox 2199 1355 3841 1431; baseline 0.004 -22"><span class='ocrx_word' id='word_1_156' title='bbox 2199 1358 2288 1410; x_wconf 90' lang='lat' dir='ltr'>est</span> <span class='ocrx_word' id='word_1_157' title='bbox 2320 1355 2415 1427; x_wconf 86' lang='lat' dir='ltr'><strong><em>(III</em></strong></span> <span class='ocrx_word' id='word_1_158' title='bbox 2454 1358 2575 1428; x_wconf 84' lang='lat' dir='ltr'>Reg.</span> <span class='ocrx_word' id='word_1_159' title='bbox 2627 1375 2703 1425; x_wconf 69' lang='lat' dir='ltr'>x1,</span> <span class='ocrx_word' id='word_1_160' title='bbox 2752 1359 2861 1431; x_wconf 88' lang='grc'>11).</span> <span class='ocrx_word' id='word_1_161' title='bbox 2911 1359 3030 1415; x_wconf 90' lang='lat' dir='ltr'>Hoc</span> <span class='ocrx_word' id='word_1_162' title='bbox 3076 1358 3184 1415; x_wconf 92' lang='lat' dir='ltr'>tibi</span> <span class='ocrx_word' id='word_1_163' title='bbox 3236 1377 3309 1416; x_wconf 87' lang='lat' dir='ltr'>nc</span> <span class='ocrx_word' id='word_1_164' title='bbox 3357 1360 3601 1428; x_wconf 88' lang='lat' dir='ltr'>accidat,</span> <span class='ocrx_word' id='word_1_165' title='bbox 3654 1360 3841 1431; x_wconf 92' lang='lat' dir='ltr'>obedi,</span> 
     </span>
    </p>
   </div>
   <div class='ocr_carea' id='block_1_29' title="bbox 2198 1442 3840 1521">
    <p class='ocr_par' dir='ltr' id='par_1_29' title="bbox 2198 1442 3840 1521">
     <span class='ocr_line' id='line_1_29' title="bbox 2198 1442 3840 1521; baseline 0.005 -25"><span class='ocrx_word' id='word_1_166' title='bbox 2198 1442 2302 1508; x_wconf 89' lang='lat' dir='ltr'>ﬁli,</span> <span class='ocrx_word' id='word_1_167' title='bbox 2336 1445 2509 1514; x_wconf 92' lang='lat' dir='ltr'>mihi;</span> <span class='ocrx_word' id='word_1_168' title='bbox 2543 1462 2688 1517; x_wconf 91' lang='lat' dir='ltr'>puer</span> <span class='ocrx_word' id='word_1_169' title='bbox 2710 1447 3143 1517; x_wconf 90' lang='lat' dir='ltr'>es,deliciarum</span> <span class='ocrx_word' id='word_1_170' title='bbox 3175 1449 3296 1519; x_wconf 81' lang='grc' dir='ltr'>[αι.,</span> <span class='ocrx_word' id='word_1_171' title='bbox 3343 1447 3703 1521; x_wconf 86' lang='lat' dir='ltr'>divitiarum]</span> <span class='ocrx_word' id='word_1_172' title='bbox 3724 1465 3840 1504; x_wconf 89' lang='lat' dir='ltr'>ver-</span> 
     </span>
    </p>
   </div>
   <div class='ocr_carea' id='block_1_30' title="bbox 2199 1531 3841 1608">
    <p class='ocr_par' dir='ltr' id='par_1_30' title="bbox 2199 1531 3841 1608">
     <span class='ocr_line' id='line_1_30' title="bbox 2199 1531 3841 1608; baseline 0.004 -22"><span class='ocrx_word' id='word_1_173' title='bbox 2199 1531 2355 1599; x_wconf 90' lang='lat' dir='ltr'>nula,</span> <span class='ocrx_word' id='word_1_174' title='bbox 2388 1534 2712 1606; x_wconf 89' lang='lat' dir='ltr'>pulvinaris</span> <span class='ocrx_word' id='word_1_175' title='bbox 2741 1536 2955 1603; x_wconf 89' lang='lat' dir='ltr'>accola,</span> <span class='ocrx_word' id='word_1_176' title='bbox 3011 1537 3166 1592; x_wconf 82' lang='lat' dir='ltr'>fotus</span> <span class='ocrx_word' id='word_1_177' title='bbox 3220 1537 3621 1608; x_wconf 89' lang='lat' dir='ltr'>educatusque</span> <span class='ocrx_word' id='word_1_178' title='bbox 3662 1536 3719 1592; x_wconf 89' lang='lat' dir='ltr'>in</span> <span class='ocrx_word' id='word_1_179' title='bbox 3748 1537 3841 1593; x_wconf 87' lang='lat' dir='ltr'>de-</span> 
     </span>
    </p>
   </div>
   <div class='ocr_carea' id='block_1_31' title="bbox 2196 1620 3843 1697">
    <p class='ocr_par' dir='ltr' id='par_1_31' title="bbox 2196 1620 3843 1697">
     <span class='ocr_line' id='line_1_31' title="bbox 2196 1620 3843 1697; baseline 0.004 -22"><span class='ocrx_word' id='word_1_180' title='bbox 2196 1620 2348 1677; x_wconf 89' lang='lat' dir='ltr'>liciis</span> <span class='ocrx_word' id='word_1_181' title='bbox 2401 1622 2650 1692; x_wconf 89' lang='lat' dir='ltr'>cunctis,</span> <span class='ocrx_word' id='word_1_182' title='bbox 2693 1624 3151 1697; x_wconf 80' lang='lat' dir='ltr'>expeditionum,</span> <span class='ocrx_word' id='word_1_183' title='bbox 3220 1624 3439 1681; x_wconf 90' lang='lat' dir='ltr'>laboris</span> <span class='ocrx_word' id='word_1_184' title='bbox 3491 1626 3614 1697; x_wconf 81' lang='lat' dir='ltr'>[al.,</span> <span class='ocrx_word' id='word_1_185' title='bbox 3666 1626 3843 1682; x_wconf 88' lang='lat' dir='ltr'>totius</span> 
     </span>
    </p>
   </div>
   <div class='ocr_carea' id='block_1_32' title="bbox 2197 1710 3844 1787">
    <p class='ocr_par' dir='ltr' id='par_1_32' title="bbox 2197 1710 3844 1787">
     <span class='ocr_line' id='line_1_32' title="bbox 2197 1710 3844 1787; baseline 0.004 -23"><span class='ocrx_word' id='word_1_186' title='bbox 2197 1710 2629 1782; x_wconf 81' lang='lat' dir='ltr'>expeditionum</span> <span class='ocrx_word' id='word_1_187' title='bbox 2661 1711 2925 1783; x_wconf 90' lang='lat' dir='ltr'>laboris),</span> <span class='ocrx_word' id='word_1_188' title='bbox 2960 1719 3135 1786; x_wconf 90' lang='lat' dir='ltr'>atque</span> <span class='ocrx_word' id='word_1_189' title='bbox 3182 1713 3546 1770; x_wconf 90' lang='lat' dir='ltr'>diversarum</span> <span class='ocrx_word' id='word_1_190' title='bbox 3582 1715 3844 1787; x_wconf 88' lang='lat' dir='ltr'>gentium</span> 
     </span>
    </p>
   </div>
   <div class='ocr_carea' id='block_1_33' title="bbox 2197 1798 3843 1875">
    <p class='ocr_par' dir='ltr' id='par_1_33' title="bbox 2197 1798 3843 1875">
     <span class='ocr_line' id='line_1_33' title="bbox 2197 1798 3843 1875; baseline 0.004 -23"><span class='ocrx_word' id='word_1_191' title='bbox 2197 1798 2551 1857; x_wconf 88' lang='lat' dir='ltr'>incursionis</span> <span class='ocrx_word' id='word_1_192' title='bbox 2580 1817 2805 1873; x_wconf 82' lang='lat' dir='ltr'>expers,</span> <span class='ocrx_word' id='word_1_193' title='bbox 2838 1802 2898 1857; x_wconf 91' lang='lat' dir='ltr'>in</span> <span class='ocrx_word' id='word_1_194' title='bbox 2947 1802 3163 1874; x_wconf 87' lang='lat' dir='ltr'>quibus</span> <span class='ocrx_word' id='word_1_195' title='bbox 3212 1819 3318 1875; x_wconf 88' lang='lat' dir='ltr'>ego</span> <span class='ocrx_word' id='word_1_196' title='bbox 3360 1803 3487 1874; x_wconf 88' lang='lat' dir='ltr'>jam</span> <span class='ocrx_word' id='word_1_197' title='bbox 3517 1803 3638 1859; x_wconf 86' lang='lat' dir='ltr'>fere</span> <span class='ocrx_word' id='word_1_198' title='bbox 3664 1807 3843 1860; x_wconf 86' lang='lat' dir='ltr'>totam</span> 
     </span>
    </p>
   </div>
   <div class='ocr_carea' id='block_1_34' title="bbox 2199 1890 3845 1965">
    <p class='ocr_par' dir='ltr' id='par_1_34' title="bbox 2199 1890 3845 1965">
     <span class='ocr_line' id='line_1_34' title="bbox 2199 1890 3845 1965; baseline 0.004 -24"><span class='ocrx_word' id='word_1_199' title='bbox 2199 1903 2392 1943; x_wconf 86' lang='lat' dir='ltr'>meam</span> <span class='ocrx_word' id='word_1_200' title='bbox 2423 1890 2665 1944; x_wconf 89' lang='lat' dir='ltr'>contrivi</span> <span class='ocrx_word' id='word_1_201' title='bbox 2696 1894 2945 1946; x_wconf 64' lang='lat' dir='ltr'>aetatem.</span> <span class='ocrx_word' id='word_1_202' title='bbox 2977 1895 3109 1946; x_wconf 89' lang='lat' dir='ltr'>Jam</span> <span class='ocrx_word' id='word_1_203' title='bbox 3139 1894 3373 1964; x_wconf 90' lang='lat' dir='ltr'>tempus</span> <span class='ocrx_word' id='word_1_204' title='bbox 3417 1890 3602 1960; x_wconf 85' lang='lat' dir='ltr'>adest,</span> <span class='ocrx_word' id='word_1_205' title='bbox 3637 1891 3697 1947; x_wconf 92' lang='lat' dir='ltr'>in</span> <span class='ocrx_word' id='word_1_206' title='bbox 3730 1909 3845 1965; x_wconf 90' lang='lat' dir='ltr'>quo</span> 
     </span>
    </p>
   </div>
   <div class='ocr_carea' id='block_1_35' title="bbox 2196 1975 3846 2053">
    <p class='ocr_par' dir='ltr' id='par_1_35' title="bbox 2196 1975 3846 2053">
     <span class='ocr_line' id='line_1_35' title="bbox 2196 1975 3846 2053; baseline 0.004 -24"><span class='ocrx_word' id='word_1_207' title='bbox 2196 1975 2299 2030; x_wconf 89' lang='lat' dir='ltr'>tibi</span> <span class='ocrx_word' id='word_1_208' title='bbox 2332 1993 2447 2031; x_wconf 91' lang='lat' dir='ltr'>non</span> <span class='ocrx_word' id='word_1_209' title='bbox 2480 1994 2712 2049; x_wconf 87' lang='lat' dir='ltr'>semper</span> <span class='ocrx_word' id='word_1_210' title='bbox 2733 1978 3129 2051; x_wconf 89' lang='lat' dir='ltr'>pulvinarium</span> <span class='ocrx_word' id='word_1_211' title='bbox 3155 1978 3558 2052; x_wconf 83' lang='lat' dir='ltr'>mollities[al.,</span> <span class='ocrx_word' id='word_1_212' title='bbox 3579 1980 3846 2053; x_wconf 84' lang='lat' dir='ltr'>pulvinar</span> 
     </span>
    </p>
   </div>
   <div class='ocr_carea' id='block_1_36' title="bbox 2199 2064 3841 2138">
    <p class='ocr_par' dir='ltr' id='par_1_36' title="bbox 2199 2064 3841 2138">
     <span class='ocr_line' id='line_1_36' title="bbox 2199 2064 3841 2138; baseline 0.002 -18"><span class='ocrx_word' id='word_1_213' title='bbox 2199 2064 2508 2137; x_wconf 89' lang='lat' dir='ltr'>mollitiei],</span> <span class='ocrx_word' id='word_1_214' title='bbox 2544 2083 2670 2138; x_wconf 72' lang='lat' dir='ltr'>quae</span> <span class='ocrx_word' id='word_1_215' title='bbox 2715 2072 2770 2123; x_wconf 91' lang='lat' dir='ltr'>te</span> <span class='ocrx_word' id='word_1_216' title='bbox 2818 2067 3087 2124; x_wconf 88' lang='lat' dir='ltr'>hebetem</span> <span class='ocrx_word' id='word_1_217' title='bbox 3119 2072 3177 2124; x_wconf 91' lang='lat' dir='ltr'>et</span> <span class='ocrx_word' id='word_1_218' title='bbox 3213 2067 3526 2124; x_wconf 89' lang='lat' dir='ltr'>delicatum</span> <span class='ocrx_word' id='word_1_219' title='bbox 3575 2069 3841 2136; x_wconf 89' lang='lat' dir='ltr'>reddant,</span> 
     </span>
    </p>
   </div>
   <div class='ocr_carea' id='block_1_37' title="bbox 2199 2153 3845 2229">
    <p class='ocr_par' dir='ltr' id='par_1_37' title="bbox 2199 2153 3845 2229">
     <span class='ocr_line' id='line_1_37' title="bbox 2199 2153 3845 2229; baseline 0.004 -22"><span class='ocrx_word' id='word_1_220' title='bbox 2199 2153 2542 2209; x_wconf 66' lang='lat' dir='ltr'>adhibendae</span> <span class='ocrx_word' id='word_1_221' title='bbox 2571 2160 2729 2223; x_wconf 90' lang='lat' dir='ltr'>sunt,</span> <span class='ocrx_word' id='word_1_222' title='bbox 2759 2157 2915 2228; x_wconf 92' lang='lat' dir='ltr'>quod</span> <span class='ocrx_word' id='word_1_223' title='bbox 2965 2160 3054 2212; x_wconf 92' lang='lat' dir='ltr'>est</span> <span class='ocrx_word' id='word_1_224' title='bbox 3099 2156 3404 2229; x_wconf 88' lang='lat' dir='ltr'>dissipatio</span> <span class='ocrx_word' id='word_1_225' title='bbox 3455 2156 3738 2213; x_wconf 83' lang='lat' dir='ltr'>virtutum</span> <span class='ocrx_word' id='word_1_226' title='bbox 3790 2161 3845 2214; x_wconf 83' lang='lat' dir='ltr'>et</span> 
     </span>
    </p>
   </div>
   <div class='ocr_carea' id='block_1_38' title="bbox 2197 2241 3841 2318">
    <p class='ocr_par' dir='ltr' id='par_1_38' title="bbox 2197 2241 3841 2318">
     <span class='ocr_line' id='line_1_38' title="bbox 2197 2241 3841 2318; baseline 0.003 -21"><span class='ocrx_word' id='word_1_227' title='bbox 2197 2241 2469 2297; x_wconf 90' lang='lat' dir='ltr'>vitiorum</span> <span class='ocrx_word' id='word_1_228' title='bbox 2496 2243 3022 2318; x_wconf 80' lang='lat' dir='ltr'>fomentum,atque</span> <span class='ocrx_word' id='word_1_229' title='bbox 3035 2245 3393 2318; x_wconf 88' lang='lat' dir='ltr'>contemptio</span> <span class='ocrx_word' id='word_1_230' title='bbox 3407 2246 3841 2302; x_wconf 86' lang='lat' dir='ltr'>mandatorum:</span> 
     </span>
    </p>
   </div>
   <div class='ocr_carea' id='block_1_39' title="bbox 2197 2330 3844 2406">
    <p class='ocr_par' dir='ltr' id='par_1_39' title="bbox 2197 2330 3844 2406">
     <span class='ocr_line' id='line_1_39' title="bbox 2197 2330 3844 2406; baseline 0.005 -23"><span class='ocrx_word' id='word_1_231' title='bbox 2197 2330 2297 2384; x_wconf 90' lang='lat' dir='ltr'>sed</span> <span class='ocrx_word' id='word_1_232' title='bbox 2338 2330 2632 2387; x_wconf 90' lang='lat' dir='ltr'>interdum</span> <span class='ocrx_word' id='word_1_233' title='bbox 2682 2334 2966 2405; x_wconf 88' lang='lat' dir='ltr'>asperitas</span> <span class='ocrx_word' id='word_1_234' title='bbox 3017 2334 3331 2391; x_wconf 89' lang='lat' dir='ltr'>tribuenda</span> <span class='ocrx_word' id='word_1_235' title='bbox 3376 2339 3486 2403; x_wconf 90' lang='lat' dir='ltr'>est,</span> <span class='ocrx_word' id='word_1_236' title='bbox 3517 2351 3651 2406; x_wconf 71' lang='lat' dir='ltr'>quae</span> <span class='ocrx_word' id='word_1_237' title='bbox 3679 2339 3844 2391; x_wconf 86' lang='lat' dir='ltr'>tuam</span> 
     </span>
    </p>
   </div>
   <div class='ocr_carea' id='block_1_40' title="bbox 441 2417 3846 2519">
    <p class='ocr_par' dir='ltr' id='par_1_40' title="bbox 441 2417 3846 2519">
     <span class='ocr_line' id='line_1_40' title="bbox 441 2417 3846 2519; baseline -0 -38"><span class='ocrx_word' id='word_1_238' title='bbox 441 2426 660 2498; x_wconf 91' lang='lat' dir='ltr'>nibus],</span> <span class='ocrx_word' id='word_1_239' title='bbox 711 2426 925 2499; x_wconf 89' lang='lat' dir='ltr'>partim</span> <span class='ocrx_word' id='word_1_240' title='bbox 973 2426 1239 2482; x_wconf 88' lang='lat' dir='ltr'>civilibus</span> <span class='ocrx_word' id='word_1_241' title='bbox 1292 2442 1357 2482; x_wconf 90' lang='lat' dir='ltr'>ac</span> <span class='ocrx_word' id='word_1_242' title='bbox 1407 2426 1759 2482; x_wconf 90' lang='lat' dir='ltr'>nobiliorum</span> <span class='ocrx_word' id='word_1_243' title='bbox 1803 2430 2086 2498; x_wconf 72' lang='lat' dir='ltr'>zetatoque</span> <span class='ocrx_word' id='word_1_244' title='bbox 2114 2454 2161 2519; x_wconf 84' lang='lat' dir='ltr'><strong>B</strong></span> <span class='ocrx_word' id='word_1_245' title='bbox 2198 2417 2642 2519; x_wconf 47' lang='lat' dir='ltr'>intelligentiam</span> <span class='ocrx_word' id='word_1_246' title='bbox 2674 2423 2746 2477; x_wconf 87' lang='lat' dir='ltr'>ad</span> <span class='ocrx_word' id='word_1_247' title='bbox 2777 2439 2863 2490; x_wconf 91' lang='lat' dir='ltr'>ea,</span> <span class='ocrx_word' id='word_1_248' title='bbox 3051 2423 3343 2519; x_wconf 69' lang='lat' dir='ltr'>praecipio,</span> <span class='ocrx_word' id='word_1_249' title='bbox 3376 2424 3623 2519; x_wconf 70' lang='lat' dir='ltr'>reddant</span> <span class='ocrx_word' id='word_1_250' title='bbox 3661 2428 3846 2519; x_wconf 82' lang='lat' dir='ltr'>atten-</span> 
     </span>
    </p>
   </div>
   <div class='ocr_carea' id='block_1_41' title="bbox 438 2514 2080 2589">
    <p class='ocr_par' dir='ltr' id='par_1_41' title="bbox 438 2514 2080 2589">
     <span class='ocr_line' id='line_1_41' title="bbox 438 2514 2080 2589; baseline -0.001 -18"><span class='ocrx_word' id='word_1_251' title='bbox 438 2518 840 2589; x_wconf 91' lang='lat' dir='ltr'>provectorum</span> <span class='ocrx_word' id='word_1_252' title='bbox 892 2514 1174 2581; x_wconf 91' lang='lat' dir='ltr'>consiliis,</span> <span class='ocrx_word' id='word_1_253' title='bbox 1202 2515 1603 2583; x_wconf 90' lang='lat' dir='ltr'>suasionibus,</span> <span class='ocrx_word' id='word_1_254' title='bbox 1659 2516 1778 2587; x_wconf 92' lang='lat' dir='ltr'>regi</span> <span class='ocrx_word' id='word_1_255' title='bbox 1826 2516 2080 2584; x_wconf 77' lang='lat' dir='ltr'>defendi,</span> 
     </span>
    </p>
   </div>
   <div class='ocr_carea' id='block_1_42' title="bbox 439 2602 2084 2673">
    <p class='ocr_par' dir='ltr' id='par_1_42' title="bbox 439 2602 2084 2673">
     <span class='ocr_line' id='line_1_42' title="bbox 439 2602 2084 2673; baseline -0.001 -11"><span class='ocrx_word' id='word_1_256' title='bbox 439 2602 641 2673; x_wconf 90' lang='lat' dir='ltr'>dividi,</span> <span class='ocrx_word' id='word_1_257' title='bbox 674 2603 991 2661; x_wconf 88' lang='lat' dir='ltr'>coadunari</span> <span class='ocrx_word' id='word_1_258' title='bbox 1023 2604 1250 2660; x_wconf 89' lang='lat' dir='ltr'>videam</span> <span class='ocrx_word' id='word_1_259' title='bbox 1277 2621 1289 2671; x_wconf 94' lang='lat'>;</span> <span class='ocrx_word' id='word_1_260' title='bbox 1323 2608 1379 2658; x_wconf 88' lang='lat' dir='ltr'>et</span> <span class='ocrx_word' id='word_1_261' title='bbox 1408 2621 1541 2659; x_wconf 90' lang='lat' dir='ltr'>cum</span> <span class='ocrx_word' id='word_1_262' title='bbox 1596 2620 1801 2659; x_wconf 91' lang='lat' dir='ltr'>omnes</span> <span class='ocrx_word' id='word_1_263' title='bbox 1849 2604 2084 2661; x_wconf 84' lang='lat' dir='ltr'>ordines</span> 
     </span>
    </p>
   </div>
   <div class='ocr_carea' id='block_1_43' title="bbox 435 2691 2079 2765">
    <p class='ocr_par' dir='ltr' id='par_1_43' title="bbox 435 2691 2079 2765">
     <span class='ocr_line' id='line_1_43' title="bbox 435 2691 2079 2765; baseline 0 -17"><span class='ocrx_word' id='word_1_264' title='bbox 435 2693 656 2765; x_wconf 89' lang='lat' dir='ltr'>ubique</span> <span class='ocrx_word' id='word_1_265' title='bbox 685 2697 997 2758; x_wconf 88' lang='lat' dir='ltr'>terrarum,</span> <span class='ocrx_word' id='word_1_266' title='bbox 1030 2694 1437 2764; x_wconf 89' lang='lat' dir='ltr'>cujuscunque</span> <span class='ocrx_word' id='word_1_267' title='bbox 1466 2693 1585 2747; x_wconf 90' lang='lat' dir='ltr'>sint</span> <span class='ocrx_word' id='word_1_268' title='bbox 1614 2691 1942 2764; x_wconf 85' lang='lat' dir='ltr'>dignitatis,</span> <span class='ocrx_word' id='word_1_269' title='bbox 1967 2710 2079 2748; x_wconf 89' lang='lat' dir='ltr'>non</span> 
     </span>
    </p>
   </div>
   <div class='ocr_carea' id='block_1_44' title="bbox 436 2780 2083 2853">
    <p class='ocr_par' dir='ltr' id='par_1_44' title="bbox 436 2780 2083 2853">
     <span class='ocr_line' id='line_1_44' title="bbox 436 2780 2083 2853; baseline 0 -16"><span class='ocrx_word' id='word_1_270' title='bbox 436 2781 629 2853; x_wconf 86' lang='lat' dir='ltr'>solum</span> <span class='ocrx_word' id='word_1_271' title='bbox 658 2780 1029 2848; x_wconf 88' lang='lat' dir='ltr'>satellitibus,</span> <span class='ocrx_word' id='word_1_272' title='bbox 1061 2780 1286 2848; x_wconf 89' lang='lat' dir='ltr'>amicis,</span> <span class='ocrx_word' id='word_1_273' title='bbox 1321 2780 2083 2853; x_wconf 62' lang='lat' dir='ltr'>servis,pracipere,consu-</span> 
     </span>
    </p>
   </div>
   <div class='ocr_carea' id='block_1_45' title="bbox 433 2869 2081 2942">
    <p class='ocr_par' dir='ltr' id='par_1_45' title="bbox 433 2869 2081 2942">
     <span class='ocr_line' id='line_1_45' title="bbox 433 2869 2081 2942; baseline 0.001 -17"><span class='ocrx_word' id='word_1_274' title='bbox 433 2869 552 2927; x_wconf 89' lang='lat' dir='ltr'>lere</span> <span class='ocrx_word' id='word_1_275' title='bbox 600 2871 723 2942; x_wconf 84' lang='grc' dir='ltr'>[αι.,</span> <span class='ocrx_word' id='word_1_276' title='bbox 757 2869 1055 2926; x_wconf 90' lang='lat' dir='ltr'>consiliari</span> <span class='ocrx_word' id='word_1_277' title='bbox 1102 2869 1222 2926; x_wconf 88' lang='lat' dir='ltr'>sive</span> <span class='ocrx_word' id='word_1_278' title='bbox 1269 2869 1613 2939; x_wconf 80' lang='lat' dir='ltr'>consulere],</span> <span class='ocrx_word' id='word_1_279' title='bbox 1660 2871 1926 2935; x_wconf 89' lang='lat' dir='ltr'>suadere,</span> <span class='ocrx_word' id='word_1_280' title='bbox 1979 2872 2081 2927; x_wconf 90' lang='lat' dir='ltr'>sed</span> 
     </span>
    </p>
   </div>
   <div class='ocr_carea' id='block_1_46' title="bbox 433 2957 2079 3031">
    <p class='ocr_par' dir='ltr' id='par_1_46' title="bbox 433 2957 2079 3031">
     <span class='ocr_line' id='line_1_46' title="bbox 433 2957 2079 3031; baseline -0.002 -16"><span class='ocrx_word' id='word_1_281' title='bbox 433 2958 615 3015; x_wconf 87' lang='lat' dir='ltr'>etiam</span> <span class='ocrx_word' id='word_1_282' title='bbox 645 2957 786 3015; x_wconf 88' lang='lat' dir='ltr'>ﬁliis</span> <span class='ocrx_word' id='word_1_283' title='bbox 815 2975 918 3030; x_wconf 92' lang='lat' dir='ltr'>pro</span> <span class='ocrx_word' id='word_1_284' title='bbox 945 2962 1099 3015; x_wconf 88' lang='lat' dir='ltr'>certo</span> <span class='ocrx_word' id='word_1_285' title='bbox 1130 2959 1345 3026; x_wconf 87' lang='lat' dir='ltr'>sciam;</span> <span class='ocrx_word' id='word_1_286' title='bbox 1377 2962 1515 3013; x_wconf 88' lang='lat' dir='ltr'>tunc</span> <span class='ocrx_word' id='word_1_287' title='bbox 1548 2974 1641 3013; x_wconf 91' lang='lat' dir='ltr'>me</span> <span class='ocrx_word' id='word_1_288' title='bbox 1663 2976 1776 3014; x_wconf 91' lang='lat' dir='ltr'>non</span> <span class='ocrx_word' id='word_1_289' title='bbox 1800 2958 2079 3031; x_wconf 73' lang='lat' dir='ltr'>pigel[al.,</span> 
     </span>
    </p>
   </div>
   <div class='ocr_carea' id='block_1_47' title="bbox 435 3046 2079 3120">
    <p class='ocr_par' dir='ltr' id='par_1_47' title="bbox 435 3046 2079 3120">
     <span class='ocr_line' id='line_1_47' title="bbox 435 3046 2079 3120; baseline -0.001 -18"><span class='ocrx_word' id='word_1_290' title='bbox 435 3064 508 3102; x_wconf 93' lang='lat' dir='ltr'>ne</span> <span class='ocrx_word' id='word_1_291' title='bbox 536 3046 774 3120; x_wconf 86' lang='lat' dir='ltr'>pigeat],</span> <span class='ocrx_word' id='word_1_292' title='bbox 807 3046 887 3101; x_wconf 93' lang='lat' dir='ltr'>ﬁli</span> <span class='ocrx_word' id='word_1_293' title='bbox 936 3046 1378 3112; x_wconf 89' lang='lat' dir='ltr'>amabilissime,</span> <span class='ocrx_word' id='word_1_294' title='bbox 1416 3046 1525 3101; x_wconf 88' lang='lat' dir='ltr'>hac</span> <span class='ocrx_word' id='word_1_295' title='bbox 1555 3046 1672 3102; x_wconf 88' lang='lat' dir='ltr'>vita</span> <span class='ocrx_word' id='word_1_296' title='bbox 1709 3046 1939 3115; x_wconf 89' lang='lat' dir='ltr'>comite,</span> <span class='ocrx_word' id='word_1_297' title='bbox 1973 3048 2079 3103; x_wconf 90' lang='lat' dir='ltr'>tibi</span> 
     </span>
    </p>
   </div>
   <div class='ocr_carea' id='block_1_48' title="bbox 433 3133 2080 3208">
    <p class='ocr_par' dir='ltr' id='par_1_48' title="bbox 433 3133 2080 3208">
     <span class='ocr_line' id='line_1_48' title="bbox 433 3133 2080 3208; baseline 0.001 -17"><span class='ocrx_word' id='word_1_298' title='bbox 433 3136 805 3201; x_wconf 88' lang='lat' dir='ltr'>documenta,</span> <span class='ocrx_word' id='word_1_299' title='bbox 837 3140 1146 3208; x_wconf 73' lang='lat' dir='ltr'>praecepta,</span> <span class='ocrx_word' id='word_1_300' title='bbox 1179 3133 1425 3191; x_wconf 90' lang='lat' dir='ltr'>consilia</span> <span class='ocrx_word' id='word_1_301' title='bbox 1456 3138 1511 3189; x_wconf 92' lang='lat' dir='ltr'>ct</span> <span class='ocrx_word' id='word_1_302' title='bbox 1541 3136 1847 3192; x_wconf 87' lang='lat' dir='ltr'>suasiones</span> <span class='ocrx_word' id='word_1_303' title='bbox 1876 3154 2080 3208; x_wconf 90' lang='lat' dir='ltr'>parare</span> 
     </span>
    </p>
   </div>
   <div class='ocr_carea' id='block_1_49' title="bbox 429 3221 2079 3298">
    <p class='ocr_par' dir='ltr' id='par_1_49' title="bbox 429 3221 2079 3298">
     <span class='ocr_line' id='line_1_49' title="bbox 429 3221 2079 3298; baseline 0.002 -19"><span class='ocrx_word' id='word_1_304' title='bbox 429 3225 554 3297; x_wconf 86' lang='lat' dir='ltr'>[al.,</span> <span class='ocrx_word' id='word_1_305' title='bbox 594 3225 957 3297; x_wconf 89' lang='lat' dir='ltr'>proponere],</span> <span class='ocrx_word' id='word_1_306' title='bbox 1005 3224 1225 3296; x_wconf 92' lang='lat' dir='ltr'>quibus</span> <span class='ocrx_word' id='word_1_307' title='bbox 1272 3227 1385 3278; x_wconf 68' lang='lat' dir='ltr'>tuae</span> <span class='ocrx_word' id='word_1_308' title='bbox 1429 3221 1559 3278; x_wconf 63' lang='lat' dir='ltr'>vita:</span> <span class='ocrx_word' id='word_1_309' title='bbox 1609 3241 1820 3292; x_wconf 89' lang='lat' dir='ltr'>mores,</span> <span class='ocrx_word' id='word_1_310' title='bbox 1855 3226 2079 3298; x_wconf 82' lang='lat' dir='ltr'>tibique</span> 
     </span>
    </p>
   </div>
   <div class='ocr_carea' id='block_1_50' title="bbox 429 3312 2079 3386">
    <p class='ocr_par' dir='ltr' id='par_1_50' title="bbox 429 3312 2079 3386">
     <span class='ocr_line' id='line_1_50' title="bbox 429 3312 2079 3386; baseline 0.001 -17"><span class='ocrx_word' id='word_1_311' title='bbox 429 3313 830 3386; x_wconf 89' lang='lat' dir='ltr'>subjectorum</span> <span class='ocrx_word' id='word_1_312' title='bbox 857 3329 1121 3380; x_wconf 84' lang='lat' dir='ltr'>exornes,</span> <span class='ocrx_word' id='word_1_313' title='bbox 1157 3312 1414 3383; x_wconf 90' lang='lat' dir='ltr'>quando,</span> <span class='ocrx_word' id='word_1_314' title='bbox 1449 3329 1684 3368; x_wconf 90' lang='lat' dir='ltr'>summa</span> <span class='ocrx_word' id='word_1_315' title='bbox 1728 3315 2079 3371; x_wconf 86' lang='lat' dir='ltr'>concedente</span> 
     </span>
    </p>
   </div>
   <div class='ocr_carea' id='block_1_51' title="bbox 423 3402 1323 3475">
    <p class='ocr_par' dir='ltr' id='par_1_51' title="bbox 423 3402 1323 3475">
     <span class='ocr_line' id='line_1_51' title="bbox 423 3402 1323 3475; baseline -0.004 -16"><span class='ocrx_word' id='word_1_316' title='bbox 423 3402 708 3472; x_wconf 90' lang='lat' dir='ltr'>Potentia,</span> <span class='ocrx_word' id='word_1_317' title='bbox 740 3407 873 3475; x_wconf 90' lang='lat' dir='ltr'>post</span> <span class='ocrx_word' id='word_1_318' title='bbox 904 3419 998 3458; x_wconf 90' lang='lat' dir='ltr'>me</span> <span class='ocrx_word' id='word_1_319' title='bbox 1029 3402 1323 3474; x_wconf 87' lang='lat' dir='ltr'>regnabis.</span> 
     </span>
    </p>
   </div>
   <div class='ocr_carea' id='block_1_52' title="bbox 497 3490 2076 3565">
    <p class='ocr_par' dir='ltr' id='par_1_52' title="bbox 497 3490 2076 3565">
     <span class='ocr_line' id='line_1_52' title="bbox 497 3490 2076 3565; baseline 0.001 -18"><span class='ocrx_word' id='word_1_320' title='bbox 497 3492 578 3548; x_wconf 87' lang='lat' dir='ltr'>Te</span> <span class='ocrx_word' id='word_1_321' title='bbox 625 3495 822 3548; x_wconf 90' lang='lat' dir='ltr'>autem</span> <span class='ocrx_word' id='word_1_322' title='bbox 878 3490 1158 3558; x_wconf 90' lang='lat' dir='ltr'>studiose,</span> <span class='ocrx_word' id='word_1_323' title='bbox 1210 3490 1473 3546; x_wconf 88' lang='lat' dir='ltr'>adhibita</span> <span class='ocrx_word' id='word_1_324' title='bbox 1521 3490 1837 3561; x_wconf 80' lang='lat' dir='ltr'>audientis,</span> <span class='ocrx_word' id='word_1_325' title='bbox 1892 3494 2076 3565; x_wconf 89' lang='lat' dir='ltr'>patris</span> 
     </span>
    </p>
   </div>
   <div class='ocr_carea' id='block_1_53' title="bbox 424 3577 2078 3653">
    <p class='ocr_par' dir='ltr' id='par_1_53' title="bbox 424 3577 2078 3653">
     <span class='ocr_line' id='line_1_53' title="bbox 424 3577 2078 3653; baseline 0.002 -19"><span class='ocrx_word' id='word_1_326' title='bbox 424 3581 901 3653; x_wconf 65' lang='lat' dir='ltr'>precepta,juxta</span> <span class='ocrx_word' id='word_1_327' title='bbox 931 3578 1141 3634; x_wconf 67' lang='lat' dir='ltr'>divinae</span> <span class='ocrx_word' id='word_1_328' title='bbox 1167 3577 1466 3649; x_wconf 65' lang='lat' dir='ltr'>sapientiae</span> <span class='ocrx_word' id='word_1_329' title='bbox 1497 3595 1760 3648; x_wconf 90' lang='lat' dir='ltr'>suasum,</span> <span class='ocrx_word' id='word_1_330' title='bbox 1799 3582 2078 3638; x_wconf 90' lang='lat' dir='ltr'>concedet</span> 
     </span>
    </p>
   </div>
   <div class='ocr_carea' id='block_1_54' title="bbox 424 3665 2073 3741">
    <p class='ocr_par' dir='ltr' id='par_1_54' title="bbox 424 3665 2073 3741">
     <span class='ocr_line' id='line_1_54' title="bbox 424 3665 2073 3741; baseline 0.001 -17"><span class='ocrx_word' id='word_1_331' title='bbox 424 3667 1007 3736; x_wconf 90' lang='lat' dir='ltr'>observare,dicentis</span> <span class='ocrx_word' id='word_1_332' title='bbox 1038 3683 1141 3738; x_wconf 90' lang='lat' dir='ltr'>per</span> <span class='ocrx_word' id='word_1_333' title='bbox 1169 3683 1235 3721; x_wconf 91' lang='lat' dir='ltr'>os</span> <span class='ocrx_word' id='word_1_334' title='bbox 1261 3665 1592 3723; x_wconf 90' lang='lat' dir='ltr'>Salomonis</span> <span class='ocrx_word' id='word_1_335' title='bbox 1627 3685 1639 3721; x_wconf 88' lang='lat'>:</span> <span class='ocrx_word' id='word_1_336' title='bbox 1674 3669 1833 3733; x_wconf 80' lang='lat' dir='ltr'>Audi,</span> <span class='ocrx_word' id='word_1_337' title='bbox 1864 3671 1952 3741; x_wconf 82' lang='lat' dir='ltr'>[ili</span> <span class='ocrx_word' id='word_1_338' title='bbox 1973 3672 2073 3737; x_wconf 83' lang='lat' dir='ltr'>mi,</span> 
     </span>
    </p>
   </div>
   <div class='ocr_carea' id='block_1_55' title="bbox 2195 2508 3845 2586">
    <p class='ocr_par' dir='ltr' id='par_1_55' title="bbox 2195 2508 3845 2586">
     <span class='ocr_line' id='line_1_55' title="bbox 2195 2508 3845 2586; baseline 0.005 -25"><span class='ocrx_word' id='word_1_339' title='bbox 2195 2511 2333 2561; x_wconf 89' lang='lat' dir='ltr'>tam.</span> <span class='ocrx_word' id='word_1_340' title='bbox 2380 2508 2481 2565; x_wconf 83' lang='lat' dir='ltr'>IIis</span> <span class='ocrx_word' id='word_1_341' title='bbox 2530 2509 2725 2582; x_wconf 90' lang='lat' dir='ltr'>itaque</span> <span class='ocrx_word' id='word_1_342' title='bbox 2774 2511 3052 2584; x_wconf 69' lang='lat' dir='ltr'>praefatis,</span> <span class='ocrx_word' id='word_1_343' title='bbox 3102 2511 3411 2569; x_wconf 88' lang='lat' dir='ltr'>redeamus</span> <span class='ocrx_word' id='word_1_344' title='bbox 3458 2512 3528 2569; x_wconf 91' lang='lat' dir='ltr'>ad</span> <span class='ocrx_word' id='word_1_345' title='bbox 3576 2515 3845 2586; x_wconf 88' lang='lat' dir='ltr'>proposi-</span> 
     </span>
    </p>
   </div>
   <div class='ocr_carea' id='block_1_56' title="bbox 2193 2599 2341 2651">
    <p class='ocr_par' dir='ltr' id='par_1_56' title="bbox 2193 2599 2341 2651">
     <span class='ocr_line' id='line_1_56' title="bbox 2193 2599 2341 2651; baseline 0 0"><span class='ocrx_word' id='word_1_346' title='bbox 2193 2599 2341 2651; x_wconf 90' lang='lat' dir='ltr'>tum.</span> 
     </span>
    </p>
   </div>
   <div class='ocr_carea' id='block_1_57' title="bbox 2263 2684 3842 2764">
    <p class='ocr_par' dir='ltr' id='par_1_57' title="bbox 2263 2684 3842 2764">
     <span class='ocr_line' id='line_1_57' title="bbox 2263 2684 3842 2764; baseline 0.007 -25"><span class='ocrx_word' id='word_1_347' title='bbox 2263 2684 2395 2741; x_wconf 78' lang='lat' dir='ltr'>CAP.</span> <span class='ocrx_word' id='word_1_348' title='bbox 2430 2691 2473 2741; x_wconf 90' lang='grc' dir='ltr'><strong>Ι.</strong></span> <span class='ocrx_word' id='word_1_349' title='bbox 2506 2689 2580 2744; x_wconf 82' lang='lat' dir='ltr'>De</span> <span class='ocrx_word' id='word_1_350' title='bbox 2607 2690 2941 2746; x_wconf 79' lang='lat' dir='ltr'>observanda</span> <span class='ocrx_word' id='word_1_351' title='bbox 2969 2688 3239 2748; x_wconf 75' lang='lat' dir='ltr'>catholica</span> <span class='ocrx_word' id='word_1_352' title='bbox 3287 2692 3412 2764; x_wconf 79' lang='lat' dir='ltr'>ﬁde.</span> <span class='ocrx_word' id='word_1_353' title='bbox 3448 2694 3737 2759; x_wconf 87' lang='lat' dir='ltr'>Quoniam</span> <span class='ocrx_word' id='word_1_354' title='bbox 3771 2695 3842 2750; x_wconf 90' lang='lat' dir='ltr'>ad</span> 
     </span>
    </p>
   </div>
   <div class='ocr_carea' id='block_1_58' title="bbox 2192 2773 3844 2853">
    <p class='ocr_par' dir='ltr' id='par_1_58' title="bbox 2192 2773 3844 2853">
     <span class='ocr_line' id='line_1_58' title="bbox 2192 2773 3844 2853; baseline 0.007 -26"><span class='ocrx_word' id='word_1_355' title='bbox 2192 2773 2409 2847; x_wconf 90' lang='lat' dir='ltr'>regulis</span> <span class='ocrx_word' id='word_1_356' title='bbox 2441 2777 2745 2849; x_wconf 90' lang='lat' dir='ltr'>dignitatis</span> <span class='ocrx_word' id='word_1_357' title='bbox 2776 2779 3039 2835; x_wconf 90' lang='lat' dir='ltr'>ordinem</span> <span class='ocrx_word' id='word_1_358' title='bbox 3070 2797 3186 2836; x_wconf 92' lang='lat' dir='ltr'>non</span> <span class='ocrx_word' id='word_1_359' title='bbox 3217 2785 3485 2853; x_wconf 85' lang='lat' dir='ltr'>apportet</span> <span class='ocrx_word' id='word_1_360' title='bbox 3504 2781 3618 2838; x_wconf 91' lang='lat' dir='ltr'>nisi</span> <span class='ocrx_word' id='word_1_361' title='bbox 3640 2782 3844 2839; x_wconf 90' lang='lat' dir='ltr'>ﬁdeles</span> 
     </span>
    </p>
   </div>
   <div class='ocr_carea' id='block_1_59' title="bbox 2190 2864 3843 2937">
    <p class='ocr_par' dir='ltr' id='par_1_59' title="bbox 2190 2864 3843 2937">
     <span class='ocr_line' id='line_1_59' title="bbox 2190 2864 3843 2937; baseline 0.007 -20"><span class='ocrx_word' id='word_1_362' title='bbox 2190 2867 2247 2918; x_wconf 89' lang='lat' dir='ltr'>et</span> <span class='ocrx_word' id='word_1_363' title='bbox 2285 2864 2573 2920; x_wconf 87' lang='lat' dir='ltr'>catholica</span> <span class='ocrx_word' id='word_1_364' title='bbox 2598 2867 2711 2922; x_wconf 90' lang='lat' dir='ltr'>ﬁde</span> <span class='ocrx_word' id='word_1_365' title='bbox 2741 2868 3002 2925; x_wconf 89' lang='lat' dir='ltr'>imbutos</span> <span class='ocrx_word' id='word_1_366' title='bbox 3034 2870 3326 2937; x_wconf 89' lang='lat' dir='ltr'>accedere,</span> <span class='ocrx_word' id='word_1_367' title='bbox 3359 2870 3574 2926; x_wconf 89' lang='lat' dir='ltr'>idcirco</span> <span class='ocrx_word' id='word_1_368' title='bbox 3625 2876 3843 2928; x_wconf 69' lang='lat' dir='ltr'>sanctae</span> 
     </span>
    </p>
   </div>
   <div class='ocr_carea' id='block_1_60' title="bbox 2190 2952 3846 3029">
    <p class='ocr_par' dir='ltr' id='par_1_60' title="bbox 2190 2952 3846 3029">
     <span class='ocr_line' id='line_1_60' title="bbox 2190 2952 3846 3029; baseline 0.008 -23"><span class='ocrx_word' id='word_1_369' title='bbox 2190 2952 2325 3007; x_wconf 87' lang='lat' dir='ltr'>ﬁdei</span> <span class='ocrx_word' id='word_1_370' title='bbox 2355 2953 2414 3008; x_wconf 91' lang='lat' dir='ltr'>in</span> <span class='ocrx_word' id='word_1_371' title='bbox 2438 2956 2655 3012; x_wconf 86' lang='lat' dir='ltr'>nostris</span> <span class='ocrx_word' id='word_1_372' title='bbox 2678 2958 2971 3014; x_wconf 88' lang='lat' dir='ltr'>mandatis</span> <span class='ocrx_word' id='word_1_373' title='bbox 2992 2958 3251 3029; x_wconf 92' lang='lat' dir='ltr'>primum</span> <span class='ocrx_word' id='word_1_374' title='bbox 3273 2959 3846 3019; x_wconf 73' lang='lat' dir='ltr'>damuslocume-</span> 
     </span>
    </p>
   </div>
   <div class='ocr_carea' id='block_1_61' title="bbox 2190 3040 3841 3121">
    <p class='ocr_par' dir='ltr' id='par_1_61' title="bbox 2190 3040 3841 3121">
     <span class='ocr_line' id='line_1_61' title="bbox 2190 3040 3841 3121; baseline 0.008 -26"><span class='ocrx_word' id='word_1_375' title='bbox 2190 3040 2396 3111; x_wconf 91' lang='lat' dir='ltr'>primis</span> <span class='ocrx_word' id='word_1_376' title='bbox 2444 3044 2733 3116; x_wconf 75' lang='lat' dir='ltr'>praecipio,</span> <span class='ocrx_word' id='word_1_377' title='bbox 2768 3045 3033 3112; x_wconf 89' lang='lat' dir='ltr'>consulo,</span> <span class='ocrx_word' id='word_1_378' title='bbox 3065 3048 3302 3117; x_wconf 89' lang='lat' dir='ltr'>suadeo,</span> <span class='ocrx_word' id='word_1_379' title='bbox 3338 3049 3417 3103; x_wconf 88' lang='lat' dir='ltr'>ﬁli</span> <span class='ocrx_word' id='word_1_380' title='bbox 3466 3048 3841 3121; x_wconf 87' lang='lat' dir='ltr'>charissime,</span> 
     </span>
    </p>
   </div>
   <div class='ocr_carea' id='block_1_62' title="bbox 2190 3129 3840 3212">
    <p class='ocr_par' dir='ltr' id='par_1_62' title="bbox 2190 3129 3840 3212">
     <span class='ocr_line' id='line_1_62' title="bbox 2190 3129 3840 3212; baseline 0.007 -27"><span class='ocrx_word' id='word_1_381' title='bbox 2190 3129 2239 3185; x_wconf 89' lang='lat' dir='ltr'>si</span> <span class='ocrx_word' id='word_1_382' title='bbox 2272 3131 2525 3204; x_wconf 86' lang='lat' dir='ltr'>regalem</span> <span class='ocrx_word' id='word_1_383' title='bbox 2557 3134 2722 3206; x_wconf 89' lang='lat' dir='ltr'>cupis</span> <span class='ocrx_word' id='word_1_384' title='bbox 2754 3134 3064 3191; x_wconf 90' lang='lat' dir='ltr'>honestare</span> <span class='ocrx_word' id='word_1_385' title='bbox 3093 3153 3367 3192; x_wconf 84' lang='lat' dir='ltr'>coronam</span> <span class='ocrx_word' id='word_1_386' title='bbox 3400 3138 3522 3210; x_wconf 79' lang='lat' dir='ltr'>[al.,</span> <span class='ocrx_word' id='word_1_387' title='bbox 3567 3140 3840 3212; x_wconf 89' lang='lat' dir='ltr'>curiam],</span> 
     </span>
    </p>
   </div>
   <div class='ocr_carea' id='block_1_63' title="bbox 2190 3220 3845 3302">
    <p class='ocr_par' dir='ltr' id='par_1_63' title="bbox 2190 3220 3845 3302">
     <span class='ocr_line' id='line_1_63' title="bbox 2190 3220 3845 3302; baseline 0.007 -29"><span class='ocrx_word' id='word_1_388' title='bbox 2190 3222 2253 3274; x_wconf 90' lang='lat' dir='ltr'>ut</span> <span class='ocrx_word' id='word_1_389' title='bbox 2283 3220 2458 3276; x_wconf 88' lang='lat' dir='ltr'>ﬁdem</span> <span class='ocrx_word' id='word_1_390' title='bbox 2515 3222 2861 3280; x_wconf 88' lang='lat' dir='ltr'>catholicam</span> <span class='ocrx_word' id='word_1_391' title='bbox 2921 3229 2980 3280; x_wconf 91' lang='lat' dir='ltr'>et</span> <span class='ocrx_word' id='word_1_392' title='bbox 3006 3225 3845 3302; x_wconf 87' lang='lat' dir='ltr'>apostolicam,talidiligentia</span> 
     </span>
    </p>
   </div>
   <div class='ocr_carea' id='block_1_64' title="bbox 2186 3310 3840 3381">
    <p class='ocr_par' dir='ltr' id='par_1_64' title="bbox 2186 3310 3840 3381">
     <span class='ocr_line' id='line_1_64' title="bbox 2186 3310 3840 3381; baseline 0.007 -19"><span class='ocrx_word' id='word_1_393' title='bbox 2186 3312 2245 3363; x_wconf 88' lang='lat' dir='ltr'>et</span> <span class='ocrx_word' id='word_1_394' title='bbox 2275 3310 2540 3366; x_wconf 90' lang='lat' dir='ltr'>custodia</span> <span class='ocrx_word' id='word_1_395' title='bbox 2569 3328 2896 3381; x_wconf 89' lang='lat' dir='ltr'>conserves,</span> <span class='ocrx_word' id='word_1_396' title='bbox 2931 3318 2996 3368; x_wconf 90' lang='lat' dir='ltr'>ut</span> <span class='ocrx_word' id='word_1_397' title='bbox 3023 3314 3301 3370; x_wconf 90' lang='lat' dir='ltr'>omnibus</span> <span class='ocrx_word' id='word_1_398' title='bbox 3351 3314 3453 3370; x_wconf 91' lang='lat' dir='ltr'>tibi</span> <span class='ocrx_word' id='word_1_399' title='bbox 3482 3332 3517 3370; x_wconf 92' lang='lat' dir='ltr'>a</span> <span class='ocrx_word' id='word_1_400' title='bbox 3545 3316 3665 3373; x_wconf 89' lang='lat' dir='ltr'>Deo</span> <span class='ocrx_word' id='word_1_401' title='bbox 3697 3319 3840 3374; x_wconf 88' lang='lat' dir='ltr'>sub-</span> 
     </span>
    </p>
   </div>
   <div class='ocr_carea' id='block_1_65' title="bbox 2179 3397 3840 3476">
    <p class='ocr_par' dir='ltr' id='par_1_65' title="bbox 2179 3397 3840 3476">
     <span class='ocr_line' id='line_1_65' title="bbox 2179 3397 3840 3476; baseline 0.005 -24"><span class='ocrx_word' id='word_1_402' title='bbox 2179 3397 2349 3467; x_wconf 87' lang='lat' dir='ltr'>jectis</span> <span class='ocrx_word' id='word_1_403' title='bbox 2388 3399 2720 3471; x_wconf 83' lang='lat' dir='ltr'>exemplum</span> <span class='ocrx_word' id='word_1_404' title='bbox 2767 3402 3046 3473; x_wconf 66' lang='lat' dir='ltr'>praebeas,</span> <span class='ocrx_word' id='word_1_405' title='bbox 3099 3404 3411 3476; x_wconf 85' lang='lat' dir='ltr'>cunctique</span> <span class='ocrx_word' id='word_1_406' title='bbox 3454 3403 3840 3463; x_wconf 88' lang='lat' dir='ltr'>ecclesiastici</span> 
     </span>
    </p>
   </div>
   <div class='ocr_carea' id='block_1_66' title="bbox 2184 3486 3842 3567">
    <p class='ocr_par' dir='ltr' id='par_1_66' title="bbox 2184 3486 3842 3567">
     <span class='ocr_line' id='line_1_66' title="bbox 2184 3486 3842 3567; baseline 0.007 -27"><span class='ocrx_word' id='word_1_407' title='bbox 2184 3486 2291 3540; x_wconf 89' lang='lat' dir='ltr'>viri</span> <span class='ocrx_word' id='word_1_408' title='bbox 2324 3488 2445 3558; x_wconf 85' lang='lat' dir='ltr'>[al.,</span> <span class='ocrx_word' id='word_1_409' title='bbox 2481 3487 2609 3560; x_wconf 90' lang='lat' dir='ltr'>ﬁlii]</span> <span class='ocrx_word' id='word_1_410' title='bbox 2641 3490 2849 3546; x_wconf 89' lang='lat' dir='ltr'>merito</span> <span class='ocrx_word' id='word_1_411' title='bbox 2873 3495 2930 3546; x_wconf 89' lang='lat' dir='ltr'>te</span> <span class='ocrx_word' id='word_1_412' title='bbox 2982 3508 3185 3547; x_wconf 91' lang='lat' dir='ltr'>verum</span> <span class='ocrx_word' id='word_1_413' title='bbox 3219 3492 3562 3549; x_wconf 67' lang='lat' dir='ltr'>Christiana:</span> <span class='ocrx_word' id='word_1_414' title='bbox 3611 3496 3842 3567; x_wconf 83' lang='lat' dir='ltr'>profes-</span> 
     </span>
    </p>
   </div>
   <div class='ocr_carea' id='block_1_67' title="bbox 2184 3576 3841 3654">
    <p class='ocr_par' dir='ltr' id='par_1_67' title="bbox 2184 3576 3841 3654">
     <span class='ocr_line' id='line_1_67' title="bbox 2184 3576 3841 3654; baseline 0.007 -24"><span class='ocrx_word' id='word_1_415' title='bbox 2184 3576 2369 3631; x_wconf 91' lang='lat' dir='ltr'>sionis</span> <span class='ocrx_word' id='word_1_416' title='bbox 2401 3577 2704 3634; x_wconf 90' lang='lat' dir='ltr'>nominent</span> <span class='ocrx_word' id='word_1_417' title='bbox 2731 3578 2941 3647; x_wconf 91' lang='lat' dir='ltr'>virum,</span> <span class='ocrx_word' id='word_1_418' title='bbox 2976 3581 3102 3636; x_wconf 92' lang='lat' dir='ltr'>sine</span> <span class='ocrx_word' id='word_1_419' title='bbox 3154 3598 3290 3653; x_wconf 90' lang='lat' dir='ltr'>qua,</span> <span class='ocrx_word' id='word_1_420' title='bbox 3326 3599 3430 3654; x_wconf 90' lang='lat' dir='ltr'>pro</span> <span class='ocrx_word' id='word_1_421' title='bbox 3461 3588 3622 3639; x_wconf 90' lang='lat' dir='ltr'>certo</span> <span class='ocrx_word' id='word_1_422' title='bbox 3655 3586 3841 3653; x_wconf 85' lang='lat' dir='ltr'>scias,</span> 
     </span>
    </p>
   </div>
   <div class='ocr_carea' id='block_1_68' title="bbox 2184 3664 3844 3739">
    <p class='ocr_par' dir='ltr' id='par_1_68' title="bbox 2184 3664 3844 3739">
     <span class='ocr_line' id='line_1_68' title="bbox 2184 3664 3844 3739; baseline 0.007 -20"><span class='ocrx_word' id='word_1_423' title='bbox 2184 3664 2554 3722; x_wconf 88' lang='lat' dir='ltr'>Christianus</span> <span class='ocrx_word' id='word_1_424' title='bbox 2603 3684 2717 3723; x_wconf 91' lang='lat' dir='ltr'>non</span> <span class='ocrx_word' id='word_1_425' title='bbox 2768 3668 3001 3737; x_wconf 90' lang='lat' dir='ltr'>diceris,</span> <span class='ocrx_word' id='word_1_426' title='bbox 3034 3669 3122 3725; x_wconf 89' lang='lat' dir='ltr'>vel</span> <span class='ocrx_word' id='word_1_427' title='bbox 3174 3669 3440 3727; x_wconf 64' lang='lat' dir='ltr'>Ecclesia;</span> <span class='ocrx_word' id='word_1_428' title='bbox 3490 3671 3674 3729; x_wconf 88' lang='lat' dir='ltr'>ﬁlius.</span> <span class='ocrx_word' id='word_1_429' title='bbox 3730 3675 3844 3739; x_wconf 87' lang='lat' dir='ltr'>Qui</span> 
     </span>
    </p>
   </div>
   <div class='ocr_carea' id='block_1_69' title="bbox 417 3753 3849 3834">
    <p class='ocr_par' dir='ltr' id='par_1_69' title="bbox 417 3753 3849 3834">
     <span class='ocr_line' id='line_1_69' title="bbox 417 3753 3849 3834; baseline 0.002 -22"><span class='ocrx_word' id='word_1_430' title='bbox 417 3760 599 3829; x_wconf 75' lang='lat' dir='ltr'>patris</span> <span class='ocrx_word' id='word_1_431' title='bbox 627 3760 709 3814; x_wconf 78' lang='lat' dir='ltr'>tui</span> <span class='ocrx_word' id='word_1_432' title='bbox 745 3756 1118 3827; x_wconf 82' lang='lat' dir='ltr'>disciplinam,</span> <span class='ocrx_word' id='word_1_433' title='bbox 1169 3762 1220 3810; x_wconf 79' lang='lat' dir='ltr'>et</span> <span class='ocrx_word' id='word_1_434' title='bbox 1264 3771 1335 3809; x_wconf 77' lang='lat' dir='ltr'>ne</span> <span class='ocrx_word' id='word_1_435' title='bbox 1381 3755 1620 3812; x_wconf 74' lang='lat' dir='ltr'>dimittas</span> <span class='ocrx_word' id='word_1_436' title='bbox 1668 3758 1839 3828; x_wconf 83' lang='lat' dir='ltr'>legem</span> <span class='ocrx_word' id='word_1_437' title='bbox 1880 3762 2075 3816; x_wconf 70' lang='lat' dir='ltr'>matris</span> <span class='ocrx_word' id='word_1_438' title='bbox 2109 3820 2146 3834; x_wconf 51' lang='grc' dir='ltr'><strong>Α</strong></span> <span class='ocrx_word' id='word_1_439' title='bbox 2183 3753 2339 3809; x_wconf 89' lang='lat' dir='ltr'>enim</span> <span class='ocrx_word' id='word_1_440' title='bbox 2373 3754 2518 3811; x_wconf 78' lang='lat' dir='ltr'>false</span> <span class='ocrx_word' id='word_1_441' title='bbox 2548 3757 2919 3823; x_wconf 91' lang='lat' dir='ltr'>credunt,vel</span> <span class='ocrx_word' id='word_1_442' title='bbox 2951 3758 3126 3814; x_wconf 89' lang='lat' dir='ltr'>ﬁdem</span> <span class='ocrx_word' id='word_1_443' title='bbox 3157 3759 3217 3813; x_wconf 91' lang='lat' dir='ltr'>in</span> <span class='ocrx_word' id='word_1_444' title='bbox 3248 3759 3419 3816; x_wconf 91' lang='lat' dir='ltr'>bonis</span> <span class='ocrx_word' id='word_1_445' title='bbox 3442 3777 3558 3816; x_wconf 89' lang='lat' dir='ltr'>non</span> <span class='ocrx_word' id='word_1_446' title='bbox 3587 3761 3849 3834; x_wconf 91' lang='lat' dir='ltr'>implent</span> 
     </span>
    </p>
   </div>
   <div class='ocr_carea' id='block_1_70' title="bbox 414 3820 3849 3921">
    <p class='ocr_par' dir='ltr' id='par_1_70' title="bbox 414 3820 3849 3921">
     <span class='ocr_line' id='line_1_70' title="bbox 414 3820 3849 3921; baseline 0.002 -21"><span class='ocrx_word' id='word_1_447' title='bbox 414 3820 537 3903; x_wconf 49' lang='lat' dir='ltr'>tua?</span> <span class='ocrx_word' id='word_1_448' title='bbox 565 3846 748 3917; x_wconf 84' lang='lat' dir='ltr'>(Prov.</span> <span class='ocrx_word' id='word_1_449' title='bbox 783 3847 837 3915; x_wconf 89' lang='grc'>1,</span> <span class='ocrx_word' id='word_1_450' title='bbox 869 3820 944 3916; x_wconf 66' lang='grc' dir='ltr'>ἐ),</span> <span class='ocrx_word' id='word_1_451' title='bbox 979 3848 1046 3898; x_wconf 90' lang='lat' dir='ltr'>ut</span> <span class='ocrx_word' id='word_1_452' title='bbox 1096 3820 1349 3899; x_wconf 85' lang='lat' dir='ltr'>addatur</span> <span class='ocrx_word' id='word_1_453' title='bbox 1397 3845 1583 3915; x_wconf 88' lang='lat' dir='ltr'>gratia</span> <span class='ocrx_word' id='word_1_454' title='bbox 1632 3820 1803 3919; x_wconf 74' lang='lat' dir='ltr'>capiti</span> <span class='ocrx_word' id='word_1_455' title='bbox 1852 3852 1973 3917; x_wconf 89' lang='lat' dir='ltr'>tuo,</span> <span class='ocrx_word' id='word_1_456' title='bbox 2017 3853 2072 3904; x_wconf 89' lang='lat' dir='ltr'>et</span> <span class='ocrx_word' id='word_1_457' title='bbox 2104 3820 2148 3888; x_wconf 63' lang='grc' dir='ltr'><strong>(ἶ</strong></span> <span class='ocrx_word' id='word_1_458' title='bbox 2184 3845 2242 3896; x_wconf 89' lang='lat' dir='ltr'>et</span> <span class='ocrx_word' id='word_1_459' title='bbox 2271 3848 2480 3899; x_wconf 89' lang='lat' dir='ltr'>ornant</span> <span class='ocrx_word' id='word_1_460' title='bbox 2510 3846 2783 3917; x_wconf 92' lang='lat' dir='ltr'>operibus</span> <span class='ocrx_word' id='word_1_461' title='bbox 2800 3820 2977 3919; x_wconf 83' lang='lat' dir='ltr'>(quia</span> <span class='ocrx_word' id='word_1_462' title='bbox 3005 3848 3150 3904; x_wconf 89' lang='lat' dir='ltr'>ﬁdes</span> <span class='ocrx_word' id='word_1_463' title='bbox 3183 3847 3308 3904; x_wconf 90' lang='lat' dir='ltr'>sine</span> <span class='ocrx_word' id='word_1_464' title='bbox 3355 3866 3526 3921; x_wconf 89' lang='lat' dir='ltr'>opere</span> <span class='ocrx_word' id='word_1_465' title='bbox 3566 3820 3849 3921; x_wconf 70' lang='lat' dir='ltr'>moritur)</span> 
     </span>
    </p>
   </div>
   <div class='ocr_carea' id='block_1_71' title="bbox 428 3931 2072 4010">
    <p class='ocr_par' dir='ltr' id='par_1_71' title="bbox 428 3931 2072 4010">
     <span class='ocr_line' id='line_1_71' title="bbox 428 3931 2072 4010; baseline 0.004 -22"><span class='ocrx_word' id='word_1_466' title='bbox 428 3932 898 4004; x_wconf 90' lang='lat' dir='ltr'>multiplicentur</span> <span class='ocrx_word' id='word_1_467' title='bbox 941 3932 1047 3986; x_wconf 86' lang='lat' dir='ltr'>tibi</span> <span class='ocrx_word' id='word_1_468' title='bbox 1080 3931 1217 3987; x_wconf 90' lang='lat' dir='ltr'>anni</span> <span class='ocrx_word' id='word_1_469' title='bbox 1248 3931 1373 3987; x_wconf 62' lang='lat' dir='ltr'>vitae</span> <span class='ocrx_word' id='word_1_470' title='bbox 1405 3934 1627 3988; x_wconf 45' lang='lat' dir='ltr'>tuaaEx</span> <span class='ocrx_word' id='word_1_471' title='bbox 1647 3934 1755 3990; x_wconf 89' lang='lat' dir='ltr'>hac</span> <span class='ocrx_word' id='word_1_472' title='bbox 1775 3952 1912 4010; x_wconf 90' lang='lat' dir='ltr'>ergo</span> <span class='ocrx_word' id='word_1_473' title='bbox 1945 3955 2072 3994; x_wconf 90' lang='lat' dir='ltr'>sen-</span> 
     </span>
    </p>
   </div>
   <div class='ocr_carea' id='block_1_72' title="bbox 421 4020 2072 4097">
    <p class='ocr_par' dir='ltr' id='par_1_72' title="bbox 421 4020 2072 4097">
     <span class='ocr_line' id='line_1_72' title="bbox 421 4020 2072 4097; baseline 0.004 -21"><span class='ocrx_word' id='word_1_474' title='bbox 421 4020 608 4076; x_wconf 89' lang='lat' dir='ltr'>tentia</span> <span class='ocrx_word' id='word_1_475' title='bbox 649 4020 1113 4077; x_wconf 89' lang='lat' dir='ltr'>animadvertere</span> <span class='ocrx_word' id='word_1_476' title='bbox 1163 4021 1400 4092; x_wconf 90' lang='lat' dir='ltr'>poteris,</span> <span class='ocrx_word' id='word_1_477' title='bbox 1434 4023 1482 4077; x_wconf 91' lang='lat' dir='ltr'>si</span> <span class='ocrx_word' id='word_1_478' title='bbox 1536 4038 1603 4078; x_wconf 92' lang='lat' dir='ltr'>ea</span> <span class='ocrx_word' id='word_1_479' title='bbox 1653 4041 1780 4095; x_wconf 76' lang='lat' dir='ltr'>quae</span> <span class='ocrx_word' id='word_1_480' title='bbox 1828 4032 2072 4097; x_wconf 89' lang='lat' dir='ltr'>paterna</span> 
     </span>
    </p>
   </div>
   <div class='ocr_carea' id='block_1_73' title="bbox 423 4107 2068 4189">
    <p class='ocr_par' dir='ltr' id='par_1_73' title="bbox 423 4107 2068 4189">
     <span class='ocr_line' id='line_1_73' title="bbox 423 4107 2068 4189; baseline 0.005 -26"><span class='ocrx_word' id='word_1_481' title='bbox 423 4109 639 4183; x_wconf 88' lang='lat' dir='ltr'>pietate</span> <span class='ocrx_word' id='word_1_482' title='bbox 680 4107 785 4164; x_wconf 89' lang='lat' dir='ltr'>tibi</span> <span class='ocrx_word' id='word_1_483' title='bbox 832 4108 1106 4181; x_wconf 73' lang='lat' dir='ltr'>praecipio</span> <span class='ocrx_word' id='word_1_484' title='bbox 1155 4112 1575 4182; x_wconf 89' lang='lat' dir='ltr'>contempseris</span> <span class='ocrx_word' id='word_1_485' title='bbox 1619 4113 1797 4184; x_wconf 87' lang='lat' dir='ltr'>(quod</span> <span class='ocrx_word' id='word_1_486' title='bbox 1854 4116 2068 4189; x_wconf 78' lang='lat' dir='ltr'>adsit!)</span> 
     </span>
    </p>
   </div>
   <div class='ocr_carea' id='block_1_74' title="bbox 421 4198 2067 4273">
    <p class='ocr_par' dir='ltr' id='par_1_74' title="bbox 421 4198 2067 4273">
     <span class='ocr_line' id='line_1_74' title="bbox 421 4198 2067 4273; baseline 0.004 -19"><span class='ocrx_word' id='word_1_487' title='bbox 421 4199 578 4271; x_wconf 92' lang='lat' dir='ltr'>quod</span> <span class='ocrx_word' id='word_1_488' title='bbox 605 4198 861 4271; x_wconf 87' lang='lat' dir='ltr'>amplius</span> <span class='ocrx_word' id='word_1_489' title='bbox 891 4200 1013 4269; x_wconf 77' lang='lat' dir='ltr'>(aL,</span> <span class='ocrx_word' id='word_1_490' title='bbox 1049 4200 1199 4269; x_wconf 90' lang='lat' dir='ltr'>quod</span> <span class='ocrx_word' id='word_1_491' title='bbox 1227 4200 1354 4271; x_wconf 90' lang='lat' dir='ltr'>jam</span> <span class='ocrx_word' id='word_1_492' title='bbox 1385 4201 1665 4273; x_wconf 87' lang='lat' dir='ltr'>amplius]</span> <span class='ocrx_word' id='word_1_493' title='bbox 1710 4203 1937 4259; x_wconf 89' lang='lat' dir='ltr'>amicus</span> <span class='ocrx_word' id='word_1_494' title='bbox 1972 4206 2067 4262; x_wconf 89' lang='lat' dir='ltr'>Dei</span> 
     </span>
    </p>
   </div>
   <div class='ocr_carea' id='block_1_75' title="bbox 419 4287 2064 4364">
    <p class='ocr_par' dir='ltr' id='par_1_75' title="bbox 419 4287 2064 4364">
     <span class='ocr_line' id='line_1_75' title="bbox 419 4287 2064 4364; baseline 0.004 -21"><span class='ocrx_word' id='word_1_495' title='bbox 419 4290 479 4343; x_wconf 85' lang='lat' dir='ltr'>et</span> <span class='ocrx_word' id='word_1_496' title='bbox 507 4287 817 4343; x_wconf 89' lang='lat' dir='ltr'>hominum</span> <span class='ocrx_word' id='word_1_497' title='bbox 849 4303 963 4342; x_wconf 91' lang='lat' dir='ltr'>non</span> <span class='ocrx_word' id='word_1_498' title='bbox 995 4287 1281 4343; x_wconf 87' lang='lat' dir='ltr'>eris.Audi</span> <span class='ocrx_word' id='word_1_499' title='bbox 1310 4305 1443 4344; x_wconf 82' lang='lat' dir='ltr'>vero</span> <span class='ocrx_word' id='word_1_500' title='bbox 1476 4290 2064 4364; x_wconf 81' lang='lat' dir='ltr'>inobedientium[at.,</span> 
     </span>
    </p>
   </div>
   <div class='ocr_carea' id='block_1_76' title="bbox 416 4375 2065 4454">
    <p class='ocr_par' dir='ltr' id='par_1_76' title="bbox 416 4375 2065 4454">
     <span class='ocr_line' id='line_1_76' title="bbox 416 4375 2065 4454; baseline 0.005 -24"><span class='ocrx_word' id='word_1_501' title='bbox 416 4376 670 4431; x_wconf 79' lang='lat' dir='ltr'>mendose</span> <span class='ocrx_word' id='word_1_502' title='bbox 711 4375 1186 4448; x_wconf 88' lang='lat' dir='ltr'>inobedientiam]</span> <span class='ocrx_word' id='word_1_503' title='bbox 1237 4378 1743 4449; x_wconf 68' lang='lat' dir='ltr'>praevaricatorum</span> <span class='ocrx_word' id='word_1_504' title='bbox 1792 4383 2065 4454; x_wconf 80' lang='lat' dir='ltr'>praecepti</span> 
     </span>
    </p>
   </div>
   <div class='ocr_carea' id='block_1_77' title="bbox 417 4464 2066 4539">
    <p class='ocr_par' dir='ltr' id='par_1_77' title="bbox 417 4464 2066 4539">
     <span class='ocr_line' id='line_1_77' title="bbox 417 4464 2066 4539; baseline 0.003 -18"><span class='ocrx_word' id='word_1_505' title='bbox 417 4479 623 4521; x_wconf 86' lang='lat' dir='ltr'>casum</span> <span class='ocrx_word' id='word_1_506' title='bbox 652 4467 710 4519; x_wconf 89' lang='lat' dir='ltr'>et</span> <span class='ocrx_word' id='word_1_507' title='bbox 740 4464 1334 4537; x_wconf 68' lang='lat' dir='ltr'>praecipitium.Adam</span> <span class='ocrx_word' id='word_1_508' title='bbox 1368 4467 1630 4538; x_wconf 90' lang='lat' dir='ltr'>quidem,</span> <span class='ocrx_word' id='word_1_509' title='bbox 1667 4485 1841 4539; x_wconf 87' lang='lat' dir='ltr'>quem</span> <span class='ocrx_word' id='word_1_510' title='bbox 1870 4469 2066 4526; x_wconf 90' lang='lat' dir='ltr'>Domi-</span> 
     </span>
    </p>
   </div>
   <div class='ocr_carea' id='block_1_78' title="bbox 417 4552 2062 4626">
    <p class='ocr_par' dir='ltr' id='par_1_78' title="bbox 417 4552 2062 4626">
     <span class='ocr_line' id='line_1_78' title="bbox 417 4552 2062 4626; baseline 0.004 -18"><span class='ocrx_word' id='word_1_511' title='bbox 417 4569 532 4611; x_wconf 86' lang='lat' dir='ltr'>nus</span> <span class='ocrx_word' id='word_1_512' title='bbox 559 4552 824 4608; x_wconf 89' lang='lat' dir='ltr'>conditor</span> <span class='ocrx_word' id='word_1_513' title='bbox 838 4553 1131 4626; x_wconf 89' lang='lat' dir='ltr'>totiusque</span> <span class='ocrx_word' id='word_1_514' title='bbox 1143 4558 1419 4611; x_wconf 62' lang='lat' dir='ltr'>creatura</span> <span class='ocrx_word' id='word_1_515' title='bbox 1444 4555 1866 4626; x_wconf 88' lang='lat' dir='ltr'>plasmator,ad</span> <span class='ocrx_word' id='word_1_516' title='bbox 1894 4574 2062 4617; x_wconf 89' lang='lat' dir='ltr'>suam</span> 
     </span>
    </p>
   </div>
   <div class='ocr_carea' id='block_1_79' title="bbox 415 4640 2061 4716">
    <p class='ocr_par' dir='ltr' id='par_1_79' title="bbox 415 4640 2061 4716">
     <span class='ocr_line' id='line_1_79' title="bbox 415 4640 2061 4716; baseline 0.005 -21"><span class='ocrx_word' id='word_1_517' title='bbox 415 4640 687 4697; x_wconf 83' lang='lat' dir='ltr'>formavit</span> <span class='ocrx_word' id='word_1_518' title='bbox 714 4641 1161 4699; x_wconf 90' lang='lat' dir='ltr'>similitudinem</span> <span class='ocrx_word' id='word_1_519' title='bbox 1192 4644 1346 4712; x_wconf 84' lang='lat' dir='ltr'>(Gen.</span> <span class='ocrx_word' id='word_1_520' title='bbox 1388 4662 1428 4710; x_wconf 86' lang='lat'>1,</span> <span class='ocrx_word' id='word_1_521' title='bbox 1478 4644 1593 4713; x_wconf 77' lang='lat'>26),</span> <span class='ocrx_word' id='word_1_522' title='bbox 1626 4660 1879 4716; x_wconf 92' lang='lat' dir='ltr'>eumque</span> <span class='ocrx_word' id='word_1_523' title='bbox 1931 4648 2061 4703; x_wconf 88' lang='lat' dir='ltr'>uni-</span> 
     </span>
    </p>
   </div>
   <div class='ocr_carea' id='block_1_80' title="bbox 412 4728 2061 4809">
    <p class='ocr_par' dir='ltr' id='par_1_80' title="bbox 412 4728 2061 4809">
     <span class='ocr_line' id='line_1_80' title="bbox 412 4728 2061 4809; baseline 0.004 -23"><span class='ocrx_word' id='word_1_524' title='bbox 412 4728 654 4786; x_wconf 89' lang='lat' dir='ltr'>versalis</span> <span class='ocrx_word' id='word_1_525' title='bbox 687 4729 819 4785; x_wconf 89' lang='lat' dir='ltr'>fecit</span> <span class='ocrx_word' id='word_1_526' title='bbox 861 4731 1150 4789; x_wconf 82' lang='lat' dir='ltr'>baeredem</span> <span class='ocrx_word' id='word_1_527' title='bbox 1200 4732 1523 4805; x_wconf 87' lang='lat' dir='ltr'>dignitatis,</span> <span class='ocrx_word' id='word_1_528' title='bbox 1556 4731 1853 4788; x_wconf 89' lang='lat' dir='ltr'>vinculum</span> <span class='ocrx_word' id='word_1_529' title='bbox 1889 4735 2061 4809; x_wconf 85' lang='lat' dir='ltr'>fregit</span> 
     </span>
    </p>
   </div>
   <div class='ocr_carea' id='block_1_81' title="bbox 411 4820 2055 4893">
    <p class='ocr_par' dir='ltr' id='par_1_81' title="bbox 411 4820 2055 4893">
     <span class='ocr_line' id='line_1_81' title="bbox 411 4820 2055 4893; baseline 0.004 -19"><span class='ocrx_word' id='word_1_530' title='bbox 411 4822 851 4891; x_wconf 60' lang='lat' dir='ltr'>praceptorum,</span> <span class='ocrx_word' id='word_1_531' title='bbox 876 4820 1198 4893; x_wconf 88' lang='lat' dir='ltr'>statimque</span> <span class='ocrx_word' id='word_1_532' title='bbox 1222 4820 1577 4893; x_wconf 87' lang='lat' dir='ltr'>dignitatum</span> <span class='ocrx_word' id='word_1_533' title='bbox 1612 4820 2055 4892; x_wconf 88' lang='lat' dir='ltr'>sublimitatem,</span> 
     </span>
    </p>
   </div>
   <div class='ocr_carea' id='block_1_82' title="bbox 2181 3933 3843 4012">
    <p class='ocr_par' dir='ltr' id='par_1_82' title="bbox 2181 3933 3843 4012">
     <span class='ocr_line' id='line_1_82' title="bbox 2181 3933 3843 4012; baseline 0.007 -27"><span class='ocrx_word' id='word_1_534' title='bbox 2181 3948 2285 3986; x_wconf 90' lang='lat' dir='ltr'>nec</span> <span class='ocrx_word' id='word_1_535' title='bbox 2319 3933 2411 3986; x_wconf 87' lang='lat' dir='ltr'>hic</span> <span class='ocrx_word' id='word_1_536' title='bbox 2459 3933 2701 3991; x_wconf 90' lang='lat' dir='ltr'>honeste</span> <span class='ocrx_word' id='word_1_537' title='bbox 2732 3941 2998 4008; x_wconf 89' lang='lat' dir='ltr'>regnant,</span> <span class='ocrx_word' id='word_1_538' title='bbox 3034 3954 3138 3993; x_wconf 89' lang='lat' dir='ltr'>nec</span> <span class='ocrx_word' id='word_1_539' title='bbox 3183 3937 3242 3992; x_wconf 93' lang='lat' dir='ltr'>in</span> <span class='ocrx_word' id='word_1_540' title='bbox 3298 3942 3512 3994; x_wconf 69' lang='lat' dir='ltr'>aeterno</span> <span class='ocrx_word' id='word_1_541' title='bbox 3539 3955 3724 4012; x_wconf 89' lang='lat' dir='ltr'>regno</span> <span class='ocrx_word' id='word_1_542' title='bbox 3755 3942 3843 3998; x_wconf 91' lang='lat' dir='ltr'>vel</span> 
     </span>
    </p>
   </div>
   <div class='ocr_carea' id='block_1_83' title="bbox 2180 4022 3846 4098">
    <p class='ocr_par' dir='ltr' id='par_1_83' title="bbox 2180 4022 3846 4098">
     <span class='ocr_line' id='line_1_83' title="bbox 2180 4022 3846 4098; baseline 0.007 -24"><span class='ocrx_word' id='word_1_543' title='bbox 2180 4036 2393 4076; x_wconf 89' lang='lat' dir='ltr'>corona</span> <span class='ocrx_word' id='word_1_544' title='bbox 2415 4022 2763 4095; x_wconf 90' lang='lat' dir='ltr'>participant</span> <span class='ocrx_word' id='word_1_545' title='bbox 2792 4025 2915 4096; x_wconf 84' lang='lat' dir='ltr'>[al.,</span> <span class='ocrx_word' id='word_1_546' title='bbox 2949 4025 3415 4098; x_wconf 88' lang='lat' dir='ltr'>participantur].</span> <span class='ocrx_word' id='word_1_547' title='bbox 3435 4027 3493 4082; x_wconf 90' lang='lat' dir='ltr'>Si</span> <span class='ocrx_word' id='word_1_548' title='bbox 3524 4045 3663 4085; x_wconf 90' lang='lat' dir='ltr'>vero</span> <span class='ocrx_word' id='word_1_549' title='bbox 3710 4047 3846 4086; x_wconf 89' lang='lat' dir='ltr'>scu-</span> 
     </span>
    </p>
   </div>
   <div class='ocr_carea' id='block_1_84' title="bbox 2178 4112 3840 4190">
    <p class='ocr_par' dir='ltr' id='par_1_84' title="bbox 2178 4112 3840 4190">
     <span class='ocr_line' id='line_1_84' title="bbox 2178 4112 3840 4190; baseline 0.008 -28"><span class='ocrx_word' id='word_1_550' title='bbox 2178 4112 2304 4163; x_wconf 91' lang='lat' dir='ltr'>tum</span> <span class='ocrx_word' id='word_1_551' title='bbox 2334 4112 2454 4181; x_wconf 84' lang='lat' dir='ltr'>[al.,</span> <span class='ocrx_word' id='word_1_552' title='bbox 2490 4117 2729 4180; x_wconf 86' lang='lat' dir='ltr'>statum]</span> <span class='ocrx_word' id='word_1_553' title='bbox 2763 4115 2979 4170; x_wconf 90' lang='lat' dir='ltr'>retines</span> <span class='ocrx_word' id='word_1_554' title='bbox 3008 4114 3364 4182; x_wconf 88' lang='lat' dir='ltr'>ﬁdei,habes</span> <span class='ocrx_word' id='word_1_555' title='bbox 3394 4115 3570 4172; x_wconf 90' lang='lat' dir='ltr'>etiam</span> <span class='ocrx_word' id='word_1_556' title='bbox 3601 4117 3840 4190; x_wconf 88' lang='lat' dir='ltr'>galeam</span> 
     </span>
    </p>
   </div>
   <div class='ocr_carea' id='block_1_85' title="bbox 2178 4197 3842 4273">
    <p class='ocr_par' dir='ltr' id='par_1_85' title="bbox 2178 4197 3842 4273">
     <span class='ocr_line' id='line_1_85' title="bbox 2178 4197 3842 4273; baseline 0.007 -20"><span class='ocrx_word' id='word_1_557' title='bbox 2178 4197 2406 4254; x_wconf 87' lang='lat' dir='ltr'>salutis.</span> <span class='ocrx_word' id='word_1_558' title='bbox 2441 4201 2542 4256; x_wconf 90' lang='lat' dir='ltr'>His</span> <span class='ocrx_word' id='word_1_559' title='bbox 2575 4203 2811 4273; x_wconf 89' lang='lat' dir='ltr'>quidem</span> <span class='ocrx_word' id='word_1_560' title='bbox 2845 4201 3229 4258; x_wconf 88' lang='lat' dir='ltr'>armamentis</span> <span class='ocrx_word' id='word_1_561' title='bbox 3280 4208 3483 4259; x_wconf 91' lang='lat' dir='ltr'>contra</span> <span class='ocrx_word' id='word_1_562' title='bbox 3504 4205 3842 4264; x_wconf 90' lang='lat' dir='ltr'>invisibiles</span> 
     </span>
    </p>
   </div>
   <div class='ocr_carea' id='block_1_86' title="bbox 2176 4287 3840 4363">
    <p class='ocr_par' dir='ltr' id='par_1_86' title="bbox 2176 4287 3840 4363">
     <span class='ocr_line' id='line_1_86' title="bbox 2176 4287 3840 4363; baseline 0.007 -22"><span class='ocrx_word' id='word_1_563' title='bbox 2176 4291 2231 4341; x_wconf 92' lang='lat' dir='ltr'>et</span> <span class='ocrx_word' id='word_1_564' title='bbox 2258 4287 2517 4344; x_wconf 89' lang='lat' dir='ltr'>visibiles</span> <span class='ocrx_word' id='word_1_565' title='bbox 2547 4289 2804 4363; x_wconf 87' lang='lat' dir='ltr'>legitime</span> <span class='ocrx_word' id='word_1_566' title='bbox 2833 4289 3111 4347; x_wconf 90' lang='lat' dir='ltr'>dimicare</span> <span class='ocrx_word' id='word_1_567' title='bbox 3134 4290 3351 4363; x_wconf 88' lang='lat' dir='ltr'>poteris</span> <span class='ocrx_word' id='word_1_568' title='bbox 3382 4292 3840 4352; x_wconf 87' lang='lat' dir='ltr'>inimicos.Nam</span> 
     </span>
    </p>
   </div>
   <div class='ocr_carea' id='block_1_87' title="bbox 2176 4376 3843 4456">
    <p class='ocr_par' dir='ltr' id='par_1_87' title="bbox 2176 4376 3843 4456">
     <span class='ocr_line' id='line_1_87' title="bbox 2176 4376 3843 4456; baseline 0.008 -27"><span class='ocrx_word' id='word_1_569' title='bbox 2176 4376 2256 4430; x_wconf 86' lang='lat' dir='ltr'>ait</span> <span class='ocrx_word' id='word_1_570' title='bbox 2286 4377 2599 4449; x_wconf 85' lang='lat' dir='ltr'>Apostolus</span> <span class='ocrx_word' id='word_1_571' title='bbox 2633 4396 2645 4433; x_wconf 87' lang='lat'><strong>:</strong></span> <span class='ocrx_word' id='word_1_572' title='bbox 2679 4378 2801 4433; x_wconf 90' lang='lat' dir='ltr'>Non</span> <span class='ocrx_word' id='word_1_573' title='bbox 2835 4379 3228 4449; x_wconf 89' lang='lat' dir='ltr'>coronabitur,</span> <span class='ocrx_word' id='word_1_574' title='bbox 3263 4380 3376 4437; x_wconf 90' lang='lat' dir='ltr'>nisi</span> <span class='ocrx_word' id='word_1_575' title='bbox 3417 4383 3515 4454; x_wconf 90' lang='lat' dir='ltr'>qui</span> <span class='ocrx_word' id='word_1_576' title='bbox 3565 4382 3843 4456; x_wconf 87' lang='lat' dir='ltr'>legitime</span> 
     </span>
    </p>
   </div>
   <div class='ocr_carea' id='block_1_88' title="bbox 2174 4467 3841 4544">
    <p class='ocr_par' dir='ltr' id='par_1_88' title="bbox 2174 4467 3841 4544">
     <span class='ocr_line' id='line_1_88' title="bbox 2174 4467 3841 4544; baseline 0.006 -24"><span class='ocrx_word' id='word_1_577' title='bbox 2174 4467 2480 4521; x_wconf 83' lang='lat' dir='ltr'>certaverit</span> <span class='ocrx_word' id='word_1_578' title='bbox 2510 4468 2581 4536; x_wconf 88' lang='lat' dir='ltr'>(Il</span> <span class='ocrx_word' id='word_1_579' title='bbox 2609 4469 2743 4522; x_wconf 84' lang='lat' dir='ltr'>Tim.</span> <span class='ocrx_word' id='word_1_580' title='bbox 2788 4485 2847 4538; x_wconf 79' lang='grc' dir='ltr'>ιι,</span> <span class='ocrx_word' id='word_1_581' title='bbox 2900 4470 2978 4533; x_wconf 88' lang='grc'>5).</span> <span class='ocrx_word' id='word_1_582' title='bbox 3032 4469 3198 4524; x_wconf 89' lang='lat' dir='ltr'>Fides</span> <span class='ocrx_word' id='word_1_583' title='bbox 3246 4486 3409 4542; x_wconf 89' lang='lat' dir='ltr'>ergo,</span> <span class='ocrx_word' id='word_1_584' title='bbox 3461 4471 3532 4526; x_wconf 92' lang='lat' dir='ltr'>de</span> <span class='ocrx_word' id='word_1_585' title='bbox 3578 4489 3704 4544; x_wconf 87' lang='lat' dir='ltr'>qua</span> <span class='ocrx_word' id='word_1_586' title='bbox 3756 4472 3841 4531; x_wconf 90' lang='lat' dir='ltr'>lo-</span> 
     </span>
    </p>
   </div>
   <div class='ocr_carea' id='block_1_89' title="bbox 2173 4555 3836 4635">
    <p class='ocr_par' dir='ltr' id='par_1_89' title="bbox 2173 4555 3836 4635">
     <span class='ocr_line' id='line_1_89' title="bbox 2173 4555 3836 4635; baseline 0.007 -27"><span class='ocrx_word' id='word_1_587' title='bbox 2173 4569 2340 4624; x_wconf 90' lang='lat' dir='ltr'>quor,</span> <span class='ocrx_word' id='word_1_588' title='bbox 2384 4555 2504 4611; x_wconf 72' lang='lat' dir='ltr'>haec</span> <span class='ocrx_word' id='word_1_589' title='bbox 2549 4560 2682 4611; x_wconf 91' lang='lat' dir='ltr'>est:</span> <span class='ocrx_word' id='word_1_590' title='bbox 2718 4560 2783 4611; x_wconf 89' lang='lat' dir='ltr'>ut</span> <span class='ocrx_word' id='word_1_591' title='bbox 2825 4557 3052 4614; x_wconf 89' lang='lat' dir='ltr'>Patrem</span> <span class='ocrx_word' id='word_1_592' title='bbox 3103 4558 3288 4615; x_wconf 90' lang='lat' dir='ltr'>Deum</span> <span class='ocrx_word' id='word_1_593' title='bbox 3337 4559 3836 4635; x_wconf 89' lang='lat' dir='ltr'>omnipotentem,</span> 
     </span>
    </p>
   </div>
   <div class='ocr_carea' id='block_1_90' title="bbox 2172 4646 3837 4726">
    <p class='ocr_par' dir='ltr' id='par_1_90' title="bbox 2172 4646 3837 4726">
     <span class='ocr_line' id='line_1_90' title="bbox 2172 4646 3837 4726; baseline 0.007 -28"><span class='ocrx_word' id='word_1_594' title='bbox 2172 4646 2448 4700; x_wconf 81' lang='lat' dir='ltr'>factorem</span> <span class='ocrx_word' id='word_1_595' title='bbox 2480 4646 2662 4701; x_wconf 89' lang='lat' dir='ltr'>totius</span> <span class='ocrx_word' id='word_1_596' title='bbox 2692 4650 2965 4701; x_wconf 65' lang='lat' dir='ltr'>creatura:</span> <span class='ocrx_word' id='word_1_597' title='bbox 3010 4646 3131 4721; x_wconf 75' lang='lat' dir='ltr'>(aL,</span> <span class='ocrx_word' id='word_1_598' title='bbox 3186 4649 3463 4717; x_wconf 73' lang='lat' dir='ltr'>factum],</span> <span class='ocrx_word' id='word_1_599' title='bbox 3512 4653 3570 4705; x_wconf 89' lang='lat' dir='ltr'>et</span> <span class='ocrx_word' id='word_1_600' title='bbox 3614 4652 3837 4726; x_wconf 88' lang='lat' dir='ltr'>unige-</span> 
     </span>
    </p>
   </div>
   <div class='ocr_carea' id='block_1_91' title="bbox 2172 4732 3839 4809">
    <p class='ocr_par' dir='ltr' id='par_1_91' title="bbox 2172 4732 3839 4809">
     <span class='ocr_line' id='line_1_91' title="bbox 2172 4732 3839 4809; baseline 0.007 -23"><span class='ocrx_word' id='word_1_601' title='bbox 2172 4732 2360 4787; x_wconf 91' lang='lat' dir='ltr'>nitum</span> <span class='ocrx_word' id='word_1_602' title='bbox 2393 4734 2521 4804; x_wconf 83' lang='lat' dir='ltr'>ejus</span> <span class='ocrx_word' id='word_1_603' title='bbox 2557 4732 2785 4802; x_wconf 82' lang='lat' dir='ltr'>Filium,</span> <span class='ocrx_word' id='word_1_604' title='bbox 2824 4736 3134 4792; x_wconf 90' lang='lat' dir='ltr'>Dominum</span> <span class='ocrx_word' id='word_1_605' title='bbox 3176 4742 3439 4793; x_wconf 88' lang='lat' dir='ltr'>nostrum</span> <span class='ocrx_word' id='word_1_606' title='bbox 3488 4738 3726 4809; x_wconf 88' lang='lat' dir='ltr'>Jesum,</span> <span class='ocrx_word' id='word_1_607' title='bbox 3763 4742 3839 4798; x_wconf 89' lang='lat' dir='ltr'>de</span> 
     </span>
    </p>
   </div>
   <div class='ocr_carea' id='block_1_92' title="bbox 2171 4821 3837 4902">
    <p class='ocr_par' dir='ltr' id='par_1_92' title="bbox 2171 4821 3837 4902">
     <span class='ocr_line' id='line_1_92' title="bbox 2171 4821 3837 4902; baseline 0.007 -27"><span class='ocrx_word' id='word_1_608' title='bbox 2171 4821 2355 4876; x_wconf 84' lang='lat' dir='ltr'>Maria</span> <span class='ocrx_word' id='word_1_609' title='bbox 2378 4822 2623 4896; x_wconf 89' lang='lat' dir='ltr'>virgine,</span> <span class='ocrx_word' id='word_1_610' title='bbox 2656 4822 2862 4897; x_wconf 89' lang='lat' dir='ltr'>angelo</span> <span class='ocrx_word' id='word_1_611' title='bbox 2892 4825 3299 4890; x_wconf 86' lang='lat' dir='ltr'>annuntiante,</span> <span class='ocrx_word' id='word_1_612' title='bbox 3346 4832 3571 4895; x_wconf 87' lang='lat' dir='ltr'>natum,</span> <span class='ocrx_word' id='word_1_613' title='bbox 3625 4833 3688 4884; x_wconf 91' lang='lat' dir='ltr'>et</span> <span class='ocrx_word' id='word_1_614' title='bbox 3721 4846 3837 4902; x_wconf 88' lang='lat' dir='ltr'>pro</span> 
     </span>
    </p>
   </div>
   <div class='ocr_carea' id='block_1_93' title="bbox 410 4907 3840 4988">
    <p class='ocr_par' dir='ltr' id='par_1_93' title="bbox 410 4907 3840 4988">
     <span class='ocr_line' id='line_1_93' title="bbox 410 4907 3840 4988; baseline 0.003 -26"><span class='ocrx_word' id='word_1_615' title='bbox 410 4923 478 4962; x_wconf 90' lang='lat' dir='ltr'>ac</span> <span class='ocrx_word' id='word_1_616' title='bbox 507 4907 872 4965; x_wconf 88' lang='lat' dir='ltr'>mansionem</span> <span class='ocrx_word' id='word_1_617' title='bbox 904 4910 1160 4981; x_wconf 89' lang='lat' dir='ltr'>paradisi</span> <span class='ocrx_word' id='word_1_618' title='bbox 1189 4908 1440 4981; x_wconf 91' lang='lat' dir='ltr'>perdidit</span> <span class='ocrx_word' id='word_1_619' title='bbox 1469 4908 1620 4979; x_wconf 76' lang='lat' dir='ltr'>(Gen.</span> <span class='ocrx_word' id='word_1_620' title='bbox 1653 4909 2057 4985; x_wconf 76' lang='lat' dir='ltr'>III).Antiquus</span> <span class='ocrx_word' id='word_1_621' title='bbox 2166 4911 2348 4967; x_wconf 86' lang='lat' dir='ltr'>totius</span> <span class='ocrx_word' id='word_1_622' title='bbox 2380 4912 2585 4968; x_wconf 91' lang='lat' dir='ltr'>mundi</span> <span class='ocrx_word' id='word_1_623' title='bbox 2617 4913 2805 4969; x_wconf 90' lang='lat' dir='ltr'>salute</span> <span class='ocrx_word' id='word_1_624' title='bbox 2836 4914 2894 4970; x_wconf 90' lang='lat' dir='ltr'>in</span> <span class='ocrx_word' id='word_1_625' title='bbox 2927 4915 3118 4971; x_wconf 91' lang='lat' dir='ltr'>crucis</span> <span class='ocrx_word' id='word_1_626' title='bbox 3157 4915 3420 4988; x_wconf 89' lang='lat' dir='ltr'>patibulo</span> <span class='ocrx_word' id='word_1_627' title='bbox 3462 4932 3742 4988; x_wconf 86' lang='lat' dir='ltr'>passum,</span> <span class='ocrx_word' id='word_1_628' title='bbox 3780 4923 3840 4974; x_wconf 85' lang='lat' dir='ltr'>et</span> 
     </span>
    </p>
   </div>
   <div class='ocr_carea' id='block_1_94' title="bbox 411 4995 3838 5077">
    <p class='ocr_par' dir='ltr' id='par_1_94' title="bbox 411 4995 3838 5077">
     <span class='ocr_line' id='line_1_94' title="bbox 411 4995 3838 5077; baseline 0.004 -28"><span class='ocrx_word' id='word_1_629' title='bbox 411 5010 644 5066; x_wconf 91' lang='lat' dir='ltr'>quoque</span> <span class='ocrx_word' id='word_1_630' title='bbox 675 4996 925 5068; x_wconf 89' lang='lat' dir='ltr'>populus</span> <span class='ocrx_word' id='word_1_631' title='bbox 954 5014 989 5052; x_wconf 93' lang='lat' dir='ltr'>a</span> <span class='ocrx_word' id='word_1_632' title='bbox 1020 5001 1132 5052; x_wconf 90' lang='lat' dir='ltr'>Deo</span> <span class='ocrx_word' id='word_1_633' title='bbox 1163 4997 1383 5052; x_wconf 89' lang='lat' dir='ltr'>electus</span> <span class='ocrx_word' id='word_1_634' title='bbox 1411 4999 1468 5051; x_wconf 86' lang='lat' dir='ltr'>et</span> <span class='ocrx_word' id='word_1_635' title='bbox 1496 4995 1764 5065; x_wconf 88' lang='lat' dir='ltr'>dilectus,</span> <span class='ocrx_word' id='word_1_636' title='bbox 1800 5001 1939 5070; x_wconf 91' lang='lat' dir='ltr'>quia</span> <span class='ocrx_word' id='word_1_637' title='bbox 1981 5002 2057 5059; x_wconf 90' lang='lat' dir='ltr'>le-</span> <span class='ocrx_word' id='word_1_638' title='bbox 2166 5000 2446 5072; x_wconf 88' lang='lat' dir='ltr'>Spiritum</span> <span class='ocrx_word' id='word_1_639' title='bbox 2482 5004 2880 5075; x_wconf 90' lang='lat' dir='ltr'>sanctum,qui</span> <span class='ocrx_word' id='word_1_640' title='bbox 2901 5021 3004 5076; x_wconf 87' lang='lat' dir='ltr'>per</span> <span class='ocrx_word' id='word_1_641' title='bbox 3025 5004 3338 5077; x_wconf 89' lang='lat' dir='ltr'>prophetas</span> <span class='ocrx_word' id='word_1_642' title='bbox 3364 5009 3419 5060; x_wconf 88' lang='lat' dir='ltr'>et</span> <span class='ocrx_word' id='word_1_643' title='bbox 3440 5005 3751 5077; x_wconf 88' lang='lat' dir='ltr'>apostolos</span> <span class='ocrx_word' id='word_1_644' title='bbox 3776 5011 3838 5063; x_wconf 89' lang='lat' dir='ltr'>et</span> 
     </span>
    </p>
   </div>
   <div class='ocr_carea' id='block_1_95' title="bbox 406 5082 3831 5166">
    <p class='ocr_par' dir='ltr' id='par_1_95' title="bbox 406 5082 3831 5166">
     <span class='ocr_line' id='line_1_95' title="bbox 406 5082 3831 5166; baseline 0.004 -28"><span class='ocrx_word' id='word_1_645' title='bbox 406 5082 646 5155; x_wconf 77' lang='lat' dir='ltr'>gemina</span> <span class='ocrx_word' id='word_1_646' title='bbox 690 5082 822 5156; x_wconf 75' lang='lat' dir='ltr'>(aL,</span> <span class='ocrx_word' id='word_1_647' title='bbox 871 5084 1176 5157; x_wconf 88' lang='lat' dir='ltr'>ligamina]</span> <span class='ocrx_word' id='word_1_648' title='bbox 1222 5083 1658 5152; x_wconf 89' lang='lat' dir='ltr'>mandatorum,</span> <span class='ocrx_word' id='word_1_649' title='bbox 1710 5086 1913 5159; x_wconf 89' lang='lat' dir='ltr'>digitis</span> <span class='ocrx_word' id='word_1_650' title='bbox 1954 5091 2053 5146; x_wconf 87' lang='lat' dir='ltr'>Dei</span> <span class='ocrx_word' id='word_1_651' title='bbox 2163 5090 2549 5161; x_wconf 83' lang='lat' dir='ltr'>evangelistas</span> <span class='ocrx_word' id='word_1_652' title='bbox 2581 5090 2811 5147; x_wconf 89' lang='lat' dir='ltr'>locutus</span> <span class='ocrx_word' id='word_1_653' title='bbox 2842 5097 3135 5160; x_wconf 90' lang='lat' dir='ltr'>est,unam</span> <span class='ocrx_word' id='word_1_654' title='bbox 3168 5091 3442 5149; x_wconf 88' lang='lat' dir='ltr'>deitatem</span> <span class='ocrx_word' id='word_1_655' title='bbox 3473 5094 3831 5166; x_wconf 81' lang='lat' dir='ltr'>perfectam,</span> 
     </span>
    </p>
   </div>
   <div class='ocr_carea' id='block_1_96' title="bbox 405 5170 3834 5251">
    <p class='ocr_par' dir='ltr' id='par_1_96' title="bbox 405 5170 3834 5251">
     <span class='ocr_line' id='line_1_96' title="bbox 405 5170 3834 5251; baseline 0.004 -25"><span class='ocrx_word' id='word_1_656' title='bbox 405 5170 658 5239; x_wconf 89' lang='lat' dir='ltr'>condita,</span> <span class='ocrx_word' id='word_1_657' title='bbox 691 5172 940 5241; x_wconf 88' lang='lat' dir='ltr'>disjecit,</span> <span class='ocrx_word' id='word_1_658' title='bbox 990 5172 1204 5227; x_wconf 91' lang='lat' dir='ltr'>idcirco</span> <span class='ocrx_word' id='word_1_659' title='bbox 1249 5171 1493 5227; x_wconf 90' lang='lat' dir='ltr'>diversis</span> <span class='ocrx_word' id='word_1_660' title='bbox 1543 5173 1765 5230; x_wconf 88' lang='lat' dir='ltr'>interiit</span> <span class='ocrx_word' id='word_1_661' title='bbox 1809 5179 2000 5234; x_wconf 90' lang='lat' dir='ltr'>modis</span> <span class='ocrx_word' id='word_1_662' title='bbox 2035 5198 2048 5236; x_wconf 89' lang='lat'>:</span> <span class='ocrx_word' id='word_1_663' title='bbox 2083 5187 2129 5251; x_wconf 83' lang='lat' dir='ltr'>D</span> <span class='ocrx_word' id='word_1_664' title='bbox 2161 5176 2628 5234; x_wconf 89' lang='lat' dir='ltr'>indissolubilcm</span> <span class='ocrx_word' id='word_1_665' title='bbox 2668 5179 3191 5235; x_wconf 86' lang='lat' dir='ltr'>incontaminatam</span> <span class='ocrx_word' id='word_1_666' title='bbox 3235 5197 3364 5237; x_wconf 91' lang='lat' dir='ltr'>esse</span> <span class='ocrx_word' id='word_1_667' title='bbox 3416 5181 3672 5239; x_wconf 86' lang='lat' dir='ltr'>ﬁrmiter</span> <span class='ocrx_word' id='word_1_668' title='bbox 3704 5199 3834 5239; x_wconf 87' lang='lat' dir='ltr'>cre-</span> 
     </span>
    </p>
   </div>
   <div class='ocr_carea' id='block_1_97' title="bbox 403 5258 3831 5341">
    <p class='ocr_par' dir='ltr' id='par_1_97' title="bbox 403 5258 3831 5341">
     <span class='ocr_line' id='line_1_97' title="bbox 403 5258 3831 5341; baseline 0.004 -28"><span class='ocrx_word' id='word_1_669' title='bbox 403 5262 627 5330; x_wconf 87' lang='lat' dir='ltr'>partem</span> <span class='ocrx_word' id='word_1_670' title='bbox 680 5260 919 5331; x_wconf 91' lang='lat' dir='ltr'>quidem</span> <span class='ocrx_word' id='word_1_671' title='bbox 969 5263 1125 5314; x_wconf 87' lang='lat' dir='ltr'>terra</span> <span class='ocrx_word' id='word_1_672' title='bbox 1172 5258 1480 5330; x_wconf 88' lang='lat' dir='ltr'>deglutivit</span> <span class='ocrx_word' id='word_1_673' title='bbox 1530 5261 1709 5331; x_wconf 85' lang='lat' dir='ltr'>(Num.</span> <span class='ocrx_word' id='word_1_674' title='bbox 1765 5281 1900 5333; x_wconf 84' lang='lat' dir='ltr'>xvu,</span> <span class='ocrx_word' id='word_1_675' title='bbox 1934 5268 2045 5339; x_wconf 85' lang='lat'>35),</span> <span class='ocrx_word' id='word_1_676' title='bbox 2159 5265 2285 5331; x_wconf 90' lang='lat' dir='ltr'>das,</span> <span class='ocrx_word' id='word_1_677' title='bbox 2317 5270 2372 5321; x_wconf 92' lang='lat' dir='ltr'>et</span> <span class='ocrx_word' id='word_1_678' title='bbox 2404 5266 2528 5322; x_wconf 92' lang='lat' dir='ltr'>sine</span> <span class='ocrx_word' id='word_1_679' title='bbox 2559 5269 2717 5324; x_wconf 88' lang='lat' dir='ltr'>omni</span> <span class='ocrx_word' id='word_1_680' title='bbox 2749 5268 3132 5341; x_wconf 89' lang='lat' dir='ltr'>ambiguitate</span> <span class='ocrx_word' id='word_1_681' title='bbox 3163 5271 3518 5327; x_wconf 75' lang='lat' dir='ltr'>teneas.Hzec</span> <span class='ocrx_word' id='word_1_682' title='bbox 3542 5275 3633 5328; x_wconf 90' lang='lat' dir='ltr'>est</span> <span class='ocrx_word' id='word_1_683' title='bbox 3664 5272 3831 5328; x_wconf 83' lang='lat' dir='ltr'>ﬁdes</span> 
     </span>
    </p>
   </div>
   <div class='ocr_carea' id='block_1_98' title="bbox 400 5345 3829 5429">
    <p class='ocr_par' dir='ltr' id='par_1_98' title="bbox 400 5345 3829 5429">
     <span class='ocr_line' id='line_1_98' title="bbox 400 5345 3829 5429; baseline 0.004 -29"><span class='ocrx_word' id='word_1_684' title='bbox 400 5348 627 5418; x_wconf 89' lang='lat' dir='ltr'>partem</span> <span class='ocrx_word' id='word_1_685' title='bbox 659 5362 893 5418; x_wconf 89' lang='lat' dir='ltr'>quoque</span> <span class='ocrx_word' id='word_1_686' title='bbox 937 5345 1350 5402; x_wconf 88' lang='lat' dir='ltr'>exterminator</span> <span class='ocrx_word' id='word_1_687' title='bbox 1401 5350 1793 5417; x_wconf 88' lang='lat' dir='ltr'>mortiﬁcavit,</span> <span class='ocrx_word' id='word_1_688' title='bbox 1826 5359 1883 5409; x_wconf 90' lang='lat' dir='ltr'>et</span> <span class='ocrx_word' id='word_1_689' title='bbox 1911 5372 2049 5427; x_wconf 90' lang='lat' dir='ltr'>pars</span> <span class='ocrx_word' id='word_1_690' title='bbox 2159 5354 2464 5424; x_wconf 83' lang='lat' dir='ltr'>catholica,</span> <span class='ocrx_word' id='word_1_691' title='bbox 2525 5373 2702 5429; x_wconf 89' lang='lat' dir='ltr'>quam</span> <span class='ocrx_word' id='word_1_692' title='bbox 2739 5358 2914 5429; x_wconf 89' lang='lat' dir='ltr'>(sicut</span> <span class='ocrx_word' id='word_1_693' title='bbox 2943 5358 3064 5428; x_wconf 77' lang='lat' dir='ltr'>(aL,</span> <span class='ocrx_word' id='word_1_694' title='bbox 3112 5357 3215 5425; x_wconf 89' lang='lat' dir='ltr'>sic]</span> <span class='ocrx_word' id='word_1_695' title='bbox 3261 5360 3620 5415; x_wconf 85' lang='lat' dir='ltr'>Athanasius</span> <span class='ocrx_word' id='word_1_696' title='bbox 3672 5361 3829 5417; x_wconf 89' lang='lat' dir='ltr'>dicit</span> 
     </span>
    </p>
   </div>
   <div class='ocr_carea' id='block_1_99' title="bbox 400 5432 3830 5518">
    <p class='ocr_par' dir='ltr' id='par_1_99' title="bbox 400 5432 3830 5518">
     <span class='ocr_line' id='line_1_99' title="bbox 400 5432 3830 5518; baseline 0.006 -31"><span class='ocrx_word' id='word_1_697' title='bbox 400 5432 650 5489; x_wconf 89' lang='lat' dir='ltr'>invicem</span> <span class='ocrx_word' id='word_1_698' title='bbox 709 5452 772 5491; x_wconf 90' lang='lat' dir='ltr'>se</span> <span class='ocrx_word' id='word_1_699' title='bbox 812 5432 1118 5489; x_wconf 80' lang='lat' dir='ltr'>interfecit.</span> <span class='ocrx_word' id='word_1_700' title='bbox 1172 5433 1354 5492; x_wconf 87' lang='lat' dir='ltr'>Filius</span> <span class='ocrx_word' id='word_1_701' title='bbox 1403 5454 1635 5510; x_wconf 90' lang='lat' dir='ltr'>quoque</span> <span class='ocrx_word' id='word_1_702' title='bbox 1690 5441 2044 5515; x_wconf 89' lang='lat' dir='ltr'>Solomonis,</span> <span class='ocrx_word' id='word_1_703' title='bbox 2159 5442 2270 5497; x_wconf 90' lang='lat' dir='ltr'>nisi</span> <span class='ocrx_word' id='word_1_704' title='bbox 2301 5445 2434 5516; x_wconf 91' lang='lat' dir='ltr'>quis</span> <span class='ocrx_word' id='word_1_705' title='bbox 2466 5445 2714 5501; x_wconf 85' lang='lat' dir='ltr'>ﬁdeliter</span> <span class='ocrx_word' id='word_1_706' title='bbox 2746 5444 3105 5518; x_wconf 85' lang='lat' dir='ltr'>ﬁrmiterque</span> <span class='ocrx_word' id='word_1_707' title='bbox 3129 5447 3669 5518; x_wconf 88' lang='lat' dir='ltr'>crediderit,salvus</span> <span class='ocrx_word' id='word_1_708' title='bbox 3686 5467 3830 5507; x_wconf 87' lang='lat' dir='ltr'>esse</span> 
     </span>
    </p>
   </div>
   <div class='ocr_carea' id='block_1_100' title="bbox 400 5519 3829 5605">
    <p class='ocr_par' dir='ltr' id='par_1_100' title="bbox 400 5519 3829 5605">
     <span class='ocr_line' id='line_1_100' title="bbox 400 5519 3829 5605; baseline 0.005 -30"><span class='ocrx_word' id='word_1_709' title='bbox 400 5519 684 5591; x_wconf 88' lang='lat' dir='ltr'>abjiciens</span> <span class='ocrx_word' id='word_1_710' title='bbox 714 5522 958 5592; x_wconf 88' lang='lat' dir='ltr'>paciﬁca</span> <span class='ocrx_word' id='word_1_711' title='bbox 982 5520 1157 5576; x_wconf 91' lang='lat' dir='ltr'>verba</span> <span class='ocrx_word' id='word_1_712' title='bbox 1188 5523 1390 5594; x_wconf 89' lang='lat' dir='ltr'>patris,</span> <span class='ocrx_word' id='word_1_713' title='bbox 1420 5543 1485 5582; x_wconf 90' lang='lat' dir='ltr'>ac</span> <span class='ocrx_word' id='word_1_714' title='bbox 1533 5528 1809 5600; x_wconf 89' lang='lat' dir='ltr'>superbia</span> <span class='ocrx_word' id='word_1_715' title='bbox 1855 5530 2046 5587; x_wconf 89' lang='lat' dir='ltr'>elatus</span> <span class='ocrx_word' id='word_1_716' title='bbox 2157 5549 2269 5587; x_wconf 86' lang='lat' dir='ltr'>non</span> <span class='ocrx_word' id='word_1_717' title='bbox 2305 5533 2532 5604; x_wconf 86' lang='lat' dir='ltr'>poterit.</span> <span class='ocrx_word' id='word_1_718' title='bbox 2567 5533 2623 5589; x_wconf 89' lang='lat' dir='ltr'>Si</span> <span class='ocrx_word' id='word_1_719' title='bbox 2657 5532 2973 5605; x_wconf 84' lang='lat' dir='ltr'>aliquando</span> <span class='ocrx_word' id='word_1_720' title='bbox 3022 5536 3173 5591; x_wconf 82' lang='lat' dir='ltr'>infra</span> <span class='ocrx_word' id='word_1_721' title='bbox 3219 5541 3379 5592; x_wconf 89' lang='lat' dir='ltr'>tuam</span> <span class='ocrx_word' id='word_1_722' title='bbox 3431 5538 3829 5594; x_wconf 88' lang='lat' dir='ltr'>inveniantur</span> 
     </span>
    </p>
   </div>
   <div class='ocr_carea' id='block_1_101' title="bbox 469 5643 3823 5738">
    <p class='ocr_par' dir='ltr' id='par_1_101' title="bbox 469 5643 3823 5738">
     <span class='ocr_line' id='line_1_101' title="bbox 469 5643 3823 5738; baseline 0.005 -33"><span class='ocrx_word' id='word_1_723' title='bbox 469 5643 1183 5738; x_wconf 29' lang='lat' dir='ltr'>flicnppaffa‘tiopis‘</span> <span class='ocrx_word' id='word_1_724' title='bbox 1225 5646 1430 5738; x_wconf 66' lang='lat' dir='ltr'>titulus</span> <span class='ocrx_word' id='word_1_725' title='bbox 1479 5652 1631 5738; x_wconf 63' lang='lat' dir='ltr'>apud</span> <span class='ocrx_word' id='word_1_726' title='bbox 1683 5652 2042 5737; x_wconf 72' lang='lat' dir='ltr'>sambucam</span> <span class='ocrx_word' id='word_1_727' title='bbox 2153 5675 2281 5738; x_wconf 66' lang='lat' dir='ltr'>quae</span> <span class='ocrx_word' id='word_1_728' title='bbox 2311 5656 2705 5714; x_wconf 86' lang='lat' dir='ltr'>verisimiliter</span> <span class='ocrx_word' id='word_1_729' title='bbox 2742 5658 2893 5730; x_wconf 90' lang='lat' dir='ltr'>regis</span> <span class='ocrx_word' id='word_1_730' title='bbox 2943 5665 3052 5729; x_wconf 89' lang='lat' dir='ltr'>est,</span> <span class='ocrx_word' id='word_1_731' title='bbox 3107 5662 3278 5733; x_wconf 88' lang='lat' dir='ltr'>cujus</span> <span class='ocrx_word' id='word_1_732' title='bbox 3324 5664 3501 5721; x_wconf 86' lang='lat' dir='ltr'>verba</span> <span class='ocrx_word' id='word_1_733' title='bbox 3543 5681 3823 5738; x_wconf 90' lang='lat' dir='ltr'>sequun-</span> 
     </span>
    </p>
   </div>
   <div class='ocr_carea' id='block_1_102' title="bbox 399 5718 3379 5796">
    <p class='ocr_par' dir='ltr' id='par_1_102' title="bbox 399 5718 3379 5796">
     <span class='ocr_line' id='line_1_102' title="bbox 399 5718 3379 5796; baseline -0.021 21"><span class='ocrx_word' id='word_1_734' title='bbox 399 5718 708 5796; x_wconf 60' lang='grc' dir='ltr'>ΞΨῖίίίίυνι</span> <span class='ocrx_word' id='word_1_735' title='bbox 766 5719 1022 5796; x_wconf 45' lang='grc' dir='ltr'>(ξε-θεὼ</span> <span class='ocrx_word' id='word_1_736' title='bbox 1075 5724 1329 5796; x_wconf 52' lang='grc' dir='ltr'>ηοιψει</span> <span class='ocrx_word' id='word_1_737' title='bbox 1374 5718 1787 5796; x_wconf 62' lang='lat' dir='ltr'>S~,_Sie_phani;</span> <span class='ocrx_word' id='word_1_738' title='bbox 1820 5725 2042 5796; x_wconf 73' lang='lat' dir='ltr'>Omissa</span> <span class='ocrx_word' id='word_1_739' title='bbox 2152 5718 2265 5785; x_wconf 67' lang='lat' dir='ltr'>tur.</span> <span class='ocrx_word' id='word_1_740' title='bbox 2803 5718 2839 5730; x_wconf 72' lang='grc' dir='ltr'><em>υ</em></span> <span class='ocrx_word' id='word_1_741' title='bbox 3040 5718 3050 5729; x_wconf 69' lang='grc' dir='ltr'><em>ι</em></span> <span class='ocrx_word' id='word_1_742' title='bbox 3174 5718 3198 5733; x_wconf 78' lang='grc' dir='ltr'><strong><em>υ</em></strong></span> <span class='ocrx_word' id='word_1_743' title='bbox 3262 5718 3267 5719; x_wconf 52' lang='grc' dir='ltr'>ί</span> <span class='ocrx_word' id='word_1_744' title='bbox 3368 5718 3379 5753; x_wconf 86' lang='grc'>;</span> 
     </span>
    </p>
   </div>
   <div class='ocr_carea' id='block_1_103' title="bbox 399 5778 2037 5854">
    <p class='ocr_par' dir='ltr' id='par_1_103' title="bbox 399 5778 2037 5854">
     <span class='ocr_line' id='line_1_103' title="bbox 399 5778 2037 5854; baseline 0.013 -21"><span class='ocrx_word' id='word_1_745' title='bbox 399 5778 619 5837; x_wconf 85' lang='lat' dir='ltr'>ibidem</span> <span class='ocrx_word' id='word_1_746' title='bbox 658 5778 929 5840; x_wconf 90' lang='lat' dir='ltr'>similiter</span> <span class='ocrx_word' id='word_1_747' title='bbox 975 5786 1256 5844; x_wconf 84' lang='lat' dir='ltr'>invocatio</span> <span class='ocrx_word' id='word_1_748' title='bbox 1304 5778 1686 5849; x_wconf 69' lang='lat' dir='ltr'>sanctissima:</span> <span class='ocrx_word' id='word_1_749' title='bbox 1734 5778 2037 5854; x_wconf 68' lang='lat' dir='ltr'>Trinitatis</span> 
     </span>
    </p>
   </div>
  </div>
