3962 6370
423 419 598 526 I239
1438 423 1502 486 S.
1549 423 1940 486 STEPHANI
1984 422 2537 488 HUNGARORUM
2588 423 2844 488 REGIS.
3651 423 3843 486 4240

439 558 702 632 gnitatis,
736 573 802 613 ac
833 556 1010 613 divini
1057 557 1416 613 Sacramenti
1464 557 1898 630 dispensatores
1958 557 2079 628 [al.,
2110 556 2167 624 Α
2269 556 2402 613 CAP.
2436 556 2505 611 V.
2538 562 2618 614 De
2643 557 2912 613 servanda
2943 559 3147 615 virtute
3173 557 3475 630 patientiae,
3496 557 3841 615 attribuenda

412 645 845 719 -dispositores]
877 650 934 702 et
962 647 1214 702 datores.
1247 645 1385 701 Sine
1417 647 1575 702 enim
1604 646 1720 702 illis
1743 663 1856 702 non
1878 646 2088 702 consti-
2186 645 2418 717 judicio.
2453 645 2744 700 Patientize
2795 651 2850 701 et
2872 646 3080 717 judicii
3139 645 3466 703 observatio
3514 645 3728 719 quinta
3755 663 3839 702 re-

437 739 688 792 tuuntnr
716 750 882 808 reges
914 751 1019 791 nec
1049 733 1412 807 principatus
1461 736 1583 806 [al.,
1636 734 2081 808 principantur].
2194 732 2344 806 galis
2392 751 2615 789 coronae
2669 739 2759 790 est
2804 735 3050 791 ornatio.
3094 735 3269 790 David
3327 751 3426 791 rex
3477 736 3657 806 atque
3713 752 3840 808 pro-

415 823 1438 882 .Perilloruminterventumdelicta
1467 823 2080 880 delenturhominum.
2195 822 2371 894 pheta
2400 822 2583 877 dixit:
2644 825 2802 888 Deus,
2849 825 3126 895 judicium
3185 834 3340 878 tuum
3395 826 3512 896 regi
3565 823 3838 896 da(Psal.

413 913 498 969 -εί
529 911 660 968 illos
691 912 944 984 perfecte
975 929 1160 980 amas,
1193 917 1249 967 te
1279 912 1476 984 ipsum
1509 912 1637 968 sine
1675 913 1853 968 dubio
1887 930 2080 979 sanas,
2193 927 2343 977 cxx1,
2374 911 2452 981 2).
2481 913 2549 967 Et
2579 911 2732 967 idem
2782 911 2958 968 alibi:
3021 915 3204 968 Honor
3230 916 3373 984 regis
3419 913 3698 985 judicium
3755 913 3841 968 di-

417 1005 723 1073 -tuumque
753 1017 1000 1073 regnum
1033 1001 1350 1057 honorifice
1388 1002 1708 1074 gubernas.
1761 1003 1822 1056 In
1871 1019 2082 1059 manus
2193 1001 2318 1071 tigit
2345 1001 2519 1071 (Psal.
2552 1017 2745 1067 xcvm,
2780 1003 2854 1068 4).
2880 1002 2959 1057 De
2979 1001 3262 1074 patientia
3289 1001 3508 1057 Paulus
3535 1000 3842 1074 apostolus

419 1089 591 1146 enim
621 1089 859 1144 illorum
891 1089 1082 1161 p’osita
1112 1092 1200 1146 est
1231 1093 1490 1162 potestas
1510 1089 1729 1162 ligandi
1752 1090 1936 1145 nosin
1955 1108 2081 1162 pec—
2190 1087 2486 1160 loquitur:
2519 1091 2796 1146 Patientes
2842 1095 3006 1146 estote
3050 1091 3122 1146 ad
3168 1107 3352 1146 omnes
3399 1091 3446 1161 (Ι
3471 1091 3644 1146 Thess.
3671 1108 3730 1158 ν,
3765 1092 3840 1162 li).

433 1179 602 1246 catis,
636 1181 696 1233 et
725 1194 760 1233 a
793 1179 1046 1250 peccatis
1104 1178 1383 1234 solvendi.
1433 1179 1891 1234 Testamentum
1921 1179 2078 1234 enim
2189 1176 2260 1231 Et
2288 1177 2572 1232 Dominus
2605 1178 2663 1232 in
2696 1162 3020 1251 Evangelio'.
3059 1180 3120 1234 In
3151 1179 3434 1252 patientia
3479 1183 3673 1234 vestra
3703 1196 3838 1252 pos-

436 1267 560 1338 [at.,
593 1272 746 1334 vero]
783 1267 1206 1339 sempiternum
1239 1268 1447 1323 statuit
1478 1267 1596 1323 illis
1646 1268 1821 1336 Deus,
1862 1285 2080 1341 eosque
2192 1264 2457 1321 sidebitis
2509 1267 2738 1323 animas
2779 1272 3003 1324 vestras
3062 1270 3212 1339 (Luc.
3264 1284 3381 1336 xxx,
3445 1268 3552 1339 19).
3595 1268 3681 1323 Ad
3732 1268 3842 1322 hoc

431 1355 761 1428 segregavit
789 1357 862 1412 ab
893 1355 1317 1424 hominibus,et
1347 1357 1438 1412 sui
1469 1356 1726 1412 nominis
1748 1360 1921 1428 atque
1951 1375 2079 1413 san.
2191 1355 2383 1420 tende,
2420 1353 2502 1408 fili
2535 1354 2648 1410 mi:
2683 1355 2732 1410 si
2761 1355 2848 1411 vis
2877 1357 3041 1429 regni
3073 1355 3285 1412 habere
3316 1356 3619 1423 honorem,
3661 1355 3844 1428 dilige

419 1443 646 1501 ctitatis
678 1444 813 1500 fecit
841 1444 1176 1516 participes,
1214 1449 1272 1500 et
1319 1445 1391 1499 ab
1449 1444 1789 1500 hominibus
1839 1447 1959 1516 [at.,
2005 1447 2077 1502 ab
2179 1441 2519 1512 judicium:
2573 1444 2623 1498 si
2675 1444 2933 1500 animam
2980 1449 3144 1500 tuam
3203 1445 3501 1517 possidere
3539 1447 3662 1513 vis,
3710 1451 3842 1501 esto

419 1532 688 1588 humano
715 1533 832 1604 die]
876 1533 1172 1588 interdixit
1219 1533 1724 1604 reprehendendos
1771 1549 1919 1602 esse,
1975 1551 2077 1606 per
2186 1531 2434 1602 patiens.
2469 1532 2961 1606 Quotiescunque,
2997 1533 3076 1588 fili
3109 1534 3472 1602 charissime,
3515 1534 3628 1589 vcl-
3656 1549 3839 1589 causa

419 1620 614 1677 David
646 1622 920 1677 deiﬁcum
952 1638 1146 1694 regem
1173 1640 1186 1678 :
1221 1622 1396 1677 Nolite
1425 1626 1649 1690 tangere
1677 1624 1903 1679 christos
1930 1640 2074 1680 meos
2182 1617 2361 1690 digna
2383 1619 2635 1689 judicari
2668 1621 2739 1675 ad
2770 1625 2826 1676 te
2874 1622 3114 1690 venerit,
3157 1620 3243 1677 vel
3294 1621 3510 1694 aliquis
3560 1621 3834 1694 capitalis

426 1709 599 1780 (Psat.
633 1725 746 1776 Civ,
776 1710 888 1782 45),
921 1714 1029 1765 etc.
1089 1709 1190 1766 Ille
1247 1714 1443 1765 autem
1503 1709 1625 1783 [al.,
1675 1711 1852 1781 enim]
1886 1713 2076 1785 tangit
2184 1708 2482 1763 sententia
2512 1725 2666 1774 reus,
2701 1708 2819 1765 noli
2852 1709 3221 1782 impatienter
3250 1714 3503 1782 portare,
3549 1711 3637 1766 vel
3691 1727 3832 1766 cum

419 1797 675 1854 christos
706 1798 828 1865 Dei,
860 1800 963 1870 qui
994 1803 1194 1854 contra
1247 1799 1511 1854 divinum
1559 1805 1734 1871 atque
1780 1817 2070 1856 canonum

423 1884 761 1944 institutum
790 1887 942 1943 sacri
971 1887 1196 1942 ordinis
1223 1887 1378 1943 viros
1409 1887 1572 1943 falsis
1594 1888 1942 1944 criminibus
1966 1889 2064 1944 fm-

423 1974 528 2030 dat
555 1977 729 2046 atque
755 1974 816 2030 in
844 1975 1141 2047 publicum
1171 1976 1479 2048 protrahit.
1513 1977 1675 2040 Quod
1716 1982 1769 2032 te
1802 1977 2061 2045 omnino,

430 2061 516 2118 ﬁli
574 2063 676 2130 mi,
726 2079 895 2137 agere
917 2064 1212 2136 prohibeo,
1272 2065 1321 2119 si
1379 2065 1466 2121 vis
1521 2067 1726 2120 beatus
1770 2066 1975 2134 vivere,
2010 2069 2066 2122 et

430 2155 604 2208 tuum
617 2168 864 2226 regnum
879 2153 1202 2209 honestare.
1237 2153 1381 2218 Quia
1396 2155 1455 2208 in
1473 2153 1567 2210 his
1585 2155 1760 2210 rebus
1773 2155 2065 2227 imprimis

426 2240 744 2298 offenditur
771 2247 942 2298 Deus.
972 2243 1031 2296 Si
1064 2241 1360 2298 accidente
1390 2259 1528 2298 casu
1560 2242 1733 2315 culpa
1756 2244 2066 2315 reprehen-

422 2331 589 2388 sione
619 2331 796 2404 digna
828 2348 1005 2404 super
1033 2331 1288 2403 aliquem
1310 2330 1622 2398 horum,de
1642 2331 1855 2403 quibus
1876 2349 2067 2388 sermo

419 2423 530 2484 est,
565 2419 857 2486 ceciderit,
891 2421 1067 2491 (quod
1102 2419 1316 2488 absit!)
1359 2418 1585 2492 corripe
1617 2437 1752 2475 eum
1783 2423 1892 2490 ter,
1924 2437 2069 2492 qua-

419 2508 687 2574 ter,inter
713 2513 770 2564 te
796 2511 856 2564 et
884 2508 1079 2580 ipsum
1103 2508 1487 2578 solum,juxta
1507 2513 1861 2580 praeceptum
1884 2510 2070 2565 Evan-

423 2596 560 2670 gelii
591 2597 798 2668 (Matth.
833 2614 990 2664 xvm,
1028 2598 1134 2668 15).
1168 2596 1226 2651 Si
1258 2600 1398 2652 tunc
1429 2600 1646 2652 secrete
1676 2597 1937 2652 renuerit
1966 2615 2068 2652 au-

423 2685 549 2741 dire
576 2685 819 2753 monita,
844 2685 1176 2741 adhibenda
1195 2684 1298 2741 tibi
1327 2689 1468 2740 sunt
1483 2684 2069 2757 publica,secundum

424 2773 585 2829 haec:
617 2773 678 2829 Si
711 2777 769 2829 te
799 2791 915 2829 non
947 2773 1218 2843 audierit,
1272 2773 1366 2829 dic
1415 2772 1682 2829 Ecclesiae
1729 2775 1908 2841 (lbid.,
1957 2775 2068 2846 l7).

423 2862 572 2920 Nam
601 2861 654 2919 si
682 2866 746 2918 tu
777 2860 935 2918 hunc
965 2864 1231 2919 ordinem
1264 2863 1544 2932 servabis,
1562 2863 1875 2935 gloriosam
1905 2865 2070 2920 tuam

425 2951 662 3022 penitus
688 2951 974 3008 exaltabis
1007 2968 1304 3008 coronam.

485 3039 632 3096 CAP.
668 3041 762 3096 IV.
795 3044 876 3096 De
902 3043 1095 3097 merito
1126 3041 1330 3096 honore
1352 3041 1667 3111 principum
1706 3049 1756 3096 et
1785 3043 2069 3097 baronum.

426 3129 680 3194 Quartus
710 3129 886 3185 decor
912 3128 1215 3199 regiminis
1246 3132 1304 3184 et
1334 3127 1916 3196 ﬁdelitas,fortitudo,
1951 3127 2072 3202 agi-

427 3216 1224 3286 litas,comitas,conﬁdentia
1252 3216 1582 3288 principum
1610 3217 2071 3290 [at.,principum

427 3307 594 3375 abest,
626 3315 678 3362 et
703 3322 832 3362 mea:
862 3303 1194 3374 nobilium],
1227 3305 1537 3372 baronum,
1582 3305 1885 3373 comitum,
1920 3306 2072 3361 mili-

323 3406 335 3416 ’
428 3400 578 3468 tum,
615 3395 922 3452 nobilium.
957 3392 1052 3448 Illi
1085 3393 1240 3448 enim
1263 3396 1402 3448 sunt
1430 3393 1590 3465 regni
1615 3399 2077 3465 propugnatores

428 3486 549 3559 [al.,
583 3481 1140 3557 propugnaculum],
1170 3481 1506 3536 defensores
1556 3481 1958 3551 imbecillium,
1979 3500 2075 3538 ex-

427 3576 791 3648 pugnatores
821 3569 1308 3635 adversariorum,
1345 3574 1815 3643 augmentatores
1845 3588 2075 3626 monar-

430 3661 724 3719 chiarum.
759 3657 846 3715 Illi
878 3657 1006 3726 tibi,
1040 3656 1124 3712 fili
1158 3657 1259 3723 mi,
1287 3657 1406 3712 sint
1426 3663 1618 3730 patres
1649 3661 1706 3714 et
1735 3660 1966 3716 fratres.
2000 3661 2079 3715 Ex

429 3750 526 3808 his
549 3765 682 3804 vero
713 3745 1007 3804 neminem
1040 3746 1100 3800 in
1123 3745 1457 3802 servitutem
1481 3748 1823 3820 redigas,vel
1846 3765 2078 3804 servum

432 3837 701 3895 nomines
726 3855 739 3905 ;
772 3834 857 3890 illi
888 3833 1016 3900 tibi,
1039 3832 1431 3900 militent,non
1454 3836 1938 3904 serviant,eorum
1960 3854 2080 3892 om-

433 3925 610 3980 nibus
639 3924 766 3979 sine
788 3923 876 3979 ira
903 3927 962 3977 et
980 3923 1256 3994 superbia
1275 3927 1448 3996 atque
1466 3923 1683 3979 invidia
1704 3925 2078 3996 paciﬁce,hu-

435 4012 983 4080 militer,mansuete
1012 4011 1622 4083 dominare,memoria
1648 4013 1906 4069 retinens
1937 4031 2083 4069 sem-

435 4117 558 4173 per,
592 4101 747 4173 quod
779 4116 980 4156 omnes
1012 4099 1280 4157 homines
1309 4102 1487 4157 unius
1519 4105 1659 4157 sunt
1687 4101 2038 4156 conditionis
2065 4121 2077 4158 :

435 4194 494 4258 et
518 4190 672 4262 quod
704 4188 788 4244 nil
819 4189 1020 4255 elevat,
1055 4189 1166 4244 nisi
1200 4189 1544 4246 humilitas:
1578 4193 1635 4245 et
1681 4189 1828 4244 nihil
1859 4189 2078 4261 dejicit,

437 4277 552 4334 nisi
581 4276 857 4350 superbia
875 4281 934 4334 et
962 4278 1198 4334 invidia.
1231 4280 1288 4333 Si
1320 4279 1434 4334 eris
1489 4278 1789 4349 pacificus,
1823 4282 1962 4335 tunc
1993 4280 2079 4334 di-

437 4365 584 4423 ceris
613 4383 710 4422 rex
740 4371 796 4422 et
824 4367 976 4440 regis
1008 4367 1184 4434 filius,
1220 4371 1396 4438 atque
1447 4366 1736 4421 amaberis
1773 4384 1807 4421 a
1855 4368 2081 4424 cunctis

437 4454 747 4512 militibus.
781 4454 838 4509 Si
871 4454 1207 4522 iracundus,
1242 4455 1553 4526 superbus,
1577 4454 2079 4526 invidus,impaci-

438 4543 602 4612 ﬁcus,
634 4539 700 4601 ac
732 4545 855 4616 [at.,
885 4561 954 4600 ac
985 4545 1154 4615 abest]
1181 4559 1360 4615 super
1388 4543 1630 4598 comites
1687 4547 1742 4600 et
1790 4544 2081 4618 principes

436 4633 716 4690 cervicem
748 4633 1019 4696 erexeris,
1070 4632 1197 4687 sine
1252 4630 1430 4686 dubio
1473 4631 1750 4687 fortitudo
1802 4633 2078 4702 militum,
2112 4655 2158 4719 ι)

435 4723 727 4780 hebetudo
757 4723 866 4777 erit
895 4718 1182 4791 regalium
1227 4719 1600 4792 dignitatum,
1635 4725 1691 4776 et
1722 4721 1928 4776 alienis
1960 4728 2082 4778 tra-

437 4811 576 4868 dent
630 4825 878 4882 regnum
938 4813 1129 4862 tuum.
1211 4809 1325 4863 Hoc
1382 4810 1616 4876 timens,
1689 4826 1821 4863 cum
1882 4810 2085 4882 regula

435 4899 720 4954 virtutum
750 4890 934 4968 dirige
967 4895 1143 4951 vitam
1199 4897 1502 4964 comitum,
1556 4903 1622 4952 ut
1650 4900 1752 4950 tua
1777 4897 2084 4955 dilectione

437 4984 721 5058 angulati,
775 5000 1004 5056 semper
1058 4985 1236 5058 regali
1289 4986 1574 5059 dignitate
1633 4985 1966 5041 adhaereant
1993 4987 2080 5043 in-

437 5074 728 5142 oﬁ'ensi,et
758 5077 822 5128 ut
847 5076 1013 5128 tuum
1038 5091 1281 5148 regnum
1301 5092 1402 5147 per
1426 5073 1627 5130 omnia
1643 5073 1719 5127 sit
1749 5074 2080 5144 pacificum.

437 5249 546 5308 sua
574 5233 846 5308 dogmata
875 5242 1157 5293 conentur
1185 5232 1680 5308 pertrahere_,licot
1709 5251 1777 5290 ex
1807 5237 2082 5308 omnibus

435 5305 625 5380 ipsius
653 5303 832 5378 gestis
865 5308 1093 5380 abunde
1123 5303 1346 5361 discere
1361 5303 1672 5380 possintse
1694 5322 1727 5360 a
1754 5307 2082 5378 primorum

435 5375 846 5450 Hungarorum
870 5379 982 5434 ﬁde
1011 5379 1185 5450 longe
1226 5375 1555 5450 recessisse.
1591 5375 1873 5433 Caeterum
1925 5380 2081 5450 quod

437 5450 508 5504 de
538 5447 889 5522 etymologia
916 5447 1145 5518 Augusti
1166 5447 1231 5522 in
1264 5448 1377 5502 ﬁne
1409 5447 1641 5522 dicitur,
1673 5465 1829 5522 mere
1861 5447 2084 5505 accom-

438 5517 822 5575 modatitiuni
842 5523 962 5574 est:
997 5517 1131 5573 nam
1163 5517 1541 5586 imperatores
1573 5520 1708 5574 dicti
1743 5525 1881 5576 sunt
1906 5521 2083 5591 Augu-

433 5591 613 5663 sti_ab_
641 5591 991 5663 imperatore
1027 5593 1308 5663 Augusto,
1341 5591 1512 5645 sicuti
1544 5594 1781 5647 Ca’sares
1808 5593 2084 5647 dicuntur

439 5683 473 5720 α
497 5660 654 5714 Julio
685 5660 926 5716 caesare.

512 5731 683 5799 (103‘)
717 5733 830 5785 Hoc
860 5730 985 5784 loco
1044 5731 1219 5785 editio
1264 5730 1538 5788 Sambuci
1586 5733 1657 5789 ab
1707 5733 1823 5788 illis
1853 5732 2075 5789 verbis:

2175 1795 2510 1865 juramento
2541 1797 2775 1853 ﬁrmare
2804 1788 2970 1853 illum
3002 1799 3250 1871 puni-re;
3281 1801 3437 1872 quod
3470 1797 3749 1855 instabile
3782 1805 3841 1856 et

2185 1883 2398 1956 fragile
2428 1886 2599 1941 debet
2627 1888 2920 1959 esse,quia
2948 1887 3129 1943 stulta
3155 1893 3288 1945 vota
3317 1889 3638 1961 frangenda
3658 1892 3812 1949 sunt

2170 1971 2261 2027 vel
2291 1989 2394 2043 per
2422 1977 2477 2028 te
2506 1975 2701 2046 ipsum
2723 1975 3063 2047 dijudicare,
3089 1994 3160 2032 ne
3185 1981 3286 2032 tua
3316 1976 3527 2049 regalis
3555 1977 3822 2049 dignitas

2173 2062 2553 2134 usurpatione
2598 2063 2940 2120 inferiorum
2989 2067 3353 2138 negotiorum
3403 2066 3820 2135 foedetur,sed

2175 2151 2369 2222 potius
2393 2150 2731 2223 hujusmodi
2745 2154 3042 2227 negotium
3065 2155 3136 2210 ad
3153 2155 3385 2226 judices
3407 2155 3827 2226 mitte,quibus

2175 2239 2285 2294 hoc
2315 2241 2698 2297 commissum
2730 2247 2837 2309 est,
2857 2244 3012 2314 quod
3035 2244 3146 2316 ipsi
3171 2242 3492 2299 secundum
3516 2260 3687 2300 suam
3705 2244 3834 2299 hoc

2177 2329 2471 2385 discernat
2499 2329 2708 2402 legem.
2743 2332 2909 2387 Time
2939 2348 3066 2388 esse
3087 2333 3291 2403 judex,
3339 2334 3530 2406 gaude
3560 2350 3696 2390 vero
3729 2350 3836 2388 rex

2178 2421 2306 2474 esse
2335 2423 2394 2474 et
2422 2419 2736 2474 nominari.
2772 2421 2957 2494 Reges
3001 2421 3287 2493 patientes
3336 2425 3602 2494 regnant,
3639 2422 3834 2493 impa—

2179 2508 2388 2563 tientes
2434 2525 2568 2564 vero
2615 2509 3004 2581 tyrannizant.
3067 2511 3309 2573 Quando
3358 2515 3556 2566 autem
3601 2509 3832 2581 aliquid

2181 2598 2334 2667 qubd
2367 2602 2480 2652 tua:
2511 2599 2781 2654 convenit
2829 2599 2900 2653 ad
2932 2597 3330 2668 .judicandum
3381 2598 3674 2671 dignitati,
3725 2599 3835 2652 tibi

2178 2685 2420 2752 venerit,
2455 2701 2589 2740 cum
2620 2685 2901 2757 patientia
2929 2690 2986 2741 et
3016 2687 3435 2753 misericordia,
3489 2687 3610 2744 sive
3651 2687 3837 2742 mise-

2181 2774 2392 2833 rantia.
2423 2775 2531 2830 hoc
2557 2774 2780 2846 judice,
2833 2779 2899 2830 ut
2942 2780 3045 2830 tua
3074 2791 3288 2832 corona
3319 2775 3635 2833 laudabilis
3666 2775 3749 2832 sit
3777 2779 3839 2830 et

2181 2863 2392 2918 decora
2417 2864 2611 2935 (103‘).

2252 3015 2386 3070 CAP.
2443 3014 2538 3068 VI.
2573 3018 2652 3070 De
2707 3017 3015 3086 acceptione
3047 3023 3360 3071 ceterorum
3387 3023 3437 3071 et
3491 3016 3840 3072 nutrimento

2183 3102 2472 3174 hospitum.
2509 3107 2572 3158 In
2605 3103 2937 3176 hospitibus
2979 3108 3037 3158 et
3085 3103 3449 3173 adventitiis_
3478 3103 3620 3159 viris
3670 3107 3843 3169 tanta

2185 3191 2336 3248 inest
2365 3191 2614 3258 utilitas,
2663 3197 2729 3247 ut
2766 3192 2941 3265 digne
2973 3197 3132 3248 sexto
3175 3192 3235 3248 in
3275 3192 3488 3266 regalis
3518 3191 3837 3265 dignitatis

2104 3291 2147 3357 ρ
2184 3280 2310 3336 loco
2341 3280 2528 3352 possit
2557 3280 2777 3337 haberi.
2802 3281 2964 3337 Unde
2985 3281 3275 3352 imprimis
3298 3282 3627 3337 Romanum
3659 3281 3846 3338 crevit

2188 3369 2523 3441 imperium,
2558 3370 2921 3442 Romanique
2952 3385 3117 3443 reges
3157 3369 3455 3426 sublimati
3495 3371 3762 3438 fuerunt,
3789 3376 3845 3426 et

2188 3457 2448 3530 gloriosi,
2484 3458 2596 3514 nisi
2629 3459 2784 3530 quod
2820 3457 2989 3514 multi
3040 3459 3267 3515 nobiles
3317 3464 3373 3515 et
3424 3458 3725 3530 sapientes
3776 3475 3848 3514 ex

2188 3546 2430 3603 diversis
2452 3547 2588 3602 illuc
2602 3548 2974 3604 confluebant
2989 3547 3476 3620 partibus?Roma
3494 3564 3627 3603 vero
3650 3565 3849 3620 usque

2189 3635 2361 3691 hodie
2387 3639 2543 3691 esset
2585 3635 2817 3702 ancilla,
2869 3635 2982 3690 nisi
3031 3622 3312 3692 Eneades
3359 3637 3548 3708 ipsam
3606 3636 3848 3693 fecisset

2188 3722 2454 3779 liberam.
2489 3724 2650 3780 Sicut
2679 3725 2835 3780 enim
2885 3741 2952 3779 ex
2991 3725 3239 3781 diversis
3288 3726 3554 3796 partibus
3603 3725 3846 3798 provin—

2191 3812 2412 3868 ciarum
2445 3813 2686 3869 veniunt
2733 3813 3013 3885 hospites,
3063 3814 3143 3869 ita
3191 3814 3450 3869 diversas
3500 3813 3736 3886 linguas
3781 3817 3848 3869 ut

2190 3902 3018 3974 consuetudines,diversaque
3033 3902 3379 3958 documenta
3391 3907 3448 3959 et
3459 3920 3622 3958 arma
3637 3920 3846 3959 secum

2191 3990 2434 4057 ducunt,
2468 4008 2595 4063 quae
2628 3991 2828 4047 omnia
2851 3991 3069 4062 regiam
3111 3997 3323 4046 ornant
3361 3996 3418 4046 et
3457 3992 3843 4065 magniﬁcam

2192 4078 2409 4146 aulam,
2440 4085 2497 4135 et
2525 4081 2900 4152 perterritant
2920 4081 3841 4153 exterorumarrogantiam.l\'am

2191 4168 2369 4223 unius
2400 4168 2635 4242 linguae,
2668 4168 2964 4240 uniusque
3013 4167 3192 4223 moris
3249 4169 3373 4240 [at.,
3429 4168 3716 4240 mortalis]
3752 4186 3846 4225 re-

2190 4273 2373 4330 gnum
2404 4257 2693 4314 imbecille
2723 4261 2780 4312 et
2810 4255 3013 4328 fragile
3044 4261 3152 4311 est.
3193 4257 3502 4330 Propterea
3540 4257 3722 4328 jubeo
3759 4264 3842 4327 te,

2194 4347 2274 4401 fili
2308 4346 2408 4411 mi,
2444 4351 2508 4401 ut
2536 4346 2691 4402 bona
2718 4345 3014 4400 voluntate
3039 4343 3176 4400 illos
3224 4345 3471 4414 nutrias,
3507 4350 3563 4401 et
3593 4345 3846 4403 honeste

2189 4438 2410 4500 teneas,
2444 4439 2509 4490 ut
2530 4439 2722 4490 tecum
2781 4433 3061 4489 libentius
3110 4435 3343 4506 degant,
3391 4450 3569 4505 quam
3620 4434 3846 4491 alicubi

2191 4524 2310 4595 [al.,
2344 4523 2498 4590 alibi]
2534 4523 2818 4578 habitent.
2852 4523 2912 4578 Si
2943 4523 3098 4578 enim
3130 4529 3195 4578 tu
3217 4523 3515 4579 destruere
3541 4523 3700 4594 quod
3734 4540 3846 4597 ego

2189 4612 2489 4680 aediﬁcavi,
2522 4616 2625 4667 aut
2653 4610 2940 4684 dissipare
2962 4613 3117 4685 quod
3139 4611 3481 4685 congregavi
3521 4613 3844 4669 studueris.

2193 4701 2319 4756 sine
2350 4700 2526 4756 dubio
2558 4701 2880 4756 maximum
2918 4701 3335 4757 detrimentum
3383 4705 3554 4755 tuum
3585 4701 3847 4772 patietur

2193 4791 2628 4862 regnum.Quod
2668 4807 2740 4845 ne
2768 4790 3064 4860 fiat,tuum
3097 4789 3356 4862 quotidie
3387 4805 3534 4861 auge
3567 4805 3844 4862 regnum,

2193 4883 2258 4933 ut
2287 4883 2387 4934 tua
2416 4896 2630 4935 corona
2659 4879 2732 4934 ab
2762 4880 3038 4936 omnibus
3088 4882 3340 4951 augusta
3393 4878 3514 4950 [al.,
3551 4878 3705 4934 abest
3732 4897 3844 4935 au-

2192 4969 2386 5041 gusta]
2418 4968 2703 5024 habeatur
2730 4970 2747 5040 (
2763 4969 2902 5040 104).

2262 5075 2396 5129 CAP.
2431 5075 2550 5130 VII.
2583 5079 2665 5130 De
2692 5075 3072 5147 magnitudine
3097 5075 3338 5130 consilii.
3359 5074 3420 5130 In
3446 5074 3843 5132 tribunalibus

2193 5236 2337 5315 _7in_ze
2366 5251 2476 5315 esse
2496 5234 2689 5315 ludere,
2723 5234 2883 5315 varia
2929 5232 3112 5315 habet
3135 5234 3372 5315 menda,
3417 5235 3501 5315 uti
3534 5235 3840 5315 studiosus

2191 5305 2371 5360 lector
2399 5303 2567 5386 facile
2598 5305 2873 5360 advertat.
2929 5303 3033 5359 Illa
3073 5303 3252 5376 igitur
3295 5305 3527 5378 singula
3575 5309 3838 5363 notanda

2192 5393 2304 5431 non
2338 5393 2560 5431 censui.

2262 5448 2594 5530 (404)“Quae
2653 5446 2724 5500 de
2767 5443 3088 5530 multorum
3122 5447 3436 5530 hospitum
3479 5447 3733 5530 adventu
3753 5448 3839 5530 in

2190 5516 2751 5600 urbemulitoman'am
2785 5516 3270 5600 dicuntur,videri
3297 5522 3544 5600 possunt
3574 5521 3728 5592 apud
3753 5521 3842 5600 Li-

2187 5590 2370 5657 vium,
2404 5588 2503 5642 lib.
2538 5605 2576 5653 1,
2610 5587 2710 5640 ubi
2744 5593 3016 5642 narratur
3045 5591 3260 5655 quibus
3297 5587 3530 5646 artibus
3581 5587 3723 5647 u—sus
3758 5593 3840 5647 sit

2191 5658 2497 5720 Romulus,
2530 5674 2709 5720 supra
2736 5658 3017 5716 .Eneadcs
3047 5661 3327 5720 dictus.ut
3359 5663 3602 5718 Romam
3634 5661 3834 5718 "multi—

2191 5674 2497 5723 uomuius,
2530 5674 2709 5738 supra
2736 5674 3017 5716 mneaues
3047 5674 3327 5732 dictus,ut
3361 5674 3602 5718 Romam
3634 5674 3787 5718 "mult

2187 5730 2390 5788 tudine
2417 5727 2618 5801 populi
2651 5728 2939 5804 impleret.
