3962 6360
231 423 245 439 ι
266 387 418 455 1241

1542 426 1547 429 ·
1568 392 1881 457 ΜΟΝῙΤΑ-
1918 392 2025 457 AD
2068 393 2371 463 FILIUM.

3510 396 3673 463 4M2

260 540 472 599 regum
513 524 826 585 consilium
877 524 989 587 sibi
1035 525 1355 601 septimum
1401 527 1658 584 vindicat
1703 527 1922 590 locum.
1957 532 2007 596 Α
2037 542 2220 596 meas,
2254 532 2318 584 at
2354 527 2509 585 inter
2544 530 2679 585 tuos
2722 525 2995 607 habearis
3043 525 3395 602 praecipuus,
3420 536 3477 623 et
3519 533 3672 591 inter

262 613 520 670 Consilio
569 615 728 673 enim
782 615 1223 674 constituuntur
1275 632 1461 690 reges,
1514 618 1920 690 gubernantur

208 719 215 724 ‘
261 718 464 775 regna,
493 703 832 762 defenditur
864 707 1071 779 patria,
1104 710 1539 779 componuntur
1567 705 1786 780 praelia,
1820 723 1919 762 su-

262 791 448 847 mitur
490 792 752 863 victoria,
803 794 1210 868 propelluntur
1255 796 1500 861 inimici,
1552 795 1924 869 appellantur

264 880 464 949 amici,
487 881 752 939 civitates
782 888 1225 951 construuntur,
1248 888 1307 940 et
1334 889 1524 941 castra
1555 884 1918 941 adversario-

259 985 394 1025 rum
428 969 835 1028 destruuntur.
860 974 1103 1038 Quando
1131 990 1264 1029 vero
1293 973 1555 1029 consiliis
1586 974 1738 1029 inest
1766 971 1923 1028 utili-

259 1061 380 1114 tas.
420 1059 567 1115 Nam
619 1061 741 1132 [al.,
766 1062 914 1132 jam]
945 1079 980 1118 a
1026 1063 1246 1134 stwtis,
1291 1067 1348 1118 et
1393 1062 1823 1135 arrogantibus,
1856 1077 1922 1117 ac

271 1146 671 1205 mediocribus
700 1149 789 1222 (ut
818 1150 965 1206 mihi
1005 1150 1075 1203 νίς
1104 1153 1255 1224 etur)
1285 1169 1401 1209 non
1431 1150 1628 1208 valent
1650 1155 1921 1221 componi

254 1234 389 1305 viri,
411 1237 513 1293 sed
546 1254 582 1293 a
612 1239 938 1310 majoribus
972 1245 1030 1296 et
1058 1239 1421 1310 melioribus,
1446 1239 1925 1313 sapientioribus.

256 1340 371 1397 que
400 1341 469 1381 ac
501 1325 941 1385 honestissimis
971 1329 1323 1399 senioribus,
1345 1328 1591 1402 exprimi
1618 1328 1836 1385 debent
1863 1324 1924 1383 et

2029 614 2248 673 alienos
2277 615 2613 672 laudabilis.

2100 708 2231 761 CAP.
2280 706 2369 761 IX.
2422 705 2704 762 Oramlum
2750 723 2862 763 esse
2916 715 2968 763 et
3023 707 3304 779 quomodo.
3338 698 3667 765 Observ'at'm

2030 793 2310 850 orationis
2342 794 2597 851 maxima
2620 783 2949 868 'acquisitio
2976 800 3064 852 est
3094 795 3306 869 regalis
3353 794 3584 862 salutis,
3618 799 3675 851 et

2030 880 2161 938 ideo
2202 900 2423 939 nonum
2469 883 2531 958 [1⁸.
2574 884 2697 939 add.
2746 870 2987 941 obtinet.
3019 885 3265 953 locum];
3318 888 3375 940 et
3432 884 3673 940 nonaria

2030 971 2202 1044 regiae
2232 972 2532 1045 dignitatis
2585 973 2744 1029 canit
2789 973 3008 1047 regula.
3040 974 3329 1030 Continua
3358 973 3540 1029 oratio
3584 976 3674 1028 est

2030 1064 2400 1133 peccatorum
2441 1060 2661 1117 ablutio
2704 1064 2825 1135 [al.,
2859 1061 3111 1129 abolitio]
3166 1066 3222 1118 et
3266 1062 3553 1118 remissio.
3584 1063 3671 1116 Tu

2031 1152 2248 1219 autem,
2274 1148 2352 1203 ﬁli
2387 1149 2484 1217 mi,
2506 1150 2969 1224 quotiescunque
3000 1152 3072 1206 ad
3102 1149 3385 1223 templum
3408 1150 3507 1206 Dei
3541 1167 3671 1205 cur-

2031 1237 2132 1303 ris,
2157 1241 2220 1293 ut
2249 1238 2431 1293 Deum
2475 1239 2703 1309 adores,
2731 1250 2867 1295 cum
2896 1240 3207 1296 Salomone
3254 1238 3373 1295 ﬁlio
3421 1238 3597 1311 regis,
3619 1242 3676 1294 et

2029 1325 2155 1399 ipse
2185 1344 2283 1383 rex
2313 1317 2544 1401 semper
2580 1329 2741 1385 dicas
2775 1345 2787 1384 ε
2820 1331 3036 1398 Emitte,
3070 1330 3315 1396 Domine,
3346 1329 3673 1399 sapientiam

239 1410 448 1486 .poliri.
502 1415 740 1486 Idcirco,
772 1416 855 1473 fili
911 1418 1012 1483 mi,
1045 1434 1180 1473 cum
1231 1418 1549 1490 juvenibus
1601 1421 1658 1475 et
1722 1420 1922 1480 minus
2029 1415 2092 1472 de
2119 1416 2239 1472 sede
2267 1417 2667 1489 magnitudinis
2696 1423 2827 1485 tuae,
2850 1426 2910 1473 ut
2939 1435 3152 1473 mecum
3179 1419 3268 1485 sit,
3293 1425 3346 1473 et
3364 1432 3575 1472 mecum
3597 1416 3673 1472 la-

250 1501 619 1575 sapieutibus
657 1505 777 1562 noli
821 1507 1136 1575 consiliari,
1171 1511 1273 1563 aut
1318 1508 1390 1563 de
1458 1506 1574 1565 illis
1604 1507 1916 1565 consilium
2031 1503 2195 1572 boret,
2220 1510 2279 1561 ut
2306 1508 2476 1562 sciam
2505 1508 2638 1579 quid
2664 1511 2940 1579 acceptum
2966 1509 3037 1562 sit
3063 1522 3251 1562 coram
3282 1509 3333 1560 te
3360 1506 3514 1560 omni
3543 1508 3674 1560 tem-

248 1604 513 1662 quaerere
543 1595 667 1666 [nl.,
690 1598 932 1668 quaere];
966 1601 1065 1653 sed
1089 1615 1123 1653 a
1144 1596 1496 1665 senioribus,
1531 1598 1745 1670 quibus
1775 1597 1920 1654 illud
2024 1593 2325 1665 pore(Sap.
2351 1612 2426 1661 ix,
2452 1595 2560 1667 10).
2587 1596 2650 1650 Et
2687 1594 2898 1651 iterum
2934 1613 2948 1651 :
2982 1596 3205 1652 Domini
3236 1595 3401 1649 Pater
3439 1594 3491 1648 et
3531 1594 3672 1649 Deus

242 1681 562 1755 «negotium
594 1690 831 1757 propter
860 1690 1088 1744 aetatem
1124 1691 1184 1743 et
1215 1686 1561 1759 sapientiam
1596 1686 1671 1743 sit
1696 1690 1919 1759 aptum,
2030 1685 2154 1738 vitae
2183 1699 2340 1753 meae,
2362 1700 2430 1738 ne
2449 1685 2907 1755 derelinquasme
2933 1687 2995 1740 in
3022 1686 3258 1755 cegitatu
3278 1683 3543 1753 maligno,
3576 1699 3670 1737 ex-

256 1767 407 1825 Nam
423 1770 668 1828 consilia
688 1789 893 1847 regum
913 1773 972 1830 in
997 1792 1181 1847 praeco
1200 1773 1343 1831 rdiis
1362 1774 1691 1847 sapientum
1708 1776 1922 1850 debent
2030 1772 2331 1829 tollentium
2362 1774 2645 1830 Oculorum
2672 1790 2917 1830 meorum
2944 1791 3013 1830 ne
3040 1773 3252 1830 dederis
3276 1773 3439 1836 mihi,
3460 1775 3512 1827 et
3530 1770 3672 1827 desi-

256 1857 479 1958 claudi,
538 1876 655 1958 non
683 1864 1056 1958 _ventositate
1114 1863 1437 1958 stultorum
1459 1864 1839 1958 _propagari._
1860 1866 1918 1949 Si
1950 1892 1998 1958 B
2029 1860 2254 1958 derium-
2279 1863 2588 1958 malignum
2633 1873 2815 1958 averte
2842 1880 2877 1958 a
2903 1879 3008 1928 me,
3053 1863 3309 1958 Domine;
3332 1865 3498 1958 aufer

246 1946 414 2003 enim
446 1949 731 2022 gradieris
764 1969 896 2008 cum
930 1952 1314 2026 sapientibus,
1344 1953 1582 2025 sapiens
1606 1946 1913 2018 efficierisﬁ

253 2034 305 2091 si
337 2039 590 2094 versaris
621 2056 755 2096 cum
786 2040 1004 2109 stultis,
1030 2042 1367 2112 sociaberis,
1391 2041 1531 2110 illis,
1558 2042 1770 2098 fatente
1793 2042 1919 2115 Spi-

250 2122 373 2180 ritu
407 2131 609 2185 sancto
649 2145 752 2202 per
801 2130 1173 2187 Salomonem
1211 2149 1223 2187 :
1258 2132 1364 2201 Qui
1408 2148 1530 2187 cum
1575 2132 1915 2204 sapientibus

248 2215 527 2286 graditur,
556 2221 870 2292 sapientum
895 2222 1004 2276 erit
1035 2222 1244 2276 amicus
1269 2236 1369 2276 nec
1395 2222 1688 2277 stultorum
1714 2222 1820 2277 erit
1847 2222 1919 2275 si-

248 2304 407 2360 milis
433 2305 631 2379 (Prov.
658 2325 782 2378 xm,
812 2310 927 2380 20).
952 2309 1023 2364 Et
1063 2309 1244 2365 David
1286 2308 1487 2381 psallit
1518 2326 1530 2365 :
1571 2310 1707 2364 Cum
1734 2311 1919 2365 sancto

250 2400 478 2450 sanctus
507 2398 636 2463 eris,
663 2401 715 2452 et
759 2414 883 2453 cum
920 2400 1037 2455 viro
1067 2400 1348 2455 innocente
1395 2400 1653 2455 innocens
1702 2401 1831 2469 eris,
1863 2416 1893 2453 e

248 2498 377 2538 cum
417 2484 583 2541 electo
625 2486 826 2542 electus
875 2489 1002 2551 eris,
1036 2491 1085 2543 et
1113 2504 1238 2543 cum
1281 2503 1539 2558 perverso
1590 2448 1919 2559 ριενυενιενίς

166 2584 179 2595 ’
250 2571 429 2643 (Psal.
461 2588 599 2641 xvn,
630 2575 722 2642 26,
751 2575 866 2647 27).
900 2576 982 2630 Ad
1027 2574 1136 2631 hoc
1180 2574 1468 2649 quidquid
1519 2575 1735 2648 negotii
1772 2577 1917 2632 Auni-

252 2658 470 2732 cuique
526 2662 830 2719 conveniat
886 2662 1063 2731 aetati,
1098 2663 1155 2718 in
1206 2663 1317 2720 hoc
1378 2680 1440 2719 se
1497 2670 1761 2721 exerceat
1790 2666 1912 2737 [al.,

251 2751 600 2823 exerceant],
632 2750 857 2808 scilicet
895 2752 1149 2824 juvenes
1180 2752 1238 2809 in
1272 2754 1475 2820 armis,
1508 2758 1807 2811 senatores
1854 2755 1915 2811 in

248 2837 538 2907 consiliis,
556 2840 795 2898 omnino
822 2845 1020 2897 tamen
1044 2841 1293 2912 juvenes
1321 2858 1436 2899 non
1462 2849 1603 2900 sunt
1630 2843 1917 2916 expellen-

252 2927 313 2983 di
342 2944 379 2983 a
404 2927 687 2985 consiliis.
712 2930 953 2997 Quoties
980 2947 1116 2987 vero
1147 2947 1283 2986 cum
1313 2930 1431 2988 illis
1459 2932 1771 2988 consilium
1801 2932 1912 2987 ini-

252 3014 367 3084 bis,
391 3015 625 3074 etiamsi
665 3018 879 3088 habile,
911 3022 1109 3076 tamen
1155 3037 1387 3094 semper
1416 3022 1488 3077 ad
1532 3023 1782 3094 majores
1814 3023 1911 3079 de-

251 3104 408 3165 feras
439 3105 560 3179 [al.,
590 3107 869 3180 differas],
896 3112 964 3165 ut
994 3125 1197 3165 omnes
1228 3114 1395 3167 actus
1423 3116 1556 3167 tuos
1588 3129 1797 3167 norma
1826 3129 1915 3169 sa-

252 3191 490 3267 pientia:
522 3212 847 3253 mensuras.

327 3287 458 3339 Car.
489 3284 637 3341 VIII.
681 3285 832 3354 Quod
867 3287 1103 3359 majores
1148 3289 1363 3343 imitari
1409 3288 1654 3357 debeant,
1704 3299 1753 3345 et
1798 3291 1909 3361 ﬁlii
1937 3255 1980 3322 θ

249 3372 471 3429 'obedire
492 3374 831 3446 parentibus.
866 3375 1117 3432 Imitatio
1149 3378 1270 3450 [al.,
1304 3377 1587 3452 executio]
1615 3379 1906 3450 majorum

242 3461 314 3516 ’in
346 3461 527 3536 regali
557 3460 842 3535 dignitate
866 3468 1133 3521 octavum
1165 3465 1427 3538 possidet
1453 3466 1671 3522 locum.
1697 3467 1907 3541 Regale

248 3554 668 3607 ornamentum
691 3552 835 3608 scito
866 3569 994 3609 esse
1017 3555 1365 3623 maximum,
1391 3555 1555 3628 sequi
1588 3561 1911 3613 antecesso-

246 3644 349 3694 res
378 3652 567 3711 reges,
598 3643 658 3695 et
687 3639 967 3697 honestos
1012 3640 1232 3697 imitari
1281 3649 1571 3716 parentes.
1597 3644 1704 3711 Qui
1747 3646 1905 3701 enim

252 3731 695 3785 antecessorum
727 3730 960 3786 decreta
990 3732 1212 3802 spernit
1255 3736 1509 3805 patrum,
1542 3750 1649 3789 nec
1679 3734 1906 3790 divinas

252 3820 532 3888 procurat
561 3815 738 3891 leges,
774 3819 1004 3891 peribit.
1029 3818 1229 3876 Patres
1254 3821 1408 3876 enim
1442 3821 1623 3877 idirco
1645 3827 1783 3878 sunt
1814 3840 1908 3895 pa-

246 3906 394 3973 .tres,
418 3909 483 3961 ut
525 3906 790 3963 nutriant
838 3906 1008 3976 ﬁlios,
1043 3909 1287 3981 ideoque
1318 3914 1457 3965 sunt
1502 3910 1628 3977 lilii,
1661 3919 1724 3966 ut
1771 3912 1905 3968 obe-

248 3994 419 4049 diant
446 3994 732 4067 patribus.
755 3996 863 4060 Qui
893 3998 1043 4069 patri
1087 4015 1195 4053 suo
1225 3998 1463 4065 resistit,
1496 3999 1773 4056 inimicus
1806 4001 1906 4056 Dei

248 4080 450 4137 existit
500 4084 623 4155 [al.,
661 4083 970 4157 consistit].
1006 4085 1219 4142 Omnes
1271 4087 1429 4142 enim
1480 4087 1903 4156 inobedientes,

249 4174 368 4226 Deo
415 4175 555 4227 sunt
601 4173 961 4230 resistentes.
997 4174 1250 4247 Spiritus
1290 4175 1447 4231 enim
1495 4176 1903 4234 inobedientiae

250 4258 538 4333 dispergit
583 4258 754 4317 ﬂores
795 4277 1039 4319 coronae.
1074 4263 1475 4321 lnobedientia
1520 4265 1676 4323 enim
1727 4267 1905 4323 totius

247 4347 417 4421 regni
446 4353 537 4406 est
560 4349 912 4421 pestilentia.
935 4352 1267 4424 Propterea,
1289 4352 1372 4408 ﬁli
1397 4354 1762 4423 charissime,
1787 4357 1904 4410 edi-

246 4440 344 4493 cta
373 4437 556 4510 patris
585 4436 668 4493 t'ui
697 4450 929 4512 semper
958 4440 1065 4496 tibi
1096 4441 1217 4497 sint
1248 4447 1649 4515 promptuosa,
1676 4447 1740 4497 ut
1769 4461 1900 4515 pro-

244 4525 499 4598 speritas
527 4529 632 4583 tua
681 4528 901 4601 ubique
949 4529 1244 4603 regalibus
1293 4530 1579 4604 dirigatur
1630 4532 1893 4588 habenis.

2025 1952 2536 2024 concupiscentiam,
2557 1960 2607 2007 et
2637 1954 2821 2007 animo
2846 1952 3169 2007 irrevercnti
3187 1958 3238 2006 et
3256 1950 3529 2022 ὑφ’ηηίίο
3549 1946 3670 2021 [al.,

2029 2039 2324 2113 infrenato)
2367 2056 2437 2095 ne
2482 2040 2667 2096 tradas
2713 2056 2799 2096 me
2829 2041 3025 2110 (Eccli.
3058 2057 3218 2107 xxm,
3253 2040 3392 2108 4-6),
3422 2038 3668 2095 Domine.

2028 2127 2158 2182 Haec
2190 2129 2387 2200 itaque
2425 2130 2684 2186 oratione
2729 2129 2954 2201 antiqui
3002 2130 3318 2185 utebantur
3364 2144 3549 2201 reges.
3583 2128 3671 2182 Tu

2028 2233 2257 2289 quoque
2287 2217 2396 2274 bac
2425 2219 2627 2274 eadem
2664 2223 2844 2288 utere,
2868 2223 2934 2274 ut
2962 2219 3117 2274 Deus
3148 2219 3358 2273 cuncta
3384 2215 3527 2272 vitia
3557 2232 3590 2271 a
3616 2219 3674 2271 te

2028 2306 2255 2362 auferre
2283 2307 2575 2379 dignetur,
2601 2311 2663 2363 ut
2689 2307 3114 2364 invictissimus
3134 2324 3235 2363 rex
3264 2323 3298 2362 a
3319 2306 3547 2364 cunctis
3570 2323 3671 2361 nn-

2029 2396 2289 2451 mineris.
2310 2397 2423 2453 Ora
2464 2397 2661 2464 etiam,
2687 2401 2751 2452 ut
2788 2396 3075 2452 desidiam
3106 2400 3163 2452 et
3191 2395 3605 2451 bebetudinem
3638 2411 3674 2452 a

2029 2488 2082 2540 te
2112 2483 2383 2556 depellat,
2416 2490 2474 2541 et
2503 2484 2974 2558 supplementum
3018 2485 3279 2541 omnium
3314 2483 3419 2540 tibi
3448 2483 3671 2539 tribuat

2024 2573 2327 2640 virtutum,
2353 2574 2569 2647 quibus
2610 2574 2868 2630 visibiles
2896 2578 2953 2629 et
2982 2572 3304 2630 invisibiles
3331 2572 3667 2628 vincas‘ini-

2028 2662 2229 2731 mices,
2256 2666 2320 2718 ut
2352 2680 2594 2719 securus
2626 2667 2682 2719 et
2712 2663 3013 2736 expeditus
3043 2662 3116 2718 ab
3146 2661 3305 2718 omni
3335 2661 3669 2718 incursione

2024 2752 2512 2818 adversariorum,
2532 2769 2664 2808 cum
2688 2752 2963 2808 omnibus
2983 2752 3088 2808 tibi
3110 2752 3413 2823 subjectis,
3428 2767 3669 2808 cursum

2024 2842 2209 2897 (etatis
2238 2845 2351 2897 tuae
2380 2842 2508 2898 vita;
2539 2858 2674 2897 cum
2705 2858 2843 2913 pace
2874 2840 3063 2915 possis
3097 2840 3283 2897 ﬁnire.

2093 2931 2221 2986 CAP.
2255 2935 2325 2985 X.
2358 2932 2434 2986 De
2456 2932 2655 3004 pietate
2697 2934 2747 2987 et
2787 2931 3183 2999 misericordia,
3211 2932 3529 3002 exterisque
3556 2932 3666 2985 vir-

2023 3020 2249 3076 tutibus.
2283 3020 2491 3077 Modus
2523 3020 2806 3076 virtutum
2837 3023 3007 3077 ornat
3036 3036 3310 3076 coronam
3350 3035 3578 3093 regum,
3611 3023 3670 3075 et

2019 3107 2080 3164 in
2113 3110 2414 3182 praeceptis
2452 3108 2689 3183 ponitur
2726 3108 2991 3165 decimus
3024 3126 3037 3164 :
3072 3125 3208 3165 nam
3240 3107 3525 3165 Dominus
3552 3108 3668 3163 vir-

2021 3200 2215 3252 tutum
2263 3198 2388 3270 ipse
2417 3202 2505 3253 est
2535 3198 2654 3253 Rex
2700 3214 2926 3268 regum.
2960 3197 3121 3253 Sicut
3167 3213 3305 3269 ergo
3356 3196 3447 3252 sui
3501 3213 3667 3254 exer-

2020 3286 2172 3342 citus
2214 3284 2465 3342 caelestis
2514 3285 2817 3357 plenitudo
2850 3285 2909 3339 in
2941 3285 3109 3340 denis
3157 3286 3426 3341 consistit
3473 3285 3667 3341 choris

2018 3376 2213 3443 (1011'),
2240 3375 2322 3431 sic
2351 3379 2463 3430 tute
2494 3376 2622 3429 vita;
2666 3374 3026 3430 conversatio
3055 3373 3113 3428 in
3139 3374 3338 3429 decem
3389 3373 3665 3445 persistat

2018 3463 2334 3520 mandatis.
2359 3464 2595 3536 Oportet
2616 3479 2811 3536 regem
2843 3479 2971 3518 esse
2993 3461 3178 3534 pium,
3203 3461 3662 3530 misericordem,

2017 3554 2073 3607 et
2117 3552 2341 3607 caeteris
2386 3550 2700 3607 virtutibus
2758 3550 3051 3605 imbutum
3099 3555 3157 3605 et
3203 3554 3497 3605 ornatum.
3547 3549 3665 3605 Rex

2017 3640 2174 3695 enim
2227 3640 2525 3712 impietate
2566 3643 2623 3695 et
2669 3638 3010 3694 crudelitate
3060 3639 3329 3702 fmdatus,
3362 3636 3662 3693 incassum

2017 3728 2128 3785 sibi
2158 3729 2427 3785 vendicat
2457 3744 2665 3784 nomen
2700 3728 2875 3800 regis,
2902 3727 3039 3801 quia
3062 3731 3343 3800 tyrannus
3366 3729 3454 3781 est
3474 3726 3666 3801 dicen-

2016 3819 2147 3874 dus.
2180 3816 2265 3874 0b
2306 3818 2413 3873 hoc
2456 3834 2592 3890 ergo
2625 3818 2745 3888 [al.,
2777 3816 2927 3891 ego],
2954 3814 3035 3872 ﬁli
3092 3817 3167 3871 mi
3217 3814 3659 3883 amabilissime,

2016 3907 2261 3964 dulcedo
2293 3907 2487 3964 cordis
2538 3908 2673 3974 mei,
2717 3924 2851 3979 spes
2905 3906 3114 3961 futurae
3168 3903 3405 3969 sobolis,
3438 3920 3659 3976 precor,

2007 3998 2207 4070 jubeo,
2243 4002 2309 4052 ut
2336 4014 2439 4070 per
2467 3996 2666 4053 omnia
2709 4000 2766 4052 et
2795 3996 2855 4051 in
2886 3994 3162 4053 omnibus
3193 3994 3406 4067 pietate
3453 3993 3658 4062 fultus,

2015 4104 2129 4143 non
2162 4085 2353 4142 solum
2384 4084 2695 4159 parentelze
2719 4089 2777 4141 et
2796 4082 3149 4159 cognationi,
3164 4082 3249 4139 vel
3275 4082 3658 4156 principibus,

2014 4176 2134 4232 sive
2162 4176 2430 4243 ducibus,
2464 4174 2583 4232 sive
2631 4174 2932 4243 divitibus,
2964 4191 3066 4230 seu
3096 4172 3303 4229 vicinis
3351 4176 3408 4228 et
3453 4170 3662 4228 incolis

2014 4266 2097 4322 sis
2128 4265 2445 4338 propitius;
2476 4281 2679 4320 verum
2710 4264 2884 4320 etiam
2927 4262 3215 4319 extraneis
3244 4265 3300 4317 et
3329 4261 3556 4317 cunctis
3586 4260 3658 4316 ad

2012 4358 2068 4410 te
2096 4354 2487 4409 venientibus.
2521 4355 2666 4410 Nam
2711 4370 2857 4425 opus
2887 4353 3121 4425 pietatis
3152 4351 3224 4407 ad
3274 4366 3570 4406 summam
3602 4355 3660 4405 te

2012 4442 2173 4497 ducit
2222 4442 2665 4499 beatitudinem.
2701 4442 2794 4499 Sis
2843 4440 3173 4499 misericors
3222 4436 3495 4497 omnibus
3540 4439 3659 4495 vim

2011 4530 2390 4603 patientibus,
2414 4546 2646 4603 semper
2674 4530 2816 4586 illud
2843 4531 3066 4586 Domini
3098 4529 3157 4585 in
3181 4530 3297 4585 tuis
3326 4528 3659 4600 praecordiis

248 4612 442 4672 Mores
484 4615 722 4688 quidem
773 4634 958 4686 meos,
986 4635 1135 4690 quos
1180 4619 1360 4693 regali
1388 4620 1549 4677 vides
1597 4621 1903 4678 convenire
1929 4618 1979 4685 D
2010 4617 2233 4674 habens
2262 4617 2591 4691 exemplum
2620 4636 2631 4675 :
2657 4620 3085 4674 Misericordiam
3114 4619 3249 4682 volo,
3274 4620 3322 4672 et
3352 4632 3459 4672 non
3482 4619 3659 4672 sacri-

248 4702 544 4777 dignitati,
571 4703 698 4762 sine
723 4705 955 4762 vinculo
983 4709 1165 4765 totius
1196 4709 1599 4783 ambiguitatis
1631 4726 1894 4783 sequere.

247 4791 431 4849 Grave
458 4793 615 4850 enim
644 4793 753 4850 tibi
782 4798 873 4851 est
896 4795 1077 4867 hujus
1110 4796 1361 4854 climatis
1407 4803 1601 4855 tenere
1631 4815 1897 4873 regnum,

245 4878 362 4938 nisi
390 4878 649 4939 imitator
678 4900 814 4941 com-
826 4884 1117 4943 uetudinis
1155 4890 1289 4943 ante
1318 4889 1689 4961 regnantium
1720 4891 1893 4947 exsti-

242 4969 387 5026 teris
434 4986 659 5048 regum.
693 4973 737 5039 Q
813 4991 842 5031 s
884 4977 1116 5031 Gnaeus
1149 4982 1371 5048 regeret
1418 4977 1650 5033 Latinos
1680 4977 1894 5035 Graecis

242 5059 552 5117 moribus?
581 5065 724 5118 aut!
800 5062 851 5119 is
889 5063 1129 5120 Latinus
1159 5065 1386 5121 Grmcos
1419 5066 1634 5122 Latinis
1672 5072 1895 5140 regeret

242 5146 555 5207 moribus?
599 5150 702 5206 nul
776 5167 825 5207 s.
878 5151 1097 5207 Idcirco
1145 5155 1601 5210 consuetudines
1653 5172 1893 5227 sequere

314 5254 684 5334 (lQ“)_Qucd
714 5257 1145 5334 supradicitur
1172 5258 1435 5334 caelestis
1456 5261 1741 5317 exercitus
1771 5261 1892 5334 ple-

241 5324 550 5383 nitudo'in
595 5327 748 5405 denis
789 5324 940 5385 horis
989 5329 1324 5405 consistere,
1359 5330 1575 5405 mirum
1633 5324 1890 5405 apparet,

241 5412 377 5452 cum
409 5414 617 5473 novem
640 5403 870 5455 tantum
893 5400 1234 5473 angelorum
1257 5401 1413 5456 chori
1438 5400 1889 5459 enumerantur:

242 5468 625 5540 atvsuspicior
652 5475 920 5544 sanctum
954 5468 1056 5544 per
1085 5474 1327 5528 chorum
1358 5474 1652 5529 decimum
1682 5474 1893 5531 intelli-

244 5556 380 5666 gere
408 5557 616 5599 omnes
653 5542 923 5599 homines
953 5542 1169 5601 euzlesti
1217 5544 1401 5617 gloria
1448 5544 1749 5601 exaltatos.
1782 5547 1892 5602 Ha-

287 5627 350 5666 88
380 5610 494 5666 hic.
524 5611 726 5666 lector-
750 5614 972 5666 Monita
997 5617 1182 5666 sancti
1215 5616 1386 5666 regis.
1412 5634 1538 5666 num
1569 5616 1892 5666 luculenter

287 5610 494 5690 es_bic,
524 5611 726 5679 lector,
750 5614 972 5690 Moni_ta
997 5617 1183 5690 sancti
1215 5610 1387 5690 regis,
1412 5634 1538 5690 quae
1560 5616 1897 5690 luculenter

245 5682 497 5741 tendunt
554 5690 810 5759 quantus
892 5687 1085 5756 fuerit,
1134 5706 1251 5746 non
1279 5682 1471 5745 VmOd'o
1547 5688 1893 5748 Christianis

2006 4708 2195 4777 ﬁcium
2231 4707 2439 4778 (Matth.
2470 4709 2682 4779 1x,13).
2712 4707 2945 4763 Patiens
2993 4710 3113 4762 esto
3162 4706 3232 4761 ad
3279 4720 3503 4771 omnes,
3539 4721 3656 4760 non

2012 4800 2239 4852 tantum
2273 4800 2555 4867 potentes,
2583 4796 2684 4851 sed
2713 4795 2889 4851 etiam
2930 4798 3212 4867 potestate
3242 4796 3527 4849 carentes.
3563 4793 3656 4849 Sis

2002 4885 2251 4957 denique
2281 4885 2465 4953 fortis,
2492 4902 2562 4941 ne
2591 4890 2647 4940 te
2678 4883 3034 4957 prosperitas
3084 4881 3261 4939 nimis
3319 4881 3520 4949 elevet,
3553 4886 3657 4939 aut

2001 4974 2321 5032 adversitas
2350 4975 2602 5047 dejiciat.
2621 4975 2713 5030 Sis
2755 4990 2988 5046 quoque
3036 4970 3300 5043 humilis,
3324 4978 3389 5028 ut
3417 4971 3571 5029 Deus
3602 4976 3659 5029 te

2002 5065 2187 5121 altum
2220 5064 2411 5130 faciat,
2434 5064 2529 5119 hic
2573 5068 2630 5119 et
2679 5063 2737 5117 in
2787 5063 3002 5118 futuro.
3038 5061 3131 5119 Sis
3158 5078 3292 5118 vero
3326 5061 3650 5130 modestus,

2003 5158 2059 5209 et
2093 5153 2245 5208 ultra
2275 5153 2512 5208 modum
2562 5150 2856 5207 neminem
2897 5152 3109 5224 punias
3140 5150 3225 5206 vel
3257 5150 3524 5206 damnes.
3560 5149 3653 5205 Sis

2002 5260 2338 5338 virtutibus,
2385 5259 2487 5315 sed
2536 5257 2711 5338 etiam
2761 5262 2882 5313 arte
2916 5256 3244 5338 regnandi.
3284 5257 3468 5338 Digna
3513 5272 3653 5311 sane

2004 5333 2124 5388 haec
2155 5337 2295 5412 sunt
2323 5348 2450 5403 quae
2482 5328 2814 5412 principum
2837 5327 3050 5412 animis
3075 5328 3189 5384 alte
3219 5327 3514 5412 insculpta
3537 5343 3652 5381 ma-

2004 5409 2198 5458 neant.
2232 5398 2399 5458 Nunc
2453 5398 2722 5457 similiter
2774 5400 2922 5455 dabo
2978 5399 3154 5471 leges,
3180 5414 3327 5471 quas
3359 5398 3514 5453 idem
3556 5414 3653 5452 rex

2004 5474 2260 5529 subditis
2305 5475 2428 5529 suis
2476 5472 2851 5545 praescripsit,
2876 5476 2942 5526 ut
2998 5470 3067 5525 ex
3124 5470 3401 5525 omnibus
3444 5472 3654 5545 pateat

2003 5545 2196 5624 qualis
2218 5539 2600 5624 quantusque
2615 5539 2821 5624 luo-rit,
2855 5546 3259 5624 quantumque
3292 5539 3552 5624 apostolo
3585 5557 3651 5596 ac

2001 5612 2321 5690 legislatori
2357 5634 2464 5673 suo
2495 5612 2826 5676 Christiana
2854 5612 3061 5671 debeat
3091 5612 3407 5685 Hungaria.
