3962 6424
264 475 429 540 £243

1834 471 2110 538 LEGES.
2170 472 2177 487 ”

3520 458 3676 538 1248

266 608 498 669 fensam
519 602 801 667 ducerent
818 608 1018 677 vitam,
1036 612 1102 666 ut
1118 609 1272 667 sicut
1284 608 1500 666 divinis
1521 607 1751 682 legibus
1779 612 1916 665 sunt
1944 608 1998 674 Α
2098 611 2230 663 CAP.
2266 607 2360 664 III.
2395 608 2590 677 Quales
2620 607 2846 665 debeant
2875 624 2987 665 esse
3012 611 3355 665 accusatores
3384 616 3436 665 et
3494 612 3672 678 testes,

266 699 461 768 ditati,
494 699 768 757 similiter
798 699 974 755 etiam
1006 698 1370 756 secularibus
1404 699 1522 755 sint
1569 698 1806 761 addicti,
1856 702 1920 752 ut

264 793 560 862 quantum
589 789 726 845 boni
760 789 819 844 in
850 788 1063 844 divinis
1092 787 1469 861 ampliantur,
1505 791 1736 843 tantum
1780 784 1919 841 mali

262 881 325 933 et
353 876 437 934 rei
470 877 531 933 in
560 876 692 934 istis
723 876 1041 933 vilitentur.
1067 878 1203 941 Quae
1228 881 1424 933 autem
1447 874 1833 941 decrevimus,
1858 874 1917 929 in

264 965 659 1037 sequentibus
688 965 1135 1021 subnotavimus
1156 966 1323 1038 (l05).

338 1054 477 1111 CAP.
509 1054 553 1110 I.
585 1055 660 1110 De
686 1057 831 1111 statu
858 1055 1219 1111 ecclesiastico
1244 1063 1296 1111 et
1326 1056 1670 1110 veneratione
1727 1053 1918 1108 domus

261 1143 384 1199 Dei.
418 1141 697 1215 Quisquis
726 1143 881 1199 fastu
921 1143 1208 1215 superbiae
1253 1141 1465 1209 elatus,
1517 1143 1765 1199 domum
1815 1140 1916 1195 Dei

263 1231 432 1287 ducit
455 1231 977 1305 contemptibilem,
997 1236 1054 1288 et
1073 1232 1475 1304 possessiones
1489 1236 1602 1287 Deo
1614 1247 1916 1287 consecra-

260 1323 378 1388 tas,
411 1322 589 1392 atque
620 1321 691 1377 ad
723 1321 1006 1377 honorem
1038 1321 1139 1378 Dei
1173 1322 1284 1377 sub
1316 1322 1474 1394 regia
1522 1319 1916 1375 immanitatis

260 1408 601 1465 defensione
633 1410 1006 1473 constitutas,
1038 1409 1348 1466 inhoneste
1377 1410 1664 1477 tractarit,
1696 1408 1783 1464 vel
1825 1407 1913 1462 in-

263 1497 519 1571 fringere
540 1499 1003 1572 prmsumpserit,
1044 1500 1211 1570 quasi
1230 1500 1463 1555 invasor
1483 1503 1539 1555 et
1556 1498 1800 1555 violator
1820 1499 1916 1554 do-

259 1602 399 1642 mus
428 1587 531 1643 Dei
556 1589 1115 1644 excommunicetur.
1148 1588 1321 1644 Decet
1351 1588 1507 1644 enim
1544 1593 1607 1644 ut
1642 1588 1911 1662 indigna-

258 1675 486 1732 tionem
508 1677 695 1749 ipsius
713 1677 935 1733 domini
955 1678 1110 1750 regis
1132 1678 1365 1745 sentiat,
1392 1679 1560 1747 cujus
1575 1678 1914 1734 benevolen-

256 1763 358 1820 tiae
386 1768 752 1838 contemptor
775 1770 833 1822 et
858 1766 1297 1823 constitutionis
1316 1769 1720 1839 praevaricator
1736 1768 1911 1823 exsti-

257 1851 353 1925 tit.
377 1853 776 1911 Nihilominus
797 1859 991 1911 tamen
1017 1874 1109 1912 rex
1139 1874 1259 1911 sua:
1280 1856 1673 1913 concessionis
1693 1857 1909 1911 immu-

257 1942 507 1999 nitatem
540 1944 612 2039 ab
635 1943 973 2039 hominibus
995 1945 1198 2000 ditioni
1223 1963 1341 2001 suae
1362 1946 1646 2016 subjectis
1665 1945 1906 2001 illazsam
1943 1974 1989 2039 Β

2026 701 2135 752 etc.
2167 698 2371 754 Testes
2403 703 2626 766 autem,
2658 701 2715 754 et
2743 703 3112 755 accusatores
3141 698 3267 754 sine
3324 696 3529 769 aliqua
3557 697 3676 753 sint

2000 786 2285 856 infamia,
2314 786 2758 844 uxoresetﬁlios
2789 787 3090 856 habentes,
3126 791 3181 841 et
3207 786 3446 842 omnnio
3477 785 3670 842 Chris-

2026 879 2185 930 stum
2216 876 2623 947 praedicantes.
2655 876 3081 933 Testimonium
3107 875 3238 932 laici
3264 877 3544 932 adversus
3566 874 3675 931 cle-

2026 963 2211 1019 ricum
2242 981 2413 1020 nemo
2442 965 2725 1038 recipiat:
2753 981 2924 1020 nemo
2955 964 3130 1021 etiam
3153 964 3474 1037 quemlibet
3504 962 3672 1018 cleri-

2026 1068 2159 1107 cum
2195 1052 2252 1107 in
2285 1052 2537 1125 publico,
2571 1053 2686 1109 nisi
2714 1054 2772 1108 in
2803 1052 3052 1109 ecclesia
3080 1052 3412 1108 examinare
3434 1052 3555 1123 [al.,
3578 1068 3671 1108 ex-

2026 1142 2461 1198 communicare
2485 1143 2504 1215 ]
2537 1147 2873 1215 praesumat.

2095 1229 2231 1284 CAP.
2265 1229 2359 1285 IV.
2390 1231 2467 1285 De
2504 1232 2723 1287 assiduo
2753 1240 2804 1288 et
2855 1231 3016 1302 gravi
3069 1230 3255 1285 labore
3310 1228 3664 1285 sacerdotum.

2022 1317 2256 1382 Scitote,
2291 1318 2499 1375 fratres
2528 1321 2722 1375 cuncti
2756 1321 2913 1392 quod
2946 1336 3125 1391 supra
3156 1334 3359 1374 omnes
3403 1317 3669 1374 laborant

2022 1407 2370 1475 sacerdotes,
2404 1408 2812 1480 unusquisque
2841 1408 2999 1464 enim
3038 1412 3296 1463 vestrum
3328 1424 3503 1462 suum
3561 1407 3670 1461 fert

2021 1493 2278 1551 laborem
2310 1498 2611 1569 proprium
2639 1515 2652 1566 ;
2686 1497 2770 1553 illi
2804 1499 2924 1570 [at.,
2981 1497 3075 1552 ille
3102 1499 3186 1552 uti
3240 1499 3289 1551 et
3316 1496 3488 1567 infra]
3532 1512 3666 1551 vero

2020 1588 2078 1638 et
2109 1602 2303 1661 suum,
2337 1590 2393 1641 et
2416 1585 2803 1657 singulorum.
2831 1586 2963 1641 Ideo
2987 1584 3235 1641 sicutilli
3270 1602 3373 1657 pro
3391 1583 3659 1653 omnibu-

2021 1673 2205 1739 vobis,
2240 1674 2319 1729 ita
2348 1679 2405 1729 et
2420 1692 2518 1731 vos
2541 1692 2742 1731 omnes
2770 1692 2871 1747 pro
2893 1674 2978 1730 eis
3003 1690 3373 1745 summopere
3395 1672 3659 1728 laborare

2022 1762 2265 1830 debetis,
2300 1764 2356 1817 iu
2391 1769 2647 1832 tantum,
2680 1768 2743 1819 ut
2773 1765 2821 1819 si
2848 1764 3165 1819 necessitas
3196 1763 3383 1821 fuerit.
3430 1751 3660 1807 animus

2019 1854 2239 1909 vestras
2273 1869 2375 1924 pro
2404 1852 2488 1908 eis
2522 1854 2772 1925 ponatis.

2090 1939 2221 1996 CAP.
2256 1939 2324 1993 V.
2366 1942 2515 2012 (107)
2574 1943 2647 1997 De
2699 1943 3037 1997 concessionp
3081 1933 3255 2003 regali
3296 1930 3660 2003 ‘propriarum

255 2032 589 2088 conservari
628 2033 928 2105 praecipiat
956 2052 969 2101 ;
1003 2050 1313 2089 assensum
1345 2051 1477 2089 vero
1511 2051 1623 2089 non
1655 2036 1912 2106 praebeat
1943 2018 1989 2039 υ
2020 2042 2225 2082 rerum.
2260 2028 2631 2084 Decrevimus
2655 2028 2831 2102 regali
2855 2025 3055 2078 nostra
3080 2018 3360 2092 P0tientia
3388 2020 3451 2106 “7t
3472 2031 3660 2106 "0“sz

254 2118 583 2193 improvide
605 2122 1039 2178 afﬁrmantibus
1065 2140 1177 2178 non
1201 2123 1409 2178 debere
1430 2127 1585 2178 esset
1607 2140 1697 2179 res
1718 2124 1910 2178 Domi-

254 2207 443 2279 nicas,
476 2208 535 2265 id
567 2214 656 2266 est
683 2209 926 2266 Domino
957 2211 1388 2267 dominantium
1420 2212 1684 2267 traditas.
1708 2214 1915 2285 Itaque

252 2296 370 2352 sub
399 2296 737 2354 defensione
756 2299 909 2372 regis
934 2298 1030 2367 sit,
1049 2304 1106 2355 et
1126 2299 1297 2355 sicuti
1320 2317 1438 2355 suae
1472 2301 1715 2373 propria}
1734 2300 1903 2356 hmre~

253 2374 450 2453 ditati,
475 2386 803 2460 magisque,
833 2388 1095 2445 advertat
1141 2388 1287 2456 Quia
1314 2393 1532 2461 quanto
1550 2390 1703 2445 Deus
1726 2388 1907 2445 excel-

252 2472 471 2529 lentior
509 2478 598 2531 est
636 2475 893 2543 homine,
948 2481 1109 2532 tanto
1162 2478 1530 2549 praestantior
1574 2482 1663 2533 est
1709 2477 1905 2532 divina

251 2577 436 2619 causa
462 2563 795 2620 mortalium
822 2566 1214 2637 possessione.
1276 2567 1557 2630 Quocirca
1614 2566 1903 2637 decipitur

254 2640 530 2725 quisquis
559 2651 695 2726 plus
723 2653 784 2709 in
815 2655 1067 2727 propriis
1099 2672 1275 2727 quam
1304 2655 1362 2710 in
1387 2654 1703 2711 Dominicis
1727 2654 1902 2707 rebus

252 2740 580 2814 gloriatur:
612 2758 862 2814 quarum
898 2745 1016 2811 [al.,
1051 2743 1275 2799 additur
1305 2742 1633 2798 divinarum
1681 2738 1905 2816 rerum]

252 2828 546 2899 defensor,
577 2836 635 2886 et
650 2834 847 2887 custos
865 2832 1185 2888 divinitatis
1204 2835 1220 2904 [
1238 2833 1348 2903 lege
1361 2830 1659 2901 divinitus]
1683 2831 1899 2885 consti-
1942 2878 1945 2881 λ

253 2921 444 2987 tutus,
478 2917 743 2992 diligenti
776 2937 915 2975 cura
944 2937 1057 2975 non
1109 2919 1302 2975 solum
1360 2936 1459 2975 eas
1512 2935 1760 2983 servare,
1798 2919 1898 2974 sed

256 3005 437 3063 etiam
469 3006 858 3079 multiplicare
887 3009 1076 3079 debet,
1110 3008 1416 3082 magisque
1448 3007 1565 3078 illa,
1599 3025 1727 3080 quae
1754 3007 1899 3063 dixi-

255 3112 392 3152 mus
422 3098 845 3168 praestantiora,
872 3115 1049 3170 quam
1077 3114 1185 3154 sua
1206 3098 1524 3153 defendere
1575 3100 1821 3169 Oportet,
1844 3102 1900 3152 et

254 3188 657 3257 augmentare.
686 3187 741 3242 Si
779 3187 911 3260 quis
944 3187 1122 3260 igitur
1150 3187 1415 3255 insanus,
1459 3186 1899 3258 importunitate

252 3273 747 3347 improbitateque
767 3292 877 3332 sua
906 3292 1099 3349 regem
1121 3293 1153 3329 a
1174 3279 1327 3330 recto
1349 3275 1646 3347 proposito
1666 3291 1865 3347 perver

2020 2115 2267 2187 quisque
2299 2117 2508 2172 habeat
2539 2116 2870 2172 facultatem
2895 2127 3003 2165 sua
3023 2106 3337 2174 dividendi,
3361 2102 3659 2161 tribuendi

2020 2204 2205 2270 uxori,
2268 2206 2422 2273 ﬁliis,
2473 2202 2824 2272 ﬁliabusque
2883 2204 3056 2271 atque
3112 2194 3475 2270 parentibus,
3541 2193 3659 2249 sive

2016 2293 2304 2357 Ecclesiae,
2338 2306 2443 2345 nec
2475 2292 2605 2361 post
2635 2290 2764 2360 ejus
2795 2288 3022 2343 obitum
3057 2285 3189 2359 quis
3222 2284 3329 2339 hoc
3361 2284 3658 2339 destruere

2015 2381 2243 2433 audeat.
3570 2398 3577 2403 -

2083 2469 2216 2522 CAP.
2254 2468 2346 2523 Vl.
2379 2469 2601 2537 Regalia
2632 2471 2684 2521 et
2710 2467 2830 2537 ﬁsci
2849 2482 2934 2520 res
2963 2465 3076 2519 sint
3098 2466 3334 2518 intactae.
3370 2459 3655 2516 Volumus

2014 2555 2273 2628 quidem,
2305 2561 2367 2611 ut
2385 2556 2537 2611 sicut
2561 2554 2783 2611 caeteris
2806 2552 3141 2609 facultatem
3164 2549 3434 2605 dedimus
3465 2546 3654 2603 domi-

2013 2644 2190 2697 nandi
2222 2661 2463 2700 suarum
2496 2660 2714 2705 rerum.
2746 2643 2827 2698 ita
2855 2641 3029 2697 etiam
3063 2656 3173 2707 res,
3209 2636 3448 2703 milites,
3482 2632 3652 2702 servi,

2010 2743 2065 2794 et
2096 2734 2384 2812 quidquid
2416 2735 2490 2789 ad
2525 2738 2785 2789 nostram
2818 2729 3070 2803 regalem
3102 2726 3446 2797 dignitatem
3478 2722 3654 2812 perti-

2011 2810 2133 2897 net,
2161 2840 2500 2901 permanere
2517 2824 2722 2878 debeat
2752 2819 3073 2884 immobile,
3096 2821 3153 2872 et
3181 2835 3211 2871 a
3238 2810 3654 2901 nemimequid

2010 2919 2145 2974 inde
2164 2900 2459 2989 "rapiatur,
2479 2917 2580 2968 aut
2603 2909 3005 2976 subtrahatur,
3027 2923 3129 2962 nec
3147 2904 3459 2977 quisquam
3484 2903 3543 2956 in
3563 2900 3655 2956 his

2010 3006 2302 3082 praedictis
2333 3003 2448 3061 sibi
2480 3003 2734 3058 favorem
2767 2997 3066 3070 acquirere
3096 2995 3325 3050 audeat.
3478 3070 3481 3075 ν
3597 3068 3649 3082 Μ.

2080 3097 2213 3151 CAP.
2247 3094 2366 3149 VII.
2420 3094 2493 3148 De
2540 3090 2911 3147 observatione
2940 3086 3248 3142 Dominica?
3267 3083 3399 3152 diei,
3447 3084 3557 3137 etc.
3589 3077 3651 3134 Si

2008 3185 2141 3258 quis
2174 3185 2352 3256 igitur
2378 3181 2694 3255 presbyter,
2755 3175 2843 3232 vel
2876 3192 3092 3243 comes,
3152 3173 3273 3229 sive
3303 3166 3653 3258 aliquaialia

2008 3257 2256 3347 persona
2304 3269 2512 3335 fidelis,
2572 3268 2664 3323 die
2696 3266 2998 3321 Dominica
3024 3261 3302 3317 invenerit
3331 3257 3654 3347 quemlibet-

250 3338 376 3417 tere
404 3338 726 3434 tentaverit,
764 3338 1059 3437 nullisqvue
1088 3338 1368 3420 remediis
1412 3338 1683 3437 mitigari-
1726 3380 1896 3435 posse
1927 3338 1969 3404 C
2005 3338 2389 3424 laborantem,
2422 3358 2708 3430 abigatur.
2742 3354 2801 3410 Si
2833 3370 2964 3407 vero
3009 3368 3141 3406 cum
3174 3350 3381 3413 bobus,
3413 3346 3650 3437 tollatur

250 3450 417 3507 visus
448 3450 640 3519 fuerit,
674 3451 809 3509 licet
829 3453 1124 3525 obsequiis
1145 3452 1442 3524 aliquibus
1467 3457 1522 3508 et
1544 3451 1898 3507 transitoriis

253 3538 335 3595 sit
363 3540 749 3608 necessarius,
797 3541 1163 3613 abjiciendus
1219 3542 1291 3597 ab
1348 3558 1414 3596 eo
1474 3540 1897 3613 projiciendus-

253 3643 371 3699 quo
399 3632 509 3697 est,
533 3628 704 3699 juxta
734 3624 875 3684 illud
911 3629 1286 3703 Evangelium
1314 3647 1326 3684 :
1360 3630 1418 3685 Si
1478 3647 1600 3703 pes,
1661 3647 1894 3694 manus,

252 3719 359 3771 aut
389 3716 593 3773 oculus
621 3720 763 3773 tuus
788 3718 1144 3774 scandalizat
1174 3722 1229 3773 te
1258 3735 1394 3774 erue
1421 3736 1576 3787 eum,
1597 3723 1652 3774 et
1683 3719 1897 3791 projice

251 3804 359 3861 abs
390 3808 446 3860 te
474 3806 681 3877 (Matth.
714 3824 873 3874 xvul,
904 3808 957 3879 8)
991 3806 1184 3879 (l05‘).

323 3892 457 3949 CAP.
492 3894 561 3950 II.
593 3897 669 3951 De
717 3900 982 3967 potestate
1008 3898 1380 3968 episcoporum
1409 3913 1573 3969 super
1600 3913 1684 3953 res
1731 3898 1895 3952 eccle-

242 3983 517 4039 siasticas.
554 3982 625 4039 Ut
654 3984 913 4056 episcopi
945 3984 1200 4040 habeant
1230 3989 1572 4054 potestatem
1604 4003 1696 4041 res
1717 3985 1895 4041 eccle-

247 4070 516 4128 siasticas
542 4072 868 4146 providere,
903 4088 1101 4145 regere
1122 4077 1177 4128 et
1203 4074 1549 4146 gubernare,
1576 4079 1750 4145 atque
1777 4075 1893 4130 dis-

244 4175 490 4232 pensare
520 4160 845 4217 secundum
899 4177 1189 4217 canonum
1251 4162 1677 4229 auctoritatem,
1739 4162 1894 4219 volu~

245 4265 380 4304 mus
412 4253 476 4305 ut
504 4248 634 4305 laici
663 4249 681 4321 (
715 4250 838 4319 106)
877 4267 1081 4306 eorum
1114 4250 1441 4307 ministerio
1472 4252 1766 4318 obediant,
1821 4253 1893 4307 ad

244 4338 530 4410 regendas
560 4338 861 4405 ecclesias,
900 4338 1109 4394 viduas
1142 4344 1198 4395 et
1256 4340 1551 4412 orphanos
1584 4341 1892 4397 defensan-

244 4428 409 4495 dum,
444 4430 502 4483 et
532 4430 595 4483 ut
625 4427 961 4484 obedientes
984 4427 1103 4484 sint
1125 4429 1209 4484 eis
1237 4430 1306 4484 ad
1335 4447 1537 4485 eorum
1555 4430 1893 4485 Christiani-

245 4518 421 4572 tatem
456 4516 826 4585 servandam,
856 4517 1404 4589 consentientesque
1430 4518 1549 4573 sint
1574 4519 1815 4573 comites
1837 4523 1893 4573 et

234 4603 466 4675 judices
497 4605 846 4677 pressulibus
868 4606 995 4662 suis
1018 4606 1362 4676 adjustitias
1386 4607 1701 4673 faciendas,
1721 4606 1891 4677 juxta

2008 3452 2116 3508 sibi
2153 3452 2276 3517 bos,
2310 3454 2367 3503 et
2401 3447 2625 3502 civibus
2681 3444 2752 3499 ad
2803 3440 3279 3497 manducandum
3337 3437 3527 3491 detur.
3591 3434 3651 3490 Si

2007 3545 2202 3596 autem
2228 3554 2360 3593 cum
2394 3535 2581 3606 equis,
2617 3531 2855 3587 tollatur
2899 3544 3105 3602 equus,
3141 3542 3313 3598 quem
3372 3523 3650 3579 dominus

2006 3631 2149 3684 bove
2173 3627 2440 3693 redimat,
2474 3623 2521 3679 si
2557 3621 2691 3678 velit
2719 3639 2731 3688 ;
2759 3623 2816 3675 et
2843 3618 2999 3672 idem
3022 3617 3128 3671 bos
3156 3614 3560 3679 manducetur,
3586 3617 3651 3669 ut

2007 3719 2228 3774 dictum
2260 3719 2367 3771 est.
2402 3713 2460 3770 Si
2492 3711 2589 3784 qui
2623 3709 2752 3766 aliis
2784 3705 3211 3764 instrumentis.
3244 3702 3526 3758 tollantur
3568 3700 3651 3759 in-

2007 3810 2353 3874 strumenta,
2386 3807 2442 3858 et
2471 3800 2844 3856 vestimenta:
2876 3813 3002 3868 quae
3033 3794 3083 3850 si
3134 3792 3291 3860 velit,
3350 3807 3485 3846 cum
3517 3794 3647 3846 cute

2007 3896 2275 3953 redimat.

2010 3982 2015 3985 ⁷
2076 3989 2209 4041 CAP.
2242 3982 2390 4037 VIII.
2427 3983 2489 4039 Ut
2518 3979 2701 4036 eodem
2729 3977 2817 4033 die
2847 3974 3157 4042 Dominica,
3190 3968 3647 4053 etc.Asacerdo-

2005 4076 2164 4131 tibus
2196 4089 2327 4128 vero
2359 4075 2414 4127 et
2446 4068 2764 4125 comitibus
2783 4063 3227 4121 commendetur
3249 4058 3527 4115 omnibus
3547 4056 3648 4112 vil-

2004 4164 2152 4231 licis,
2176 4162 2258 4217 ita
2287 4165 2352 4216 ut
2382 4161 2639 4232 ipsorum
2676 4157 2873 4228 jussu,
2915 4169 3117 4209 omnes
3174 4151 3526 4206 concurrant
3553 4146 3647 4202 die

2004 4252 2309 4310 Dominica
2340 4250 2411 4305 ad
2443 4246 2771 4313 ecclesiam,
2807 4244 3058 4314 majores
3090 4238 3438 4302 etmiuores,
3466 4234 3574 4289 viri
3591 4238 3647 4289 et

2006 4342 2299 4408 mulieres,
2336 4338 2591 4411 exceptis
2621 4335 2739 4391 illis
2770 4334 2869 4406 qui
2928 4333 3094 4405 ignes
3144 4325 3484 4383 custodiunt
3514 4322 3651 4395 [at.,‘

2002 4430 2374 4498 custodiant].
2414 4429 2471 4483 Si
2505 4427 2637 4498 quis
2664 4441 2795 4480 vero
2828 4421 3161 4493 obstinatus
3185 4415 3523 4481 remanebit,
3548 4429 3644 4468 va-

2001 4520 2163 4592 pulet
2190 4524 2247 4574 et
2266 4516 2555 4589 depiletur
2580 4514 2751 4586 (108).

2070 4609 2204 4664 CAP.
2243 4607 2328 4660 ΙΧ.
2380 4605 2576 4659 Diebus
2629 4606 2862 4674 quatuor
2912 4602 3219 4668 temporum
3278 4609 3471 4649 carnes
3534 4606 3645 4645 non

242 4696 531 4766 praecepta
559 4693 707 4767 legis
736 4694 965 4763 divinae,
990 4700 1046 4750 et
1067 4695 1408 4751 nullatenus
1429 4713 1531 4768 per
1552 4694 1882 4767 aliquorum
1916 4706 1961 4771 D
1992 4695 2362 4755 comedantur.
2396 4692 2452 4746 Si
2485 4691 2617 4763 quis
2672 4691 2931 4753 Quatuor
2985 4686 3338 4771 Temporum
3392 4679 3644 4771 jejunis,

241 4783 569 4855 mendacia,
585 4782 673 4839 vel
692 4783 907 4840 falsum
926 4784 1348 4852 testimonium,
1375 4801 1562 4856 neque
1574 4802 1677 4856 per
1695 4785 1882 4855 perju-

242 4871 528 4940 rium,aut
538 4889 641 4945 per
650 4872 959 4946 praemium
974 4872 1059 4927 lex
1067 4872 1091 4943 j
1102 4871 1300 4928 ustain
1315 4872 1512 4944 aliquo
1526 4873 1888 4945 depravetur.

311 5051 459 5123 (105)
516 5051 737 5124 Sensus
795 5051 975 5124 hujus
1033 5051 1390 5124 praefationis
1451 5050 1624 5124 initio
1673 5052 1889 5124 obscu-

242 5122 499 5204 rior_est,
531 5122 891 5204 qui'a‘varie‘
940 5122 1281 5204 interpungi
1329 5127 1555 5204 potest.
1608 5122 1746 5204 Mihi
1810 5123 1888 5204 le-

241 5193 500 5321 gendum
536 5193 594 5250 et
624 5193 1161 5276 interpungendu’m
1191 5193 1439 5275 videtur,
1501 5199 1566 5249 ut
1622 5194 1887 5266 phrasim

281 5266 395 5321 edi.
435 5265 574 5321 licet
600 5265 768 5321 aliter
807 5270 1275 5321 internunxermt
1332 5264 1449 5320 alu.
1506 5266 1727 5321 Sensus
1758 5272 1881 5321 est:

281 5264 395 5333 edi,
435 5265 574 5321 licet
600 5264 1275 5333 aliter—interpunxerint
1332 5264 1449 5320 alii.
1506 5264 1727 5321 Sensus
1758 5272 1881 5321 est:

240 5337 402 5409 Opus
433 5336 609 5410 regis,
643 5335 1033 5410 quodalendo
1056 5335 1405 5410 catholicam
1436 5337 1613 5410 fidem
1638 5336 1883 5410 solidius

241 5407 556 5481 promovet,
600 5407 747 5465 solet
768 5407 899 5465 aliis
911 5409 1290 5481 operantibus
1303 5408 1373 5463 ad
1398 5408 1668 5463 eumdem
1683 5408 1881 5476 ﬁnem,

242 5480 446 5534 adesse
476 5497 577 5534 seu
613 5496 973 5534 succurrere.

242 5495 446 5535 808898
476 5497 577 5536 880
613 5496 973 5536 succurrere.

311 5552 485 5621 (495‘)
524 5552 735 5607 Totum
770 5551 878 5624 hoc
910 5556 1104 5624 caput,
1136 5551 1221 5624 uti
1249 5555 1305 5606 et
1332 5567 1606 5621 sequens,
1642 5550 1885 5624 desum-

281 5625 409 5678 tum
440 5626 542 5696 est
559 5638 627 5696 ex
658 5622 901 5677 concilio
933 5622 1272 5696 M‘oguntino
1304 5624 1439 5677 anni
1472 5624 1597 5688 8’17,
1631 5622 1740 5675 sub
1776 5622 1883 5676 Ra-

286 5710 417 5765 ano,
446 5694 547 5749 ubi
577 5693 685 5749 hoc
713 5699 803 5750 est
840 5693 1277 5759 canon'sextus,
1317 5710 1571 5765 sequens
1621 5708 1755 5748 vero
1790 5708 1884 5765 se-

247 5764 487 5836 ptimus,
522 5765 607 5821 uti
628 5765 813 5823 videri
846 5770 1038 5838 potest
1068 5767 1222 5839 apud
1249 5762 1545 5845 Labbeum
1566 5768 1711 5821 tom.
1734 5762 1883 5821 VIII.

1993 5684 2224 5767 Propter
2255 5693 2483 5749 illorum
2510 5684 2910 5763 negligentiam
2950 5684 3207 5758 vapulem
3238 5689 3288 5737 et

1991 4784 2217 4845 cunctis
2251 4780 2508 4855 coguit,a
2536 4795 2767 4834 carnem
2793 4776 3174 4839 manducans,
3199 4768 3516 4833 violaverit,
3542 4782 3644 4837 per

2002 4875 2257 4950 spatium
2290 4870 2467 4926 unius
2500 4866 2876 4923 hebdomadas
2909 4862 3174 4918 inclusus
3196 4860 3443 4931 jejunet.

1999 5053 2107 5110 col.
2144 5054 2228 5107 44.
2264 5051 2346 5106 Ex
2374 5065 2440 5104 eo
2473 5045 2782 5118 corrigitur
2813 5043 3092 5118 mendum
3125 5039 3266 5118 illud
3288 5054 3514 5118 __supra
3553 5037 3638 5118 uti

1997 5126 2307 5182 divinitatis
2339 5121 2394 5175 in
2429 5112 2703 5175 omnibus
2734 5114 2948 5188 legitur
2972 5131 3075 5187 pro
3115 5113 3407 5177 divinitus,
3460 5113 3523 5165 ut
3553 5112 3642 5164 est

1997 5198 2149 5268 apud
2184 5194 2501 5268 Labbeum.

2071 5270 2217 5340 (106)
2252 5265 2486 5340 Rectius
2516 5262 2573 5315 in
2607 5256 2965 5340 Moguntina
3001 5257 3177 5339 verba
3231 5254 3641 5340 superioranut

1996 5325 2147 5405 laici,
2181 5325 2314 5407 etc,
2347 5336 2430 5391 sic
2452 5325 2734 5407 leguntur
2746 5347 2757 5385 :
2784 5332 2845 5385 Et
2870 5332 2925 5383 ut
2949 5329 3081 5383 laici
3103 5330 3159 5382 in
3183 5325 3370 5382 eorum
3392 5325 3637 5380 ministe-

1992 5412 2077 5467 rio
2105 5406 2645 5479 obediantepiscopis.

2068 5464 2215 5553 (ιὀῆ)
2245 5464 2476 5553 Titulus
2510 5464 2579 5532 ad
2605 5473 2929 5553 marginem
2964 5469 3193 5553 positus
3227 5467 3442 5521 clarius
3465 5464 3547 5521 sic
3570 5482 3639 5520 ex

1996 5541 2128 5624 poni
2165 5541 2391 5624 potest:
2428 5551 2501 5624 lle
2528 5541 2868 5624 concessione
2899 5541 3179 5621 tribuendi
3210 5555 3294 5593 res
3322 5554 3469 5618 suas.

2068 5608 2212 5694 (108)
2267 5623 2345 5705 .In
2405 5620 2519 5675 alia
2576 5618 2829 5701 editione
2892 5629 3063 5687 pmna
3115 5611 3199 5665 sic
3252 5608 3634 5736 exlg'irnitur:

2068 5698 2224 5753 'onter
2255 5693 2483 5749 zttorum
2510 5692 2904 5753 negligentiam
2950 5684 3207 5753 vapulem
3238 5689 3288 5737 et
3364 5681 3634 5753 ipttentur.
