3962 6406
316 424 480 507 “4'7

1323 434 1387 499 S.
1433 435 1826 503 STEPHANI
1869 440 2423 508 HUNGARORUM
2467 444 2723 509 REGIS.

3567 442 3733 507 1248

393 567 529 624 CAP.
561 567 623 624 X.
661 565 825 625 Sexta
869 570 1013 641 feria
1038 584 1228 626 carnes
1282 585 1394 626 non
1449 569 1699 628 edantur.
1737 571 1797 627 Si
1829 572 1963 644 quis
1992 577 2047 646 Α
2075 576 2369 648 punietur,
2404 582 2505 634 aut
2533 578 2841 635 duodecim
2864 575 3132 651 jnvencis
3165 577 3505 646 redimetur,
3535 581 3597 634 et
3627 579 3728 651 je-

320 654 381 712 in
412 660 575 713 sexta
615 658 777 724 feria,
836 657 908 713 ab
955 657 1114 714 omni
1163 658 1595 716 Christianitate
1638 661 1959 730 observata,

320 762 556 802 carnem
588 746 1045 813 manducaverit,
1078 764 1180 819 per
1210 765 1390 803 unam
1416 748 1844 805 hebdomadam
1868 750 1961 805 in-

316 833 519 890 clusus
538 835 768 906 jejunet
798 836 963 907 [alias
981 834 1122 892 luces
1145 837 1262 909 (aut
1291 837 1570 909 tenebris)
1593 837 1858 895 inclusus
1873 839 1961 911 je-

306 923 525 995 junet]

385 1012 520 1069 CAP.
551 1012 642 1069 XI.
675 1014 747 1068 De
776 1015 879 1081 his,
912 1017 1010 1086 qui
1052 1018 1174 1072 sine
1224 1019 1560 1088 confessione
1615 1018 1955 1072 moriuntur.

313 1101 373 1157 Si
395 1101 528 1174 quis
544 1104 665 1157 tam
684 1102 1018 1159 obstinatus
1039 1108 1127 1159 est
1150 1106 1327 1177 (quod
1350 1105 1505 1161 absit
1526 1105 1598 1161 ab
1618 1106 1777 1161 omni
1799 1104 1956 1160 Chri-

312 1189 526 1261 stiano)
558 1193 622 1245 ut
648 1190 794 1246 nolit
821 1192 1081 1248 confiteri
1122 1210 1230 1249 sua
1286 1194 1563 1260 facinora,
1625 1195 1953 1251 secundum

311 1294 558 1334 suasum
589 1280 931 1353 presbyteri,
964 1279 1057 1336 hic
1088 1281 1213 1337 sine
1241 1282 1401 1337 omni
1432 1282 1625 1339 divino
1657 1282 1850 1340 officio
1897 1287 1954 1337 et

308 1366 695 1440 eleemosynis
706 1369 901 1440 jaceat
930 1370 1427 1440 quemadmodum
1452 1371 1735 1428 inﬁdeles.
1766 1371 1825 1427 Si
1852 1388 1951 1426 au-

307 1459 427 1512 tem
454 1461 725 1528 parentes
754 1461 811 1512 et
838 1458 1089 1529 proximi
1107 1458 1464 1532 neglexerint
1484 1476 1690 1516 vocare
1711 1461 1949 1532 presby-

307 1548 487 1616 teros,
516 1545 599 1602 ita
628 1545 928 1617 subiaceat
960 1548 1185 1620 absque
1222 1548 1584 1606 confessione
1633 1549 1827 1618 morti,
1860 1549 1947 1603 di-

310 1626 459 1681 ῒθῐω·
487 1633 851 1691 orationibus
877 1640 933 1690 et
963 1636 1299 1692 consoletur
1356 1635 1741 1711 eleemosynis
1769 1657 1781 1703 ;
1844 1637 1945 1694 sed

307 1717 580 1786 parentes
603 1722 772 1780 luant
794 1723 1211 1798 negligentiam
1226 1726 1490 1798 jejuniis,
1514 1728 1839 1783 secundum
1862 1746 1949 1784 ar-

306 1802 549 1859 bitrium
583 1814 1072 1879 presbyterorum.
1106 1816 1214 1882 Qui
1236 1831 1369 1871 vero
1394 1816 1702 1872 subitanea
1723 1816 1949 1889 pericli-

304 1891 506 1945 tantur
537 1896 742 1959 monte,
775 1911 903 1957 cum
938 1903 1097 1958 omni
1147 1903 1536 1960 ecclesiastico
1590 1905 1944 1977 sepeliantur

303 1976 544 2035 honore.
577 1980 724 2037 Nam
754 1983 980 2039 occulta
1009 1995 1067 2042 et
1093 1992 1290 2050 divina
1310 1992 1537 2065 judicia
1584 1976 1753 2051 nobis
1807 2000 1946 2051 sunt

303 2065 618 2139 incognita.

375 2153 509 2211 CAP.
544 2156 664 2246 ΧΠ.
699 2159 774 2214 De
815 2158 1149 2218 observanda)
1206 2162 1629 2229 Christianitate.
1691 2174 1751 2229 Si
1808 2174 1941 2246 quis

301 2242 705 2302 observatione
724 2247 1177 2307 Christianitatis
1200 2253 1479 2325 neglecta,
1501 2264 1558 2311 et
1572 2242 1939 2333 negligentiae

299 2331 620 2393 stoliditate
650 2335 860 2408 elatus,
891 2338 1030 2411 quid
1062 2340 1122 2394 in
1154 2356 1283 2397 eam
1340 2345 1721 2412 commiserit,
1745 2331 1756 2333 _
1771 2351 1942 2420 juxta

299 2420 644 2492 qualitatem
675 2426 1014 2483 offensionis
1046 2428 1118 2484 ab
1147 2431 1418 2504 episcopo
1450 2449 1554 2504 per
1597 2434 1940 2509 disciplinas

296 2509 418 2580 [al.,
450 2511 843 2586 disciplinam]
870 2531 1161 2573 canonum
1175 2519 1493 2590 judicetur.
1526 2522 1584 2577 Si
1606 2540 1738 2579 vero
1762 2526 1942 2582 rebel-

293 2597 453 2656 litate
483 2599 822 2672 instinctus,
857 2607 1117 2662 renuerit
1145 2607 1258 2664 sibi
1308 2608 1647 2682 impositam
1704 2631 1936 2686 poenam

293 2686 418 2758 [al.,
448 2687 792 2763 impositum
823 2696 1006 2767 aeque]
1039 2696 1274 2768 suﬂ‘ere,
1332 2697 1546 2755 iterum
1591 2699 1712 2774 [al.,
1773 2704 1935 2777 item]

290 2776 494 2846 eodem
515 2779 745 2851 judicio
776 2783 1178 2857 restringatur,
1213 2786 1391 2843 etiam
1451 2805 1640 2860 usque
1695 2776 1931 2865 septies.

290 2865 573 2935 Tandem,
605 2869 653 2924 si
678 2886 782 2941 per
805 2871 1005 2928 omnia
1023 2873 1301 2931 resistens
1322 2879 1379 2931 et
1398 2877 1662 2935 abnuens
1684 2879 1933 2938 invenie-

286 2957 403 3021 tur,
431 2955 613 3028 regali
624 2957 874 3029 judicio,
901 2960 1122 3019 scilicet
1141 2963 1432 3021 defensori
1451 2965 1926 3037 Christianitatis,

286 3043 573 3100 tradatur.

358 3133 494 3188 CAP.
526 3132 668 3189 XIII.
702 3140 782 3192 De
810 3136 1116 3207 homicidis,
1147 3148 1201 3197 et
1220 3144 1402 3214 primo
1429 3146 1660 3202 casuali.
1691 3147 1749 3204 Si
1795 3148 1927 3220 quis

285 3222 481 3276 autem
503 3238 642 3279 casu
661 3226 936 3283 occiderit
948 3227 1223 3301 aliquem,
1245 3232 1552 3291 duodecim
1569 3252 1782 3307 pensas
1797 3237 1925 3293 auri

2064 666 2257 738 junet,
2290 671 2355 722 ut
2375 684 2626 724 canones
2657 668 2958 725 mandant.

2140 760 2272 811 CAP.
2304 756 2446 813 XVI.
2482 758 2554 812 De
2582 758 2892 814 homicidiis
2923 758 3273 813 voluntariis.
3335 756 3394 813 Si
3455 755 3591 828 quis
3622 772 3724 812 ac-

2067 860 2282 901 census
2309 845 2416 914 ira,
2442 863 2508 901 ac
2529 846 2806 919 superbia
2825 846 3033 915 elatus,
3058 850 3449 919 spontaneum
3471 846 3724 902 commi-

2066 934 2209 989 serit
2237 934 2645 1005 homicidium,
2664 936 2811 992 sciat
2827 953 2888 993 se
2910 936 3235 992 secundum
3268 938 3508 991 senatus
3530 934 3721 990 nostri

2065 1023 2384 1093 decretum,
2418 1029 2654 1081 centum
2688 1028 2744 1080 et
2774 1025 2976 1080 decem
3010 1025 3286 1079 daturum
3318 1023 3446 1079 auri
3474 1038 3716 1095 pensas.

2063 1113 2144 1167 Ex
2164 1113 2380 1184 quibus
2397 1113 2829 1186 quinquaginta
2845 1114 2915 1169 ad
2941 1114 3151 1170 ﬁscum
3175 1111 3327 1185 regis
3348 1112 3715 1180 deferantur,

2063 1198 2189 1256 aliae
2216 1218 2350 1257 vero
2382 1202 2813 1275 quinquaginta
2842 1202 3185 1274 parentibus
3215 1202 3446 1269 dentur,
3508 1201 3719 1256 decem

2061 1293 2259 1345 autem
2288 1290 2524 1346 arbritis
2554 1295 2612 1347 et
2643 1291 3065 1347 mediatoribus
3122 1291 3545 1346 condonentur.
3580 1288 3720 1362 Ipse

2061 1378 2299 1450 quidem
2318 1379 2613 1436 homicida
2632 1381 2955 1437 secundum
2972 1379 3401 1436 institutionem
3416 1394 3717 1434 canonum

2050 1469 2314 1540 jcujenet
2331 1471 2500 1538 (111).
3706 1478 3711 1483 ’

2128 1558 2262 1613 CAP.
2296 1559 2462 1616 XVII.
2499 1561 2573 1616 De
2601 1561 2849 1616 libertate
2879 1576 3176 1617 servorum.
3203 1559 3263 1614 Si
3296 1558 3429 1631 quis
3478 1557 3715 1614 miseri-

2059 1648 2257 1704 cordia
2285 1649 2517 1717 ductus,
2548 1648 2816 1723 proprios
2848 1665 3042 1706 servos
3073 1653 3133 1705 et
3161 1646 3407 1704 ancillas
3436 1647 3711 1704 libertate

2056 1737 2361 1794 donaverit
2390 1756 2524 1795 cum
2575 1739 2952 1796 testimonio:
3014 1738 3400 1804 decrevimus,
3458 1740 3525 1792 ut
3572 1739 3712 1809 post

2055 1825 2278 1888 obitum
2307 1827 2457 1899 ejus,
2483 1844 2654 1884 nemo
2684 1827 2904 1885 invidia
2928 1831 3121 1884 tactus
3152 1827 3212 1883 in
3243 1825 3581 1883 servitutem
3603 1840 3709 1881 eos

1971 1950 2019 2015 Β
2055 1916 2267 1972 audeat
2296 1916 2592 1973 inducere.
2625 1916 2683 1972 Si
2717 1921 2914 1974 autem
2938 1916 3273 2015 libertatem
3331 1913 3704 2015 promiserit,

2053 2008 2110 2061 et
2139 2010 2324 2060 morte
2366 2006 2721 2078 impediente
2758 2008 3011 2063 testatus
3069 2022 3185 2061 non
3244 2005 3439 2073 fuerit,
3489 2002 3710 2059 habeat

2052 2092 2461 2167 mulieripsius
2474 2096 2649 2151 vidua
2662 2095 2836 2152 etfilii
2870 2099 3218 2169 potestatem
3239 2095 3513 2150 eumdem
3527 2090 3708 2148 liber;

2050 2186 2227 2238 tatem
2261 2185 2463 2239 testari
2495 2189 2553 2239 et
2581 2201 2763 2257 agape
2794 2184 2982 2240 facere
3028 2201 3133 2257 pro
3188 2184 3394 2240 anima:
3466 2186 3704 2244 redem-

2048 2272 2245 2343 ptione
2275 2272 2367 2328 sui
2398 2274 2616 2341 mariti,
2649 2273 3132 2346 qualitercumque
3161 2272 3300 2329 velit
3328 2272 3499 2347 (H2).

2120 2360 2253 2417 CAP.
2289 2361 2485 2417 XVIII.
2519 2364 2594 2418 De
2615 2367 2881 2419 conventu
2934 2362 3006 2418 ad
3059 2364 3340 2419 ecclesiam
3390 2367 3443 2419 et
3486 2364 3555 2419 de
3583 2364 3699 2433 his,

2048 2451 2144 2518 qui
2155 2456 2506 2507 murmurant
2524 2452 2659 2509 hora
2678 2454 2883 2521 missa},
2909 2456 3017 2508 etc.
3043 2452 3102 2507 Si
3127 2451 3267 2524 quid
3294 2452 3367 2508 ad
3384 2452 3696 2510 ecclesiam

2045 2537 2340 2595 venientes
2370 2541 2441 2596 ad
2466 2541 2829 2598 audiendum
2858 2540 3124 2597 divinum
3158 2541 3441 2608 ofﬁcium,
3468 2540 3690 2599 ibidem

2046 2622 2190 2681 hora
2220 2627 2609 2686 solemnitatis
2635 2630 2952 2686 missarum
2982 2629 3136 2686 inter
3182 2645 3245 2685 se
3291 2636 3692 2700 murmurant,

2044 2716 2101 2768 et
2130 2717 2367 2772 caeteros
2396 2717 2746 2788 inquietant,
2780 2721 3132 2791 exponentes
3182 2718 3411 2774 fabulas
3445 2719 3690 2789 otiosas,

2043 2804 2100 2856 et
2130 2819 2246 2859 non
2276 2804 2647 2864 intendentes
2677 2809 2749 2863 ad
2794 2808 3021 2864 divinas
3050 2806 3328 2863 lectiones
3350 2822 3483 2863 cum
3507 2809 3692 2866 eccle-

2041 2890 2275 2948 siastico
2314 2894 2716 2952 nutrimento:
2764 2896 2813 2952 si
2872 2898 3124 2968 majores
3185 2901 3343 2966 sunt,
3399 2896 3689 2971 increpati

2039 2994 2175 3036 cum
2205 2981 2485 3039 dedecore
2505 2982 2869 3056 expellantur
2897 2985 2968 3041 de
2998 2984 3277 3041 ecclesia:
3311 2984 3360 3043 si
3389 3000 3523 3041 vero
3572 2986 3689 3041 mi-

2039 3086 2211 3127 nores
2237 3075 2294 3127 et
2311 3069 2604 3146 vulgares,
2636 3073 2696 3127 in
2730 3073 2878 3130 atrio
2902 3073 3183 3145 ecclesiae,
3219 3091 3323 3147 pro
3379 3076 3545 3129 tanta
3598 3078 3689 3130 te-

2037 3159 2324 3229 meritate,
2357 3177 2551 3216 coram
2585 3161 2862 3219 omnibus
2893 3161 3169 3235 ligentur,
3205 3168 3264 3219 et
3292 3162 3689 3236 corripiantur

2036 3245 2301 3321 ﬂagellis.

286 3309 600 3380 Personat,
632 3316 689 3369 et
718 3313 872 3371 δίουί
901 3333 1151 3376 canones
1208 3322 1510 3396 mandant:
1557 3325 1804 3397 jejunet-
1865 3328 1925 3383 Si
1955 3314 1999 3380 Ο
2106 3309 2238 3393 CAP.
2273 3338 2417 3396 XIX.
2449 3341 2524 3394 De
2549 3356 2657 3396 non
2688 3342 3017 3414 recipiendis
3046 3344 3216 3399 servis
3331 3343 3393 3397 in
3440 3341 3688 3398 testimo-

280 3398 594 3457 veroliber
620 3402 873 3476 alicujus
902 3407 1177 3464 occiderit
1206 3426 1458 3481 servum,
1493 3414 1700 3471 reddat
1737 3415 1921 3472 alium

278 3502 533 3556 servum,
563 3490 652 3547 vel
682 3494 867 3565 pretio
897 3500 1245 3569 componat:
1280 3503 1337 3555 et
1365 3503 1692 3559 secundum
1741 3522 1927 3563 cano-

278 3591 383 3632 nes
404 3578 634 3650 jejunet
655 3580 818 3653 (109).

346 3664 478 3724 CAP.
512 3668 653 3725 XIV.
684 3672 759 3727 De
790 3672 876 3727 his
904 3677 1000 3746 qui
1021 3691 1152 3732 suas
1182 3678 1434 3735 occidunt
1464 3697 1678 3739 uxores.
1701 3684 1758 3739 Si
1780 3685 1919 3758 quis

273 3754 555 3813 comitum
579 3759 904 3817 obduratus
919 3765 1111 3830 corde,
1137 3765 1438 3839 negligens
1460 3769 1717 3828 animam
1741 3754 1920 3846 (quod

273 3845 475 3915 procul
506 3847 584 3902 sit
614 3864 648 3903 a
676 3850 949 3907 cordibus
969 3852 1313 3910 fidelitatem
1335 3856 1771 3917 observantium
1791 3845 1917 3934 [al.,

272 3932 764 4007 observantibus])
798 3940 997 3996 uxoris
1028 3940 1344 3999 homicidio
1374 3945 1684 4017 polluetur,
1719 3932 1921 4007 secun-

272 4019 410 4075 dum
446 4022 745 4079 decretum
780 4026 993 4099 regalis
1022 4035 1282 4101 senatus,
1318 4049 1451 4090 cum
1485 4036 1920 4113 quinquaginta

263 4108 552 4181 jnvencis,
585 4115 929 4184 parentibus
959 4117 1234 4177 mulieris
1291 4108 1712 4197 reconcilietur,
1742 4133 1801 4185 et
1828 4147 1917 4186 se-

275 4199 536 4255 cundum
570 4203 850 4259 mandata
870 4221 1163 4264 canonum
1180 4210 1430 4282 jejunet.
1456 4213 1514 4269 Si
1536 4219 1731 4272 autem
1751 4217 1917 4276 miles

265 4285 516 4359 alicujus
538 4289 989 4365 virtutis[al.,vir
1007 4297 1378 4373 ubertatisjin
1400 4303 1665 4360 eamdem
1683 4306 1915 4379 culpam

264 4374 553 4446 inciderit,
578 4379 750 4449 juxta
779 4384 1047 4442 eumdem
1073 4390 1554 4458 senatum,solvat
1572 4374 1913 4465 parentibus

264 4462 467 4520 decem
492 4467 794 4541 juvencos,
820 4471 1186 4548 jejunetque,
1219 4482 1283 4533 ut
1313 4478 1536 4536 dictum
1565 4462 1672 4537 est.
1698 4484 1755 4540 Si
1777 4502 1911 4543 vero

260 4552 521 4625 vulgaris
543 4555 602 4610 in
627 4558 829 4615 eodem
853 4562 1097 4621 crimine
1117 4565 1465 4645 invenietur,
1488 4586 1621 4627 cum
1649 4574 1911 4649 quinque

2032 3426 2193 3481 nium
2220 3431 2409 3484 contra
2437 3428 2703 3499 dominos,
2737 3434 2843 3486 etc.
2869 3430 2942 3488 Ut
2961 3448 3106 3506 gens
3123 3430 3476 3489 monarchiae
3499 3430 3685 3502 hujus

2034 3514 2106 3570 ab
2128 3517 2287 3571 omni
2318 3515 2560 3573 incursu
2591 3522 2648 3574 et
2676 3521 3047 3577 accusatione
3078 3537 3379 3578 servorum
3412 3523 3469 3577 et
3497 3518 3683 3575 ancil-

2031 3601 2222 3659 larum
2254 3610 2476 3662 remota
2504 3610 2562 3662 et
2587 3608 2785 3679 quieta
2814 3614 3069 3679 maneat,
3104 3611 3431 3666 secundum
3463 3607 3681 3681 regalis

2031 3692 2151 3762 [al.,
2184 3693 2397 3766 regale]
2427 3694 2726 3753 decretum
2757 3698 2985 3754 concilii
3009 3697 3242 3771 penitus
3293 3697 3678 3754 interdictum

2030 3784 2195 3837 estut
2216 3782 2436 3839 nullius
2452 3801 2632 3841 causa
2647 3785 2849 3859 culpae,
2879 3787 3140 3860 aliquam
3160 3786 3437 3844 servilem
3476 3803 3678 3859 perso-

2030 3886 2188 3940 nam,
2222 3875 2425 3928 contra
2453 3873 2723 3932 dominos
2741 3874 2829 3931 vel
2851 3875 3122 3933 dominas
3152 3877 3211 3931 in
3243 3873 3677 3933 accusationem

2028 3962 2085 4013 et
2107 3958 2515 4017 testimonium
2542 3964 2849 4036 recipiant.

2098 4047 2227 4103 CAP.
2261 4053 2384 4104 XX.
2418 4052 2677 4108 Liberum
2732 4070 2887 4111 nemo
2943 4057 3005 4110 in
3060 4057 3381 4112 servitutem
3436 4053 3673 4122 redigat.

2028 4137 2311 4201 Quoniam
2343 4138 2524 4213 igitur
2551 4141 2666 4198 Deo
2696 4142 2942 4217 dignum
2974 4149 3063 4201 est
3082 4149 3139 4200 et
3160 4143 3501 4200 hominibus
3521 4141 3674 4215 opti-

2026 4240 2192 4279 mum
2216 4243 2697 4302 unumquemque
2719 4231 2777 4286 in
2801 4249 2919 4288 suae
2941 4232 3245 4290 industriae
3265 4231 3531 4289 libertate
3542 4230 3672 4285 vitae

2025 4330 2266 4371 cursum
2297 4316 2507 4374 ducere
2537 4321 2859 4377 secundum
2887 4322 3079 4394 regale
3122 4323 3424 4379 decretum
3484 4322 3670 4376 statu-

2022 4406 2148 4459 tum
2179 4409 2288 4473 est,
2322 4409 2388 4462 ut
2418 4425 2589 4464 nemo
2606 4410 2889 4466 comitum
2911 4411 2997 4467 vel
3017 4411 3274 4468 militum
3295 4410 3539 4485 posthac
3560 4409 3669 4465 ali-

2021 4508 2198 4565 quam
2229 4493 2474 4553 liberam
2504 4514 2813 4570 personam
2846 4501 3108 4558 servituti
3136 4501 3387 4557 subdere
3435 4501 3667 4558 audeat.

2020 4583 2183 4647 Quod
2216 4584 2266 4641 si
2298 4583 2567 4642 elationis
2598 4594 2718 4659 [al.,
2746 4588 3105 4665 elevationis]
3138 4592 3385 4652 audacia
3414 4612 3532 4653 sua
3561 4594 3667 4652 sti-

1212 4641 1215 4645 ,
1665 4641 1681 4645 -
1816 4641 1833 4649 -
2028 4641 2059 4647 ν-
2449 4641 2458 4642 κ
2551 4641 2558 4642 κ
2753 4641 3104 4665 "ww—mu,
3138 4641 3385 4652 νην-ν..-
3414 4641 3532 4653 um
3561 4641 3638 4652 ν..

252 4641 524 4712 jnvencis
552 4648 819 4720 cognatis
849 4653 1211 4724 concilietur,
1236 4661 1293 4712 et
1307 4658 1597 4716 subdatur
1615 4665 1909 4735 praedictis
1940 4686 1988 4751 ι)
2018 4670 2282 4729 mulatus
2312 4676 2772 4747 praesumpserit,
2804 4681 2951 4737 sciat
2979 4697 3042 4737 se
3070 4682 3315 4739 totidem
3343 4700 3413 4740 ex
3428 4686 3666 4758 prOprrio

260 4729 495 4758 .‘n:.._:.‘_
521 4734 564 4758 [Δ
581 4736 599 4758 Δ
615 4737 668 4758 n\

251 4729 497 4802 jejuniis
519 4734 692 4808 (110).

330 4822 596 4914 φρίξεν.
617 4826 692 4882 De
702 4828 991 4899 perjuriis.
1011 4830 1070 4887 Si
1083 4833 1216 4905 quis
1236 4834 1556 4896 valentium
1570 4843 1694 4914 [al.,
1712 4845 1908 4900 melius

259 4906 630 4985 fallentium],
664 4916 777 5004 {ide
806 4921 1290 4990 commaculatus,
1316 4928 1487 4984 corde
1507 4906 1786 5002 pollutus,
1801 4933 1908 5004 ju-

259 5002 523 5055 ramento
553 5002 906 5075 confractus,
940 5010 1195 5081 perjurio
1227 5015 1500 5072 addictus
1554 5002 1903 5091 invenietur,

256 5085 487 5156 perdita
503 5104 679 5178 manu
697 5092 817 5163 [al.,
838 5097 1093 5167 perditas
1117 5104 1350 5174 manus]
1403 5105 1726 5176 perjurium
1758 5085 1901 5178 luat,

256 5178 360 5229 aut
416 5176 845 5253 quinquaginta
895 5186 1165 5255 jnvencis
1220 5208 1460 5247 manum
1514 5195 1781 5253 redimat.
1844 5200 1903 5255 Si

254 5278 390 5319 vero
414 5264 674 5339 vulgaris
703 5271 977 5344 perjurus
1006 5278 1312 5348 exstiterit,
1344 5296 1522 5337 manu
1561 5291 1901 5358 amputatus

506 5428 715 5518 Renes.-
737 5434 865 5490 auri
897 5440 988 5518 est
1016 5454 1322 5518 nummus,
1374 5441 1446 5498 de
1497 5446 1669 5518 cujus
1706 5448 1900 5507 valere

254 5497 403 5578 nihil
422 5500 577 5578 satis
602 5508 758 5578 certo
789 5508 1101 5578 probatum
1134 5497 1345 5566 inveni.

323 5569 669 5651 (ll0)_Levis
701 5569 822 5651 haec
854 5584 945 5634 est
973 5596 1144 5651 pcena
1174 5598 1276 5651 pro
1301 5583 1543 5643 crimine
1577 5592 1695 5646 tam
1728 5610 1899 5650 enor-

251 5641 373 5704 mi;
405 5642 505 5731 sed
549 5645 679 5731 vide
721 5648 781 5703 in
842 5641 1064 5731 monito
1121 5641 1373 5731 praevio:
1431 5641 1756 5731 quesita-m-
1764 5641 1899 5723 "513-

251 5716 483 5769 servata
510 5714 664 5772 volui
698 5734 802 5789 pro
833 5720 1010 5777 variis
1041 5714 1268 5796 legibus
1300 5714 1706 5805 sequentibus:

2017 4760 2482 4832 compositurum
2506 4782 2524 4818 :
2555 4781 2682 4837 qua;
2712 4769 3057 4842 compositio
3089 4771 3242 4828 inter
3266 4789 3462 4846 regem
3494 4778 3552 4831 et
3567 4791 3664 4832 co—

2017 4848 2221 4904 mitem
2251 4850 2376 4921 [al.,
2408 4853 2670 4927 comites]
2709 4855 3022 4929 dividatur,
3055 4864 3113 4917 et
3168 4866 3393 4919 caetera.
3444 4863 3557 4921 Sed
3612 4866 3665 4921 si

2017 4937 2151 5009 quis
2184 4937 2467 4997 hactenus
2498 4942 2555 4998 in
2589 4945 2864 5004 servitute
2894 4953 3175 5019 retentus,
3233 4968 3338 5025 pro
3393 4952 3663 5011 libertate

2017 5042 2125 5083 sua
2146 5029 2364 5085 tuenda
2392 5031 2512 5103 [al.,
2550 5035 2816 5107 emenda]
2840 5038 3133 5108 judicium
3172 5040 3365 5113 regale
3416 5042 3659 5112 faciens,

2014 5133 2257 5175 securus
2322 5122 2628 5189 exstiterit,
2696 5128 3104 5184 tantummodo
3178 5129 3445 5190 libertate
3509 5132 3664 5189 frua-

2014 5209 2128 5274 tur,
2163 5212 2221 5263 et
2246 5206 2362 5276 ille,
2397 5226 2432 5266 a
2461 5227 2576 5283 quo
2605 5213 2664 5268 in
2690 5215 2967 5271 servitute
3006 5218 3337 5290 tenebatur,
3390 5220 3475 5278 nil
3526 5223 3659 5279 red-

2011 5294 2130 5350 dat.

2081 5454 2250 5550 (ulti).
2284 5458 2560 5518 Observat
2588 5463 2778 5520 editor
2805 5464 2957 5523 hanc
2984 5466 3169 5543 legem
3203 5486 3332 5530 esse
3381 5476 3655 5550 antiqua-

2012 5530 2530 5690 Iiaeclex‘
2556 5604 2835 5690 mendose
2863 5611 3184 5690 admodum
3215 5618 3372 5690 apud
3402 5620 3651 5677 Sambu-

2009 5684 2142 5724 cum
2174 5672 2466 5764 editaest.
2494 5678 2676 5748 Agape
2702 5679 2883 5749 facere
2912 5682 3007 5740 hic
3036 5672 3277 5744 videtur‘
3294 5672 3648 5764 significare,

2008 5757 2156 5817 opus
2186 5743 2490 5804 charitatis
2513 5743 2793 5809 exercere.
