3962 6356
186 382 354 447 1249

1758 376 2033 444 LEGES.

3435 374 3605 440 1250-

258 518 401 574 CAP.
431 515 571 577 XXI.
602 515 679 573 De
707 514 813 584 his,
847 514 943 586 qui
971 513 1201 572 alterius
1226 514 1432 570 milites
1458 518 1557 569 aut
1611 514 1832 585 servilo)
1862 515 1916 581 Α
1946 514 2239 587 imprimis
2262 508 2549 569 decalvari
2578 515 2635 567 et
2662 507 2905 585 depilari
2937 508 3059 581 [al.,
3090 524 3195 583 pro
3224 510 3426 566 eodem
3472 509 3588 565 cri-

182 622 269 662 res
300 609 549 661 avocant.
583 604 871 661 Volumus
898 608 963 659 ut
1014 603 1421 675 unusquisque
1469 602 1664 658 senior
1708 602 1833 673 (seu

182 693 482 767 dominus)
509 710 687 750 suum
717 693 932 750 habeat
960 691 1208 749 militem
1239 693 1321 764 (id
1350 696 1439 749 est
1464 690 1832 762 servientem)

180 801 290 841 nec
320 783 538 856 aliquis
569 782 718 840 alter
747 781 833 837 illi
865 782 1109 838 suadeat
1128 781 1436 853 antiquum
1458 781 1721 837 deserere
1742 796 1832 835 se-

180 872 431 939 niorem,
460 875 518 929 et
544 872 621 928 ad
648 888 714 928 se
742 871 959 929 venire.
994 871 1137 926 Inde
1169 871 1327 926 enim
1358 869 1611 943 litigium
1661 868 1838 925 habet

178 960 438 1018 initium.

247 1050 383 1107 CAP.
413 1049 576 1107 XXII.
608 1050 682 1106 De
710 1049 1039 1121 recipiendis
1068 1048 1389 1121 hospitibus.
1419 1047 1479 1103 Si
1521 1046 1654 1119 quis
1695 1047 1829 1102 hos-

178 1137 365 1211 pitem
392 1154 527 1194 cum
556 1137 956 1195 benevolentia
1012 1137 1241 1210 accipit,
1300 1140 1358 1192 et
1403 1135 1831 1192 nutrimentum

177 1226 294 1282 sibi
324 1226 568 1283 honeste
595 1225 904 1299 impendit,
933 1225 1198 1298 quandiu
1244 1226 1570 1282 secundum
1621 1241 1828 1298 propo-

178 1314 362 1371 situm
395 1314 676 1381 nutritur,
739 1331 854 1370 non
914 1314 1146 1370 deserat
1203 1331 1377 1369 suum
1438 1314 1827 1380 nutritorem,

177 1407 371 1460 etnec
401 1403 475 1461 ad
505 1401 765 1475 aliquem
791 1401 988 1475 {alium
1032 1419 1203 1458 suam
1253 1402 1476 1458 deferat
1523 1401 1828 1475 hospitali-

175 1496 378 1550 tatem.

247 1582 381 1638 ΟΑΡ.
409 1581 599 1639 XXIII.
630 1582 706 1638 De
724 1581 810 1637 his
839 1583 936 1654 qui
963 1583 1318 1652 ﬂagellantur
1347 1598 1449 1637 sua
1496 1587 1824 1654 quazrentes.

175 1670 236 1728 Si
266 1672 439 1744 cujus
468 1669 640 1728 miles
666 1670 756 1727 vel
787 1687 990 1727 servus
1020 1671 1092 1726 ad
1117 1670 1300 1727 alium
1350 1670 1586 1743 fugerit,
1645 1675 1704 1726 et
1751 1670 1825 1738 is,

174 1761 345 1832 cujus
375 1760 544 1817 miles
570 1759 662 1816 vel
694 1776 895 1817 servus
916 1760 1055 1832 fuga
1082 1764 1169 1815 est
1198 1760 1454 1833 elapsus,
1490 1777 1666 1816 suum
1718 1760 1825 1816 mi-

172 1848 319 1905 serit
344 1847 602 1922 legatum
634 1848 706 1904 ad
759 1848 1156 1904 reducendum
1203 1864 1336 1903 eum
1393 1850 1512 1918 [al.,
1570 1850 1714 1920 eos],
1768 1854 1826 1905 et

172 1937 224 1993 is
253 1937 485 2010 legatus
513 1936 731 1992 ibidem
762 1954 798 1992 a
827 1951 1176 2008 quocunque
1225 1952 1543 2008 percussus
1595 1954 1662 1992 ac
1720 1937 1822 1994 ﬂa-

170 2024 424 2100 gellatus
452 2026 756 2095 exstiterit,
788 2025 1152 2082 decrevimus
1212 2029 1546 2082 nostrorum
1604 2027 1823 2098 prima-

168 2119 298 2171 tum
328 2118 731 2186 conventu,,ut
754 2113 851 2170 ille
883 2130 1193 2186 percussor
1230 2115 1432 2170 decem
1489 2114 1675 2171 solvat
1721 2116 1819 2188 ju-

166 2219 399 2260 νθηοοε.

244 2292 380 2349 ΠΛΡ.
414 2292 601 2349 XXIV.
632 2293 707 2348 De
729 2292 909 2349 viduis
937 2299 990 2349 et
1025 2293 1304 2366 orphanis.
1355 2292 1642 2350 Volumus
1688 2294 1816 2366 qui-

175 2381 330 2451 dem,
363 2386 431 2451 ut
456 2382 642 2438 viduae
663 2385 721 2437 et
756 2381 1003 2455 orphani
1036 2381 1154 2437 sint
1196 2387 1406 2439 nostrae
1460 2383 1581 2455 [al.,
1641 2385 1817 2455 nunc]

171 2468 317 2544 legis
346 2470 680 2543 participes,
708 2469 808 2525 tali
849 2474 1070 2537 tenore,
1102 2474 1167 2525 ut
1194 2469 1244 2527 si
1266 2488 1391 2542 quae
1448 2471 1624 2528 vidua
1681 2490 1815 2529 cum

169 2558 309 2615 ﬁliis
336 2563 396 2616 et
423 2558 657 2616 ﬁliabus
687 2559 1055 2628 remanserit,
1098 2564 1272 2632 atque
1320 2560 1542 2616 nutrire
1586 2577 1706 2629 eos,
1759 2567 1816 2618 et

168 2663 406 2713 manere
447 2664 581 2705 cum
644 2647 780 2717 illis,
843 2648 1102 2720 quandiu
1160 2649 1384 2720 vixerit,
1436 2650 1813 2722 promiserit;

166 2736 382 2794 habeat
411 2740 759 2810 potestatem
781 2754 815 2792 a
835 2738 1005 2793 nobis
1027 2738 1137 2793 sibi
1162 2754 1500 2795 concessam
1524 2740 1582 2794 id
1606 2739 1815 2795 facien-

165 2825 244 2893 di,
276 2829 335 2882 et
363 2843 399 2881 a
429 2825 662 2882 nemine
699 2826 912 2882 iterum
954 2831 1195 2900 cogatur
1230 2826 1289 2882 in
1340 2827 1700 2901 conjugium.
1752 2829 1814 2886 Si

162 2913 343 2983 enim,
373 2918 599 2971 mutato
630 2920 780 2983 voto,
814 2915 1026 2971 iterum
1058 2917 1276 2971 nubere
1305 2916 1570 2986 voluerit,
1620 2922 1680 2973 et
1720 2936 1812 2974 or-

160 3002 394 3075 phanos
426 3004 710 3075 deserere,
743 3004 813 3060 de
842 3005 1014 3060 rebus
1053 3006 1448 3078 orphanorum
1508 3006 1654 3062 nihil
1694 3024 1812 3064 om-

160 3093 306 3149 nino
339 3092 450 3151 sibi
472 3092 755 3163 vendicet,
788 3092 901 3149 nisi
933 3098 1166 3149 tantum
1199 3093 1310 3149 sibi
1340 3111 1599 3167 congrua
1636 3096 1810 3152 vesti-

160 3185 362 3238 menta
386 3181 655 3254 accipiat.
688 3182 750 3236 Si
780 3185 976 3238 autem
1004 3182 1181 3238 vidua
1213 3182 1338 3238 sine
1367 3183 1527 3258 prole
1588 3202 1814 3242 reman-

158 3270 324 3339 serit,
357 3274 415 3327 et
434 3287 497 3327 se
526 3270 836 3344 innuptam
878 3270 937 3326 in
989 3289 1094 3328 sua
1141 3256 1421 3329 viduitate
1468 3291 1810 3346 permanere
1844 3256 1886 3323 (ἶ

157 3358 515 3433 promiserit,
544 3359 816 3416 volumus
847 3366 911 3415 ut
941 3365 1287 3432 potestatem
1310 3362 1521 3419 habeat
1542 3364 1807 3419 omnium

157 3450 447 3505 bonorum
477 3465 742 3518 suorum,
776 3454 833 3505 et
863 3449 1149 3523 quidquid
1211 3450 1347 3508 inde
1406 3452 1594 3509 facere
1643 3452 1806 3522 velit,

154 3537 352 3595 faciat.
388 3538 455 3593 Et
479 3542 612 3611 post
639 3538 863 3594 obitum
903 3539 1052 3609 ejus,
1115 3539 1319 3595 eadem
1377 3540 1531 3596 bona
1587 3543 1659 3597 ad
1711 3541 1803 3597 sui

152 3628 399 3697 redeant
423 3630 693 3699 parentes
725 3627 940 3695 mariti,
960 3627 1010 3683 si
1032 3632 1304 3700 parentes
1324 3630 1440 3698 [al.,
1463 3632 1803 3703 praesentes]

150 3715 363 3777 habet;
396 3716 488 3772 sin
519 3721 715 3775 autem
745 3734 881 3784 non,
917 3734 1015 3772 rex
1035 3718 1111 3772 sit
1132 3717 1336 3774 haeres.

224 3805 361 3873 CAP.
392 3804 552 3860 XXV.
576 3800 650 3861 De
679 3814 839 3878 raptu
863 3807 1197 3878 puellarum.
1250 3808 1308 3863 Si
1356 3809 1489 3880 quis
1548 3809 1798 3866 militum

148 3894 526 3967 impudicitia
544 3895 814 3964 fcedatus,
840 3894 1097 3968 puellam
1120 3895 1539 3969 aliquam,sine
1561 3916 1802 3956 conces-

147 3984 317 4040 sione
332 3987 641 4056 parentum
661 3984 774 4040 sibi
794 3984 854 4039 in
869 4002 1108 4041 uxorem
1128 3987 1406 4058 rapuerit,
1428 3988 1800 4047 decernimus

147 4072 409 4145 puellam
442 4073 785 4146 parentibus
816 4073 1000 4143 reddi,
1037 4074 1269 4131 etiamsi
1317 4076 1391 4131 ab
1448 4076 1547 4133 illo
1605 4078 1802 4152 aliqua

144 4164 236 4219 vis
256 4161 373 4218 sibi
403 4160 568 4233 illata
597 4162 696 4229 sit,
730 4166 788 4217 et
818 4166 1018 4235 raptor
1046 4164 1246 4219 decem
1277 4164 1464 4221 solvat
1516 4166 1799 4238 juvencos

156 4267 266 4323 pro
311 4254 506 4323 raptu,
552 4251 688 4307 licet
731 4256 932 4324 postea
983 4253 1388 4309 reconcilietur
1456 4246 1800 4327 parentibus

141 4338 379 4414 puellae.
413 4340 474 4396 Si
501 4357 634 4397 vero
652 4357 872 4413 pauper
895 4342 1049 4413 quis,
1075 4341 1454 4416 autvulgaris
1472 4344 1580 4401 hoc
1603 4363 1800 4419 aggre-

141 4430 346 4486 diatur
374 4445 562 4504 agere,
584 4435 1215 4504 componaturraptum
1241 4433 1794 4507 [Legendumopinor,

140 4522 463 4589 componat
488 4521 745 4592 raptum]
776 4521 1039 4593 quinque
1070 4522 1277 4578 bobus.

1946 602 2105 658 mine
2137 601 2466 673 decoriari].
2500 600 2560 657 Si
2589 617 2722 656 vero
2746 599 3002 657 secundo
3029 615 3163 656 cum
3186 599 3389 654 eadem
3415 598 3589 654 forni-

1945 697 2111 748 catus
2142 692 2318 747 fuerit
2346 692 2557 746 iterum
2589 689 2921 746 decalvetur
2966 691 3088 761 [al.,
3143 687 3489 757 decorietur]
3533 691 3589 741 et

1943 780 2250 853 depiletur.
2284 780 2341 836 Si
2375 783 2571 835 autem
2601 778 2792 844 tertio,
2827 779 2904 834 sit
2934 795 3138 835 servus
3190 775 3408 849 pariter
3454 790 3587 830 cum

1943 868 2172 937 ancilla,
2204 873 2306 925 aut
2336 869 2585 924 redimat
2614 884 2694 923 se.
2728 867 2785 922 Si
2817 871 3010 923 autem
3029 866 3240 923 ancilla
3260 863 3589 936 conceperit

1942 960 2014 1016 de
2043 976 2131 1031 eo,
2164 962 2222 1014 et
2250 972 2452 1031 parere
2482 974 2598 1013 non
2632 956 2865 1029 poterit,
2886 957 2988 1012 sed
3011 955 3069 1010 in
3087 958 3256 1027 partu
3278 952 3581 1020 morietur,

1941 1052 2254 1122 componat
2282 1046 2546 1104 eamdem
2579 1063 2713 1101 cum
2730 1045 2846 1102 alia
2868 1044 3095 1100 ancilla.
3118 1044 3330 1099 Servus
3354 1057 3587 1115 quoque

1940 1138 2213 1210 alicujus,
2245 1136 2293 1193 si
2326 1152 2462 1193 cum
2496 1134 2708 1191 ancilla
2738 1134 2979 1190 alterius
3011 1131 3352 1194 fornicatur,
3392 1128 3585 1186 decal-

1937 1228 2254 1297 vetur[al.,
2286 1225 2632 1295 decorietur]
2665 1226 2720 1279 et
2776 1220 3096 1295 depiletur:
3153 1224 3210 1277 et
3266 1219 3312 1277 si
3375 1218 3588 1275 ancilla

1937 1317 2008 1372 de
2036 1333 2102 1372 eo
2141 1314 2489 1388 conceperit,
2549 1317 2607 1369 et
2667 1313 2723 1368 in
2781 1315 2951 1384 partu
3016 1309 3319 1378 moriatur,
3380 1324 3582 1364 servus

1935 1406 2323 1476 venundetur,
2381 1421 2447 1459 ac
2503 1401 2746 1459 dimidia
2793 1417 2928 1475 pars
2983 1398 3151 1472 pretii
3210 1397 3429 1455 seniori
3479 1414 3585 1453 an-

1938 1494 2083 1551 cillae
2115 1495 2315 1551 detur:
2351 1493 2533 1549 altera
2563 1508 2699 1564 pars
2728 1506 2862 1546 vero
2895 1487 3113 1545 seniori
3143 1486 3293 1543 servi
3349 1501 3603 1560 semper~

1938 1587 2259 1640 remaneat.

2009 1673 2139 1730 CAP.
2171 1672 2382 1729 XXVII.
2415 1673 2490 1728 De
2519 1672 2604 1726 his
2635 1671 2729 1741 qui
2744 1672 2935 1742 petunt
2963 1668 3174 1723 alienas
3230 1665 3466 1729 ancillas
3520 1665 3580 1719 in
3654 1717 3666 1728 ,

1935 1779 2153 1819 uxores.
2186 1762 2258 1818 Ut
2289 1778 2459 1817 nemo
2482 1776 2703 1827 eorum,
2754 1759 2851 1831 qui
2912 1757 3094 1812 libero
3152 1754 3388 1811 nomine
3445 1768 3578 1809 cen-

1938 1858 2165 1921 sentur,
2196 1852 2383 1908 facere
2414 1851 2687 1922 cuiquam
2722 1846 2998 1920 iniuriam
3032 1845 3264 1914 audeat,
3295 1847 3578 1900 terrorem

1933 1947 1989 1999 et
2017 1941 2350 1998 cautionem
2386 1939 2801 2013 imposuimus.
2836 1935 2982 2001 Quia
3012 1934 3073 1990 in
3103 1934 3213 1991 hoc
3232 1931 3413 2006 regali
3442 1947 3578 1987 con-

1930 2031 2062 2087 cilio
2095 2031 2392 2086 decretum
2426 2033 2534 2097 est,
2599 2032 2660 2082 ut
2717 2027 2765 2082 si
2822 2023 2954 2097 quis
3014 2023 3165 2079 liber
3218 2019 3577 2078 connubium

1929 2118 2152 2176 ancillae
2184 2119 2450 2188 alterius,
2483 2117 2701 2173 sciente
2736 2114 2972 2170 domino
3025 2110 3268 2180 ancillae,
3317 2109 3574 2183 elegerit,

1928 2210 2156 2284 perdita
2186 2226 2303 2265 suae
2319 2208 2609 2265 libertatis
2626 2204 2933 2271 industria,
2952 2205 3271 2276 perpetuus
3288 2199 3578 2256 efficiatur

1925 2318 2146 2358 servus.

1997 2390 2131 2447 CAP.
2154 2389 2393 2445 XXVIII.
2429 2388 2535 2456 Qui
2564 2395 2720 2443 extra
2749 2401 2977 2456 regnum
3033 2401 3067 2438 α
3113 2383 3230 2438 suis
3274 2382 3576 2454 aufugiunt

1926 2480 2211 2535 uxoribus.
2248 2478 2319 2533 Ut
2348 2494 2536 2549 genus
2564 2477 2872 2547 utriusque
2901 2488 3099 2538 sexus,
3131 2474 3288 2527 certa
3312 2471 3458 2543 lege,
3518 2474 3575 2528 et

1924 2570 2147 2641 absque
2177 2566 2410 2639 injuriis
2442 2569 2673 2622 maneat
2700 2568 2758 2620 et
2785 2563 2996 2636 vigeat,
3028 2562 3086 2616 in
3118 2561 3228 2617 hoc
3260 2558 3439 2634 regali
3471 2561 3571 2616 de-

1924 2663 2079 2713 creto
2112 2660 2399 2713 statutum
2429 2659 2537 2720 est,
2562 2658 2625 2709 ut
2642 2653 2689 2709 si
2715 2653 2849 2725 quis
2873 2649 3566 2724 protervitateIprazditus,

1922 2752 2159 2819 propter
2178 2744 2672 2801 abominationem
2721 2739 2918 2798 uxoris
2972 2739 3224 2812 patriam
3280 2739 3567 2813 elfugerit,

1923 2854 2066 2891 uxor
2097 2839 2327 2903 cuncta,
2361 2851 2487 2906 quae
2519 2832 2577 2887 in
2611 2834 2895 2905 potestate
2925 2829 3118 2885 mariti
3176 2828 3567 2894 habebantur,

1923 2925 2239 2998 possideat,
2274 2924 2415 2979 dum
2445 2921 2585 2978 velit
2613 2923 2946 2992 exspectare
2971 2917 3162 2974 virum
3190 2936 3203 2987 ;
3235 2921 3291 2974 et
3314 2918 3436 2989 [al.,
3482 2917 3567 2989 ut]

1921 3031 2092 3070 nemo
2114 3014 2173 3068 in
2196 3011 2352 3069 aliud
2371 3010 2712 3084 conjugium
2730 3025 2858 3066 eam
2875 3024 3081 3081 cogere
3099 3010 3433 3081 praesumat.
3457 3006 3567 3062 Sed
3594 3018 3597 3023 '

1920 3103 2042 3174 [al.,
2077 3103 2155 3173 et]
2188 3101 2237 3157 si
2270 3105 2475 3175 sponte
2507 3101 2727 3156 nubere
2757 3098 2912 3164 velit,
2944 3097 3117 3153 liceat
3146 3096 3295 3163 sibi,‘
3315 3094 3569 3168 sumptis

1920 3191 2197 3263 congruis
2246 3188 2630 3257 vestimentis,
2677 3191 2734 3243 et
2778 3185 3040 3242 dimissis
3087 3184 3309 3241 caeteris
3375 3184 3567 3255 bonis,

1921 3282 1991 3336 ad
2020 3278 2380 3335 connubium
2410 3276 2513 3333 ire.
2538 3277 2609 3332 Et
2629 3276 2677 3331 si
2724 3276 2830 3344 vir,
2884 3275 2992 3331 hoc
3037 3274 3256 3341 audito,
3306 3272 3563 3338 redierit,

1920 3386 1992 3425 ne
2023 3368 2193 3425 liceat
2223 3366 2335 3424 sibi
2367 3365 2543 3422 aliam
2571 3366 2802 3432 ducere,
2834 3368 3071 3437 propter
3095 3379 3268 3419 suam
3329 3359 3564 3433 culpam

1919 3459 2042 3529 [al.,
2076 3459 2283 3529 praeter
2312 3455 2525 3525 suam],
2552 3453 2667 3510 nisi
2699 3470 2832 3509 cum
2852 3451 3087 3508 licentia
3111 3450 3367 3523 episcopi
3392 3450 3561 3522 (113).

1991 3551 2121 3602 CAP.
2152 3545 2336 3600 XXIX.
2364 3546 2438 3600 De
2466 3545 2618 3615 furto
2647 3543 2951 3599 mulierum
2978 3539 3563 3608 maritatarztm.:Cum

1917 3636 2098 3709 igitur
2120 3633 2347 3690 cunctis
2380 3633 2754 3700 horrendum,
2786 3636 2843 3687 et
2872 3629 3148 3686 omnibus
3172 3626 3563 3685 abominabile

1914 3725 2009 3793 sit,
2040 3724 2267 3781 virilem
2301 3739 2502 3779 sexum
2537 3725 2831 3794 repertum
2863 3719 3068 3776 fecisse
3086 3720 3327 3787 furtum,
3352 3721 3409 3773 et
3442 3734 3563 3774 ma-

1911 3815 2002 3887 gis
2024 3812 2328 3887 magisque
2358 3828 2563 3868 sexum
2593 3810 2908 3867 femineum
2929 3827 2942 3865 :
2963 3808 3287 3865 secundum
3301 3806 3557 3880 regalem

1912 3906 2181 3959 senatum
2213 3903 2514 3957 decretum
2545 3903 2654 3966 est,
2689 3903 2753 3955 ut
2774 3898 2821 3955 si
2841 3897 3040 3970 aliqua
3056 3896 3267 3953 mulier
3287 3896 3562 3952 maritata

1912 3992 2133 4046 furtum
2166 3988 2545 4056 commiserit,
2579 4005 2614 4044 a
2643 3986 2853 4043 marito
2885 3985 3208 4041 redimatur
3230 4003 3249 4040 :
3280 3989 3338 4041 et
3366 3984 3419 4041 si
3474 4000 3561 4039 se-

1911 4081 2102 4136 cundo
2129 4079 2187 4135 in
2219 4078 2485 4135 eamdem
2517 4077 2751 4150 culpam
2782 4074 3073 4144 inciderit,
3106 4074 3378 4131 similiter
3407 4074 3560 4130 redi—

1912 4174 2141 4227 matur:
2176 4169 2226 4224 si
2257 4185 2413 4236 vero,
2448 4168 2638 4234 tertio,
2669 4166 3056 4222 venundetur.

1983 4261 2114 4316 CAP.
2148 4258 2306 4313 XXX.
2340 4259 2416 4313 De
2441 4256 2710 4313 incendiis
2741 4257 3108 4311 mansionum.
3159 4253 3219 4310 Si
3267 4252 3400 4325 quis
3456 4258 3560 4325 per

1910 4348 2249 4403 inimicitias
2279 4347 2522 4403 alterius
2552 4345 2799 4401 aediﬁcia
2821 4344 3167 4400 cremaverit
3187 4343 3341 4417 igne,
3365 4342 3561 4398 decre-

1905 4437 2120 4503 vimus,
2156 4440 2220 4491 ut
2232 4436 2475 4491 aediﬁcia
2488 4436 2866 4503 restituat,fet
2879 4433 3158 4507 quicquid
3178 4430 3561 4505 supellectilis

1905 4541 2104 4580 arsum
2137 4524 2331 4593 fuerit,
2367 4523 2673 4595 persolvat,
2709 4528 2766 4578 et
2795 4523 3039 4594 insuper
3068 4521 3319 4578 sedecim
3342 4520 3556 4592 juven-

210 4611 348 4663 CAP.
381 4607 580 4679 XXVI,
610 4609 684 4664 De
715 4609 906 4664 liberis
933 4612 1342 4681 [emicantibus
1387 4629 1514 4668 cum
1570 4614 1791 4670 ancillis
1820 4627 1868 4693 Β
1903 4613 2008 4682 cis,
2042 4613 2142 4685 qui
2172 4611 2366 4667 valent
2387 4611 2687 4684 sexaginta
2709 4611 2943 4667 solidos.

136 4695 377 4752 alterius
431 4696 662 4752 domini.
694 4696 958 4754 Utliberi
980 4715 1148 4755 suam
1191 4701 1523 4759 custodiant
1563 4702 1794 4760 liberta-

132 4789 259 4842 tem
291 4784 838 4857 incontaminatam,
864 4786 1136 4844 volumus
1164 4788 1284 4846 illis
1306 4808 1518 4862 ponere
1569 4793 1791 4850 cautio-

134 4889 298 4942 nem,
331 4889 404 4929 ne
433 4888 568 4930 cum
595 4873 804 4932 alienis
834 4876 1195 4934 fornicentur
1225 4878 1474 4936 ancillis.
1537 4882 1597 4935 Si
1658 4881 1791 4955 quis

130 4966 336 5018 autem
364 4961 732 5036 improvidus
762 4964 911 5021 hanc
944 4967 1279 5023 cautionem
1323 4970 1787 5042 transgrediens,

129 5051 527 5108 fornicaretur
557 5053 680 5124 [al.,
711 5054 1058 5126 fornicatur]
1093 5072 1226 5112 cum
1260 5057 1473 5114 ancilla
1519 5057 1785 5128 alterius,

130 5142 288 5198 sciat
318 5158 380 5198 se
411 5158 577 5198 reum
608 5159 737 5199 esse
757 5144 1043 5213 criminis,
1085 5149 1142 5200 et
1174 5162 1277 5217 pro
1313 5148 1517 5202 eodem
1540 5148 1785 5205 crimine

206 5249 357 5324 (IIS)
373 5248 504 5306 Haec
518 5248 612 5305 lex
623 5254 790 5306 caute
808 5250 1192 5324 intelligenda
1212 5256 1301 5308 est
1322 5253 1393 5308 de
1411 5253 1782 5311 matrimonio

126 5319 466 5394 gentilium,
499 5324 670 5396 cujus
689 5322 990 5396 vinculum
1003 5319 1156 5379 solvi
1179 5328 1386 5396 potest,
1411 5324 1460 5380 si
1482 5342 1626 5381 uxor
1645 5343 1783 5382 con-

126 5393 414 5468 vertatur,
437 5397 494 5468 et
508 5393 598 5448 vir
614 5393 744 5450 ideo
769 5395 1027 5468 discedat
1048 5393 1370 5468 secundum
1393 5396 1737 5468 Apostolum
1760 5400 1781 5454 Ι

124 5464 260 5520 Cor.
293 5479 395 5531 vu,
429 5465 553 5520 45.:
583 5482 699 5522 non
754 5482 889 5522 vero
944 5466 1014 5521 de
1070 5464 1461 5523 matrimonio‘
1499 5467 1780 5525 Christia-

125 5552 347 5611 norum
375 5535 562 5611 valide
592 5540 889 5611 contracto
919 5541 977 5593 et
1005 5540 1610 5611 consummato,iquod
1636 5540 1779 5597 solvi

124 5607 213 5663 sic
245 5608 471 5681 nequit,
500 5611 575 5681 ut
592 5612 725 5664 ante
745 5610 1013 5681 conjugis
1036 5614 1283 5667 mortem
1307 5611 1378 5668 ad
1403 5607 1561 5667 aliud
1584 5612 1781 5668 matri-

124 5678 399 5739 monium
428 5678 618 5738 valide
647 5678 1013 5761 procedatur.
1048 5681 1178 5740 Haec
1225 5682 1428 5761 paucis
1477 5683 1782 5743 observata

1974 4702 2104 4758 ΟΜ).
2158 4701 2342 4757 XXXI.
2404 4706 2483 4756 De
2538 4700 2820 4771 strigibus.
2875 4699 2933 4753 Si
2992 4715 3109 4771 qua
3166 4697 3349 4771 striga
3405 4697 3556 4770 (114)

1901 4791 2134 4847 inventa
2159 4790 2351 4857 fuerit,
2385 4790 2712 4846 secundum
2735 4787 3078 4859 judicialem
3096 4786 3284 4860 legem
3308 4786 3558 4843 ducatur

1901 4882 2028 4953 [al.,
2062 4880 2301 4951 ducant]
2332 4880 2404 4935 ad
2435 4877 2766 4945 ecclesiam,
2799 4882 2857 4933 et
2886 4877 3331 4933 commendetur
3362 4892 3554 4933 sacer-

1901 4971 2021 5026 doti
2053 4971 2125 5026 ad
2149 4968 2563 5041 jejunandum,
2598 4967 2890 5039 fidemque
2911 4966 3257 5022 discendum
3281 4982 3294 5020 :
3317 4965 3553 5039 postje-

1892 5059 2131 5131 junium
2164 5074 2296 5114 vero
2330 5057 2569 5113 domum
2602 5055 2820 5110 redeat.
2842 5054 2901 5109 Si
2922 5053 3320 5111 secundumin
3347 5056 3548 5111 eodem

1898 5148 2144 5203 crimine
2173 5147 2520 5214 invenietur,
2554 5144 2731 5201 simili
2755 5144 2984 5216 jejunio
3034 5145 3365 5217 subjaceat:
3423 5148 3556 5218 post

1891 5255 2183 5338 oportuit“:
2217 5258 2275 5336 at
2303 5252 2474 5338 plura
2503 5252 2754 5338 dehisce
2782 5252 3009 5338 dabunt
3029 5251 3280 5338 theologi
3300 5256 3357 5338 et
3382 5269 3553 5335 cano-

1892 5324 2470 5407 nistze.‘Fieri_étiam
2527 5327 2719 5407 potest
2774 5329 2840 5380 ut
2896 5324 3111 5379 menda
3165 5324 3434 5395 quaedam
3492 5324 3552 5380 in

1891 5397 2643 5481 V'erbs.lssisir?erserist-
2811 5469 2819 5479 .
2887 5466 2944 5481 ..
3057 5467 3072 5481 .
3148 5465 3159 5477 .

1962 5469 2113 5539 (114)
2143 5466 2266 5523 Vox
2307 5466 2484 5539 slrigu
2512 5467 2660 5524 alias
2714 5469 2861 5524 strix
2887 5466 2983 5522 hic
3040 5466 3309 5592 designat
3339 5466 3551 5522 venefi-

1964 5557 2019 5592 m
2046 5544 2186 5592 sunt
2211 5539 2558 5592 maleficam.
2592 5540 2763 5592 Hisce
2786 5541 3010 5592 maiora
3030 5538 3164 5592 dein
3208 5554 3240 5592 e
3262 5537 3551 5592 supplicia

1889 5557 2019 5596 cam
2046 5537 2186 5597 sunt
2211 5537 2558 5612 maleficam.
2592 5540 2763 5612 Hisce
2786 5541 3010 5612 majora
3030 5537 3240 5612 deinde
3262 5537 3551 5612 supplicia

1890 5615 2114 5670 statuta
2144 5614 2306 5680 aunt,
2343 5611 2428 5667 uti
2453 5615 2509 5667 et
2539 5627 2646 5687 pro
2667 5611 2800 5669 aliis
2829 5609 3194 5668 criminibus.
