3962 6422
343 367 494 430 1251

1345 361 1411 428 S.
1459 361 1852 428 STEPHANI
1895 359 2451 430 HUNGARORUM
2497 361 2750 429 REGIS.

3597 367 3760 430 1252

333 498 630 570 jejunium
660 509 792 554 vero
823 495 884 552 in
917 495 1158 552 modum
1187 497 1377 553 crucis
1408 497 1468 553 in
1529 502 1758 570 pectore
1816 502 1872 553 et
1926 499 1984 553 in
2019 503 2070 568 Α
2107 503 2199 553 tur
2229 499 2382 570 quis,
2416 499 2528 554 nisi
2563 497 2906 555 consiliatus
2937 500 3183 554 mortem
3217 497 3393 572 regis,
3423 503 3528 578 aut
3573 501 3757 557 tradi-

340 587 552 652 fronte,
586 591 763 660 atque
794 585 947 642 inter
975 584 1268 658 scapulas,
1305 585 1549 643 incensa
1605 585 1750 642 clavi
1809 586 1990 643 eccle-

343 675 602 744 siastica,
635 676 879 732 domum
909 675 1128 730 redeat.
1161 662 1227 730 Si
1260 692 1392 731 vero
1444 675 1639 743 tertio,
1689 675 1991 746 judicibus

343 765 635 821 tradatur.

412 854 546 910 CAP.
579 853 787 909 XXXII.
821 855 895 909 De
923 854 1187 924 male/isis
1211 858 1264 909 et
1291 855 1585 924 sortilegis.
1635 853 1707 909 Ut
1728 859 1994 910 creatura

351 943 454 999 Dei
487 943 559 998 ab
589 942 855 998 omnium
887 941 1124 999 laesione
1154 943 1546 1016 malignorum
1579 947 1820 1008 remota,
1872 949 1928 998 et
1959 960 1992 998 a

336 1030 498 1088 nullo
529 1031 950 1088 detrimentum
979 1031 1070 1086 sui
1102 1047 1352 1102 passura
1381 1031 1759 1101 maneat,nisi
1790 1049 1824 1087 a
1853 1031 1988 1100 Deo,

341 1138 378 1177 a
407 1137 523 1193 quo
554 1121 676 1192 [al.,
706 1120 928 1176 additur
956 1119 1033 1193 et]
1067 1124 1512 1192 augmentatur:
1547 1121 1872 1176 secundum
1893 1120 1989 1176 de-

335 1213 560 1266 cretum
595 1213 836 1266 senatus
866 1209 1185 1265 statuimus
1215 1209 1285 1264 ad
1307 1208 1854 1283 magnicautionem
1874 1212 1990 1266 ter-

341 1297 512 1369 roris,
543 1298 818 1353 veneficis
850 1302 906 1352 et
936 1297 1220 1353 maleﬁcis
1249 1299 1368 1366 [al.,
1401 1297 1696 1354 veneficiis
1717 1302 1774 1353 et
1810 1297 1989 1354 male-

334 1386 532 1460 ﬁciis],
561 1392 628 1442 ut
680 1386 842 1442 nulla
897 1403 1170 1458 persona,
1222 1385 1507 1442 maleﬁcio
1565 1391 1667 1442 aut
1714 1387 1989 1443 veneficio

336 1492 696 1548 quemquam
710 1475 1019 1532 hominum
1035 1476 1375 1532 subvertere
1399 1493 1433 1531 a
1458 1479 1614 1532 statu
1631 1475 1866 1545 mentis,
1891 1479 1994 1532 aut

334 1564 660 1621 interﬁcere
691 1565 923 1620 audeat.
955 1567 1060 1621 Ast
1090 1564 1140 1620 si
1172 1565 1327 1637 quis,
1349 1563 1438 1619 vel
1461 1581 1587 1637 quae
1611 1563 1852 1636 posthac
1869 1564 1989 1620 haec
2026 1573 2032 1580 '

333 1654 799 1726 prasumpserit,
831 1654 1102 1710 tradatur
1133 1653 1193 1708 in
1228 1670 1441 1709 manus
1497 1652 1786 1708 maleficio
1844 1653 1986 1718 laesi,

333 1746 437 1798 aut
452 1743 512 1798 in
535 1759 747 1798 manus
770 1747 1078 1815 parentum
1097 1743 1247 1813 ejus,
1263 1743 1587 1798 secundum
1609 1758 1808 1797 eorum
1821 1740 1986 1808 velle,

333 1831 404 1886 ad
418 1832 832 1904 judicandum.
867 1831 927 1887 Si
959 1848 1092 1886 vero
1117 1829 1416 1904 sortilegio
1475 1834 1706 1886 utentes
1763 1830 1985 1886 inveni-

331 1925 536 1976 rentur
591 1920 710 1991 [al.,
771 1921 919 1974 abest
979 1919 1422 1990 invenirentUr],
1482 1923 1548 1974 ut
1609 1919 1831 1974 faciunt
1913 1919 1972 1974 in

332 2007 554 2075 cinere,
575 2013 632 2064 et
654 2007 748 2062 his
778 2007 1176 2076 similibu,sab
1197 2007 1484 2080 episcopis
1513 2007 1758 2080 ﬂagellis
1789 2024 1990 2064 emen-

333 2097 564 2152 dentur.
582 2134 585 2136 -

403 2185 540 2243 CAP.
573 2186 814 2242 XXXIII.
851 2187 922 2243 De
977 2187 1260 2242 inuasione
1314 2185 1618 2254 domorum,
1678 2187 1744 2242 de
1795 2203 1983 2259 pugna

331 2276 533 2332 ibidem
553 2285 757 2332 secula.
789 2275 1077 2332 Volumus
1113 2282 1178 2332 ut
1211 2277 1984 2349 firmapax,etunanimitas

331 2363 410 2420 sit
439 2364 924 2438 intermajoreset
943 2364 1218 2432 minores,
1245 2365 1568 2422 secundum
1607 2365 1940 2439 apostolum
1965 2384 1978 2422 :

331 2452 547 2509 Omnes
577 2454 886 2510 unanimes
915 2458 1098 2510 estote
1130 2455 1179 2526 (Ι
1202 2456 1348 2510 Pelr.
1374 2472 1463 2523 ιιι,
1523 2455 1600 2527 8),
1662 2471 1768 2510 nec
1798 2453 1982 2510 alium

329 2541 544 2614 aliquis
601 2541 874 2599 invadere
933 2544 1143 2598 audeat
1197 2543 1246 2598 si
1302 2543 1436 2616 quis
1497 2544 1803 2611 comitum,
1853 2547 1986 2616 post

327 2631 359 2685 d
371 2629 738 2688 iffinitionem
755 2631 933 2704 hujus
945 2631 1276 2688 communis
1292 2631 1521 2688 concilii
1539 2635 1656 2687 tam
1670 2635 1984 2687 contumax

325 2719 632 2788 exstiterit,
648 2724 713 2775 ut
735 2719 914 2776 alium
931 2721 1089 2776 domi
1107 2725 1330 2792 quaerat
1353 2721 1424 2776 ad
1441 2720 1808 2792 perdendum
1823 2736 1983 2792 eum,

327 2810 500 2878 atque
530 2825 670 2864 suas
701 2809 988 2881 dissipare
1019 2825 1140 2876 res;
1175 2813 1232 2864 et
1256 2808 1305 2864 si
1326 2809 1610 2864 dominus
1629 2808 1786 2864 domi
1810 2813 1984 2874 est,et

327 2899 376 2956 si
400 2915 599 2957 secum
621 2897 990 2970 pugnaverit,
1008 2895 1097 2951 vel
1121 2896 1495 2957 interfecerit,
1515 2895 1640 2952 luat
1659 2897 1982 2952 secundum

329 2989 519 3063 legem
555 2988 625 3042 de
657 2983 1058 3057 evaginatione
1087 2983 1268 3057 gladii
1307 2984 1732 3041 confectam.Si
1791 2989 1986 3041 autem

327 3079 486 3134 idem
515 3091 712 3131 comes
738 3073 956 3128 ibidem
989 3073 1347 3140 occubuerit,
1381 3073 1509 3130 sine
1568 3073 1984 3146 compositione

325 3167 541 3239 jaceat.
575 3163 634 3219 Si
669 3179 800 3218 vero
831 3160 1000 3218 miles
1031 3161 1166 3233 quis
1196 3161 1441 3239 curiam,
1473 3161 1565 3218 vel
1611 3162 1843 3231 turrim,
1896 3161 1984 3218 vel

2101 587 2318 642 tionem
2353 589 2514 660 regni
2547 587 2763 656 fecerit,
2795 585 2884 644 vel
2915 587 2976 642 in
3035 585 3213 644 aliam
3257 587 3478 662 fugerit
3521 589 3758 662 praviu-

2103 677 2272 730 ciam.
2305 677 2467 731 Tunc
2495 693 2628 732 vero
2660 677 2814 732 bona
2831 675 3070 732 illiusin
3091 675 3316 749 regiam
3336 679 3575 734 veniant
3596 683 3758 751 pote-

2101 767 2333 831 statem,
2357 763 2481 836 ipse
2501 781 2633 820 vero
2655 764 2958 836 subjaceat
2975 763 3299 832 sententiae,
3324 763 3462 822 ﬁliis
3478 765 3758 824 innocen-
3833 809 3836 813 -

2099 853 2261 908 tibus
2290 853 2752 911 remanentibus.

2171 942 2305 998 CAP.
2338 941 2573 998 XXXVI.
2607 943 2681 998 De
2701 958 2853 1000 servo
2893 944 3175 1014 interfecto
3232 943 3300 999 ab
3353 944 3524 1002 altera
3577 961 3754 1002 servo.

2101 1030 2160 1087 Si
2193 1029 2444 1103 alicujus
2473 1047 2677 1086 servus
2709 1047 2942 1087 servum
2973 1031 3212 1088 alterius
3263 1032 3494 1101 occidit,
3555 1033 3758 1090 senior

2100 1117 2406 1175 homicidae
2438 1119 2812 1176 medietatem
2845 1119 2994 1176 servi
3025 1125 3337 1192 componat
3385 1121 3601 1179 seniori
3657 1123 3752 1180 in-

2099 1207 2344 1273 terfecti,
2376 1207 2426 1264 si
2455 1212 2674 1282 potest:
2737 1209 2828 1264 sin
2885 1213 3082 1266 autem
3143 1226 3286 1279 non,
3344 1213 3580 1283 peracta
3635 1229 3760 1269 una

2099 1297 2550 1370 quadragesima
2570 1297 2740 1368 (116),
2773 1297 3141 1354 venundetur
3165 1315 3390 1368 servus,
3413 1303 3470 1356 et
3494 1301 3756 1372 pretium

2099 1384 2414 1440 dividatur.
3278 1412 3282 1418 ·

2170 1472 2302 1528 CAP.
2364 1474 2626 1530 XXXVII.
2682 1475 2756 1530 De
2810 1475 3178 1548 redemptione
3213 1475 3514 1533 .homicidae
3583 1479 3752 1534 servi.

2097 1565 2336 1618 Servum
2368 1561 2534 1618 liberi
2565 1561 2942 1632 homicidam,
2964 1580 3026 1620 se
3051 1563 3266 1622 seniori
3289 1563 3592 1637 placuerit,
3615 1582 3755 1622 cum

2099 1656 2334 1708 centum
2365 1656 2420 1707 et
2440 1651 2640 1706 decem
2653 1652 2925 1723 juvencis
2941 1653 3212 1724 redimat,
3236 1657 3340 1709 aut
3353 1653 3550 1710 tradat
3569 1654 3750 1726 (117).

2168 1740 2302 1795 CAP.
2338 1739 2622 1796 XXXVIII.
2658 1741 2732 1795 De
2759 1740 3004 1796 vindicta
3035 1743 3331 1798 nitentium
3359 1744 3645 1814 acquirere
3681 1743 3755 1799 li-

2099 1829 2358 1884 bertatem
2386 1829 2585 1885 alienis
2611 1831 2801 1884 servis.
2837 1829 2897 1884 Si
2929 1829 3062 1901 quis
3091 1828 3301 1886 alienis
3345 1830 3530 1888 servis
3575 1830 3755 1888 Iiber-

2101 1921 2276 1974 tatem
2297 1918 2598 1990 acquirere
2623 1917 2922 1986 niteretur,
2942 1919 3097 1990 quod
3120 1919 3270 1974 servi
3292 1923 3482 1987 erunt,
3501 1919 3756 1978 totidem

2099 2007 2394 2080 mancipia
2423 2006 2628 2063 solvat.
2661 2007 2742 2062 Ex
2771 2007 2986 2078 quibus
3017 2007 3146 2063 duae
3177 2012 3372 2080 partes
3397 2007 3543 2080 regi,
3575 2009 3758 2065 tertia

2095 2095 2310 2152 seniori
2366 2111 2666 2151 servorum
2696 2095 2885 2150 detur.
2920 2095 3038 2152 Rex
3069 2100 3264 2152 autem
3297 2112 3366 2152 ex
3411 2113 3523 2152 sua
3580 2101 3754 2170 parte

2095 2184 2327 2240 tertiam
2356 2184 2579 2240 tribuat
2609 2183 2826 2238 comiti.

2167 2273 2301 2331 CAP.
2335 2272 2568 2328 XXXIX.
2613 2273 2690 2327 De
2714 2275 2865 2344 furto
2919 2274 3065 2328 servi
3121 2273 3288 2329 semel
3319 2275 3625 2331 commisso.
3688 2275 3754 2332 Si

2095 2361 2229 2433 quis
2266 2377 2565 2417 servorum
2617 2359 2794 2416 semel
2838 2360 3060 2416 furtum
3111 2362 3499 2432 commiserit,
3544 2362 3760 2420 reddat

2093 2451 2342 2518 furtum,
2371 2454 2428 2506 et
2457 2449 2706 2506 redimat
2736 2466 2948 2505 nasum
2975 2449 3235 2524 quinque
3256 2452 3546 2522 juvencis,
3571 2453 3625 2508 si
3643 2469 3752 2526 po-

2092 2543 2240 2596 test:
2277 2540 2327 2596 si
2361 2543 2557 2595 autem
2587 2555 2726 2607 non,
2763 2539 3142 2596 abscindatur
3168 2539 3342 2612 (118).

2163 2631 2296 2686 CAP.
2329 2629 2442 2684 XL.
2473 2629 2548 2684 De
2581 2645 2746 2700 paena
2799 2629 3013 2700 furtum
3069 2631 3104 2683 2
3156 2633 3208 2686 et
3263 2629 3298 2683 3
3325 2631 3744 2688 committentis.

2093 2717 2154 2775 Si
2188 2718 2410 2774 furtum
2441 2717 2712 2774 abcissus
2743 2733 2887 2773 naso
2919 2717 3301 2788 commiserit,
3333 2717 3583 2776 redimat
3638 2736 3755 2776 au—

2093 2823 2186 2863 res
2216 2806 2478 2879 quinque
2500 2806 2791 2878 juvencis,
2825 2807 2874 2862 si
2901 2811 3112 2878 potest,
3146 2807 3196 2863 si
3226 2811 3422 2864 autem
3453 2825 3590 2877 non,
3639 2809 3754 2865 ab-

2093 2896 2456 2952 scindantur.
2491 2895 2550 2950 Si
2602 2894 2770 2951 tertio
2823 2895 3185 2974 commiserit
3240 2896 3484 2965 furtum,
3545 2902 3754 2954 careat

2091 2985 2232 3040 vita.

2163 3073 2298 3130 CAP.
2331 3073 2469 3130 XLI.
2503 3075 2578 3130 De
2603 3077 2752 3146 furto
2783 3073 3104 3142 liberorum,
3135 3078 3242 3130 etc.
3274 3074 3334 3130 Si
3363 3073 3495 3148 quis
3525 3073 3750 3132 libero-

2097 3179 2228 3218 rum
2260 3163 2480 3218 furtum
2538 3161 2916 3230 commiserit,
2976 3162 3086 3218 hac
3140 3149 3503 3220 decrevimus
3550 3163 3750 3238 legem

327 3235 570 3312 domum
601 3251 840 3308 alterius
871 3251 1150 3307 invaserit
1188 3235 1414 3322 militis,
1461 3253 1661 3306 decem
1705 3251 1972 3322 juvencis
2001 3237 2044 3304 C
2082 3268 2430 3324 componere
2462 3253 2586 3324 [al.,
2621 3251 3001 3324 comparere],
3031 3256 3096 3306 ut
3125 3252 3305 3309 semel
3339 3253 3591 3310 redimat
3614 3235 3752 3328 vse,

327 3344 642 3416 componat
673 3339 1052 3396 invasionem.
1086 3340 1145 3395 Si
1177 3356 1309 3396 vero
1339 3339 1438 3396 ille
1469 3358 1581 3396 non
1619 3357 1966 3412 supervene-

325 3432 420 3500 rit,
455 3432 556 3488 sed
591 3446 732 3486 suos
766 3429 977 3484 milites
1009 3429 1802 3501 miserit,.centumjuvencis
1821 3447 1970 3486 com-

2077 3341 2127 3398 si
2160 3345 2383 3414 potest:
2418 3341 2512 3398 sin
2546 3345 2742 3397 autem
2773 3358 2910 3410 non,
2949 3342 3336 3398 venundetur.
3367 3342 3425 3396 Si
3447 3341 3604 3399 idem
3635 3360 3745 3400 ve-

2075 3429 2377 3486 nundatus
2399 3429 2626 3486 furtum
2649 3429 3028 3500 commiserit,
3042 3428 3272 3502 legibus
3286 3447 3583 3488 servorum
3598 3432 3748 3490 sub-

323 3525 504 3594 ponat
529 3519 910 3575 invasionem.
945 3517 1004 3574 Si
1033 3517 1293 3590 vulgaris
1318 3519 1556 3590 quidem
1587 3519 1828 3574 alterius
1875 3518 1968 3574 sui
2067 3521 2277 3592 jaceat.
2307 3519 2366 3575 Si
2397 3519 2684 3586 secundo,
2719 3515 2900 3574 simili
2956 3517 3070 3591 legi
3129 3519 3449 3592 subjaceat.
3497 3521 3558 3578 Si
3605 3538 3750 3579 vero

323 3609 535 3666 similis
565 3606 1008 3664 mansiunculas
1040 3606 1334 3674 invaserit,
1388 3607 1649 3680 quinque
1700 3607 1969 3680 juvcncis

323 3697 510 3756 solvat
537 3697 917 3753 invasionem.

393 3787 524 3843 CAP.
559 3784 796 3842 XXXIV.
829 3787 903 3841 De
943 3785 1311 3857 aediﬁcatione
1365 3793 1418 3842 et
1461 3785 1583 3842 dote
1633 3785 1878 3842 ecclesiae
1935 3802 1969 3840 a

318 3878 470 3932 villis
495 3875 820 3946 compositas.
853 3875 1062 3930 Decem
1093 3871 1242 3929 villas
1293 3872 1598 3931 ecclesiam
1655 3873 1966 3942 aediﬁcent,

322 3980 501 4036 quam
520 3962 752 4018 duabus
765 3961 1170 4018 mansionibus
1184 3964 1200 4034 (
1211 3962 1352 4035 115),
1371 3962 1966 4034 totidemquemansi-

320 4051 437 4126 piis
467 4052 686 4118 dotent,
717 4066 864 4122 equo
891 4054 946 4105 et
967 4051 1258 4120 jumento,
1291 4067 1391 4106 sex
1421 4051 1629 4118 bobus,
1653 4054 1710 4106 et
1737 4051 1968 4108 duabus

320 4140 530 4209 vaccis,
555 4138 797 4212 triginta
823 4142 1076 4210 quatuor
1097 4139 1340 4195 minutis
1357 4140 1584 4196 bestiis.
1605 4139 1973 4200 Vestimenta

319 4247 454 4286 vero
485 4233 541 4285 et
599 4227 924 4299 corporalia
979 4230 1036 4282 et
1092 4227 1451 4299 coopertoria
1497 4244 1595 4282 rex
1650 4226 1965 4298 provideat,

321 4318 728 4390 presbyterum
759 4320 816 4371 et
844 4315 1025 4372 libros
1055 4315 1332 4388 episcopi.

392 4407 528 4461 CAP.
551 4405 763 4460 XXXV.
797 4405 871 4458 De
911 4403 1299 4461 donationibus
1351 4421 1567 4475 regum,
1621 4409 1671 4461 et
1722 4406 1970 4478 propriae

321 4497 406 4551 rei
428 4494 783 4568 possessione.
807 4492 1225 4550 Consensimus
1246 4493 1430 4567 igitur
1458 4493 1728 4566 petitioni
1785 4494 1968 4550 totius

321 4587 583 4650 senatus,
617 4587 682 4638 ut
712 4581 1122 4654 unusquisque
1179 4583 1516 4639 dominetur
1571 4581 1963 4654 propriorum,
1995 4608 2043 4672 Β

2077 3607 2268 3678 tertio,
2297 3606 2608 3680 dispendio
2630 3607 2758 3662 vitae
2782 3607 3166 3678 dijudicetur.

2146 3697 2280 3752 CAP.
2341 3696 2508 3752 XLII.
2577 3695 2826 3766 Comites,
2887 3695 3028 3766 quod
3081 3697 3226 3765 regis
3286 3701 3382 3768 est,
3460 3699 3609 3770 apud
3683 3717 3750 3760 se

2075 3802 2188 3841 non
2215 3785 2474 3842 detineat.
2511 3784 2571 3841 Si
2603 3784 2736 3858 quis
2797 3783 3080 3841 comitum
3139 3789 3364 3858 partem
3421 3787 3575 3860 regis
3632 3790 3746 3847 de-

2076 3874 2450 3942 fraudavcrit,
2509 3873 2714 3930 reddat
2767 3873 3056 3942 fraudem,
3117 3879 3174 3930 et
3230 3873 3431 3948 duplo,
3506 3893 3750 3952 compo-

2076 3967 2179 4018 nat
2202 3963 2370 4036 (119).

2147 4051 2282 4108 CAP.
2305 4051 2496 4108 XLIII.
2529 4053 2605 4108 De
2631 4055 3007 4124 contemptu...
3059 4053 3203 4125 justi
3249 4053 3457 4126 judicii
3483 4057 3722 4112 comitis.

2077 4141 2137 4196 Si
2169 4141 2302 4213 quis
2334 4139 2588 4196 militum
2615 4139 2906 4212 judicium
2937 4159 2972 4198 a
2995 4159 3102 4198 suo
3128 4143 3344 4199 comite
3383 4147 3538 4201 recte
3561 4145 3729 4218 judi-

2078 4231 2274 4284 catum
2305 4245 2608 4301 spernens,
2641 4229 2714 4286 ad
2774 4247 2969 4303 regem
3025 4230 3422 4304 appellaverit,
3483 4233 3732 4306 cupiens

2077 4317 2347 4374 comitem
2380 4334 2556 4374 suum
2589 4318 2828 4375 reddere
2853 4319 3165 4391 injustam,
3185 4320 3264 4376 sit
3281 4321 3510 4379 debitor
3527 4323 3733 4379 decem

2078 4423 2394 4480 pensurum
2427 4407 2554 4463 auri
2585 4423 2690 4463 suo
2721 4409 2943 4464 comiti.

2146 4499 2280 4552 CAP.
2340 4494 2527 4553 XLIV.
2587 4498 2662 4552 De
2713 4497 3049 4554 restituenda
3104 4515 3166 4554 re
3190 4499 3483 4569 militibus,
3516 4502 3626 4556 etc.
3669 4500 3736 4557 Si

2078 4587 2212 4659 quis
2234 4586 2537 4653 comitum,
2571 4585 2808 4642 inventa
2831 4585 3030 4660 aliqua
3075 4587 3400 4658 occasione,
3445 4587 3589 4660 quid
3643 4588 3739 4644 in-

320 4672 594 4730 similiter
607 4676 666 4728 et
681 4672 967 4728 donorum
989 4671 1161 4745 regis,
1181 4672 1324 4728 dum
1344 4671 1483 4727 vivit
1507 4674 1774 4742 :excepto
1807 4673 1964 4744 quod
1995 4671 2025 4672 ί
2067 4676 2230 4748 juste
2260 4674 2431 4730 militi
2464 4673 2790 4743 abstulerit,
2813 4675 3036 4743 reddat,
3065 4681 3121 4732 et
3139 4676 3383 4750 insuper
3401 4694 3471 4734 ex
3490 4677 3732 4750 proprio

319 4763 390 4818 ad
423 4763 826 4834 episcopatum
854 4760 1103 4833 pertinet
1131 4765 1188 4816 ct
1213 4759 1578 4830 comitatum,
1607 4777 1673 4816 ac
1688 4765 1818 4832 post
1839 4762 1967 4833 ejus

315 4851 496 4907 vitam
529 4849 634 4905 filii
667 4849 844 4904 simili
867 4848 1128 4904 dominio
1145 4849 1480 4916 succedant,
1505 4865 1610 4904 nec
1632 4865 1737 4921 pro
1752 4849 1972 4906 nullius

319 4955 498 4994 causa
524 4942 722 4994 reatus
753 4937 1170 4992 detrimentum
1201 4938 1491 4994 bonorum
1507 4955 1748 4994 suorum
1784 4939 1969 5012 patia-

386 5151 535 5222 (115)
578 5150 688 5206 Pro
736 5150 1114 5224 mansionibus
1168 5153 1320 5224 apud
1385 5151 1696 5208 Petertium
1759 5153 1973 5224 legitur

315 5224 548 5289 mensis,
576 5226 634 5276 et
659 5222 813 5292 apud
847 5221 1522 5280 Sambucummendose
1550 5225 1776 5280 mensis.
1803 5221 1970 5281 Desi-

318 5292 748 5366 gnanturgvillaa
784 5309 886 5366 seu
919 5295 1135 5366 praedia
1157 5295 1398 5366 rustica.

387 5365 536 5436 (I16)
559 5364 682 5420 Non
707 5365 850 5440 satis
882 5364 1040 5440 patet
1070 5365 1212 5440 quid
1245 5365 1429 5440 velint
1456 5365 1558 5420 illa
1587 5367 1764 5440 verba
1786 5439 1793 5440 ί
1814 5385 1973 5440 pera-

315 5441 399 5494 cta
430 5435 543 5493 una
587 5435 1043 5512 quadragesima._
1087 5435 1366 5512 Suspicor
1427 5443 1638 5512 tamen
1674 5435 1970 5512 designari

316 5525 547 5582 pinnam
581 5507 727 5582 servi
762 5525 864 5582 per
890 5507 1285 5582 quadraginta
1309 5507 1967 5582 dies__continuandam,

316 5525 547 5582 poenam
581 5524 727 5563 SCI‘VI
757 5525 864 5634 per
895 5524 1285 5634 quadraginta
1309 5524 1434 5564 dies
1483 5524 1967 5579 continuandam,

314 5579 737 5712 ῗίγθάἕέιᾶξιίὲιὶω
785 5578 951 5648 uerit,
973 5595 1076 5636 seu
1101 5597 1134 5636 a
1163 5579 1260 5635 iud
1283 5579 1639 5656 supplicium
1664 5598 1777 5656 pro
1816 5581 1970 5638 arbi-

343 5669 426 5711 rlo
691 5694 704 5709 .

343 5669 426 5711 ιἰο
457 5667 704 5710 αοωιω.

2080 4763 2452 4820 tantumdem
2487 4763 2695 4820 solvat.

2151 4853 2286 4909 CAP.
2321 4853 2486 4908 XLV.
2519 4853 2860 4910 Promissum
2887 4853 3035 4910 cadit
3072 4855 3134 4908 in
3158 4854 3417 4912 debitum.
3478 4855 3538 4910 Si
3597 4855 3740 4929 quis

2082 4946 2278 4997 autem
2309 4941 2587 5009 militum,
2621 4958 2796 4998 suum
2828 4948 3216 5016 spontaneum
3257 4944 3478 5000 donum
3527 4943 3738 5002 dicens

2153 5157 2300 5238 (117)
2333 5155 2458 5238 Non
2491 5155 2730 5238 additur
2759 5175 2960 5238 pcena;
2994 5157 3220 5238 opinor,
3245 5159 3384 5232 quia
3411 5158 3514 5216 illa
3553 5159 3754 5233 intlgii

2079 5233 2307 5301 poterat
2338 5244 2372 5301 a
2402 5229 2644 5301 domino
2677 5245 2798 5301 pro;
2817 5229 3077 5286 arbitrio.

2151 5300 2300 5384 (IIS)
2324 5299 2609 5384 .Gravior‘a
2641 5299 2756 5384 pro.
2777 5299 3262 5384 furtro'servorum
3275 5306 3352 5384 et
3414 5301 3748 5384 liberorum

2088 5370 2378 5442 supplicia
2405 5371 2616 5426 deinde
2643 5370 2856 5426 statuit
2886 5371 3376 5429 S.Ladislauslib.
3399 5389 3607 5446 11,cap.
3649 5377 3748 5445 12,

2078 5448 2135 5496 et
2165 5443 2574 5498 sequentibus.
2609 5449 2663 5497 et
2698 5441 2840 5498 locis
2879 5442 3029 5498 aliis.

2153 5483 2298 5585 (“29)
2335 5514 2444 5568 Lex
2473 5483 2618 5578 haec,
2651 5513 2824 5583 cujus
2853 5529 2994 5569 sane
3010 5531 3193 5641 tpaena
3223 5514 3402 5572 levior
3439 5520 3531 5572 est
3563 5532 3755 5589 quam

2153 5601 2182 5640 ο
2215 5584 2393 5640 simili
2424 5583 2672 5639 crimine
2704 5583 2924 5641 passim
2945 5585 3005 5641 in
3053 5587 3252 5641 igitur.
3285 5604 3399 5641 non
3420 5592 3618 5641 exacte
3649 5603 3755 5641 ex-

2078 5583 2182 5658 prc
2204 5583 2393 5660 _simili
2424 5583 2672 5660 crimine
2703 5583 3252 5660 passiminﬂigitur,
3285 5604 3399 5644 non
3420 5583 3618 5646 exacte
3649 5603 3759 5646 ex-

2079 5653 2320 5731 ponitur
2374 5673 2412 5714 n
2441 5653 2616 5714 titulo
2655 5653 2730 5711 ad
2762 5653 3274 5732 marginem'dato.
