3962 6382
148 337 292 406 1253

1573 334 2115 406 PRIVILEGIUM.

3387 354 3416 416 1
3427 352 3547 416 254

146 478 245 533 sibi
275 475 329 533 vi
357 475 642 548 ablatum,
684 472 935 532 mendax
977 474 1278 544 exstiterit,
1312 479 1369 533 et
1413 476 1521 531 hoc
1571 478 1782 542 careat,
1816 481 1867 545 Α
1898 477 2334 548 conspiraverit,
2394 483 2495 534 aut
2552 479 2888 553 conspirare
2944 480 3166 555 aliquid
3217 489 3546 556 tentaverit,

157 571 208 622 et
236 566 478 638 insuper
506 565 875 622 tantumdem
909 563 1095 621 solvat
1118 565 1286 637 (120).

216 659 344 712 CAP.
379 655 573 711 XLVI.
603 655 677 711 De
707 654 792 710 his
823 655 919 727 qui
967 654 1240 710 hominem
1268 654 1452 725 gladio
1481 653 1792 710 occiderint.

149 745 204 801 Si
231 744 365 817 quis
394 744 696 800 hominem
727 742 923 817 gladio
948 743 1239 810 occiderit,
1263 744 1463 799 eodem
1492 742 1796 817 juguletur

155 832 343 906 gladio
370 832 538 906 (121).

216 923 349 979 CAP.
399 922 611 979 XLVII.
663 923 740 978 De
790 921 1121 978 debilatione
1179 922 1546 977 membrorum
1612 922 1793 993 gladio

147 1014 311 1084 facta.
372 1011 432 1067 Si
502 1011 637 1083 quis
708 1014 903 1066 autem
973 1009 1166 1083 gladio
1235 1009 1538 1083 evaginato
1610 1009 1790 1065 alium

150 1101 461 1174 quemlibet
493 1099 900 1169 debilitaverit,
931 1100 1021 1156 vel
1067 1099 1126 1154 in
1170 1098 1365 1171 oculo,
1392 1098 1479 1155 vel
1529 1100 1588 1153 in
1623 1100 1786 1171 pede,

148 1188 233 1245 vel
258 1190 318 1244 in
350 1206 552 1260 manu,
587 1187 893 1246 consimile
940 1187 1034 1244 sui
1085 1186 1343 1260 corporis
1372 1188 1655 1244 damnum
1688 1205 1789 1261 pa-

150 1279 342 1334 tiatur.
396 1310 401 1315 -

146 1376 171 1436 ιτ
217 1368 348 1424 CAP.
379 1367 622 1424 XLVIII.
666 1369 742 1423 De
787 1383 847 1423 eo
891 1368 988 1438 qui
1032 1366 1214 1438 gladio
1254 1383 1547 1440 percussus
1594 1368 1788 1422 vulnus

147 1459 364 1530 accepit.
400 1457 457 1513 Si
492 1458 626 1530 quis
667 1473 801 1513 vero
831 1455 1024 1530 gladio
1053 1455 1377 1512 vulneravit
1419 1456 1695 1527 aliquem,
1732 1459 1789 1511 et

143 1546 482 1603 vulneratus
514 1547 584 1602 de
624 1546 826 1602 eodem
857 1544 1095 1600 vulnere
1144 1561 1324 1600 sanus
1370 1547 1427 1599 et
1476 1543 1786 1599 incolumis

145 1635 407 1703 evaserit,
439 1634 739 1691 homicidii
772 1632 1253 1705 compositionem
1299 1631 1558 1688 vulneris
1596 1631 1788 1687 illalor

146 1728 472 1797 componat.

209 1814 338 1870 CAP.
373 1813 561 1869 XLIX.
590 1815 665 1869 De
692 1813 872 1883 gladii
897 1812 1278 1883 evaginaticne
1304 1812 1423 1865 sine
1450 1812 1691 1864 vulnere.
1723 1809 1781 1864 Si

142 1902 270 1976 quis
301 1903 499 1958 furore
529 1901 788 1975 repletus
836 1899 1227 1973 evaginaverit
1274 1899 1556 1972 gladium,
1589 1903 1647 1953 et
1694 1903 1781 1953 ta-

141 2009 271 2048 men
318 2008 433 2047 non
479 1990 713 2057 laeserit,
744 2006 849 2062 pro
899 1988 1023 2045 sola
1070 1988 1475 2061 evaginatione
1524 1987 1782 2042 medium

139 2080 441 2137 homicidii
471 2080 863 2153 compositum
896 2078 1079 2134 solvat
1108 2078 1275 2149 (122).

207 2172 340 2226 CAP.
376 2170 437 2225 L.
470 2170 544 2225 De
583 2169 888 2224 testimonio
919 2182 1217 2237 servorum,
1249 2166 1418 2221 curiae
1460 2166 1783 2237 preposito-

138 2276 278 2315 rum.
304 2258 363 2313 Si
386 2258 520 2330 quis
550 2273 849 2314 servorum
882 2255 1053 2311 curiae
1077 2254 1253 2327 regali
1276 2254 1363 2309 vel
1386 2253 1618 2309 comitis
1645 2271 1785 2325 prae-

138 2349 353 2418 ﬁcitur,
386 2347 515 2418 ejus
543 2345 948 2403 testimonium
989 2344 1141 2399 inter
1169 2344 1410 2398 comites
1449 2343 1780 2414 recipiatur,

137 2438 187 2494 si
217 2453 422 2493 servus
451 2436 762 2504 seniorem,
788 2433 874 2490 vel
907 2433 1164 2489 serviens
1195 2449 1371 2488 suum
1398 2432 1669 2488 comitem
1700 2432 1784 2486 in-

141 2525 432 2582 terfecerit
458 2525 626 2595 (I23).

205 2614 334 2669 CAP.
364 2614 456 2670 LI.
493 2615 564 2668 De
581 2613 982 2685 conspiratione
1011 2615 1199 2666 contra
1218 2626 1400 2681 regem
1429 2614 1480 2665 et
1510 2611 1777 2681 reginam.

138 2703 195 2759 Si
227 2701 363 2775 quis
390 2701 451 2757 in
490 2716 687 2775 regem
733 2704 834 2757 aut
875 2716 1118 2773 regnum
1159 2699 1594 2772 conspiraverit,
1628 2699 1782 2755 refu-

135 2791 300 2864 gium
332 2789 564 2846 nullum
604 2790 816 2845 habeat
859 2789 931 2844 ad
970 2788 1294 2844 ecclesiam.
1329 2788 1388 2843 Si
1420 2787 1554 2860 quis
1582 2791 1784 2843 contra

135 2878 289 2952 regis
314 2877 567 2935 salutem
596 2882 697 2933 aut
718 2878 1062 2951 dignitatem
1087 2876 1345 2949 quolibet
1366 2877 1538 2932 modo
1561 2875 1780 2949 aliquid

204 3006 374 3078 (120)⁸
388 3003 619 3078 Titulus
639 3005 722 3078 ‘ad
752 3002 1080 3078 marginem
1109 3002 1340 3078 positus
1371 3020 1486 3058 non
1517 3002 1782 3078 satisex-

134 3075 315 3157 plicat
344 3075 727 3157 ﬁnemhujus
752 3074 925 3157 legis,
941 3074 1086 3156 quin
1107 3074 1305 3145 potius
1329 3078 1415 3130 est
1437 3090 1605 3147 poena
1625 3074 1784 3128 men-

131 3147 410 3203 tientium
441 3152 545 3203 aut
574 3147 1080 3202 calumniantium.

202 3220 353 3289 (121)
381 3218 466 3273 Ad
497 3218 733 3289 hancet
770 3221 1078 3289 sequentes
1124 3216 1286 3289 leges,
1330 3216 1578 3289 refertur
1606 3220 1780 3287 caput
1810 3219 1852 3286 C

129 3290 222 3357 33,
256 3287 465 3360 ex'quo
515 3287 919 3359 intelligimus,
956 3288 1126 3343 hasce
1171 3287 1566 3343 Verisimiliter
1615 3289 1779 3360 prius

130 3377 263 3417 esse
293 3360 666 3433 compositas.

228 3432 362 3505 122)
385 3428 747 3505 Ineditione
783 3429 1062 3505 Sambuci
1115 3447 1284 3502 pcena
1342 3428 1425 3505 sic
1482 3429 1776 3485 habetur:

129 3527 157 3577 (ς
190 3501 505 3559 Homicidii
537 3504 923 3577 compositum
959 3501 1165 3570 solvat,
1194 3524 1222 3550 »
1256 3502 1476 3557 omissa
1504 3518 1639 3556 voce
1668 3517 1780 3556 me-

491 3645 613 3728 haac
639 3645 831 3728 editor
849 3662 897 3700 :«
921 3644 1082 3728 Quod
1107 3642 1391 3728 officiales
1406 3644 1781 3728 dominorum

121 3715 183 3773 et
208 3714 505 3774 nobilium
546 3717 607 3771 in
638 3717 872 3772 ferendo
916 3715 1252 3772 testimonio
1298 3714 1554 3771 nobilius
1601 3715 1783 3786 inqui-

1905 584 2007 622 seu
2040 567 2285 622 tentanti
2314 568 2565 624 scienter
2595 569 2976 641 consenserit,
3000 572 3542 646 anathematizetur,

1903 660 1960 710 et
2007 656 2271 712 omnium
2331 656 2593 713 ﬁdelium
2652 660 3065 718 communione
3118 662 3395 735 privetur.
3440 663 3546 720 Vel

1904 745 1952 801 si
1984 745 2117 817 quis
2148 744 2487 817 hujusmodi
2518 746 2770 819 aliquem
2810 749 3052 818 noverit,
3086 755 3143 808 et
3172 752 3418 824 probare
3448 770 3547 808 va-

1901 833 2028 889 lens
2068 851 2182 889 non
2231 833 2589 903 indicaverit,
2623 836 2905 909 praedictae
2955 839 3255 911 subjaceat
3300 841 3542 897 damna-

1902 922 2045 978 tioni
2078 924 2248 995 (124).

1970 1012 2102 1067 CAP.
2138 1012 2254 1067 LII.
2286 1014 2360 1068 De
2388 1012 2762 1070 decimatione.
2795 1016 2852 1070 Si
2895 1016 2988 1071 cui
3018 1017 3169 1073 Deus
3199 1018 3396 1074 decem
3444 1021 3543 1075 de-

1900 1100 2051 1155 derit
2079 1101 2136 1155 in
2178 1118 2351 1169 anno,
2376 1102 2662 1159 decimam
2707 1104 2824 1159 Deo
2857 1105 2973 1161 det.
2996 1107 3067 1161 Et
3116 1105 3161 1161 si
3207 1107 3342 1178 quis
3390 1109 3543 1163 deci-

1900 1206 2057 1244 mam
2088 1206 2257 1245 suam
2288 1191 2614 1259 abscondit,
2642 1208 2846 1248 novem
2880 1193 3083 1249 solvat.
3116 1195 3186 1250 Et
3214 1195 3263 1250 si
3294 1195 3427 1267 quis
3453 1197 3545 1253 de-

1897 1277 2269 1335 cimationem
2330 1280 2601 1352 episcopo
2659 1287 2988 1353 separatam
3062 1284 3289 1340 furatus
3344 1284 3540 1353 fuerit,

1896 1366 2248 1438 dijudicetur
2296 1372 2357 1422 ut
2406 1370 2517 1435 fur,
2550 1386 2618 1424 ac
2664 1370 3002 1441 hujusmodi
3055 1372 3396 1444 compositio
3422 1376 3544 1430 tota

1895 1456 2181 1527 pertineat
2210 1456 2281 1511 ad
2314 1456 2674 1529 episcopum.

1966 1544 2098 1599 CAP.
2134 1544 2275 1600 LIII.
2300 1546 2374 1601 De
2412 1546 2900 1603 calumniatoribus
2945 1549 3105 1603 auL'e.
3142 1548 3201 1604 Si
3232 1550 3366 1623 quis
3414 1566 3540 1606 ver-

1894 1637 2063 1688 sutus
2091 1632 2261 1689 alicui
2292 1635 2596 1701 comitum,
2614 1635 2702 1690 vel
2730 1634 2892 1691 alteri
2924 1653 3182 1709 persona:
3209 1637 3365 1694 ﬁdeli
3388 1637 3542 1694 dixe-

1894 1722 1985 1777 rit.
2020 1722 2225 1777 Audivi
2258 1739 2452 1795 regem
2497 1725 2568 1779 ad
2614 1725 2998 1796 perditionem
3031 1726 3114 1781 tui
3141 1726 3324 1799 loqui,
3359 1732 3417 1783 et
3446 1726 3540 1783 hic

1894 1811 2166 1866 inventus
2198 1811 2391 1878 fuerit,
2426 1817 2641 1884 pereat.

1966 1899 2100 1955 CAP.
2134 1899 2270 1955 LIV.
2304 1902 2379 1955 De
2420 1900 2524 1967 his,
2558 1903 2653 1971 qui
2695 1902 2981 1958 mendacia
3022 1906 3168 1959 inter
3212 1905 3345 1961 duos
3394 1906 3544 1963 aula

1891 1989 2202 2059 familiares
2257 1995 2535 2045 exstruunt.
2580 1990 2637 2045 Si
2702 1990 2835 2063 quis
2888 1991 3044 2048 inter
3099 1993 3249 2050 duos
3299 1994 3542 2050 comites

1894 2077 2199 2133 mendacia
2230 2079 2559 2150 protulerit,
2587 2084 2891 2151 tacereque
2921 2097 3019 2137 eos
3051 2082 3393 2155 deprecatus
3423 2084 3542 2139 fue-

1894 2165 1987 2234 rit,
2021 2171 2087 2222 ut
2135 2168 2351 2223 astutia
2407 2167 2619 2223 diaboli
2652 2170 2725 2223 ab
2758 2169 3004 2225 invicem
3060 2187 3159 2227 eos
3223 2177 3539 2245 separaret,

1892 2254 2078 2310 solvat
2102 2256 2249 2310 duas
2271 2256 2722 2328 compositiones
2746 2258 2969 2314 fallacis
2999 2259 3213 2333 linguae
3238 2277 3343 2333 pro
3374 2264 3538 2317 reatu

1893 2343 2202 2399 mendacii.
2251 2343 2309 2398 Si
2372 2344 2473 2398 uni
2532 2345 2638 2400 soli
2698 2346 2969 2402 adulatus
3027 2348 3222 2416 fuerit,
3282 2350 3542 2421 privetur

1891 2430 2111 2503 lingua.

1962 2521 2095 2576 CAP.
2131 2520 2240 2575 LV.
2272 2522 2347 2576 De
2388 2523 2536 2591 furto
2587 2522 3038 2585 Uduornicorum,
3068 2523 3125 2578 id
3175 2528 3282 2590 est,
3315 2524 3537 2582 liberti-

1891 2626 2122 2664 norum.
2152 2608 2211 2665 Si
2242 2609 2374 2681 quis
2404 2609 2657 2677 illorum,
2693 2610 2792 2682 qui
2821 2611 2992 2684 vulgo
3017 2613 3310 2668 Uduornic
3335 2630 3541 2670 vocan-

1889 2701 2005 2767 tur,
2040 2700 2260 2753 furtum
2309 2699 2690 2765 commiserit,
2724 2699 2849 2772 lege
2898 2699 3213 2756 liberorum
3253 2701 3536 2774 dijudice-

1888 2791 2003 2841 tur.
2036 2787 2465 2843 Testimonium
2497 2792 2692 2844 autem
2725 2789 2854 2859 ejus
2882 2787 3033 2845 inter
3061 2789 3221 2862 ipsos
3254 2807 3368 2847 non
3400 2790 3538 2847 reci-

1891 2876 2087 2948 piatur
2115 2877 2234 2949 [al.,
2269 2876 2573 2948 recipiant]
2605 2877 2775 2950 (125).

1891 3006 2189 3075 parentur,
2223 3001 2365 3075 hinc
2390 3000 2667 3075 manavit.
2696 3025 2722 3075 »_

1963 3074 2109 3145 (124)
2141 3071 2407 3150 In_titulo
2439 3074 2509 3129 ad
2543 3073 2867 3150 marginem
2902 3091 3007 3146 pro
3035 3082 3087 3130 et
3115 3077 3365 3150 reginam
3392 3076 3541 3150 lege-

1892 3149 2055 3199 retur
2085 3145 2304 3220 re_ctiu_s_
2336 3148 2388 3220 el
2427 3145 2692 3220 regnum,
2714 3145 2797 3199 uti
2829 3145 2987 3217 patet
3015 3163 3083 3201 ex
3129 3145 3259 3218 ipsa
3303 3145 3540 3220 Iegefet

1893 3216 2185 3271 consentit
2216 3216 2392 3270 editio
2423 3217 2718 3271 Sambuci.

1964 3288 2108 3358 (125)
2152 3286 2288 3358 vox,
2325 3287 2605 3358 Uduornic
2651 3287 2804 3358 apud
2856 3286 3212 3342 Sambucum
3263 3289 3540 3344 scribitur

1894 3357 2242 3431 waomyck.
2273 3357 2379 3413 Pro
2409 3357 2883 3431 interpretatione
2909 3359 2986 3431 ad
3019 3359 3344 3431 marginem
3377 3364 3539 3415 nota-

1890 3434 2005 3497 tur,
2039 3429 2327 3484 Iibertinus
2348 3429 2551 3484 nobilis
2566 3428 2875 3500 ’przedialis.
2908 3428 3080 3483 Hisce
3111 3428 3349 3485 tandem
3381 3431 3538 3486 addi-

1888 3504 2030 3555 tur:
2077 3500 2311 3571 Explica
2357 3499 2637 3572 Decretum
2682 3499 3171 3572 sancliStephani
3213 3503 3378 3571 regis,
3404 3518 3535 3572 pro-

1888 3570 2195 3653 mulgatum
2239 3570 2654 3653 Slrigo‘nii‘(al.,
2687 3570 2895 3643 Talna?)
2927 3570 3079 3653 anno
3132 3570 3290 3653 1035.
3318 3570 3534 3653 Verum

1891 3641 2145 3724 de‘anno
2205 3641 2690 3724 promulgationis
2738 3658 2854 3697 non
2879 3641 3039 3697 'certo
3088 3648 3357 3699 constare
3406 3644 3535 3715 jam

1893 3718 2027 3769 ante
2056 3718 2277 3769 monui.

1096 3981 1667 4113 SANCTI
1769 3981 2570 4112 STEPHANI

1458 4190 2210 4277 PRIVILEGIUM

889 4339 1452 4397 PROTOABBATL'E
1489 4340 1546 4396 S.
1590 4339 1897 4396 MARTINI
1936 4340 2318 4395 PANNONl/E
2358 4340 2777 4397 CONCESSUM

1605 4466 1808 4545 (Anno
1854 4465 1996 4526 1001
2017 4463 2056 4544 .)

1060 4600 1212 4672 (Acta
1239 4603 1549 4656 sanctorum
1577 4596 1826 4654 Bolland.
1860 4595 2183 4669 Septembr.
2218 4601 2260 4652 t.
2295 4598 2335 4665 Ι,
2371 4614 2424 4669 p.
2460 4597 2611 4667 494.)

1618 4729 2042 4742 —_———-

187 4834 259 4891 In
294 4832 532 4889 nomine
573 4832 803 4888 Domini
846 4831 947 4888 Dei
997 4830 1236 4887 summi.
1284 4832 1642 4899 STEPHANUS,
1675 4848 1773 4887 su-
1806 4837 1854 4900 Ι)
1884 4830 2105 4886 domini
2135 4828 2425 4885 Anastasii
2459 4828 2688 4884 abbatis
2719 4829 2790 4884 de
2821 4829 2943 4900 [al.,
2979 4828 3049 4883 de
3079 4826 3373 4897 omittitur]
3404 4843 3534 4883 mo-

102 4938 311 4997 perna
338 4921 459 4994 [al.,
490 4921 703 4989 divina]
742 4919 1078 4993 providente
1109 4919 1440 4987 clementia,
1472 4919 1772 4991 Hungaro-

99 5027 253 5068 rum
290 5026 411 5066 rex.

182 5099 506 5156 Credimus
532 5103 590 5154 et
620 5116 749 5155 vere
795 5099 1037 5164 scimus,
1073 5097 1120 5153 si
1163 5095 1305 5151 locis
1354 5095 1548 5151 divino
1595 5096 1776 5152 cultui

99 5187 501 5261 mancipa’tis,
530 5192 848 5260 potestates
879 5192 1052 5258 atque
1083 5185 1333 5240 honores
1366 5185 1776 5258 adaugmenta-

96 5276 477 5345 verimus,id
500 5294 613 5333 non
634 5277 824 5333 solum
847 5276 1018 5332 laude
1039 5274 1297 5329 humana
1313 5273 1771 5344 praedicandum,

94 5383 327 5424 verum
378 5365 575 5421 divina
619 5366 882 5422 mercede
930 5362 1445 5420 remunerandum.
1497 5361 1777 5424 Quocirca

97 5456 395 5513 omnium
426 5458 639 5511 sanctae
672 5453 938 5511 Ecclesiae
969 5453 1069 5509 Dei
1100 5450 1383 5520 ﬁdelium,
1409 5455 1772 5506 nostrorum-

97 5561 254 5619 que,
292 5544 670 5617 przesentium
733 5562 799 5600 ac
855 5544 1185 5600 futurorum
1247 5540 1428 5598 solers
1458 5541 1777 5613 comperiat

94 5632 372 5696 intentio
402 5634 557 5711 quod
595 5651 703 5693 nos
743 5635 1095 5701 interventu,
1127 5629 1368 5691 consilio
1399 5634 1456 5688 et
1485 5646 1775 5689 consensu

1885 4918 2137 4976 nasterio
2159 4920 2217 4974 S.
2238 4916 2491 4981 Martini,
2514 4916 2575 4971 in
2599 4921 2795 4973 monte
2816 4934 2995 4989 supra
3014 4916 3376 4972 Pannoniam
3399 4915 3533 4983 sito,

1884 5027 1917 5065 a
1946 5009 2208 5081 genitore
2240 5011 2439 5062 nostro
2468 5006 2739 5078 inccepto,
2765 5006 2919 5079 quod
2953 5023 3060 5061 nos
3089 5023 3192 5078 per
3210 5005 3312 5062 Dei
3344 5006 3536 5062 subsi-

1884 5096 2069 5161 dium,
2096 5096 2169 5151 ob
2203 5095 2410 5150 animae
2449 5098 2660 5149 nostra
2701 5094 3176 5168 remedium,pro
3217 5092 3534 5151 stabilitate

1884 5183 2047 5257 regni
2079 5183 2260 5239 nostri
2289 5184 2359 5238 ad
2394 5182 2567 5238 fidem
2605 5183 3008 5255 perduximus,
3041 5182 3219 5239 talem
3250 5183 3536 5239 concessi-

1883 5291 2017 5328 mus
2071 5272 2399 5328 libertatem
2454 5271 2689 5344 qualem
2747 5270 2969 5328 detinet
3016 5273 3440 5329 monasterium
3471 5272 3529 5328 S.

1884 5362 2181 5417 Benedicti
2213 5362 2273 5417 in
2299 5365 2496 5417 monte
2522 5361 2780 5431 Cassino,
2807 5360 2946 5434 quia
2974 5366 3211 5433 propter
3239 5360 3533 5417 orationes

1883 5454 2115 5507 sanctas
2168 5451 2415 5506 fratrum
2461 5451 2725 5522 ejusdem
2775 5449 3136 5517 monasterii,
3183 5449 3533 5505 conciliante

1882 5539 2119 5595 domino
2175 5540 2483 5596 Anastasio
2543 5541 2880 5614 praecripto
2944 5540 3154 5596 abbate
3211 5542 3270 5594 et
3311 5536 3535 5610 jugiter

1884 5630 2215 5705 adjuvante,
2249 5628 2558 5687 confortati
2595 5633 2653 5688 et
2689 5629 2934 5691 laureati
2964 5645 3201 5699 sumus;
3236 5626 3534 5704 singulare
