  <div class='ocr_page' id='page_1' title='image "/cluster/home/n/w/nwhite01/storage/ocr_20150623/151/umn.31951002477444s/762.png"; bbox 0 0 3962 6392; ppageno 0'>
   <div class='ocr_carea' id='block_1_1' title="bbox 137 374 1701 450">
    <p class='ocr_par' dir='ltr' id='par_1_1' title="bbox 137 374 1701 444">
     <span class='ocr_line' id='line_1_1' title="bbox 137 374 1701 444; baseline 0.006 -9"><span class='ocrx_word' id='word_1_1' title='bbox 137 374 272 436; x_wconf 60' lang='grc' dir='ltr'><strong>ωδ</strong></span> <span class='ocrx_word' id='word_1_2' title='bbox 283 399 296 422; x_wconf 68' lang='grc' dir='ltr'>ε</span> <span class='ocrx_word' id='word_1_3' title='bbox 1265 380 1701 444; x_wconf 75' lang='lat' dir='ltr'><strong>BRACILAUS</strong></span> 
     </span>
    </p>
   </div>
   <div class='ocr_carea' id='block_1_2' title="bbox 1975 374 3539 450">
    <p class='ocr_par' dir='ltr' id='par_1_2' title="bbox 1975 383 3539 450">
     <span class='ocr_line' id='line_1_2' title="bbox 1975 383 3539 450; baseline 0.004 -6"><span class='ocrx_word' id='word_1_4' title='bbox 1975 383 2368 447; x_wconf 67' lang='lat' dir='ltr'><strong>BOHEMUE.</strong></span> <span class='ocrx_word' id='word_1_5' title='bbox 3371 388 3539 450; x_wconf 72' lang='grc'><strong>1258-</strong></span> 
     </span>
    </p>
   </div>
   <div class='ocr_carea' id='block_1_3' title="bbox 1614 718 2015 761">
    <p class='ocr_par' dir='ltr' id='par_1_3' title="bbox 1614 718 2015 761">
     <span class='ocr_line' id='line_1_3' title="bbox 1614 718 2015 761; baseline 0.005 -4"><span class='ocrx_word' id='word_1_6' title='bbox 1614 719 1765 761; x_wconf 79' lang='lat' dir='ltr'><strong>ANNO</strong></span> <span class='ocrx_word' id='word_1_7' title='bbox 1802 718 2015 760; x_wconf 63' lang='lat' dir='ltr'><strong>[XLVIII</strong></span> 
     </span>
    </p>
   </div>
   <div class='ocr_carea' id='block_1_4' title="bbox 607 882 3046 1026">
    <p class='ocr_par' dir='ltr' id='par_1_4' title="bbox 607 882 3046 1026">
     <span class='ocr_line' id='line_1_4' title="bbox 607 882 3046 1026; baseline 0.005 -12"><span class='ocrx_word' id='word_1_8' title='bbox 607 882 1354 1019; x_wconf 65' lang='lat' dir='ltr'><strong>ANDBEE</strong></span> <span class='ocrx_word' id='word_1_9' title='bbox 1463 885 2454 1024; x_wconf 49' lang='lat' dir='ltr'><strong>HUNGAHIIE</strong></span> <span class='ocrx_word' id='word_1_10' title='bbox 2521 887 3046 1026; x_wconf 78' lang='lat' dir='ltr'><strong>REGIS</strong></span> 
     </span>
    </p>
   </div>
   <div class='ocr_carea' id='block_1_5' title="bbox 837 1139 2802 1230">
    <p class='ocr_par' dir='ltr' id='par_1_5' title="bbox 837 1139 2802 1230">
     <span class='ocr_line' id='line_1_5' title="bbox 837 1139 2802 1230; baseline 0.001 -4"><span class='ocrx_word' id='word_1_11' title='bbox 837 1139 1846 1227; x_wconf 70' lang='lat' dir='ltr'><strong>CONS&#39;FI&#39;l‘UTIONES</strong></span> <span class='ocrx_word' id='word_1_12' title='bbox 1903 1139 2802 1230; x_wconf 64' lang='lat' dir='ltr'><strong>ECCLESIASTICAE</strong></span> 
     </span>
    </p>
   </div>
   <div class='ocr_carea' id='block_1_6' title="bbox 1329 1341 2312 1415">
    <p class='ocr_par' dir='ltr' id='par_1_6' title="bbox 1329 1341 2312 1415">
     <span class='ocr_line' id='line_1_6' title="bbox 1329 1341 2312 1415; baseline 0.001 -18"><span class='ocrx_word' id='word_1_13' title='bbox 1329 1342 1562 1414; x_wconf 78' lang='grc' dir='ltr'><strong>(ΜΑΝΒῙ,</strong></span> <span class='ocrx_word' id='word_1_14' title='bbox 1599 1341 1807 1401; x_wconf 81' lang='lat' dir='ltr'><strong>Concil.</strong></span> <span class='ocrx_word' id='word_1_15' title='bbox 1840 1343 1987 1412; x_wconf 83' lang='lat' dir='ltr'><strong>XIX,</strong></span> <span class='ocrx_word' id='word_1_16' title='bbox 2019 1343 2129 1400; x_wconf 90' lang='lat' dir='ltr'><strong>col.</strong></span> <span class='ocrx_word' id='word_1_17' title='bbox 2162 1344 2312 1415; x_wconf 87' lang='grc'><strong>631.)</strong></span> 
     </span>
    </p>
   </div>
   <div class='ocr_carea' id='block_1_7' title="bbox 179 1635 3519 1713">
    <p class='ocr_par' dir='ltr' id='par_1_7' title="bbox 179 1635 3519 1713">
     <span class='ocr_line' id='line_1_7' title="bbox 179 1635 3519 1713; baseline 0.002 -19"><span class='ocrx_word' id='word_1_18' title='bbox 179 1642 221 1695; x_wconf 91' lang='lat' dir='ltr'><strong>l.</strong></span> <span class='ocrx_word' id='word_1_19' title='bbox 253 1638 327 1695; x_wconf 92' lang='lat' dir='ltr'><strong>Ut</strong></span> <span class='ocrx_word' id='word_1_20' title='bbox 347 1636 682 1711; x_wconf 85' lang='lat' dir='ltr'><strong>quicunque</strong></span> <span class='ocrx_word' id='word_1_21' title='bbox 713 1635 1001 1709; x_wconf 89' lang='lat' dir='ltr'><strong>Ungarus,</strong></span> <span class='ocrx_word' id='word_1_22' title='bbox 1036 1651 1139 1691; x_wconf 92' lang='lat' dir='ltr'><strong>seu</strong></span> <span class='ocrx_word' id='word_1_23' title='bbox 1171 1635 1515 1708; x_wconf 87' lang='lat' dir='ltr'><strong>peregrinus</strong></span> <span class='ocrx_word' id='word_1_24' title='bbox 1545 1635 1604 1691; x_wconf 92' lang='lat' dir='ltr'><strong>in</strong></span> <span class='ocrx_word' id='word_1_25' title='bbox 1644 1637 1754 1693; x_wconf 90' lang='lat' dir='ltr'><strong>Un-</strong></span> <span class='ocrx_word' id='word_1_26' title='bbox 1783 1640 1838 1706; x_wconf 79' lang='grc' dir='ltr'><strong>Α</strong></span> <span class='ocrx_word' id='word_1_27' title='bbox 1938 1637 2004 1694; x_wconf 92' lang='lat' dir='ltr'><strong>V.</strong></span> <span class='ocrx_word' id='word_1_28' title='bbox 2039 1639 2099 1694; x_wconf 91' lang='lat' dir='ltr'><strong>Si</strong></span> <span class='ocrx_word' id='word_1_29' title='bbox 2150 1639 2283 1711; x_wconf 85' lang='lat' dir='ltr'><strong>quis</strong></span> <span class='ocrx_word' id='word_1_30' title='bbox 2331 1637 2468 1711; x_wconf 89' lang='lat' dir='ltr'><strong>Deo,</strong></span> <span class='ocrx_word' id='word_1_31' title='bbox 2519 1640 2854 1713; x_wconf 83' lang='lat' dir='ltr'><strong>sanctisque</strong></span> <span class='ocrx_word' id='word_1_32' title='bbox 2901 1641 3053 1712; x_wconf 88' lang='lat' dir='ltr'><strong>ejus,</strong></span> <span class='ocrx_word' id='word_1_33' title='bbox 3100 1645 3156 1698; x_wconf 88' lang='lat' dir='ltr'><strong>et</strong></span> <span class='ocrx_word' id='word_1_34' title='bbox 3205 1643 3519 1701; x_wconf 83' lang='lat' dir='ltr'><strong>sacerdoti-</strong></span> 
     </span>
    </p>
   </div>
   <div class='ocr_carea' id='block_1_8' title="bbox 115 1724 3518 1806">
    <p class='ocr_par' dir='ltr' id='par_1_8' title="bbox 115 1724 3518 1806">
     <span class='ocr_line' id='line_1_8' title="bbox 115 1724 3518 1806; baseline 0.001 -22"><span class='ocrx_word' id='word_1_35' title='bbox 115 1727 267 1803; x_wconf 88' lang='lat' dir='ltr'><strong>garia</strong></span> <span class='ocrx_word' id='word_1_36' title='bbox 293 1727 556 1799; x_wconf 88' lang='lat' dir='ltr'><strong>deposito</strong></span> <span class='ocrx_word' id='word_1_37' title='bbox 588 1724 855 1798; x_wconf 87' lang='lat' dir='ltr'><strong>Scythico</strong></span> <span class='ocrx_word' id='word_1_38' title='bbox 885 1725 1089 1796; x_wconf 84' lang='lat' dir='ltr'><strong>gentili</strong></span> <span class='ocrx_word' id='word_1_39' title='bbox 1141 1728 1198 1780; x_wconf 88' lang='lat' dir='ltr'><strong>et</strong></span> <span class='ocrx_word' id='word_1_40' title='bbox 1245 1725 1477 1781; x_wconf 84' lang='lat' dir='ltr'><strong>ethnico</strong></span> <span class='ocrx_word' id='word_1_41' title='bbox 1506 1727 1651 1793; x_wconf 89' lang='lat' dir='ltr'><strong>ritu;</strong></span> <span class='ocrx_word' id='word_1_42' title='bbox 1687 1727 1760 1782; x_wconf 91' lang='lat' dir='ltr'><strong>ad</strong></span> <span class='ocrx_word' id='word_1_43' title='bbox 1871 1728 1981 1783; x_wconf 92' lang='lat' dir='ltr'><strong>bus</strong></span> <span class='ocrx_word' id='word_1_44' title='bbox 2030 1727 2418 1797; x_wconf 82' lang='lat' dir='ltr'><strong>malediceret,</strong></span> <span class='ocrx_word' id='word_1_45' title='bbox 2453 1730 2553 1784; x_wconf 91' lang='lat' dir='ltr'><strong>aut</strong></span> <span class='ocrx_word' id='word_1_46' title='bbox 2599 1729 2658 1784; x_wconf 88' lang='lat' dir='ltr'><strong>in</strong></span> <span class='ocrx_word' id='word_1_47' title='bbox 2710 1745 2808 1785; x_wconf 92' lang='lat' dir='ltr'><strong>eos</strong></span> <span class='ocrx_word' id='word_1_48' title='bbox 2858 1729 2999 1787; x_wconf 90' lang='lat' dir='ltr'><strong>mali</strong></span> <span class='ocrx_word' id='word_1_49' title='bbox 3053 1731 3194 1804; x_wconf 88' lang='lat' dir='ltr'><strong>quid</strong></span> <span class='ocrx_word' id='word_1_50' title='bbox 3242 1729 3518 1806; x_wconf 79' lang='lat' dir='ltr'><strong>patraret,</strong></span> 
     </span>
    </p>
   </div>
   <div class='ocr_carea' id='block_1_9' title="bbox 113 1812 3520 1888">
    <p class='ocr_par' dir='ltr' id='par_1_9' title="bbox 113 1812 3520 1888">
     <span class='ocr_line' id='line_1_9' title="bbox 113 1812 3520 1888; baseline 0.002 -16"><span class='ocrx_word' id='word_1_51' title='bbox 113 1834 299 1874; x_wconf 88' lang='lat' dir='ltr'><strong>veram</strong></span> <span class='ocrx_word' id='word_1_52' title='bbox 327 1815 467 1872; x_wconf 89' lang='lat' dir='ltr'><strong>Jesu</strong></span> <span class='ocrx_word' id='word_1_53' title='bbox 491 1813 704 1870; x_wconf 85' lang='lat' dir='ltr'><strong>Christi</strong></span> <span class='ocrx_word' id='word_1_54' title='bbox 736 1814 912 1869; x_wconf 82' lang='lat' dir='ltr'><strong>ﬁdem</strong></span> <span class='ocrx_word' id='word_1_55' title='bbox 943 1812 1096 1868; x_wconf 86' lang='lat' dir='ltr'><strong>illico</strong></span> <span class='ocrx_word' id='word_1_56' title='bbox 1131 1831 1246 1869; x_wconf 91' lang='lat' dir='ltr'><strong>non</strong></span> <span class='ocrx_word' id='word_1_57' title='bbox 1278 1814 1510 1882; x_wconf 83' lang='lat' dir='ltr'><strong>rediret,</strong></span> <span class='ocrx_word' id='word_1_58' title='bbox 1545 1831 1612 1870; x_wconf 91' lang='lat' dir='ltr'><strong>ac</strong></span> <span class='ocrx_word' id='word_1_59' title='bbox 1660 1831 1759 1870; x_wconf 91' lang='lat' dir='ltr'><strong>sa-</strong></span> <span class='ocrx_word' id='word_1_60' title='bbox 1870 1815 1968 1872; x_wconf 90' lang='lat' dir='ltr'><strong>Dei</strong></span> <span class='ocrx_word' id='word_1_61' title='bbox 2003 1815 2280 1888; x_wconf 89' lang='lat' dir='ltr'><strong>primum,</strong></span> <span class='ocrx_word' id='word_1_62' title='bbox 2315 1823 2442 1873; x_wconf 89' lang='lat' dir='ltr'><strong>tum</strong></span> <span class='ocrx_word' id='word_1_63' title='bbox 2473 1816 2790 1875; x_wconf 85' lang='lat' dir='ltr'><strong>vindictam</strong></span> <span class='ocrx_word' id='word_1_64' title='bbox 2831 1835 3000 1877; x_wconf 88' lang='lat' dir='ltr'><strong>suam</strong></span> <span class='ocrx_word' id='word_1_65' title='bbox 3049 1820 3426 1880; x_wconf 82' lang='lat' dir='ltr'><strong>incur&#39;surum</strong></span> <span class='ocrx_word' id='word_1_66' title='bbox 3457 1835 3520 1879; x_wconf 85' lang='lat' dir='ltr'><strong>se</strong></span> 
     </span>
    </p>
   </div>
   <div class='ocr_carea' id='block_1_10' title="bbox 113 1902 2061 1979">
    <p class='ocr_par' dir='ltr' id='par_1_10' title="bbox 113 1902 2061 1979">
     <span class='ocr_line' id='line_1_10' title="bbox 113 1902 2061 1979; baseline -0.001 -17"><span class='ocrx_word' id='word_1_67' title='bbox 113 1923 264 1962; x_wconf 87' lang='lat' dir='ltr'><strong>cram</strong></span> <span class='ocrx_word' id='word_1_68' title='bbox 311 1905 499 1979; x_wconf 85' lang='lat' dir='ltr'><strong>legem</strong></span> <span class='ocrx_word' id='word_1_69' title='bbox 551 1921 585 1959; x_wconf 87' lang='lat' dir='ltr'><strong>a</strong></span> <span class='ocrx_word' id='word_1_70' title='bbox 632 1903 762 1959; x_wconf 90' lang='lat' dir='ltr'><strong>divo</strong></span> <span class='ocrx_word' id='word_1_71' title='bbox 809 1918 942 1974; x_wconf 86' lang='lat' dir='ltr'><strong>rege</strong></span> <span class='ocrx_word' id='word_1_72' title='bbox 990 1902 1286 1974; x_wconf 80' lang='lat' dir='ltr'><strong>Stephano</strong></span> <span class='ocrx_word' id='word_1_73' title='bbox 1336 1903 1611 1958; x_wconf 90' lang='lat' dir='ltr'><strong>traditam</strong></span> <span class='ocrx_word' id='word_1_74' title='bbox 1643 1920 1756 1958; x_wconf 86' lang='lat' dir='ltr'><strong>non</strong></span> <span class='ocrx_word' id='word_1_75' title='bbox 1869 1906 2061 1961; x_wconf 80' lang='lat' dir='ltr'><strong>sciret.</strong></span> 
     </span>
    </p>
   </div>
   <div class='ocr_carea' id='block_1_11' title="bbox 112 1991 3517 2073">
    <p class='ocr_par' dir='ltr' id='par_1_11' title="bbox 112 1991 3517 2073">
     <span class='ocr_line' id='line_1_11' title="bbox 112 1991 3517 2073; baseline 0.002 -22"><span class='ocrx_word' id='word_1_76' title='bbox 112 1996 400 2068; x_wconf 80' lang='lat' dir='ltr'><strong>reciperet,</strong></span> <span class='ocrx_word' id='word_1_77' title='bbox 458 1993 644 2065; x_wconf 79' lang='lat' dir='ltr'><strong>capite</strong></span> <span class='ocrx_word' id='word_1_78' title='bbox 701 1996 758 2049; x_wconf 86' lang='lat' dir='ltr'><strong>et</strong></span> <span class='ocrx_word' id='word_1_79' title='bbox 821 1991 992 2047; x_wconf 90' lang='lat' dir='ltr'><strong>bonis</strong></span> <span class='ocrx_word' id='word_1_80' title='bbox 1057 1991 1426 2060; x_wconf 85' lang='lat' dir='ltr'><strong>multaretur,</strong></span> <span class='ocrx_word' id='word_1_81' title='bbox 1485 1992 1756 2048; x_wconf 86' lang='lat' dir='ltr'><strong>Civitates</strong></span> <span class='ocrx_word' id='word_1_82' title='bbox 1938 1995 2030 2049; x_wconf 82' lang='lat' dir='ltr'><strong>VI.</strong></span> <span class='ocrx_word' id='word_1_83' title='bbox 2065 1995 2409 2068; x_wconf 89' lang='lat' dir='ltr'><strong>Quicunque</strong></span> <span class='ocrx_word' id='word_1_84' title='bbox 2439 1997 2624 2053; x_wconf 90' lang='lat' dir='ltr'><strong>sacris</strong></span> <span class='ocrx_word' id='word_1_85' title='bbox 2657 1998 2979 2069; x_wconf 89' lang='lat' dir='ltr'><strong>addictum,</strong></span> <span class='ocrx_word' id='word_1_86' title='bbox 2999 2002 3100 2055; x_wconf 88' lang='lat' dir='ltr'><strong>aut</strong></span> <span class='ocrx_word' id='word_1_87' title='bbox 3129 1999 3305 2056; x_wconf 87' lang='lat' dir='ltr'><strong>etiam</strong></span> <span class='ocrx_word' id='word_1_88' title='bbox 3326 2003 3517 2073; x_wconf 86' lang='lat' dir='ltr'><strong>profa-</strong></span> 
     </span>
    </p>
   </div>
   <div class='ocr_carea' id='block_1_12' title="bbox 111 2079 3520 2158">
    <p class='ocr_par' dir='ltr' id='par_1_12' title="bbox 111 2079 3520 2158">
     <span class='ocr_line' id='line_1_12' title="bbox 111 2079 3520 2158; baseline 0.001 -17"><span class='ocrx_word' id='word_1_89' title='bbox 111 2084 336 2158; x_wconf 89' lang='lat' dir='ltr'><strong>oppida,</strong></span> <span class='ocrx_word' id='word_1_90' title='bbox 368 2081 535 2150; x_wconf 74' lang='lat' dir='ltr'><strong>villas,</strong></span> <span class='ocrx_word' id='word_1_91' title='bbox 567 2080 788 2154; x_wconf 84' lang='lat' dir='ltr'><strong>templa</strong></span> <span class='ocrx_word' id='word_1_92' title='bbox 817 2079 1094 2136; x_wconf 89' lang='lat' dir='ltr'><strong>demolita</strong></span> <span class='ocrx_word' id='word_1_93' title='bbox 1116 2081 1426 2152; x_wconf 90' lang='lat' dir='ltr'><strong>dirutaque</strong></span> <span class='ocrx_word' id='word_1_94' title='bbox 1457 2081 1758 2138; x_wconf 82' lang='lat' dir='ltr'><strong>reﬁceren-</strong></span> <span class='ocrx_word' id='word_1_95' title='bbox 1866 2098 2009 2136; x_wconf 88' lang='lat' dir='ltr'><strong>num</strong></span> <span class='ocrx_word' id='word_1_96' title='bbox 2041 2081 2339 2138; x_wconf 82' lang='lat' dir='ltr'><strong>hominem</strong></span> <span class='ocrx_word' id='word_1_97' title='bbox 2363 2083 3003 2157; x_wconf 86' lang='lat' dir='ltr'><strong>occidisset,peccatum</strong></span> <span class='ocrx_word' id='word_1_98' title='bbox 3035 2103 3196 2144; x_wconf 83' lang='lat' dir='ltr'><strong>more</strong></span> <span class='ocrx_word' id='word_1_99' title='bbox 3223 2090 3401 2146; x_wconf 86' lang='lat' dir='ltr'><strong>veteri</strong></span> <span class='ocrx_word' id='word_1_100' title='bbox 3423 2106 3520 2146; x_wconf 80' lang='lat' dir='ltr'><strong>ex-</strong></span> 
     </span>
    </p>
   </div>
   <div class='ocr_carea' id='block_1_13' title="bbox 110 2169 3516 2252">
    <p class='ocr_par' dir='ltr' id='par_1_13' title="bbox 110 2169 3516 2252">
     <span class='ocr_line' id='line_1_13' title="bbox 110 2169 3516 2252; baseline 0.007 -42"><span class='ocrx_word' id='word_1_101' title='bbox 110 2179 218 2230; x_wconf 45' lang='lat' dir='ltr'><strong>tur.</strong></span> <span class='ocrx_word' id='word_1_102' title='bbox 1865 2169 2071 2240; x_wconf 79' lang='lat' dir='ltr'><strong>piaret,</strong></span> <span class='ocrx_word' id='word_1_103' title='bbox 2104 2187 2308 2227; x_wconf 88' lang='lat' dir='ltr'><strong>omnes</strong></span> <span class='ocrx_word' id='word_1_104' title='bbox 2340 2171 2579 2228; x_wconf 89' lang='lat' dir='ltr'><strong>demum</strong></span> <span class='ocrx_word' id='word_1_105' title='bbox 2611 2188 2646 2228; x_wconf 92' lang='lat' dir='ltr'><strong>a</strong></span> <span class='ocrx_word' id='word_1_106' title='bbox 2675 2171 3380 2252; x_wconf 78' lang='lat' dir='ltr'><strong>casdibus,latrociniis,ac</strong></span> <span class='ocrx_word' id='word_1_107' title='bbox 3411 2195 3516 2234; x_wconf 73' lang='lat' dir='ltr'><strong>csa-</strong></span> 
     </span>
    </p>
   </div>
   <div class='ocr_carea' id='block_1_14' title="bbox 175 2258 2870 2332">
    <p class='ocr_par' dir='ltr' id='par_1_14' title="bbox 175 2258 2870 2332">
     <span class='ocr_line' id='line_1_14' title="bbox 175 2258 2870 2332; baseline -0.001 -12"><span class='ocrx_word' id='word_1_108' title='bbox 175 2261 653 2328; x_wconf 84' lang='lat' dir='ltr'><strong>II.Pontiﬁces,et</strong></span> <span class='ocrx_word' id='word_1_109' title='bbox 683 2259 924 2332; x_wconf 89' lang='lat' dir='ltr'><strong>collegia</strong></span> <span class='ocrx_word' id='word_1_110' title='bbox 955 2260 1324 2315; x_wconf 87' lang='lat' dir='ltr'><strong>sacerdotum</strong></span> <span class='ocrx_word' id='word_1_111' title='bbox 1357 2259 1604 2331; x_wconf 88' lang='lat' dir='ltr'><strong>pristino</strong></span> <span class='ocrx_word' id='word_1_112' title='bbox 1629 2277 1750 2315; x_wconf 91' lang='lat' dir='ltr'><strong>mo-</strong></span> <span class='ocrx_word' id='word_1_113' title='bbox 1861 2258 2002 2314; x_wconf 87' lang='lat' dir='ltr'><strong>teris</strong></span> <span class='ocrx_word' id='word_1_114' title='bbox 2034 2259 2288 2330; x_wconf 85' lang='lat' dir='ltr'><strong>injuriis,</strong></span> <span class='ocrx_word' id='word_1_115' title='bbox 2314 2264 2371 2315; x_wconf 90' lang='lat' dir='ltr'><strong>et</strong></span> <span class='ocrx_word' id='word_1_116' title='bbox 2399 2261 2452 2315; x_wconf 92' lang='lat' dir='ltr'><strong>vi</strong></span> <span class='ocrx_word' id='word_1_117' title='bbox 2484 2262 2870 2318; x_wconf 83' lang='lat' dir='ltr'><strong>abstinerent.</strong></span> 
     </span>
    </p>
   </div>
   <div class='ocr_carea' id='block_1_15' title="bbox 110 2349 3517 2437">
    <p class='ocr_par' dir='ltr' id='par_1_15' title="bbox 110 2349 3517 2437">
     <span class='ocr_line' id='line_1_15' title="bbox 110 2349 3517 2437; baseline 0.001 -27"><span class='ocrx_word' id='word_1_118' title='bbox 110 2369 165 2410; x_wconf 89' lang='lat' dir='ltr'><strong>re</strong></span> <span class='ocrx_word' id='word_1_119' title='bbox 194 2353 660 2433; x_wconf 85' lang='lat' dir='ltr'><strong>observarentur,</strong></span> <span class='ocrx_word' id='word_1_120' title='bbox 695 2353 752 2405; x_wconf 90' lang='lat' dir='ltr'><strong>et</strong></span> <span class='ocrx_word' id='word_1_121' title='bbox 782 2349 900 2404; x_wconf 89' lang='lat' dir='ltr'><strong>illis</strong></span> <span class='ocrx_word' id='word_1_122' title='bbox 929 2352 1215 2421; x_wconf 88' lang='lat' dir='ltr'><strong>parerent.</strong></span> <span class='ocrx_word' id='word_1_123' title='bbox 1935 2352 2057 2403; x_wconf 88' lang='lat' dir='ltr'><strong>VII.</strong></span> <span class='ocrx_word' id='word_1_124' title='bbox 2090 2349 2196 2412; x_wconf 88' lang='lat' dir='ltr'><strong>Qui</strong></span> <span class='ocrx_word' id='word_1_125' title='bbox 2221 2365 2354 2405; x_wconf 93' lang='lat' dir='ltr'><strong>vero</strong></span> <span class='ocrx_word' id='word_1_126' title='bbox 2403 2349 2883 2408; x_wconf 89' lang='lat' dir='ltr'><strong>constitutionem</strong></span> <span class='ocrx_word' id='word_1_127' title='bbox 2918 2351 3070 2409; x_wconf 89' lang='lat' dir='ltr'><strong>hanc</strong></span> <span class='ocrx_word' id='word_1_128' title='bbox 3098 2359 3517 2437; x_wconf 63' lang='lat' dir='ltr'><strong>contemneret,</strong></span> 
     </span>
    </p>
   </div>
   <div class='ocr_carea' id='block_1_16' title="bbox 172 2437 3518 2512">
    <p class='ocr_par' dir='ltr' id='par_1_16' title="bbox 172 2437 3518 2512">
     <span class='ocr_line' id='line_1_16' title="bbox 172 2437 3518 2512; baseline 0.001 -14"><span class='ocrx_word' id='word_1_129' title='bbox 172 2442 269 2498; x_wconf 83' lang='lat' dir='ltr'><strong>Ill.</strong></span> <span class='ocrx_word' id='word_1_130' title='bbox 301 2440 471 2496; x_wconf 87' lang='lat' dir='ltr'><strong>Ritus</strong></span> <span class='ocrx_word' id='word_1_131' title='bbox 503 2455 708 2496; x_wconf 91' lang='lat' dir='ltr'><strong>omnes</strong></span> <span class='ocrx_word' id='word_1_132' title='bbox 736 2437 1048 2494; x_wconf 84' lang='lat' dir='ltr'><strong>Christiani</strong></span> <span class='ocrx_word' id='word_1_133' title='bbox 1079 2441 1506 2493; x_wconf 86' lang='lat' dir='ltr'><strong>revocarentur.</strong></span> <span class='ocrx_word' id='word_1_134' title='bbox 1859 2441 1917 2492; x_wconf 87' lang='lat' dir='ltr'><strong>et</strong></span> <span class='ocrx_word' id='word_1_135' title='bbox 1945 2437 1996 2493; x_wconf 87' lang='lat' dir='ltr'><strong>ei</strong></span> <span class='ocrx_word' id='word_1_136' title='bbox 2028 2437 2224 2493; x_wconf 85' lang='lat' dir='ltr'><strong>animo</strong></span> <span class='ocrx_word' id='word_1_137' title='bbox 2255 2439 2656 2508; x_wconf 89' lang='lat' dir='ltr'><strong>reluctaretur,</strong></span> <span class='ocrx_word' id='word_1_138' title='bbox 2696 2441 2905 2512; x_wconf 83' lang='lat' dir='ltr'><strong>capitis</strong></span> <span class='ocrx_word' id='word_1_139' title='bbox 2937 2446 2994 2498; x_wconf 91' lang='lat' dir='ltr'><strong>et</strong></span> <span class='ocrx_word' id='word_1_140' title='bbox 3023 2443 3286 2500; x_wconf 89' lang='lat' dir='ltr'><strong>omnium</strong></span> <span class='ocrx_word' id='word_1_141' title='bbox 3319 2461 3518 2502; x_wconf 90' lang='lat' dir='ltr'><strong>rerum</strong></span> 
     </span>
    </p>
   </div>
   <div class='ocr_carea' id='block_1_17' title="bbox 171 2525 2432 2600">
    <p class='ocr_par' dir='ltr' id='par_1_17' title="bbox 171 2525 2432 2600">
     <span class='ocr_line' id='line_1_17' title="bbox 171 2525 2432 2600; baseline -0.001 -14"><span class='ocrx_word' id='word_1_142' title='bbox 171 2530 266 2586; x_wconf 91' lang='lat' dir='ltr'><strong>IV.</strong></span> <span class='ocrx_word' id='word_1_143' title='bbox 315 2529 593 2586; x_wconf 82' lang='lat' dir='ltr'><strong>Profanas</strong></span> <span class='ocrx_word' id='word_1_144' title='bbox 623 2531 681 2584; x_wconf 89' lang='lat' dir='ltr'><strong>et</strong></span> <span class='ocrx_word' id='word_1_145' title='bbox 710 2527 1011 2600; x_wconf 87' lang='lat' dir='ltr'><strong>Scythicas</strong></span> <span class='ocrx_word' id='word_1_146' title='bbox 1044 2527 1419 2583; x_wconf 66' lang='lat' dir='ltr'><strong>caeremonias</strong></span> <span class='ocrx_word' id='word_1_147' title='bbox 1453 2525 1748 2598; x_wconf 88' lang='lat' dir='ltr'><strong>falsosque</strong></span> <span class='ocrx_word' id='word_1_148' title='bbox 1858 2543 1992 2582; x_wconf 92' lang='lat' dir='ltr'><strong>reus</strong></span> <span class='ocrx_word' id='word_1_149' title='bbox 2023 2531 2198 2598; x_wconf 89' lang='lat' dir='ltr'><strong>esset,</strong></span> <span class='ocrx_word' id='word_1_150' title='bbox 2230 2527 2432 2584; x_wconf 83' lang='lat' dir='ltr'><strong>edixit.</strong></span> 
     </span>
    </p>
   </div>
   <div class='ocr_carea' id='block_1_18' title="bbox 103 2615 1527 2692">
    <p class='ocr_par' dir='ltr' id='par_1_18' title="bbox 103 2615 1527 2692">
     <span class='ocr_line' id='line_1_18' title="bbox 103 2615 1527 2692; baseline -0.005 -16"><span class='ocrx_word' id='word_1_151' title='bbox 103 2620 237 2676; x_wconf 87' lang='lat' dir='ltr'><strong>deos</strong></span> <span class='ocrx_word' id='word_1_152' title='bbox 267 2618 636 2692; x_wconf 81' lang='lat' dir='ltr'><strong>abrogarent,</strong></span> <span class='ocrx_word' id='word_1_153' title='bbox 666 2621 724 2672; x_wconf 92' lang='lat' dir='ltr'><strong>et</strong></span> <span class='ocrx_word' id='word_1_154' title='bbox 751 2616 1069 2674; x_wconf 85' lang='lat' dir='ltr'><strong>simulacra</strong></span> <span class='ocrx_word' id='word_1_155' title='bbox 1088 2615 1527 2672; x_wconf 87' lang='lat' dir='ltr'><strong>demolirentur.</strong></span> 
     </span>
    </p>
   </div>
   <div class='ocr_carea' id='block_1_19' title="bbox 606 3079 3027 3219">
    <p class='ocr_par' dir='ltr' id='par_1_19' title="bbox 606 3079 3027 3219">
     <span class='ocr_line' id='line_1_19' title="bbox 606 3079 3027 3219; baseline 0.001 -5"><span class='ocrx_word' id='word_1_156' title='bbox 606 3079 1429 3216; x_wconf 76' lang='lat' dir='ltr'><strong>BBACILAI</strong></span> <span class='ocrx_word' id='word_1_157' title='bbox 1549 3079 2064 3214; x_wconf 79' lang='lat' dir='ltr'><strong>DUCIS</strong></span> <span class='ocrx_word' id='word_1_158' title='bbox 2175 3079 3027 3219; x_wconf 68' lang='lat' dir='ltr'><strong>BOHEMIZE</strong></span> 
     </span>
    </p>
   </div>
   <div class='ocr_carea' id='block_1_20' title="bbox 1315 3277 2012 3390">
    <p class='ocr_par' dir='ltr' id='par_1_20' title="bbox 1315 3277 2012 3390">
     <span class='ocr_line' id='line_1_20' title="bbox 1315 3277 2012 3390; baseline 0.001 -3"><span class='ocrx_word' id='word_1_159' title='bbox 1315 3309 1326 3316; x_wconf 79' lang='lat'><strong><em>&#39;</em></strong></span> <span class='ocrx_word' id='word_1_160' title='bbox 1609 3277 2012 3390; x_wconf 84' lang='lat' dir='ltr'><strong>LEGES</strong></span> 
     </span>
    </p>
   </div>
   <div class='ocr_carea' id='block_1_21' title="bbox 763 3492 2844 3577">
    <p class='ocr_par' dir='ltr' id='par_1_21' title="bbox 763 3492 2844 3577">
     <span class='ocr_line' id='line_1_21' title="bbox 763 3492 2844 3577; baseline 0 -21"><span class='ocrx_word' id='word_1_161' title='bbox 763 3497 884 3556; x_wconf 92' lang='lat' dir='ltr'><strong>Pro</strong></span> <span class='ocrx_word' id='word_1_162' title='bbox 915 3511 1160 3556; x_wconf 90' lang='lat' dir='ltr'><strong>morum</strong></span> <span class='ocrx_word' id='word_1_163' title='bbox 1191 3493 1640 3555; x_wconf 87' lang='lat' dir='ltr'><strong>reformatione</strong></span> <span class='ocrx_word' id='word_1_164' title='bbox 1673 3492 1752 3555; x_wconf 89' lang='lat' dir='ltr'><strong>ad</strong></span> <span class='ocrx_word' id='word_1_165' title='bbox 1784 3493 2097 3554; x_wconf 91' lang='lat' dir='ltr'><strong>tumulum</strong></span> <span class='ocrx_word' id='word_1_166' title='bbox 2130 3495 2194 3555; x_wconf 88' lang='lat' dir='ltr'><strong>S.</strong></span> <span class='ocrx_word' id='word_1_167' title='bbox 2229 3492 2554 3556; x_wconf 84' lang='lat' dir='ltr'><strong>Adalberti</strong></span> <span class='ocrx_word' id='word_1_168' title='bbox 2583 3494 2729 3556; x_wconf 74' lang='lat' dir='ltr'><strong>latae</strong></span> <span class='ocrx_word' id='word_1_169' title='bbox 2763 3494 2844 3577; x_wconf 81' lang='grc'><strong>(1)</strong></span> 
     </span>
    </p>
   </div>
   <div class='ocr_carea' id='block_1_22' title="bbox 1396 3653 2233 3726">
    <p class='ocr_par' dir='ltr' id='par_1_22' title="bbox 1396 3653 2233 3726">
     <span class='ocr_line' id='line_1_22' title="bbox 1396 3653 2233 3726; baseline 0 -17"><span class='ocrx_word' id='word_1_170' title='bbox 1396 3653 1629 3726; x_wconf 71' lang='grc' dir='ltr'><strong>(ΜΑΝει,</strong></span> <span class='ocrx_word' id='word_1_171' title='bbox 1666 3653 1870 3711; x_wconf 81' lang='lat' dir='ltr'><strong>Concil.</strong></span> <span class='ocrx_word' id='word_1_172' title='bbox 1903 3655 2050 3721; x_wconf 86' lang='lat' dir='ltr'><strong>XIX,</strong></span> <span class='ocrx_word' id='word_1_173' title='bbox 2079 3654 2233 3726; x_wconf 88' lang='lat'><strong>589.)</strong></span> 
     </span>
    </p>
   </div>
   <div class='ocr_carea' id='block_1_23' title="bbox 159 3939 3523 4014">
    <p class='ocr_par' dir='ltr' id='par_1_23' title="bbox 159 3939 3523 4014">
     <span class='ocr_line' id='line_1_23' title="bbox 159 3939 3523 4014; baseline 0.001 -16"><span class='ocrx_word' id='word_1_174' title='bbox 159 3971 190 3998; x_wconf 87' lang='grc'><strong>‹‹</strong></span> <span class='ocrx_word' id='word_1_175' title='bbox 230 3942 555 4007; x_wconf 79' lang='lat' dir='ltr'><strong>Extendite,</strong></span> <span class='ocrx_word' id='word_1_176' title='bbox 588 3939 1009 4010; x_wconf 80' lang='lat' dir='ltr'><strong>fratres,simul</strong></span> <span class='ocrx_word' id='word_1_177' title='bbox 1041 3942 1270 3995; x_wconf 89' lang='lat' dir='ltr'><strong>vestras</strong></span> <span class='ocrx_word' id='word_1_178' title='bbox 1305 3940 1376 3994; x_wconf 88' lang='lat' dir='ltr'><strong>ad</strong></span> <span class='ocrx_word' id='word_1_179' title='bbox 1415 3943 1598 3994; x_wconf 91' lang='lat' dir='ltr'><strong>Deum</strong></span> <span class='ocrx_word' id='word_1_180' title='bbox 1621 3940 1757 3996; x_wconf 81' lang='lat' dir='ltr'><strong>dex—</strong></span> <span class='ocrx_word' id='word_1_181' title='bbox 1787 3942 1834 4007; x_wconf 88' lang='lat' dir='ltr'><strong>B</strong></span> <span class='ocrx_word' id='word_1_182' title='bbox 1864 3939 2016 3995; x_wconf 90' lang='lat' dir='ltr'><strong>hanc</strong></span> <span class='ocrx_word' id='word_1_183' title='bbox 2039 3942 2256 3995; x_wconf 90' lang='lat' dir='ltr'><strong>terram</strong></span> <span class='ocrx_word' id='word_1_184' title='bbox 2279 3939 2579 4007; x_wconf 89' lang='lat' dir='ltr'><strong>redeat,ne</strong></span> <span class='ocrx_word' id='word_1_185' title='bbox 2601 3940 2867 4014; x_wconf 87' lang='lat' dir='ltr'><strong>contagio</strong></span> <span class='ocrx_word' id='word_1_186' title='bbox 2881 3939 3309 4010; x_wconf 64' lang='lat' dir='ltr'><strong>uniusovicule</strong></span> <span class='ocrx_word' id='word_1_187' title='bbox 3329 3942 3523 4003; x_wconf 78' lang='lat' dir='ltr'><strong>totum</strong></span> 
     </span>
    </p>
   </div>
   <div class='ocr_carea' id='block_1_24' title="bbox 85 4027 3518 4104">
    <p class='ocr_par' dir='ltr' id='par_1_24' title="bbox 85 4027 3518 4104">
     <span class='ocr_line' id='line_1_24' title="bbox 85 4027 3518 4104; baseline -0.001 -10"><span class='ocrx_word' id='word_1_188' title='bbox 85 4045 240 4104; x_wconf 71' lang='lat' dir='ltr'><strong>iras,</strong></span> <span class='ocrx_word' id='word_1_189' title='bbox 293 4037 353 4090; x_wconf 89' lang='lat' dir='ltr'><strong>et</strong></span> <span class='ocrx_word' id='word_1_190' title='bbox 399 4031 473 4089; x_wconf 85' lang='lat' dir='ltr'><strong>ad</strong></span> <span class='ocrx_word' id='word_1_191' title='bbox 523 4047 685 4088; x_wconf 89' lang='lat' dir='ltr'><strong>meos</strong></span> <span class='ocrx_word' id='word_1_192' title='bbox 733 4029 1012 4086; x_wconf 83' lang='lat' dir='ltr'><strong>attendite</strong></span> <span class='ocrx_word' id='word_1_193' title='bbox 1063 4044 1388 4094; x_wconf 87' lang='lat' dir='ltr'><strong>sermones,</strong></span> <span class='ocrx_word' id='word_1_194' title='bbox 1434 4045 1580 4100; x_wconf 89' lang='lat' dir='ltr'><strong>quos</strong></span> <span class='ocrx_word' id='word_1_195' title='bbox 1628 4028 1757 4084; x_wconf 90' lang='lat' dir='ltr'><strong>volo</strong></span> <span class='ocrx_word' id='word_1_196' title='bbox 1870 4032 2062 4101; x_wconf 88' lang='lat' dir='ltr'><strong>serpat</strong></span> <span class='ocrx_word' id='word_1_197' title='bbox 2095 4045 2198 4101; x_wconf 91' lang='lat' dir='ltr'><strong>per</strong></span> <span class='ocrx_word' id='word_1_198' title='bbox 2229 4027 2460 4084; x_wconf 85' lang='lat' dir='ltr'><strong>ovile.»</strong></span> <span class='ocrx_word' id='word_1_199' title='bbox 2492 4032 2736 4086; x_wconf 90' lang='lat' dir='ltr'><strong>Severus</strong></span> <span class='ocrx_word' id='word_1_200' title='bbox 2765 4030 3074 4104; x_wconf 84' lang='lat' dir='ltr'><strong>episcopus</strong></span> <span class='ocrx_word' id='word_1_201' title='bbox 3105 4031 3350 4089; x_wconf 62' lang='lat' dir='ltr'><strong>dixitne</strong></span> <span class='ocrx_word' id='word_1_202' title='bbox 3379 4033 3518 4098; x_wconf 86' lang='lat' dir='ltr'><strong>Qui-</strong></span> 
     </span>
    </p>
   </div>
   <div class='ocr_carea' id='block_1_25' title="bbox 82 4116 3523 4189">
    <p class='ocr_par' dir='ltr' id='par_1_25' title="bbox 82 4116 3523 4189">
     <span class='ocr_line' id='line_1_25' title="bbox 82 4116 3523 4189; baseline -0.002 -7"><span class='ocrx_word' id='word_1_203' title='bbox 82 4132 155 4182; x_wconf 90' lang='lat' dir='ltr'><strong>ut</strong></span> <span class='ocrx_word' id='word_1_204' title='bbox 189 4127 404 4180; x_wconf 66' lang='lat' dir='ltr'><strong>vestrae</strong></span> <span class='ocrx_word' id='word_1_205' title='bbox 451 4121 586 4176; x_wconf 85' lang='lat' dir='ltr'><strong>ﬁdei</strong></span> <span class='ocrx_word' id='word_1_206' title='bbox 629 4123 1000 4176; x_wconf 88' lang='lat' dir='ltr'><strong>sacramento</strong></span> <span class='ocrx_word' id='word_1_207' title='bbox 1024 4117 1528 4181; x_wconf 76' lang='lat' dir='ltr'><strong>.eonﬁrmetis,hoc</strong></span> <span class='ocrx_word' id='word_1_208' title='bbox 1561 4134 1758 4172; x_wconf 90' lang='lat' dir='ltr'><strong>meum</strong></span> <span class='ocrx_word' id='word_1_209' title='bbox 1870 4134 2099 4189; x_wconf 89' lang='lat' dir='ltr'><strong>cunque</strong></span> <span class='ocrx_word' id='word_1_210' title='bbox 2151 4116 2315 4172; x_wconf 85' lang='lat' dir='ltr'><strong>aliter</strong></span> <span class='ocrx_word' id='word_1_211' title='bbox 2372 4117 2588 4186; x_wconf 83' lang='lat' dir='ltr'><strong>fecerit,</strong></span> <span class='ocrx_word' id='word_1_212' title='bbox 2623 4118 2938 4176; x_wconf 88' lang='lat' dir='ltr'><strong>anathema</strong></span> <span class='ocrx_word' id='word_1_213' title='bbox 2985 4120 3080 4177; x_wconf 88' lang='lat' dir='ltr'><strong>sit.</strong></span> <span class='ocrx_word' id='word_1_214' title='bbox 3135 4120 3351 4176; x_wconf 85' lang='lat' dir='ltr'><strong>Eadem</strong></span> <span class='ocrx_word' id='word_1_215' title='bbox 3394 4133 3523 4178; x_wconf 81' lang='lat' dir='ltr'><strong>sen-</strong></span> 
     </span>
    </p>
   </div>
   <div class='ocr_carea' id='block_1_26' title="bbox 83 4205 3520 4283">
    <p class='ocr_par' dir='ltr' id='par_1_26' title="bbox 83 4205 3520 4283">
     <span class='ocr_line' id='line_1_26' title="bbox 83 4205 3520 4283; baseline -0.001 -13"><span class='ocrx_word' id='word_1_216' title='bbox 83 4211 426 4271; x_wconf 79' lang='lat' dir='ltr'><strong>maximum</strong></span> <span class='ocrx_word' id='word_1_217' title='bbox 458 4215 514 4266; x_wconf 89' lang='lat' dir='ltr'><strong>et</strong></span> <span class='ocrx_word' id='word_1_218' title='bbox 542 4209 803 4283; x_wconf 87' lang='lat' dir='ltr'><strong>primum</strong></span> <span class='ocrx_word' id='word_1_219' title='bbox 838 4209 916 4264; x_wconf 89' lang='lat' dir='ltr'><strong>sit</strong></span> <span class='ocrx_word' id='word_1_220' title='bbox 947 4209 1270 4278; x_wconf 88' lang='lat' dir='ltr'><strong>decretum,</strong></span> <span class='ocrx_word' id='word_1_221' title='bbox 1304 4211 1371 4262; x_wconf 91' lang='lat' dir='ltr'><strong>ut</strong></span> <span class='ocrx_word' id='word_1_222' title='bbox 1399 4210 1596 4263; x_wconf 90' lang='lat' dir='ltr'><strong>vestra</strong></span> <span class='ocrx_word' id='word_1_223' title='bbox 1623 4222 1758 4262; x_wconf 93' lang='lat' dir='ltr'><strong>con-</strong></span> <span class='ocrx_word' id='word_1_224' title='bbox 1869 4206 2052 4261; x_wconf 86' lang='lat' dir='ltr'><strong>tentia</strong></span> <span class='ocrx_word' id='word_1_225' title='bbox 2083 4206 2198 4262; x_wconf 90' lang='lat' dir='ltr'><strong>sint</strong></span> <span class='ocrx_word' id='word_1_226' title='bbox 2241 4205 2555 4278; x_wconf 76' lang='lat' dir='ltr'><strong>plectendas</strong></span> <span class='ocrx_word' id='word_1_227' title='bbox 2600 4206 2875 4281; x_wconf 86' lang='lat' dir='ltr'><strong>virgines,</strong></span> <span class='ocrx_word' id='word_1_228' title='bbox 2925 4211 2982 4264; x_wconf 87' lang='lat' dir='ltr'><strong>et</strong></span> <span class='ocrx_word' id='word_1_229' title='bbox 3026 4207 3234 4281; x_wconf 67' lang='lat' dir='ltr'><strong>viduae,</strong></span> <span class='ocrx_word' id='word_1_230' title='bbox 3262 4214 3320 4266; x_wconf 88' lang='lat' dir='ltr'><strong>et</strong></span> <span class='ocrx_word' id='word_1_231' title='bbox 3347 4207 3520 4265; x_wconf 83' lang='lat' dir='ltr'><strong>adul-</strong></span> 
     </span>
    </p>
   </div>
   <div class='ocr_carea' id='block_1_27' title="bbox 82 4295 3519 4374">
    <p class='ocr_par' dir='ltr' id='par_1_27' title="bbox 82 4295 3519 4374">
     <span class='ocr_line' id='line_1_27' title="bbox 82 4295 3519 4374; baseline -0.001 -13"><span class='ocrx_word' id='word_1_232' title='bbox 82 4302 443 4374; x_wconf 80' lang='lat' dir='ltr'><strong>nubia,quae</strong></span> <span class='ocrx_word' id='word_1_233' title='bbox 475 4297 760 4356; x_wconf 89' lang='lat' dir='ltr'><strong>hactenus</strong></span> <span class='ocrx_word' id='word_1_234' title='bbox 794 4297 1094 4354; x_wconf 87' lang='lat' dir='ltr'><strong>habuistis</strong></span> <span class='ocrx_word' id='word_1_235' title='bbox 1121 4301 1187 4352; x_wconf 91' lang='lat' dir='ltr'><strong>ut</strong></span> <span class='ocrx_word' id='word_1_236' title='bbox 1215 4295 1761 4368; x_wconf 86' lang='lat' dir='ltr'><strong>lupanaria,amodo</strong></span> <span class='ocrx_word' id='word_1_237' title='bbox 1869 4297 2024 4362; x_wconf 65' lang='lat' dir='ltr'><strong>term,</strong></span> <span class='ocrx_word' id='word_1_238' title='bbox 2059 4311 2189 4366; x_wconf 73' lang='lat' dir='ltr'><strong>quae</strong></span> <span class='ocrx_word' id='word_1_239' title='bbox 2219 4312 2430 4350; x_wconf 89' lang='lat' dir='ltr'><strong>nomen</strong></span> <span class='ocrx_word' id='word_1_240' title='bbox 2461 4295 2678 4352; x_wconf 88' lang='lat' dir='ltr'><strong>bonum</strong></span> <span class='ocrx_word' id='word_1_241' title='bbox 2711 4297 3001 4366; x_wconf 90' lang='lat' dir='ltr'><strong>amisisse,</strong></span> <span class='ocrx_word' id='word_1_242' title='bbox 3035 4315 3102 4355; x_wconf 89' lang='lat' dir='ltr'><strong>ac</strong></span> <span class='ocrx_word' id='word_1_243' title='bbox 3127 4314 3229 4371; x_wconf 88' lang='lat' dir='ltr'><strong>per</strong></span> <span class='ocrx_word' id='word_1_244' title='bbox 3257 4297 3519 4356; x_wconf 81' lang='lat' dir='ltr'><strong>scortum</strong></span> 
     </span>
    </p>
   </div>
   <div class='ocr_carea' id='block_1_28' title="bbox 73 4384 3514 4466">
    <p class='ocr_par' dir='ltr' id='par_1_28' title="bbox 73 4384 3514 4466">
     <span class='ocr_line' id='line_1_28' title="bbox 73 4384 3514 4466; baseline -0.001 -18"><span class='ocrx_word' id='word_1_245' title='bbox 73 4395 266 4466; x_wconf 82' lang='lat' dir='ltr'><strong>juxta</strong></span> <span class='ocrx_word' id='word_1_246' title='bbox 298 4405 589 4446; x_wconf 88' lang='lat' dir='ltr'><strong>canonum</strong></span> <span class='ocrx_word' id='word_1_247' title='bbox 621 4388 769 4444; x_wconf 88' lang='lat' dir='ltr'><strong>scita</strong></span> <span class='ocrx_word' id='word_1_248' title='bbox 800 4387 920 4443; x_wconf 90' lang='lat' dir='ltr'><strong>sint</strong></span> <span class='ocrx_word' id='word_1_249' title='bbox 951 4386 1361 4459; x_wconf 86' lang='lat' dir='ltr'><strong>iegitima,sint</strong></span> <span class='ocrx_word' id='word_1_250' title='bbox 1381 4385 1625 4457; x_wconf 88' lang='lat' dir='ltr'><strong>privata,</strong></span> <span class='ocrx_word' id='word_1_251' title='bbox 1644 4384 1763 4439; x_wconf 91' lang='lat' dir='ltr'><strong>sint</strong></span> <span class='ocrx_word' id='word_1_252' title='bbox 1871 4384 2205 4454; x_wconf 88' lang='lat' dir='ltr'><strong>concepisse</strong></span> <span class='ocrx_word' id='word_1_253' title='bbox 2236 4390 2579 4440; x_wconf 88' lang='lat' dir='ltr'><strong>noscuntur.</strong></span> <span class='ocrx_word' id='word_1_254' title='bbox 2611 4386 2807 4442; x_wconf 82' lang='lat' dir='ltr'><strong>»Tunc</strong></span> <span class='ocrx_word' id='word_1_255' title='bbox 2839 4387 2957 4443; x_wconf 80' lang='lat' dir='ltr'><strong>dux</strong></span> <span class='ocrx_word' id='word_1_256' title='bbox 2986 4387 3354 4461; x_wconf 89' lang='lat' dir='ltr'><strong>subjungens</strong></span> <span class='ocrx_word' id='word_1_257' title='bbox 3385 4389 3469 4445; x_wconf 87' lang='lat' dir='ltr'><strong>ait</strong></span> <span class='ocrx_word' id='word_1_258' title='bbox 3501 4405 3514 4445; x_wconf 93' lang='lat'>:</span> 
     </span>
    </p>
   </div>
   <div class='ocr_carea' id='block_1_29' title="bbox 81 4471 3518 4547">
    <p class='ocr_par' dir='ltr' id='par_1_29' title="bbox 81 4471 3518 4547">
     <span class='ocr_line' id='line_1_29' title="bbox 81 4471 3518 4547; baseline -0.001 -10"><span class='ocrx_word' id='word_1_259' title='bbox 81 4478 468 4546; x_wconf 73' lang='lat' dir='ltr'><strong>insolubilis,</strong></span> <span class='ocrx_word' id='word_1_260' title='bbox 498 4480 563 4534; x_wconf 84' lang='lat' dir='ltr'><strong>ut</strong></span> <span class='ocrx_word' id='word_1_261' title='bbox 593 4494 713 4533; x_wconf 90' lang='lat' dir='ltr'><strong>una</strong></span> <span class='ocrx_word' id='word_1_262' title='bbox 768 4477 858 4531; x_wconf 88' lang='lat' dir='ltr'><strong>vir</strong></span> <span class='ocrx_word' id='word_1_263' title='bbox 911 4476 1176 4547; x_wconf 84' lang='lat' dir='ltr'><strong>conjuge,</strong></span> <span class='ocrx_word' id='word_1_264' title='bbox 1220 4475 1431 4545; x_wconf 80' lang='lat' dir='ltr'><strong>conjux</strong></span> <span class='ocrx_word' id='word_1_265' title='bbox 1480 4491 1597 4528; x_wconf 90' lang='lat' dir='ltr'><strong>uno</strong></span> <span class='ocrx_word' id='word_1_266' title='bbox 1640 4473 1761 4528; x_wconf 88' lang='lat' dir='ltr'><strong>viro</strong></span> <span class='ocrx_word' id='word_1_267' title='bbox 1873 4496 1899 4522; x_wconf 75' lang='grc' dir='ltr'><strong>ι(</strong></span> <span class='ocrx_word' id='word_1_268' title='bbox 1916 4472 1973 4527; x_wconf 89' lang='lat' dir='ltr'><strong>Si</strong></span> <span class='ocrx_word' id='word_1_269' title='bbox 2002 4488 2136 4526; x_wconf 86' lang='lat' dir='ltr'><strong>vero</strong></span> <span class='ocrx_word' id='word_1_270' title='bbox 2168 4471 2378 4527; x_wconf 90' lang='lat' dir='ltr'><strong>mulier</strong></span> <span class='ocrx_word' id='word_1_271' title='bbox 2407 4473 2850 4545; x_wconf 88' lang='lat' dir='ltr'><strong>proclamaverit</strong></span> <span class='ocrx_word' id='word_1_272' title='bbox 2879 4475 3003 4547; x_wconf 88' lang='lat' dir='ltr'><strong>pari</strong></span> <span class='ocrx_word' id='word_1_273' title='bbox 3032 4476 3154 4533; x_wconf 90' lang='lat' dir='ltr'><strong>vice</strong></span> <span class='ocrx_word' id='word_1_274' title='bbox 3177 4495 3290 4532; x_wconf 90' lang='lat' dir='ltr'><strong>non</strong></span> <span class='ocrx_word' id='word_1_275' title='bbox 3312 4477 3518 4544; x_wconf 70' lang='lat' dir='ltr'><strong>amari,</strong></span> 
     </span>
    </p>
   </div>
   <div class='ocr_carea' id='block_1_30' title="bbox 80 4558 3520 4640">
    <p class='ocr_par' dir='ltr' id='par_1_30' title="bbox 80 4558 3520 4640">
     <span class='ocr_line' id='line_1_30' title="bbox 80 4558 3520 4640; baseline -0.002 -12"><span class='ocrx_word' id='word_1_276' title='bbox 80 4569 367 4628; x_wconf 88' lang='lat' dir='ltr'><strong>contenti</strong></span> <span class='ocrx_word' id='word_1_277' title='bbox 401 4567 628 4640; x_wconf 41' lang='lat' dir='ltr'><strong>.vivant.</strong></span> <span class='ocrx_word' id='word_1_278' title='bbox 665 4565 725 4622; x_wconf 91' lang='lat' dir='ltr'><strong>Si</strong></span> <span class='ocrx_word' id='word_1_279' title='bbox 772 4569 968 4622; x_wconf 90' lang='lat' dir='ltr'><strong>autem</strong></span> <span class='ocrx_word' id='word_1_280' title='bbox 1025 4565 1239 4636; x_wconf 86' lang='lat' dir='ltr'><strong>conjux</strong></span> <span class='ocrx_word' id='word_1_281' title='bbox 1286 4563 1502 4628; x_wconf 91' lang='lat' dir='ltr'><strong>virum,</strong></span> <span class='ocrx_word' id='word_1_282' title='bbox 1536 4566 1637 4618; x_wconf 89' lang='lat' dir='ltr'><strong>aut</strong></span> <span class='ocrx_word' id='word_1_283' title='bbox 1677 4561 1765 4616; x_wconf 92' lang='lat' dir='ltr'><strong>vir</strong></span> <span class='ocrx_word' id='word_1_284' title='bbox 1872 4561 1971 4616; x_wconf 89' lang='lat' dir='ltr'><strong>sed</strong></span> <span class='ocrx_word' id='word_1_285' title='bbox 2006 4558 2385 4615; x_wconf 90' lang='lat' dir='ltr'><strong>inclementer</strong></span> <span class='ocrx_word' id='word_1_286' title='bbox 2414 4578 2448 4616; x_wconf 89' lang='lat' dir='ltr'><strong>a</strong></span> <span class='ocrx_word' id='word_1_287' title='bbox 2475 4561 2596 4616; x_wconf 92' lang='lat' dir='ltr'><strong>viro</strong></span> <span class='ocrx_word' id='word_1_288' title='bbox 2627 4562 2828 4635; x_wconf 81' lang='lat' dir='ltr'><strong>affligi,</strong></span> <span class='ocrx_word' id='word_1_289' title='bbox 2854 4565 3024 4619; x_wconf 92' lang='lat' dir='ltr'><strong>detur</strong></span> <span class='ocrx_word' id='word_1_290' title='bbox 3051 4564 3204 4620; x_wconf 90' lang='lat' dir='ltr'><strong>inter</strong></span> <span class='ocrx_word' id='word_1_291' title='bbox 3231 4582 3328 4621; x_wconf 92' lang='lat' dir='ltr'><strong>eos</strong></span> <span class='ocrx_word' id='word_1_292' title='bbox 3350 4565 3520 4635; x_wconf 83' lang='lat' dir='ltr'><strong>judi-</strong></span> 
     </span>
    </p>
   </div>
   <div class='ocr_carea' id='block_1_31' title="bbox 80 4647 3516 4730">
    <p class='ocr_par' dir='ltr' id='par_1_31' title="bbox 80 4647 3516 4730">
     <span class='ocr_line' id='line_1_31' title="bbox 80 4647 3516 4730; baseline -0.002 -14"><span class='ocrx_word' id='word_1_293' title='bbox 80 4660 420 4730; x_wconf 88' lang='lat' dir='ltr'><strong>conjugem</strong></span> <span class='ocrx_word' id='word_1_294' title='bbox 451 4653 752 4728; x_wconf 88' lang='lat' dir='ltr'><strong>spreverit,</strong></span> <span class='ocrx_word' id='word_1_295' title='bbox 785 4658 843 4709; x_wconf 89' lang='lat' dir='ltr'><strong>et</strong></span> <span class='ocrx_word' id='word_1_296' title='bbox 872 4653 998 4708; x_wconf 84' lang='lat' dir='ltr'><strong>rixa</strong></span> <span class='ocrx_word' id='word_1_297' title='bbox 1029 4653 1182 4707; x_wconf 91' lang='lat' dir='ltr'><strong>inter</strong></span> <span class='ocrx_word' id='word_1_298' title='bbox 1211 4669 1308 4708; x_wconf 91' lang='lat' dir='ltr'><strong>eos</strong></span> <span class='ocrx_word' id='word_1_299' title='bbox 1330 4667 1520 4722; x_wconf 90' lang='lat' dir='ltr'><strong>usque</strong></span> <span class='ocrx_word' id='word_1_300' title='bbox 1550 4649 1620 4706; x_wconf 90' lang='lat' dir='ltr'><strong>ad</strong></span> <span class='ocrx_word' id='word_1_301' title='bbox 1653 4649 1767 4705; x_wconf 89' lang='lat' dir='ltr'><strong>dis-</strong></span> <span class='ocrx_word' id='word_1_302' title='bbox 1873 4648 2026 4704; x_wconf 88' lang='lat' dir='ltr'><strong>cium</strong></span> <span class='ocrx_word' id='word_1_303' title='bbox 2060 4647 2181 4711; x_wconf 89' lang='lat' dir='ltr'><strong>Dei,</strong></span> <span class='ocrx_word' id='word_1_304' title='bbox 2210 4651 2266 4702; x_wconf 92' lang='lat' dir='ltr'><strong>et</strong></span> <span class='ocrx_word' id='word_1_305' title='bbox 2296 4649 2396 4718; x_wconf 89' lang='lat' dir='ltr'><strong>qui</strong></span> <span class='ocrx_word' id='word_1_306' title='bbox 2427 4650 2694 4704; x_wconf 91' lang='lat' dir='ltr'><strong>inventus</strong></span> <span class='ocrx_word' id='word_1_307' title='bbox 2726 4650 2899 4705; x_wconf 91' lang='lat' dir='ltr'><strong>fuerit</strong></span> <span class='ocrx_word' id='word_1_308' title='bbox 2928 4668 3292 4724; x_wconf 86' lang='lat' dir='ltr'><strong>reus,poenas</strong></span> <span class='ocrx_word' id='word_1_309' title='bbox 3312 4651 3516 4710; x_wconf 89' lang='lat' dir='ltr'><strong>solvat.</strong></span> 
     </span>
    </p>
   </div>
   <div class='ocr_carea' id='block_1_32' title="bbox 82 4736 3519 4815">
    <p class='ocr_par' dir='ltr' id='par_1_32' title="bbox 82 4736 3519 4815">
     <span class='ocr_line' id='line_1_32' title="bbox 82 4736 3519 4815; baseline -0.003 -10"><span class='ocrx_word' id='word_1_310' title='bbox 82 4749 333 4805; x_wconf 88' lang='lat' dir='ltr'><strong>sidium</strong></span> <span class='ocrx_word' id='word_1_311' title='bbox 359 4744 708 4810; x_wconf 83' lang='lat' dir='ltr'><strong>efferbuerit,</strong></span> <span class='ocrx_word' id='word_1_312' title='bbox 743 4743 843 4815; x_wconf 92' lang='lat' dir='ltr'><strong>qui</strong></span> <span class='ocrx_word' id='word_1_313' title='bbox 879 4759 948 4798; x_wconf 86' lang='lat' dir='ltr'><strong>ex</strong></span> <span class='ocrx_word' id='word_1_314' title='bbox 979 4742 1072 4797; x_wconf 90' lang='lat' dir='ltr'><strong>his</strong></span> <span class='ocrx_word' id='word_1_315' title='bbox 1105 4741 1163 4796; x_wconf 92' lang='lat' dir='ltr'><strong>in</strong></span> <span class='ocrx_word' id='word_1_316' title='bbox 1196 4741 1445 4812; x_wconf 88' lang='lat' dir='ltr'><strong>priorem</strong></span> <span class='ocrx_word' id='word_1_317' title='bbox 1495 4739 1763 4812; x_wconf 90' lang='lat' dir='ltr'><strong>copulam</strong></span> <span class='ocrx_word' id='word_1_318' title='bbox 1872 4737 2153 4793; x_wconf 88' lang='lat' dir='ltr'><strong>Similiter</strong></span> <span class='ocrx_word' id='word_1_319' title='bbox 2182 4737 2252 4792; x_wconf 92' lang='lat' dir='ltr'><strong>de</strong></span> <span class='ocrx_word' id='word_1_320' title='bbox 2281 4736 2373 4792; x_wconf 90' lang='lat' dir='ltr'><strong>his</strong></span> <span class='ocrx_word' id='word_1_321' title='bbox 2407 4737 2506 4808; x_wconf 90' lang='lat' dir='ltr'><strong>qui</strong></span> <span class='ocrx_word' id='word_1_322' title='bbox 2547 4737 2879 4795; x_wconf 89' lang='lat' dir='ltr'><strong>homicidiis</strong></span> <span class='ocrx_word' id='word_1_323' title='bbox 2907 4739 3287 4808; x_wconf 84' lang='lat' dir='ltr'><strong>infamantur,</strong></span> <span class='ocrx_word' id='word_1_324' title='bbox 3330 4739 3519 4795; x_wconf 89' lang='lat' dir='ltr'><strong>archi-</strong></span> 
     </span>
    </p>
   </div>
   <div class='ocr_carea' id='block_1_33' title="bbox 81 4825 3521 4901">
    <p class='ocr_par' dir='ltr' id='par_1_33' title="bbox 81 4825 3521 4901">
     <span class='ocr_line' id='line_1_33' title="bbox 81 4825 3521 4901; baseline -0.003 -7"><span class='ocrx_word' id='word_1_325' title='bbox 81 4836 300 4894; x_wconf 87' lang='lat' dir='ltr'><strong>redire</strong></span> <span class='ocrx_word' id='word_1_326' title='bbox 337 4828 608 4901; x_wconf 81' lang='lat' dir='ltr'><strong>noluerit,</strong></span> <span class='ocrx_word' id='word_1_327' title='bbox 642 4829 776 4888; x_wconf 85' lang='lat' dir='ltr'><strong>nolo</strong></span> <span class='ocrx_word' id='word_1_328' title='bbox 825 4835 910 4900; x_wconf 90' lang='lat' dir='ltr'><strong>ut,</strong></span> <span class='ocrx_word' id='word_1_329' title='bbox 964 4831 1291 4886; x_wconf 88' lang='lat' dir='ltr'><strong>secundum</strong></span> <span class='ocrx_word' id='word_1_330' title='bbox 1341 4833 1551 4885; x_wconf 73' lang='lat' dir='ltr'><strong>nostrae</strong></span> <span class='ocrx_word' id='word_1_331' title='bbox 1601 4832 1764 4883; x_wconf 76' lang='lat' dir='ltr'><strong>terrae</strong></span> <span class='ocrx_word' id='word_1_332' title='bbox 1875 4825 2386 4899; x_wconf 84' lang='lat' dir='ltr'><strong>presbytercomiti</strong></span> <span class='ocrx_word' id='word_1_333' title='bbox 2406 4825 2563 4882; x_wconf 90' lang='lat' dir='ltr'><strong>illius</strong></span> <span class='ocrx_word' id='word_1_334' title='bbox 2582 4826 3088 4885; x_wconf 84' lang='lat' dir='ltr'><strong>civitatisnomi&#39;na</strong></span> <span class='ocrx_word' id='word_1_335' title='bbox 3118 4831 3317 4884; x_wconf 84' lang='lat' dir='ltr'><strong>eorum</strong></span> <span class='ocrx_word' id='word_1_336' title='bbox 3340 4829 3521 4894; x_wconf 69' lang='lat' dir='ltr'><strong>ascri-</strong></span> 
     </span>
    </p>
   </div>
   <div class='ocr_carea' id='block_1_34' title="bbox 81 4915 3522 4992">
    <p class='ocr_par' dir='ltr' id='par_1_34' title="bbox 81 4915 3522 4992">
     <span class='ocr_line' id='line_1_34' title="bbox 81 4915 3522 4992; baseline -0.002 -10"><span class='ocrx_word' id='word_1_337' title='bbox 81 4925 376 4992; x_wconf 86' lang='lat' dir='ltr'><strong>ritum,in</strong></span> <span class='ocrx_word' id='word_1_338' title='bbox 408 4921 828 4978; x_wconf 88' lang='lat' dir='ltr'><strong>servitudinem</strong></span> <span class='ocrx_word' id='word_1_339' title='bbox 860 4919 1187 4991; x_wconf 88' lang='lat' dir='ltr'><strong>redigatur,</strong></span> <span class='ocrx_word' id='word_1_340' title='bbox 1210 4918 1310 4974; x_wconf 89' lang='lat' dir='ltr'><strong>sed</strong></span> <span class='ocrx_word' id='word_1_341' title='bbox 1342 4935 1446 4988; x_wconf 91' lang='lat' dir='ltr'><strong>per</strong></span> <span class='ocrx_word' id='word_1_342' title='bbox 1475 4917 1653 4989; x_wconf 86' lang='lat' dir='ltr'><strong>hujus</strong></span> <span class='ocrx_word' id='word_1_343' title='bbox 1677 4918 1768 4972; x_wconf 83' lang='lat' dir='ltr'><strong>de-</strong></span> <span class='ocrx_word' id='word_1_344' title='bbox 1876 4916 1994 4984; x_wconf 88' lang='lat' dir='ltr'><strong>bat,</strong></span> <span class='ocrx_word' id='word_1_345' title='bbox 2028 4920 2086 4971; x_wconf 88' lang='lat' dir='ltr'><strong>et</strong></span> <span class='ocrx_word' id='word_1_346' title='bbox 2114 4931 2310 4970; x_wconf 88' lang='lat' dir='ltr'><strong>comes</strong></span> <span class='ocrx_word' id='word_1_347' title='bbox 2340 4932 2438 4970; x_wconf 88' lang='lat' dir='ltr'><strong>eos</strong></span> <span class='ocrx_word' id='word_1_348' title='bbox 2469 4915 2794 4987; x_wconf 86' lang='lat' dir='ltr'><strong>conveniat,</strong></span> <span class='ocrx_word' id='word_1_349' title='bbox 2829 4921 2886 4972; x_wconf 91' lang='lat' dir='ltr'><strong>et</strong></span> <span class='ocrx_word' id='word_1_350' title='bbox 2918 4917 2966 4972; x_wconf 92' lang='lat' dir='ltr'><strong>si</strong></span> <span class='ocrx_word' id='word_1_351' title='bbox 2999 4922 3141 4973; x_wconf 91' lang='lat' dir='ltr'><strong>sunt</strong></span> <span class='ocrx_word' id='word_1_352' title='bbox 3171 4916 3437 4985; x_wconf 87' lang='lat' dir='ltr'><strong>rebelles,</strong></span> <span class='ocrx_word' id='word_1_353' title='bbox 3461 4917 3522 4974; x_wconf 90' lang='lat' dir='ltr'><strong>in</strong></span> 
     </span>
    </p>
   </div>
   <div class='ocr_carea' id='block_1_35' title="bbox 78 5004 3522 5085">
    <p class='ocr_par' dir='ltr' id='par_1_35' title="bbox 78 5004 3522 5085">
     <span class='ocr_line' id='line_1_35' title="bbox 78 5004 3522 5085; baseline -0.003 -12"><span class='ocrx_word' id='word_1_354' title='bbox 78 5014 245 5073; x_wconf 88' lang='lat' dir='ltr'><strong>creti</strong></span> <span class='ocrx_word' id='word_1_355' title='bbox 270 5010 576 5085; x_wconf 87' lang='lat' dir='ltr'><strong>angariam</strong></span> <span class='ocrx_word' id='word_1_356' title='bbox 601 5008 975 5082; x_wconf 87' lang='lat' dir='ltr'><strong>redigaturin</strong></span> <span class='ocrx_word' id='word_1_357' title='bbox 995 5006 1767 5080; x_wconf 89' lang='lat' dir='ltr'><strong>Ungariam,qualiseunque</strong></span> <span class='ocrx_word' id='word_1_358' title='bbox 1877 5021 2165 5060; x_wconf 90' lang='lat' dir='ltr'><strong>carcerem</strong></span> <span class='ocrx_word' id='word_1_359' title='bbox 2200 5004 2443 5076; x_wconf 82' lang='lat' dir='ltr'><strong>redigat.</strong></span> <span class='ocrx_word' id='word_1_360' title='bbox 2477 5004 2659 5060; x_wconf 90' lang='lat' dir='ltr'><strong>donec</strong></span> <span class='ocrx_word' id='word_1_361' title='bbox 2698 5009 2797 5060; x_wconf 90' lang='lat' dir='ltr'><strong>aut</strong></span> <span class='ocrx_word' id='word_1_362' title='bbox 2833 5005 3235 5078; x_wconf 85' lang='lat' dir='ltr'><strong>pcenitentiam</strong></span> <span class='ocrx_word' id='word_1_363' title='bbox 3281 5007 3522 5080; x_wconf 84' lang='lat' dir='ltr'><strong>dignam</strong></span> 
     </span>
    </p>
   </div>
   <div class='ocr_carea' id='block_1_36' title="bbox 79 5091 3524 5175">
    <p class='ocr_par' dir='ltr' id='par_1_36' title="bbox 79 5091 3524 5175">
     <span class='ocr_line' id='line_1_36' title="bbox 79 5091 3524 5175; baseline -0.002 -15"><span class='ocrx_word' id='word_1_364' title='bbox 79 5104 170 5160; x_wconf 86' lang='lat' dir='ltr'><strong>sit</strong></span> <span class='ocrx_word' id='word_1_365' title='bbox 208 5117 489 5175; x_wconf 88' lang='lat' dir='ltr'><strong>persona,</strong></span> <span class='ocrx_word' id='word_1_366' title='bbox 521 5115 625 5154; x_wconf 92' lang='lat' dir='ltr'><strong>nec</strong></span> <span class='ocrx_word' id='word_1_367' title='bbox 656 5097 827 5154; x_wconf 89' lang='lat' dir='ltr'><strong>liceat</strong></span> <span class='ocrx_word' id='word_1_368' title='bbox 857 5101 922 5152; x_wconf 90' lang='lat' dir='ltr'><strong>ut</strong></span> <span class='ocrx_word' id='word_1_369' title='bbox 951 5096 1134 5169; x_wconf 89' lang='lat' dir='ltr'><strong>pretio</strong></span> <span class='ocrx_word' id='word_1_370' title='bbox 1166 5113 1227 5152; x_wconf 90' lang='lat' dir='ltr'><strong>se</strong></span> <span class='ocrx_word' id='word_1_371' title='bbox 1260 5095 1528 5162; x_wconf 89' lang='lat' dir='ltr'><strong>redimat,</strong></span> <span class='ocrx_word' id='word_1_372' title='bbox 1562 5099 1662 5150; x_wconf 88' lang='lat' dir='ltr'><strong>aut</strong></span> <span class='ocrx_word' id='word_1_373' title='bbox 1707 5095 1767 5148; x_wconf 92' lang='lat' dir='ltr'><strong>in</strong></span> <span class='ocrx_word' id='word_1_374' title='bbox 1878 5097 2078 5166; x_wconf 87' lang='lat' dir='ltr'><strong>agant,</strong></span> <span class='ocrx_word' id='word_1_375' title='bbox 2109 5097 2210 5148; x_wconf 89' lang='lat' dir='ltr'><strong>aut</strong></span> <span class='ocrx_word' id='word_1_376' title='bbox 2253 5091 2303 5148; x_wconf 89' lang='lat' dir='ltr'><strong>si</strong></span> <span class='ocrx_word' id='word_1_377' title='bbox 2351 5098 2584 5165; x_wconf 89' lang='lat' dir='ltr'><strong>negant,</strong></span> <span class='ocrx_word' id='word_1_378' title='bbox 2634 5093 2817 5164; x_wconf 89' lang='lat' dir='ltr'><strong>ignito</strong></span> <span class='ocrx_word' id='word_1_379' title='bbox 2865 5095 3036 5164; x_wconf 82' lang='lat' dir='ltr'><strong>ferro,</strong></span> <span class='ocrx_word' id='word_1_380' title='bbox 3089 5095 3208 5153; x_wconf 89' lang='lat' dir='ltr'><strong>sive</strong></span> <span class='ocrx_word' id='word_1_381' title='bbox 3257 5096 3524 5168; x_wconf 80' lang='lat' dir='ltr'><strong>adjurata</strong></span> 
     </span>
    </p>
   </div>
   <div class='ocr_carea' id='block_1_37' title="bbox 164 5287 3522 5372">
    <p class='ocr_par' dir='ltr' id='par_1_37' title="bbox 164 5287 3522 5372">
     <span class='ocr_line' id='line_1_37' title="bbox 164 5287 3522 5372; baseline -0.002 -20"><span class='ocrx_word' id='word_1_382' title='bbox 164 5297 262 5368; x_wconf 84' lang='grc'><strong>(1)</strong></span> <span class='ocrx_word' id='word_1_383' title='bbox 335 5293 606 5372; x_wconf 64' lang='lat' dir='ltr'><strong>Brgeilio,</strong></span> <span class='ocrx_word' id='word_1_384' title='bbox 681 5292 968 5372; x_wconf 75' lang='lat' dir='ltr'><strong>Bohemiae</strong></span> <span class='ocrx_word' id='word_1_385' title='bbox 1035 5292 1171 5372; x_wconf 64' lang='lat' dir='ltr'><strong>dux,</strong></span> <span class='ocrx_word' id='word_1_386' title='bbox 1209 5293 1557 5372; x_wconf 44' lang='lat' dir='ltr'><strong>“occupata”</strong></span> <span class='ocrx_word' id='word_1_387' title='bbox 1586 5291 1767 5372; x_wconf 77' lang='lat' dir='ltr'><strong>armis</strong></span> <span class='ocrx_word' id='word_1_388' title='bbox 1797 5306 1839 5372; x_wconf 72' lang='grc' dir='ltr'><strong>ρ</strong></span> <span class='ocrx_word' id='word_1_389' title='bbox 1879 5290 2208 5372; x_wconf 78' lang='lat' dir='ltr'><strong>episcopus,</strong></span> <span class='ocrx_word' id='word_1_390' title='bbox 2241 5306 2345 5362; x_wconf 90' lang='lat' dir='ltr'><strong>per</strong></span> <span class='ocrx_word' id='word_1_391' title='bbox 2374 5287 2846 5372; x_wconf 69' lang='lat' dir='ltr'><strong>quietemnoctis</strong></span> <span class='ocrx_word' id='word_1_392' title='bbox 2894 5305 2929 5343; x_wconf 91' lang='lat' dir='ltr'><strong>a</strong></span> <span class='ocrx_word' id='word_1_393' title='bbox 2970 5288 3028 5344; x_wconf 94' lang='lat' dir='ltr'><strong>S.</strong></span> <span class='ocrx_word' id='word_1_394' title='bbox 3078 5289 3389 5372; x_wconf 75' lang='lat' dir='ltr'><strong>Adalberto</strong></span> <span class='ocrx_word' id='word_1_395' title='bbox 3420 5291 3522 5372; x_wconf 80' lang='lat' dir='ltr'><strong>ad-</strong></span> 
     </span>
    </p>
   </div>
   <div class='ocr_carea' id='block_1_38' title="bbox 85 5354 3522 5445">
    <p class='ocr_par' dir='ltr' id='par_1_38' title="bbox 85 5354 3522 5445">
     <span class='ocr_line' id='line_1_38' title="bbox 85 5354 3522 5445; baseline -0.003 -20"><span class='ocrx_word' id='word_1_396' title='bbox 85 5354 373 5445; x_wconf 63' lang='lat' dir='ltr'><strong>Gtiesna,</strong></span> <span class='ocrx_word' id='word_1_397' title='bbox 407 5354 755 5445; x_wconf 76' lang='lat' dir='ltr'><strong>Polonorurn</strong></span> <span class='ocrx_word' id='word_1_398' title='bbox 794 5362 1130 5445; x_wconf 70' lang='lat' dir='ltr'><strong>metropoli,</strong></span> <span class='ocrx_word' id='word_1_399' title='bbox 1159 5354 1310 5416; x_wconf 85' lang='lat' dir='ltr'><strong>nihil</strong></span> <span class='ocrx_word' id='word_1_400' title='bbox 1336 5354 1578 5445; x_wconf 45' lang='lat' dir='ltr'><strong>‘lfabui‘t</strong></span> <span class='ocrx_word' id='word_1_401' title='bbox 1614 5362 1764 5417; x_wconf 89' lang='lat' dir='ltr'><strong>anti-</strong></span> <span class='ocrx_word' id='word_1_402' title='bbox 1800 5354 1839 5372; x_wconf 62' lang='grc' dir='ltr'>ν</span> <span class='ocrx_word' id='word_1_403' title='bbox 1879 5354 2159 5445; x_wconf 66' lang='lat' dir='ltr'><strong>monitus,</strong></span> <span class='ocrx_word' id='word_1_404' title='bbox 2193 5354 2364 5445; x_wconf 67' lang='lat' dir='ltr'><strong>mane</strong></span> <span class='ocrx_word' id='word_1_405' title='bbox 2390 5354 2692 5445; x_wconf 77' lang='lat' dir='ltr'><strong>sequentis</strong></span> <span class='ocrx_word' id='word_1_406' title='bbox 2713 5359 2832 5445; x_wconf 66' lang='lat' dir='ltr'><strong>diei</strong></span> <span class='ocrx_word' id='word_1_407' title='bbox 2862 5361 3272 5445; x_wconf 31' lang='lat' dir='ltr'><strong>proOeoncion‘e</strong></span> <span class='ocrx_word' id='word_1_408' title='bbox 3303 5361 3522 5445; x_wconf 44' lang='lat' dir='ltr'><strong>princ}.</strong></span> 
     </span>
    </p>
   </div>
   <div class='ocr_carea' id='block_1_39' title="bbox 84 5429 3522 5559">
    <p class='ocr_par' dir='ltr' id='par_1_39' title="bbox 84 5429 3522 5559">
     <span class='ocr_line' id='line_1_39' title="bbox 84 5429 3522 5559; baseline -0.003 -62"><span class='ocrx_word' id='word_1_409' title='bbox 84 5439 292 5515; x_wconf 83' lang='lat' dir='ltr'><strong>quius</strong></span> <span class='ocrx_word' id='word_1_410' title='bbox 344 5429 520 5511; x_wconf 64' lang='lat' dir='ltr'><strong>fluam</strong></span> <span class='ocrx_word' id='word_1_411' title='bbox 573 5440 639 5491; x_wconf 90' lang='lat' dir='ltr'><strong>ut</strong></span> <span class='ocrx_word' id='word_1_412' title='bbox 685 5429 1012 5508; x_wconf 76' lang='lat' dir='ltr'><strong>pretiosum</strong></span> <span class='ocrx_word' id='word_1_413' title='bbox 1039 5429 1202 5489; x_wconf 32' lang='lat' dir='ltr'><strong>ex&#39;ea</strong></span> <span class='ocrx_word' id='word_1_414' title='bbox 1226 5431 1502 5504; x_wconf 86' lang='lat' dir='ltr'><strong>spolium,</strong></span> <span class='ocrx_word' id='word_1_415' title='bbox 1535 5432 1766 5504; x_wconf 87' lang='lat' dir='ltr'><strong>lipsana</strong></span> <span class='ocrx_word' id='word_1_416' title='bbox 1873 5449 2006 5559; x_wconf 60' lang='lat' dir='ltr'><strong>gem</strong></span> <span class='ocrx_word' id='word_1_417' title='bbox 2037 5438 2094 5487; x_wconf 92' lang='lat' dir='ltr'><strong>et</strong></span> <span class='ocrx_word' id='word_1_418' title='bbox 2124 5431 2406 5513; x_wconf 75' lang='lat' dir='ltr'><strong>populum</strong></span> <span class='ocrx_word' id='word_1_419' title='bbox 2450 5429 2776 5499; x_wconf 76' lang='lat' dir='ltr'><strong>admonuit,</strong></span> <span class='ocrx_word' id='word_1_420' title='bbox 2827 5429 3120 5502; x_wconf 88' lang='lat' dir='ltr'><strong>siquidem</strong></span> <span class='ocrx_word' id='word_1_421' title='bbox 3163 5429 3378 5487; x_wconf 77' lang='lat' dir='ltr'><strong>vellent</strong></span> <span class='ocrx_word' id='word_1_422' title='bbox 3409 5429 3522 5486; x_wconf 85' lang='lat' dir='ltr'><strong>sibi</strong></span> 
     </span>
     <span class='ocr_line' id='line_1_40' title="bbox 85 5499 3522 5559; baseline -0.001 0"><span class='ocrx_word' id='word_1_423' title='bbox 85 5512 340 5559; x_wconf 69' lang='lat' dir='ltr'><strong>gniﬁcat</strong></span> <span class='ocrx_word' id='word_1_424' title='bbox 367 5512 424 5559; x_wconf 71' lang='grc' dir='ltr'>Β.</span> <span class='ocrx_word' id='word_1_425' title='bbox 455 5505 754 5559; x_wconf 67' lang='grc' dir='ltr'><strong>Αάιῐὺθιιιὶ</strong></span> <span class='ocrx_word' id='word_1_426' title='bbox 787 5505 1062 5559; x_wconf 79' lang='lat' dir='ltr'><strong>martvris</strong></span> <span class='ocrx_word' id='word_1_427' title='bbox 1092 5505 1349 5559; x_wconf 88' lang='lat' dir='ltr'><strong>referret.</strong></span> <span class='ocrx_word' id='word_1_428' title='bbox 1383 5503 1493 5559; x_wconf 90' lang='lat' dir='ltr'><strong>Sed</strong></span> <span class='ocrx_word' id='word_1_429' title='bbox 1531 5518 1764 5559; x_wconf 89' lang='lat' dir='ltr'><strong>sacrum</strong></span> <span class='ocrx_word' id='word_1_430' title='bbox 1917 5504 2086 5558; x_wconf 90' lang='lat' dir='ltr'><strong>abere</strong></span> <span class='ocrx_word' id='word_1_431' title='bbox 2116 5518 2300 5558; x_wconf 78' lang='lat' dir='ltr'><strong>eivem</strong></span> <span class='ocrx_word' id='word_1_432' title='bbox 2330 5499 2730 5559; x_wconf 80' lang='lat' dir='ltr'><strong>Adalbertum.</strong></span> <span class='ocrx_word' id='word_1_433' title='bbox 2763 5517 2995 5558; x_wconf 89' lang='lat' dir='ltr'><strong>morum</strong></span> <span class='ocrx_word' id='word_1_434' title='bbox 3050 5502 3522 5559; x_wconf 87' lang='lat' dir='ltr'><strong>reformationem</strong></span> 
     </span>
    </p>
   </div>
   <div class='ocr_carea' id='block_1_40' title="bbox 82 5503 1646 5658">
    <p class='ocr_par' dir='ltr' id='par_1_40' title="bbox 82 5503 1646 5658">
     <span class='ocr_line' id='line_1_41' title="bbox 82 5503 1646 5579; baseline -0.007 -10"><span class='ocrx_word' id='word_1_435' title='bbox 82 5503 340 5569; x_wconf 64' lang='lat' dir='ltr'><strong>scilicet</strong></span> <span class='ocrx_word' id='word_1_436' title='bbox 359 5503 424 5564; x_wconf 62' lang='grc' dir='ltr'><strong>ἒ.</strong></span> <span class='ocrx_word' id='word_1_437' title='bbox 455 5503 754 5563; x_wconf 62' lang='grc' dir='ltr'><strong>Λάδη)θὲιὶ</strong></span> <span class='ocrx_word' id='word_1_438' title='bbox 787 5505 1062 5579; x_wconf 78' lang='lat' dir='ltr'><strong>martyris</strong></span> <span class='ocrx_word' id='word_1_439' title='bbox 1092 5503 1349 5560; x_wconf 77' lang='lat' dir='ltr'><strong>referret.</strong></span> <span class='ocrx_word' id='word_1_440' title='bbox 1383 5503 1493 5559; x_wconf 90' lang='lat' dir='ltr'><strong>Sed</strong></span> <span class='ocrx_word' id='word_1_441' title='bbox 1531 5503 1646 5559; x_wconf 81' lang='lat' dir='ltr'><strong>saci</strong></span> 
     </span>
     <span class='ocr_line' id='line_1_42' title="bbox 85 5573 1646 5658; baseline -0.008 -16"><span class='ocrx_word' id='word_1_442' title='bbox 85 5581 421 5658; x_wconf 72' lang='lat' dir='ltr'><strong>tumulum-</strong></span> <span class='ocrx_word' id='word_1_443' title='bbox 456 5585 722 5636; x_wconf 80' lang='lat' dir='ltr'><strong>reser&#39;are</strong></span> <span class='ocrx_word' id='word_1_444' title='bbox 765 5582 1060 5658; x_wconf 70' lang='lat' dir='ltr'><strong>tentantes</strong></span> <span class='ocrx_word' id='word_1_445' title='bbox 1109 5574 1368 5658; x_wconf 73' lang='lat' dir='ltr'><strong>Bohe_mi,</strong></span> <span class='ocrx_word' id='word_1_446' title='bbox 1401 5573 1606 5658; x_wconf 62' lang='lat' dir='ltr'><strong>subito</strong></span> <span class='ocrx_word' id='word_1_447' title='bbox 1640 5593 1646 5629; x_wconf 75' lang='grc' dir='ltr'>ι</span> 
     </span>
    </p>
   </div>
   <div class='ocr_carea' id='block_1_41' title="bbox 1960 5503 3524 5658">
    <p class='ocr_par' dir='ltr' id='par_1_41' title="bbox 1960 5503 3524 5658">
     <span class='ocr_line' id='line_1_43' title="bbox 1960 5503 3522 5571; baseline -0.001 -13"><span class='ocrx_word' id='word_1_448' title='bbox 1960 5505 2086 5571; x_wconf 88' lang='lat' dir='ltr'><strong>bere</strong></span> <span class='ocrx_word' id='word_1_449' title='bbox 2116 5503 2300 5558; x_wconf 88' lang='lat' dir='ltr'><strong>civem</strong></span> <span class='ocrx_word' id='word_1_450' title='bbox 2330 5503 2730 5569; x_wconf 80' lang='lat' dir='ltr'><strong>Adalbertum,</strong></span> <span class='ocrx_word' id='word_1_451' title='bbox 2763 5517 2995 5558; x_wconf 88' lang='lat' dir='ltr'><strong>morum</strong></span> <span class='ocrx_word' id='word_1_452' title='bbox 3050 5503 3522 5559; x_wconf 84' lang='lat' dir='ltr'><strong>reformationem</strong></span> 
     </span>
     <span class='ocr_line' id='line_1_44' title="bbox 1960 5573 3524 5658; baseline -0.001 -28"><span class='ocrx_word' id='word_1_453' title='bbox 1960 5575 2246 5658; x_wconf 65' lang='lat' dir='ltr'><strong>auderent.</strong></span> <span class='ocrx_word' id='word_1_454' title='bbox 2280 5575 2468 5658; x_wconf 69' lang='lat' dir='ltr'><strong>Quare</strong></span> <span class='ocrx_word' id='word_1_455' title='bbox 2501 5573 2748 5658; x_wconf 80' lang='lat' dir='ltr'><strong>Braeilio</strong></span> <span class='ocrx_word' id='word_1_456' title='bbox 2799 5589 2906 5630; x_wconf 92' lang='lat' dir='ltr'><strong>suo</strong></span> <span class='ocrx_word' id='word_1_457' title='bbox 2928 5578 3011 5657; x_wconf 48' lang='lat' dir='ltr'><strong>.et</strong></span> <span class='ocrx_word' id='word_1_458' title='bbox 3057 5573 3259 5647; x_wconf 88' lang='lat' dir='ltr'><strong>populi</strong></span> <span class='ocrx_word' id='word_1_459' title='bbox 3291 5574 3524 5658; x_wconf 61' lang='lat' dir='ltr'><strong>nomine</strong></span> 
     </span>
    </p>
   </div>
   <div class='ocr_carea' id='block_1_42' title="bbox 79 5643 3524 5736">
    <p class='ocr_par' dir='ltr' id='par_1_42' title="bbox 79 5643 3524 5736">
     <span class='ocr_line' id='line_1_45' title="bbox 79 5643 3524 5736; baseline -0 -26"><span class='ocrx_word' id='word_1_460' title='bbox 79 5666 246 5736; x_wconf 70' lang='lat' dir='ltr'><strong>pars</strong></span> <span class='ocrx_word' id='word_1_461' title='bbox 287 5651 628 5725; x_wconf 79' lang='lat' dir='ltr'><strong>obriguere;</strong></span> <span class='ocrx_word' id='word_1_462' title='bbox 661 5649 818 5723; x_wconf 87' lang='lat' dir='ltr'><strong>quod</strong></span> <span class='ocrx_word' id='word_1_463' title='bbox 865 5648 1201 5722; x_wconf 82' lang='lat' dir='ltr'><strong>intelligens</strong></span> <span class='ocrx_word' id='word_1_464' title='bbox 1250 5651 1514 5716; x_wconf 82' lang='lat' dir='ltr'><strong>Severus,</strong></span> <span class='ocrx_word' id='word_1_465' title='bbox 1567 5650 1766 5720; x_wconf 65' lang='lat' dir='ltr'><strong>Pragm</strong></span> <span class='ocrx_word' id='word_1_466' title='bbox 1874 5643 1996 5704; x_wconf 61' lang='lat' dir='ltr'><strong>hinc</strong></span> <span class='ocrx_word' id='word_1_467' title='bbox 2038 5646 2268 5704; x_wconf 88' lang='lat' dir='ltr'><strong>decreta</strong></span> <span class='ocrx_word' id='word_1_468' title='bbox 2315 5643 2470 5716; x_wconf 89' lang='lat' dir='ltr'><strong>tulit,</strong></span> <span class='ocrx_word' id='word_1_469' title='bbox 2518 5648 2575 5701; x_wconf 88' lang='lat' dir='ltr'><strong>et</strong></span> <span class='ocrx_word' id='word_1_470' title='bbox 2628 5662 2732 5722; x_wconf 90' lang='lat' dir='ltr'><strong>pro</strong></span> <span class='ocrx_word' id='word_1_471' title='bbox 2781 5643 3077 5704; x_wconf 53' lang='lat' dir='ltr'><strong>concione‘</strong></span> <span class='ocrx_word' id='word_1_472' title='bbox 3105 5643 3524 5721; x_wconf 71' lang='lat' dir='ltr'><strong>promulgavit.</strong></span> 
     </span>
    </p>
   </div>
   <div class='ocr_carea' id='block_1_43' title="bbox 438 5773 3210 5844">
    <p class='ocr_par' dir='ltr' id='par_1_43' title="bbox 438 5773 3210 5844">
     <span class='ocr_line' id='line_1_46' title="bbox 438 5773 3210 5844; baseline -0.001 0"><span class='ocrx_word' id='word_1_473' title='bbox 438 5777 705 5844; x_wconf 63' lang='lat' dir='ltr'><strong>Panem.</strong></span> <span class='ocrx_word' id='word_1_474' title='bbox 750 5775 896 5841; x_wconf 82' lang='lat' dir='ltr'><strong>CLI.</strong></span> <span class='ocrx_word' id='word_1_475' title='bbox 3128 5773 3210 5841; x_wconf 70' lang='grc' dir='ltr'><strong>ιο</strong></span> 
     </span>
    </p>
   </div>
  </div>
