3962 6420
139 404 276 465 1264

987 405 1455 471 ANGILBER’I‘.
1501 406 1914 471 PUSTERLA
1955 409 2320 474 AJCHIEP.
2367 410 2688 476 MEDIOL.

3374 415 3400 476 1
3411 420 3526 478 262

140 535 1091 610 relcgifecimuscommonitorium
1117 541 1533 598 avestranobis
1549 540 1769 613 magni-
1795 542 1850 608 Α
1882 541 1940 596 in
1975 543 2268 614 parochiis
2301 545 2518 601 nostris
2577 547 2795 618 absque
2852 549 3054 602 nostra
3101 548 3526 606 examinatione

139 626 360 681 ﬁcentia
378 627 680 683 traditum.
699 629 921 695 Quibus
943 631 1180 698 auditis,
1196 648 1400 686 omnes
1417 630 1772 686 unanimiter

139 732 231 786 pro
249 719 439 771 vestra
455 716 651 772 indole
665 718 1049 790 omnipotenti
1067 719 1181 775 Deo
1197 719 1541 792 dignissime
1554 720 1698 791 grati
1708 737 1771 774 as

137 805 518 876 egeruntquia
529 805 744 878 populo
762 824 866 862 suo
883 811 1005 862 tam
1020 808 1354 884 piissimum
1377 813 1617 880 tamque
1639 826 1771 863 san-

135 892 455 949 ctissimum
483 895 809 967 principem
843 897 1023 965 dedit,
1059 898 1157 968 qui
1190 902 1397 953 cuncta
1428 896 1767 952 ordinabili-

135 987 215 1037 ter
241 982 553 1055 disponere
575 984 754 1056 cupit.

197 1070 326 1125 CAP.
363 1071 403 1126 Ι.
458 1071 527 1126 Et
577 1072 854 1143 quoniam
907 1073 1175 1146 religiosa
1219 1075 1547 1130 sollicitudo
1578 1079 1770 1130 vestra

134 1160 382 1232 primum
404 1160 474 1215 de
496 1162 935 1217 conversatione
955 1163 1384 1236 episcoporum,
1408 1166 1768 1236 presbytero-

130 1265 251 1304 rum
285 1253 344 1304 et
373 1253 713 1305 czeterorum
739 1251 1081 1307 clericorum
1107 1269 1360 1324 qumrere
1391 1253 1639 1318 studuit,
1662 1269 1768 1308 nos

132 1353 374 1409 quoque,
408 1338 1231 1412 quoregularitermeliusﬁeri
1265 1341 1475 1413 potuit,
1495 1341 1764 1396 eumdem

130 1427 386 1482 ordinem
420 1444 742 1484 servamus.
775 1428 1126 1502 Episcopum
1159 1430 1395 1502 quidem
1431 1431 1510 1485 ita
1530 1447 1764 1486 conver-

130 1517 239 1570 sari
272 1516 485 1572 debere
517 1517 970 1588 pronuntiamus
990 1523 1054 1574 ut
1074 1520 1202 1590 ejus
1218 1520 1337 1574 vita
1368 1523 1518 1575 recte
1536 1518 1766 1574 vivendi

131 1606 202 1660 sit
222 1622 449 1660 norma.
483 1606 858 1678 Presbyteros
907 1624 1040 1663 vero
1073 1613 1130 1663 et
1176 1608 1417 1664 clericos
1465 1608 1544 1663 ita
1576 1609 1764 1663 vivere

127 1699 347 1767 oportet
378 1700 444 1750 ut
474 1695 720 1750 subdita;
735 1695 887 1767 plebi
912 1696 1175 1769 exemplo
1193 1715 1310 1752 sua:
1343 1697 1764 1753 conversationi

127 1783 450 1856 proﬁciant.
486 1785 556 1839 Et
586 1783 828 1855 quidam
878 1785 1357 1858 coepisOOporum
1403 1791 1760 1855 nostrorum,

123 1872 217 1943 qui
249 1872 415 1926 bonae
460 1873 918 1929 conversationis
969 1873 1077 1928 sibi
1110 1875 1324 1930 conscii
1375 1879 1534 1940 sunt,
1567 1874 1758 1947 palam
1792 1911 1839 1975 Β

123 1960 281 2016 fateri
315 1961 684 2028 recusabant,
719 1979 788 2017 ne
819 1962 911 2016 sui
942 1962 1203 2034 ipsorum
1234 1963 1568 2019 laudatores
1603 1964 1763 2019 vide-

121 2054 336 2104 rentur.
372 2049 480 2113 Qui
509 2067 642 2106 vero
673 2049 1088 2123 negligentiam
1115 2069 1281 2108 suam
1317 2056 1758 2124 recognoscunt,

120 2155 275 2194 more
306 2137 552 2194 humani
574 2140 789 2211 ingenii
820 2156 882 2196 se
913 2140 1072 2212 ipsos
1105 2143 1758 2198 accusareverebantur.

117 2228 291 2283 Juxta
322 2228 840 2284 commonitionem
895 2234 1086 2284 tamen
1119 2234 1371 2286 vestram
1421 2231 1759 2304 diligentius

117 2319 567 2388 perscrutantes,
591 2318 877 2387 quosdam
897 2317 1130 2389 qualem
1150 2319 1514 2389 desideratis,
1535 2320 1760 2392 quales-

116 2421 225 2476 que
256 2403 456 2477 populi
479 2405 575 2460 Dei
606 2409 866 2477 pastores
890 2410 946 2461 et
978 2412 1226 2462 rectores
1249 2424 1375 2463 esse
1401 2409 1586 2479 decet,
1610 2409 1762 2465 inve-

117 2494 333 2548 nimus.
368 2494 766 2559 Quorumdam
785 2512 916 2550 vero
936 2495 1349 2568 negligentiam
1382 2498 1468 2552 vel
1500 2515 1635 2570 erga
1650 2499 1757 2554 cle-

115 2585 368 2638 ricorum
394 2599 634 2638 suorum
649 2584 976 2639 custodiam
999 2585 1086 2639 vel
1113 2601 1250 2657 erga
1273 2585 1528 2657 plebium
1553 2586 1756 2642 sollici-

113 2672 381 2727 tudinem
406 2672 728 2744 reperimus
753 2697 767 2739 ;
791 2674 1005 2744 quibus
1023 2679 1088 2728 ut
1109 2673 1541 2745 aliquantulum
1564 2693 1758 2732 emcn-

111 2760 292 2816 dandi
325 2761 584 2832 spatium
615 2761 911 2831 tribuatis,
947 2762 1248 2818 humiliter
1270 2763 1545 2835 petimus.
1580 2765 1684 2829 Qui
1708 2764 1757 2819 si

109 2850 224 2906 cito
258 2848 468 2905 delicta
484 2866 598 2904 non
617 2850 990 2920 correxerint,
1007 2853 1276 2907 severiori
1301 2853 1600 2908 sententiae
1625 2854 1758 2908 sub-

96 2939 406 3010 jacebunt.

180 3028 316 3083 CAP.
351 3028 420 3082 II.
452 3031 732 3082 Caeterum
764 3028 813 3083 si
846 3028 1092 3100 quilibet
1112 3029 1394 3086 laicorum
1417 3031 1502 3087 vel
1528 3032 1758 3088 clerico-

103 3134 242 3174 rum
267 3120 470 3171 contra
489 3117 927 3190 episcopumvel
947 3118 1196 3190 alicujus
1228 3121 1447 3175 ordinis
1478 3121 1755 3176 clericum

101 3206 335 3277 aliquid
363 3205 648 3278 queritur,
667 3207 931 3262 noverint
959 3225 1066 3264 nos
1087 3213 1320 3280 paratos
1348 3213 1404 3264 et
1433 3208 1754 3280 legitimam

1884 630 2098 686 missas
2145 633 2437 688 celebrare
2486 634 2728 689 faciunt.
2787 635 2947 700 Quod
2993 650 3066 689 ne
3098 634 3342 691 ulterius
3399 638 3522 705 ﬁat,

1880 719 2235 775 omnimodis
2267 726 2356 778 est
2397 722 2804 778 inhibendum.
2855 726 3042 788 Quare
3071 723 3130 778 in
3182 725 3525 782 ordinandis

1879 807 2137 877 plebium
2171 810 2497 865 rationibus
2511 809 2723 865 civium
2744 811 3011 867 instituta
3037 813 3412 884 [presbyteris
3434 831 3525 871 ca-

1880 911 2102 951 nonum
2159 899 2320 968 inst.]
2383 905 2705 965 serventur,
2759 905 2816 955 et
2842 901 3522 974 pestiferazjiambitionis

1876 983 2085 1039 vitium
2115 985 2397 1042 radicitus
2427 988 2805 1060 exstirpetur,
2839 995 2894 1045 et
2922 1006 3109 1060 neque
3135 991 3206 1046 ob
3239 1008 3520 1062 quorum-

1878 1072 2013 1126 dam
2048 1074 2566 1145 propinquitatem,
2591 1093 2781 1148 neque
2801 1095 2904 1150 pro
2935 1076 3185 1150 alicujus
3218 1079 3520 1135 familiari-

1878 1161 2014 1216 tatis
2042 1163 2249 1233 gratia,
2310 1181 2517 1236 neque,
2559 1167 2712 1237 quod
2775 1166 3027 1222 maxime
3087 1167 3520 1237 detestandum,

1877 1255 2112 1321 prepter
2130 1254 2508 1322 pecuniarum
2533 1254 2952 1327 acceptionem,
2970 1255 3250 1329 indignus
3279 1255 3525 1328 quilibet

1876 1338 2194 1394 ordinetur.
2229 1341 2295 1394 Et
2318 1342 2573 1412 primum
2598 1343 2837 1414 quidem
2867 1343 3054 1416 ipsius
3073 1344 3180 1401 loci
3197 1346 3521 1418 presbyteri

1875 1425 1960 1480 vel
1989 1427 2176 1483 caeteri
2204 1427 2396 1485 clerici
2457 1431 2734 1486 idoneum
2783 1432 2895 1487 sibi
2946 1437 3230 1489 rectorem
3279 1433 3515 1506 eligant.

1874 1514 2088 1570 Deinde
2119 1515 2319 1588 populi
2351 1518 2536 1589 quiad
2551 1521 2819 1576 eamdem
2837 1520 3065 1593 plebem
3081 1522 3520 1596 aspicitfsequa-

1875 1607 1972 1657 tur
2001 1621 2300 1661 assensus.
2336 1607 2392 1660 Si
2427 1613 2621 1663 autem
2653 1609 2711 1662 in
2743 1610 2873 1681 ipsa
2902 1610 3069 1681 plebe
3098 1611 3231 1666 talis
3269 1611 3515 1668 inveniri

1874 1709 1984 1747 non
2019 1695 2274 1764 potuerit
2306 1695 2404 1767 qui
2437 1697 2580 1751 illud
2612 1715 2758 1769 opus
2807 1703 3202 1770 competenter
3239 1716 3514 1774 peragere

1873 1780 2077 1851 possit,
2110 1785 2246 1836 tunc
2276 1783 2585 1857 episcopus
2616 1787 2686 1842 de
2714 1787 2859 1856 suis,
2880 1803 3055 1859 quem
3073 1788 3516 1860 idoneumjudi-

1874 1869 2107 1938 caverit,
2140 1870 2283 1927 inibi
2313 1873 2646 1930 constituat.
3341 1935 3344 1938 .

1944 1959 2076 2012 CAP.
2109 1960 2177 2014 V’.
2211 1960 2360 2016 Sane
2394 1964 2743 2019 removenda
2789 1965 3182 2036 quorumdam
3230 1965 3514 2022 laicorum

1874 2047 2217 2116 procacitas,
2251 2049 2349 2120 qui
2376 2049 2483 2106 hoc
2513 2051 2634 2107 solo
2657 2053 2895 2108 obtentu
2928 2054 3083 2124 quod
3114 2054 3186 2108 ad
3217 2054 3516 2112 electionis

1870 2137 2227 2190 consortium
2263 2137 2678 2208 admittuntur,
2711 2141 3228 2214 archipresbyteris
3259 2144 3385 2198 suis
3414 2145 3514 2200 do-

1871 2222 2078 2278 minari
2112 2231 2493 2296 praasumunt,
2528 2232 2584 2283 et
2613 2245 2761 2299 quos
2793 2233 3077 2301 tanquam
3117 2235 3314 2302 patres
3343 2249 3512 2288 vene-

1869 2311 1983 2364 rari
2006 2313 2348 2380 debuerant,
2373 2314 2529 2370 velut
2546 2317 2811 2373 subditos
2834 2323 3230 2375 contemnant.
3249 2321 3318 2374 Hi
3337 2321 3516 2394 igitur

1869 2399 2023 2456 intra
2055 2403 2448 2474 propriijuris
2493 2407 2773 2461 terminos
2824 2411 2961 2462 sunt
3012 2408 3328 2480 redigendi.
3363 2411 3432 2464 Et
3462 2411 3510 2465 si

1867 2491 2385 2546 extraordinariam
2397 2493 2855 2550 dominationem
2870 2495 2926 2549 in
2960 2495 3233 2551 Ecclesiis
3245 2512 3511 2554 exercere

1867 2580 2364 2651 przesumpserint,
2424 2583 2584 2654 regia
2639 2588 2778 2638 sunt
2817 2584 3129 2657 disciplina
3186 2587 3506 2642 coercendi.

1867 2666 1981 2737 Ipsi
2012 2685 2143 2723 vero
2175 2669 2273 2740 qui
2306 2671 2376 2724 ad
2409 2673 2820 2741 gubernandas
2851 2672 3048 2744 plebes
3088 2673 3345 2745 legitime
3377 2691 3506 2745 pro-

1868 2756 2012 2810 vecti
2049 2761 2206 2822 sunt,
2239 2758 2574 2814 nullatenus
2605 2777 2638 2815 a
2669 2760 2795 2816 suis
2811 2761 3100 2833 episcopis
3131 2760 3507 2834 repellantur,

1869 2845 1977 2899 nisi
2013 2849 2116 2900 aut
2146 2847 2201 2900 in
2237 2847 2485 2919 alicujus
2517 2849 2781 2904 criminis
2813 2854 3040 2906 reatum
3070 2850 3380 2906 inciderint
3409 2855 3512 2907 aut

1867 2935 2101 2990 easdem
2134 2935 2335 3006 plebes
2366 2937 2516 2993 male
2547 2939 2939 2995 tractaverint.

1937 3024 2064 3079 CAP.
2100 3025 2194 3078 VI.
2216 3025 2496 3081 Tollenda
2519 3032 2607 3083 est
2622 3028 2777 3083 enim
2801 3047 2979 3101 prava
2999 3030 3238 3086 omnino
3265 3047 3510 3087 consue-

1866 3114 2008 3167 tudo
2041 3131 2171 3184 quas
2203 3115 2630 3186 inquibusdam
2654 3117 2799 3172 locis
2831 3119 3176 3191 oriricoepit,
3209 3119 3348 3192 quia
3372 3137 3512 3176 non-

1867 3201 2009 3256 nulli
2026 3203 2510 3276 archipresbyteri
2525 3205 2610 3260 vel
2625 3205 3189 3263 aliorumtitulorum
3213 3209 3506 3278 custodes,

101 3295 367 3369 ppmbere
391 3277 781 3364 audientiam,
813 3301 871 3353 et
901 3298 950 3353 si
981 3277 1122 3368 quia
1153 3315 1458 3370 perperam
1493 3277 1756 3372 gessisse
1785 3277 1827 3342 C
1866 3292 2062 3363 fruges
2092 3292 2177 3346 vel
2213 3291 2354 3348 alios
2384 3294 2761 3348 ecclesiarum
2781 3295 3001 3350 reditus
3033 3297 3104 3350 ad
3127 3297 3390 3368 proprias
3413 3277 3512 3352 do-

100 3384 342 3458 probati
374 3383 606 3453 fuerint,
640 3385 838 3441 debita
867 3386 1369 3443 animadversione
1391 3389 1606 3460 puniri.

176 3475 316 3530 CAP.
350 3473 448 3529 ΙΠ.
483 3474 757 3529 Doctrina
778 3492 912 3531 vero
944 3481 1000 3530 et
1023 3476 1352 3548 pradicatio
1373 3478 1428 3532 in
1454 3478 1757 3551 populum,

103 3563 330 3636 partim
355 3562 761 3634 episc0porum
787 3568 843 3619 et
861 3563 1220 3636 reliquorum
1241 3567 1763 3640 sacerdotum,par-

100 3653 220 3708 tim
252 3667 390 3707 vero
415 3651 616 3724 populi
648 3651 1020 3725 negligentia,
1041 3671 1155 3708 non
1187 3655 1335 3711 sicut
1368 3659 1763 3714 necessarium

103 3746 203 3798 est
238 3745 608 3814 procuratur.
634 3741 702 3796 Et
731 3743 1099 3798 sacerdotum
1124 3745 1358 3816 quidem
1395 3746 1621 3802 incuria
1643 3749 1768 3802 nul-

102 3831 352 3886 latenus
383 3833 471 3885 est
488 3831 836 3886 excusanda.
856 3831 1104 3896 Quidam
1127 3851 1260 3889 vero
1278 3834 1412 3889 laici
1431 3839 1486 3890 et
1517 3837 1767 3912 maxime

105 3922 388 3993 potentes
421 3936 485 3974 ac
519 3918 928 3992 nobiles,quos
951 3923 1274 3978 studiosius
1306 3925 1373 3978 ad
1409 3925 1765 3996 przedicatio-

105 4025 252 4064 nem
287 4008 483 4064 venire
509 4009 833 4080 oportebat,
859 4010 1030 4079 juxta
1076 4013 1282 4068 domos
1313 4030 1449 4068 suas
1497 4014 1770 4071 basilicas

104 4099 378 4164 habent;
413 4096 470 4151 in
503 4097 718 4168 quibus
749 4097 1012 4154 divinum
1047 4102 1349 4158 audientes
1380 4105 1663 4172 cilicium,
1698 4107 1771 4161 ad

106 4188 378 4258 majores
411 4185 684 4242 ecclesias
717 4188 905 4243 rarius
929 4189 1122 4245 venire
1144 4196 1680 4267 consueverunt(t).
1705 4197 1776 4250 Et

106 4278 266 4332 dum
300 4275 410 4331 soli
445 4276 640 4331 afﬂicti
674 4281 729 4332 et
787 4295 1072 4350 pauperes
1129 4281 1387 4351 veniunt,
1445 4283 1584 4354 quid
1615 4284 1773 4340 aliud

106 4381 307 4438 quam
339 4369 404 4419 ut
431 4363 588 4420 mala
617 4365 902 4437 patienter
933 4367 1122 4423 ferant
1171 4369 1288 4425 illis
1337 4373 1774 4442 praedicandum

107 4453 242 4510 est?
275 4452 338 4509 Si
373 4459 568 4509 autem
602 4453 830 4522 divites,
865 4457 963 4528 qui
997 4458 1354 4530 pauperibus
1387 4461 1661 4532 injuriam
1687 4463 1777 4517 l‘a-

106 4560 254 4600 cere
286 4541 448 4597 soliti
480 4547 641 4610 sunt,
691 4545 886 4600 venire
935 4563 1050 4601 non
1103 4549 1420 4616 renuerint,
1473 4551 1774 4607 admoneri

1869 3397 1995 3436 mos
2026 3380 2343 3435 abducunt.
2380 3382 2625 3446 Quidam
2651 3399 2783 3438 vero
2813 3383 3062 3439 aliorum
3110 3385 3513 3456 possessiones

1871 3469 2227 3537 conducunt,
2261 3475 2326 3524 ut
2355 3470 2411 3524 in
2445 3471 2528 3526 eis
2559 3488 2684 3542 quae
2739 3473 2809 3528 ab
2869 3472 3130 3528 ecclesiis
3188 3474 3314 3529 suis
3363 3473 3518 3530 male

1872 3559 2286 3614 subtraxerunt
2314 3561 2652 3615 recondant.
2686 3561 2960 3616 Nonnulli
2991 3565 3186 3617 autem
3231 3561 3517 3618 laicorum

1871 3647 1930 3701 in
1961 3652 2187 3702 tantum
2220 3665 2422 3703 eorum
2455 3649 2728 3721 nequitia).
2760 3666 2822 3705 se
2853 3650 3165 3722 complices
3191 3651 3432 3718 faciunt,
3456 3654 3523 3706 ut

1875 3753 2005 3807 quae
2035 3736 2375 3808 hujusmodi
2391 3742 2854 3812 transgressores
2868 3740 2938 3794 ab
2957 3738 3201 3795 ecclesia
3221 3740 3526 3811 subripue-

1877 3829 2033 3892 runt,
2066 3826 2178 3898 ipsi
2211 3826 2267 3881 in
2301 3827 2424 3882 suis
2456 3815 2728 3884 domibus
2761 3829 3147 3884 abscondant.
3182 3828 3355 3885 Tales
3383 3844 3522 3901 ergo

1878 3915 2135 3988 primum
2168 3933 2201 3970 a
2221 3917 2344 3971 suis
2362 3917 2652 3988 episcopis
2673 3917 3083 3990 corripiantur.
3112 3918 3274 3983 Quod
3295 3917 3428 3973 sise
3451 3916 3529 3973 ci-

1879 4004 1995 4060 tius
2025 4005 2314 4076 corrigere
2329 4005 2640 4075 noluerint,
2666 4012 2944 4079 tanquam
2979 4007 3078 4078 qui
3092 4005 3518 4063 ecclesiasticas

1881 4112 1971 4149 res
1999 4093 2282 4166 sacrilega
2308 4095 2632 4150 temeritate
2663 4100 3080 4163 tractaverunt,
3108 4096 3376 4169 synodali
3400 4112 3529 4152 sen-

1882 4184 2064 4239 tentia
2094 4183 2392 4240 teriantur.
2424 4184 2627 4240 Laicos
2657 4202 2790 4242 vero
2822 4185 2924 4258 qui
2956 4190 3087 4258 post
3119 4185 3268 4241 hanc
3301 4186 3526 4240 denun-

1885 4273 2188 4328 tiationem
2221 4274 2411 4329 socios
2443 4274 2697 4345 sehujus
2726 4274 3094 4347 expilationis
3117 4273 3533 4346 prabuerrint,

1882 4367 2168 4433 tanquam
2201 4362 2338 4416 furti
2354 4364 2823 4434 reos,judiciaria
2852 4364 3170 4420 coarctabit
3191 4362 3539 4420 auctoritas.

1956 4451 2026 4505 CA
2039 4468 2089 4504 ρ.
2122 4450 2240 4504 VII.
2273 4452 2352 4506 De
2372 4454 2796 4508 restauratione
2813 4453 3191 4510 ecclesiarum
3221 4453 3363 4508 illud
3391 4451 3546 4524 capi-

1883 4538 2072 4594 tulum
2107 4539 2324 4594 sufﬁcit
2355 4541 2508 4610 quod
2532 4543 2758 4613 genitor
2774 4548 2964 4598 vester
2993 4543 3053 4598 in
3087 4541 3409 4613 capitulare
3434 4557 3546 4596 suo

107 4631 334 4704 utique
365 4636 602 4703 possent
633 4637 696 4688 ut
724 4634 1111 4708 eleemosynis
1142 4643 1377 4709 peccata
1407 4641 1779 4697 suaredime-
1813 4647 1860 4712 ι)
1891 4627 2215 4684 constituit.
2251 4629 2362 4683 Sed
2396 4634 2459 4683 ut
2491 4635 2771 4699 servetur,
2806 4636 2998 4686 vestra
3028 4631 3252 4702 indiget
3283 4627 3548 4684 admoni-

1894 4717 2072 4772 tione.

109 4725 261 4778 rent
291 4723 352 4776 et
381 4736 416 4775 a
443 4721 601 4776 ﬂuxu
632 4739 829 4778 rerum
861 4725 1277 4797 temporalium
1309 4745 1370 4783 se
1401 4729 1782 4788 abstinerent.

104 4809 497 4866 Admonendi
528 4816 668 4867 sunt
691 4812 869 4885 igitur
884 4818 1148 4886 potentes
1168 4821 1231 4871 ut
1247 4818 1318 4872 ad
1342 4820 1592 4890 majores
1614 4823 1789 4878 eccle-

111 4901 277 4963 sias,
310 4898 409 4953 ubi
428 4901 900 4971 praedicationem
927 4903 1128 4959 audire
1151 4905 1394 4975 possint,
1420 4912 1790 4980 conveniant,

113 4995 179 5046 et
217 4992 513 5060 quantum
531 4990 681 5045 dono
715 4993 1134 5064 omnipotentis
1161 4993 1255 5049 Dei
1283 4995 1503 5052 divitiis
1529 5003 1586 5052 et
1617 5001 1796 5054 hono-

117 5079 308 5133 ribus
339 5081 574 5134 caeteros
599 5082 966 5147 antecedant,
999 5086 1162 5139 tanto
1184 5084 1252 5138 ad
1278 5085 1630 5142 audiendum
1660 5107 1796 5161 prae-

116 5169 312 5238 cepta
344 5165 664 5223 conditoris
696 5169 787 5223 sui
820 5170 1074 5226 alacrius
1104 5172 1400 5228 festinent.

204 5254 355 5311 CAP.
380 5253 470 5309 IV.
503 5255 751 5319 Quidam
782 5263 977 5315 autem
1010 5263 1251 5316 comites
1275 5266 1331 5316 et
1351 5264 1794 5322 vassidominici

119 5344 516 5419 presbyteros
547 5349 604 5400 et
660 5346 901 5404 clericos
943 5355 1174 5405 nostros
1221 5356 1458 5408 caeteros
1507 5357 1660 5426 quod
1692 5373 1796 5411 nec

121 5431 439 5508 episcopis
465 5432 652 5490 facere
680 5435 834 5506 licet,
873 5438 1092 5510 absque
1126 5443 1321 5495 nostra
1367 5441 1601 5497 licentia
1650 5445 1794 5499 reci-

122 5524 340 5596 piunt.
375 5521 621 5595 Insuper
646 5523 822 5580 etiam
855 5527 1522 5600 ubicunqueordiuatos,
1548 5538 1602 5587 et
1625 5549 1797 5605 quos.
1907 5536 2081 5575 suum
2115 5519 2439 5587 amiserint,
2474 5522 2751 5577 omnibus
2776 5525 2866 5577 est
2898 5521 3298 5576 manifestum.
3335 5518 3469 5580 Qua:
3499 5521 3568 5572 ut

122 5614 280 5669 dam
319 5609 393 5665 de
423 5611 639 5682 quibus
670 5613 915 5670 dubium
973 5619 1028 5672 st
1058 5622 1255 5673 utrum
1288 5621 1609 5676 consecrati
1633 5627 1793 5694 sunt,
1935 5607 2345 5682 aleriStinum
2367 5611 2975 5684 Statumreducantur:
2997 5610 3058 5668 in
3088 5607 3389 5672 domini“
3412 5605 3568 5690 Seni“

208 5720 294 5811 (1)
328 5717 474 5778 Vide
503 5723 670 5779 notas
700 5723 773 5780 ad
795 5721 1074 5796 Salvian.,
1102 5741 1235 5803 pag.
1267 5727 1371 5786 419
1391 5731 1650 5791 extrema
1670 5729 1966 5814 (Patrolog.
1997 5729 2040 5787 t.
2071 5718 2220 5804 LIII.

1974 4806 2104 4861 CAP.
2138 4805 2284 4861 VIII.
2321 4805 2608 4862 Similiter
2656 4811 2712 4863 et
2741 4809 2811 4863 de
2860 4805 3255 4877 xenodochiis,
3307 4805 3460 4861 sicut
3490 4804 3552 4860 in

1901 4896 2102 4952 eodem
2139 4894 2444 4967 capitulari
2479 4897 2833 4965 continetur,
2869 4897 3298 4952 observandum
3331 4898 3440 4950 est.

1973 4988 2102 5040 CAP.
2133 4985 2220 5039 IX.
2256 4984 2335 5039 De
2358 4986 2731 5040 monasteriis
2757 4991 2952 5040 autem
2968 4986 3223 5041 virorum
3255 5001 3356 5040 seu
3391 4982 3555 5040 femi-

1906 5092 2135 5143 narum,
2169 5091 2297 5145 quae
2342 5075 2664 5129 secundum
2711 5075 2971 5147 regulam
3023 5075 3207 5130 sancti
3258 5071 3556 5130 Benedicti

1903 5163 1990 5219 vel
2012 5180 2142 5219 secu
2155 5165 2334 5218 ndum
2351 5163 2687 5219 canonicam
2704 5165 3113 5219 auctoritatem
3132 5163 3419 5238 disposita
3430 5179 3560 5219 esse

1905 5253 2137 5320 debent,
2171 5253 2310 5323 quia
2341 5253 2642 5325 inspiratio
2669 5253 3088 5326 omnipotentis
3121 5253 3240 5321 Dei,
3274 5258 3343 5308 ut
3375 5251 3560 5308 credi-

1906 5359 2038 5396 mus
2069 5358 2168 5396 cor
2196 5342 2369 5397 vestri
2403 5342 2819 5398 moderaminis
2852 5342 3132 5408 incitavit,
3185 5342 3298 5414 ipsi
3345 5340 3564 5413 gratias

1905 5431 2230 5486 referimus.
2259 5431 2402 5485 Nam
2422 5433 2710 5504 quodjam
2732 5432 2990 5487 maxima
3007 5449 3074 5486 ex
3107 5436 3272 5502 parte
3295 5430 3564 5484 ordinem
