3962 6456
482 459 640 526 I263

1749 454 2085 526 APPEND.
2131 461 2234 525 AD
2279 459 2468 525 SIEC.
2512 458 2615 524 IX.

3722 460 3859 523 I264

479 598 631 654 toris
657 596 831 654 vestri
891 613 957 654 ac
990 600 1184 654 vestra
1239 596 1493 671 gloriosa
1541 597 1922 680 dispositione
1983 614 2122 652 con-
2155 599 2208 664 Α
2308 596 2442 652 CAP.
2478 594 2618 650 XIV.
2652 593 2946 657 Quosdam
2984 592 3285 650 ministros
3330 592 3611 650 comitum
3642 599 3861 668 propter

479 686 661 744 sistit.

553 775 686 832 CAP.
719 776 784 832 Χ.
819 777 900 833 Ea
935 777 1173 849 quidem
1224 777 1580 833 monasteria
1609 794 1735 849 quae
1767 775 1959 832 adhuc
2000 780 2122 831 sta-

463 867 603 920 tum
635 881 808 921 suum
841 866 1110 934 retinent,
1134 883 1614 938 unumquemque
1630 867 2035 939 episcoporum
2060 865 2118 918 in

466 942 644 1025 icujus
682 954 960 1027 parochia
1013 955 1333 1011 constituta
1364 959 1503 1011 sunt
1549 956 1847 1027 providere
1896 959 2122 1025 oportet

464 1044 674 1099 'utru‘m
705 1042 969 1100 ordinem
1003 1061 1178 1100 suum
1207 1048 1462 1100 teneant.
1497 1045 1660 1110 Quod
1694 1044 1742 1100 si
1773 1043 1941 1099 aliter
1961 1043 2118 1098 inve-

474 1131 650 1200 nerit,
683 1148 800 1188 una
816 1146 948 1188 cum
969 1137 1187 1189 rectore
1204 1133 1542 1189 monasterii
1561 1133 1843 1203 corrigere
1865 1132 2115 1187 debebit.

473 1217 640 1284 Quod
661 1220 711 1276 si
740 1220 982 1276 rectoris
1013 1220 1349 1278 monasterii
1381 1221 1780 1294 principaliter
1809 1220 1980 1292 culpa
2002 1221 2119 1275 fue-

476 1307 570 1378 rit,
605 1313 663 1364 et
692 1325 754 1366 se
784 1319 1040 1382 s‘UOSque
1062 1311 1329 1367 subditos
1347 1312 1417 1367 ad
1440 1311 1694 1384 episcopi
1729 1310 1819 1366 sui
1852 1310 2115 1366 admoni-

471 1397 692 1454 tionem
751 1398 1006 1472 corigere
1073 1399 1554 1467 dissimulaverit,
1620 1399 1898 1472 synodica
1947 1399 2120 1460 debet

472 1487 817 1544 auctoritate
846 1487 1100 1562 percelli.

541 1577 676 1634 GAP.
699 1577 790 1634 XI.
806 1578 1054 1644 Quidam
1080 1581 1274 1634 autem
1296 1578 1554 1651 episcopi
1584 1581 1640 1634 et
1655 1582 1904 1634 rectores
1923 1595 2119 1633 mona-

467 1666 781 1724 steriorﬂm
840 1682 934 1723 res
971 1666 1350 1724 ecclesiarum
1401 1685 1646 1723 suarum
1701 1668 2032 1723 subtractae
2062 1671 2117 1722 et

465 1755 597 1812 aliis
627 1757 894 1829 perennis
915 1755 1159 1829 largitas
1185 1773 1313 1812 esse
1333 1761 1679 1827 queruntur,
1705 1760 1760 1810 et
1785 1755 1912 1810 ideo
1936 1755 2113 1811 eccle-

464 1845 734 1900 siasticas
765 1844 1047 1900 utilitates
1068 1862 1444 1917 nequaquam
1467 1862 1529 1900 se
1560 1844 1802 1916 implere
1828 1861 1999 1916 posse
2026 1845 2113 1899 di-

2233 685 2563 757 frequentia
2577 683 2792 755 placita
2811 682 3217 755 pauperiorem
3241 683 3526 756 populum
3539 683 3716 740 nimis
3736 683 3863 740 affli-

2231 790 2365 846 gere
2395 770 2809 844 comperimus.
2844 772 3004 828 Unde
3036 773 3403 843 majestatem
3432 776 3687 829 vestram
3709 774 3862 830 obse-

2231 879 2465 917 cramus
2495 866 2559 916 ut
2589 859 2907 932 capitulare
2939 859 3026 916 avi
3044 861 3218 916 vestri
3252 861 3324 917 de
3353 861 3462 918 hac
3494 879 3555 918 re
3583 862 3864 919 observari

2229 950 2598 1023 praecipiatis.

2300 1041 2428 1095 CAP.
2464 1039 2576 1094 XV.
2613 1040 2692 1094 De
2727 1038 3040 1094 comitibus
3088 1055 3243 1108 vero,
3278 1039 3348 1095 de
3396 1056 3647 1112 quorum
3677 1040 3793 1098 vita
3821 1048 3868 1098 et

2229 1129 2510 1184 actibusa
2540 1127 2710 1183 nobis
2765 1143 3022 1199 quaerere
3057 1127 3237 1183 voluit
3281 1127 3616 1185 sublimitas
3661 1135 3865 1199 vestra,

2229 1218 2514 1289 quosdam
2547 1215 2691 1272 tales
2723 1233 2851 1271 esse
2877 1215 3099 1271 scimus
3129 1215 3332 1287 quales
3357 1217 3453 1273 Dei
3485 1217 3790 1276 ministros
3820 1231 3870 1280 et

2227 1309 2428 1361 vestrae
2461 1304 2796 1376 reipublicae
2826 1304 3153 1376 provisores
3193 1322 3322 1362 esse
3370 1307 3550 1363 decet.
3598 1308 3867 1365 Nonnulli

2227 1400 2443 1462 autem,
2468 1399 2533 1449 ut
2563 1411 2626 1450 se
2644 1410 2900 1466 suosque
2922 1393 3224 1451 ministros
3241 1396 3758 1470 corrigant,vestra
3770 1399 3866 1455 ad-

2226 1484 2544 1540 monitione
2586 1485 2873 1556 indigent.
2910 1484 3346 1552 Quibustamen
3360 1486 3866 1559 utaliquantulum

2232 1573 2583 1629 emendandi
2612 1573 2869 1644 spatium
2922 1573 3215 1642 tribuatis,
3259 1576 3650 1648 exposcimus.
3685 1579 3790 1644 Qui
3823 1579 3868 1635 si

2226 1679 2285 1717 se
2313 1662 2488 1717 citius
2518 1662 2804 1734 corrigere
2835 1661 3146 1728 noluerint,
3167 1664 3325 1737 regia
3355 1669 3494 1721 sunt
3523 1667 3867 1724 auctoritate

2227 1750 2600 1823 reprimendi.

2293 1844 2418 1894 CAP.
2453 1840 2594 1894 XVI.
2630 1840 2959 1895 Statuimus
2991 1840 3168 1896 etiam
3197 1858 3266 1897 ne
3314 1843 3593 1916 episcopi,
3637 1848 3868 1919 quando

465 1936 609 2008 cunt
631 1950 643 1987 :
666 1949 790 2005 quae
821 1936 886 1987 ut
905 1934 1308 2002 restituantur,
1324 1938 1577 1989 vestram
1606 1933 1822 2003 regiam
1846 1933 2115 2004 majesta-
2145 1961 2188 2027 Β
2223 1947 2325 2002 pro
2357 1929 2759 1984 conﬁrmando
2789 1929 3074 2001 populum
3127 1930 3430 2001 parochias
3481 1933 3865 2004 circumeunt,

466 2023 588 2076 tem
615 2020 1020 2094 imploramus.
1053 2022 1199 2088 Quia
1225 2023 1274 2078 si
1295 2023 1356 2076 hi
1389 2022 1488 2094 qui
1520 2039 1618 2078 eas
1647 2039 1750 2094 pro
1780 2023 2108 2077 animarum
2145 2017 2186 2027 “’
2217 2017 3861 2096 archipresbyterossuosgravent,ethujusmodidispensa

466 2119 708 2166 auarum
740 2110 996 2166 remedio
1047 2109 1310 2167 ecclesiis
1357 2111 1751 2178 contulerunt,
1801 2111 2108 2183 praemium

468 2201 787 2270 merentur,
822 2197 948 2254 sine
963 2199 1138 2255 dubio
1153 2199 1528 2255 damnatione
1542 2198 1700 2272 digni
1725 2204 1862 2255 sunt
1894 2199 1990 2272 qui
2011 2217 2110 2256 eas

465 2285 811 2343 subtrahere
839 2285 1179 2343 moliuntur.

535 2376 664 2430 CAP.
699 2375 821 2431 XII.
856 2375 920 2431 In
967 2377 1151 2432 sacris
1208 2377 1533 2433 canonibus
1580 2378 1879 2450 praeﬁxum
1930 2381 2019 2433 est
2047 2382 2112 2432 ut

464 2462 703 2519 decimae
722 2464 894 2535 juxta
912 2465 1169 2538 episcopi
1196 2465 1638 2538 dispositionem
1661 2466 2107 2522 distribuantur.

464 2551 714 2620 Quidam
745 2557 941 2609 autem
962 2554 1117 2620 laici,
1139 2555 1238 2627 qui
1269 2555 1354 2611 vel
1385 2554 1443 2609 in
1468 2555 1718 2627 propriis
1735 2555 1822 2610 vel
1855 2556 1913 2610 in
1936 2555 2110 2610 bene-

464 2639 615 2697 ﬁciis
647 2659 785 2699 suas
815 2643 1036 2698 habent
1056 2643 1352 2712 basilicas,
1377 2647 1730 2715 comtempta
1747 2644 2004 2716 episcopi
2033 2645 2114 2699 di-

467 2729 807 2802 spositione,
831 2749 948 2788 non
975 2732 1046 2787 ad
1070 2731 1344 2788 ecclesias
1376 2732 1475 2788 ubi
1499 2732 1860 2804 baptismum
1891 2738 1947 2788 et
1968 2751 2112 2806 pra:-

467 2817 844 2889 dicationem,
861 2837 1073 2876 manus
1095 2821 1170 2876 im
1182 2821 1550 2893 positionem,
1579 2820 1760 2876 etalia
1784 2822 1998 2877 Christi
2023 2840 2114 2878 sa-

473 2912 774 2964 cramenta
804 2909 1151 2981 percipiunt,
1199 2909 1456 2965 decimas
1507 2926 1643 2964 suas
1692 2910 1852 2977 dant,
1897 2911 1998 2965 sed
2029 2911 2116 2965 vel

475 2995 729 3067 propriis
759 2996 1020 3052 basilicis
1041 2996 1130 3052 vel
1163 2997 1285 3053 suis
1307 2997 1532 3054 clericis
1553 3015 1654 3070 pro
1689 3015 1794 3054 suo
1825 2998 1995 3053 libitu
2022 2999 2120 3054 tri-

414 3141 419 3145 ,
477 3082 690 3138 buunt.
706 3083 864 3148 Quod
885 3086 1240 3142 omnimodis
1263 3085 1662 3159 divinaelegiet
1684 3087 1864 3142 sacris
1883 3088 2120 3142 canoni-

479 3170 594 3226 bus
625 3178 996 3230 constetesse
1016 3175 1392 3231 contrarium.
1409 3175 1573 3231 Unde
1597 3183 1848 3230 vestram
1877 3179 2125 3247 potesta-

476 3262 595 3316 tem
629 3265 693 3318 ut
721 3278 820 3318 eos
850 3263 1152 3336 corrigatis
1181 3265 1522 3337 expetimus.

2219 2106 2625 2174 contentisint,
2662 2123 2842 2178 panes
2859 2111 3116 2178 centum,
3132 2107 3447 2181 friskingas
3469 2113 3868 2181 quatuor,vini

2220 2197 2472 2252 sextaria
2493 2196 2940 2267 quinquaginta,
2969 2194 3159 2267 pullos
3186 2201 3427 2269 septem,
3454 2215 3561 2254 ova
3583 2201 3870 2274 quinqua-

2219 2285 2401 2357 ginta,
2423 2302 2638 2355 agnum
2663 2301 2869 2352 unum,
2895 2283 3216 2356 porcellum
3233 2303 3440 2354 unum,
3475 2304 3779 2347 annonam
3801 2292 3869 2346 ad

2219 2371 2473 2428 caballos
2505 2371 2730 2427 modios
2761 2389 2878 2438 sex,
2940 2372 3139 2427 fenum
3171 2389 3320 2428 corr.
3370 2377 3487 2430 tres
3542 2379 3725 2448 Vorte,
3759 2378 3870 2436 feni

2220 2461 2421 2516 corbes
2454 2461 2593 2531 tres]
2624 2479 2636 2528 ;
2673 2459 2809 2529 mel,
2842 2459 3055 2527 oleum,
3089 2477 3241 2530 cera,
3273 2463 3427 2534 quod
3459 2465 3702 2522 sufﬁcit.

2292 2550 2420 2606 CAP.
2455 2550 2623 2604 XVII.
2653 2550 2910 2605 Petimus
2929 2550 3103 2604 etiam
3130 2553 3196 2605 ut
3225 2553 3577 2610 emunitates
3599 2559 3870 2630 progeni-

2221 2645 2416 2696 torum
2446 2643 2775 2694 vestrorum
2807 2638 2885 2694 ita
2915 2641 3241 2695 conservari
3274 2642 3646 2715 praecipiatis,
3671 2646 3828 2703 sicut
3849 2666 3880 2703 a

2223 2727 2474 2801 glorioso
2505 2729 2766 2801 genitore
2795 2733 2985 2784 vestro
3018 2727 3076 2783 in
3108 2747 3214 2786 suo
3245 2731 3565 2804 capitulare
3589 2737 3872 2794 constitu-

2224 2821 2352 2872 tum
2387 2820 2493 2872 est.

2297 2909 2430 2962 CAP.
2462 2905 2656 2960 XVIII.
2678 2906 2785 2961 Per
2798 2906 3062 2980 singulas
3081 2909 3384 2980 parochias
3409 2927 3508 2967 eas
3530 2913 3878 2973 festivitates

2228 2995 2481 3068 populus
2513 2996 2816 3050 observare
2849 2999 3079 3054 studeat
3094 3015 3238 3070 quas
3261 3002 3534 3074 proprius
3563 3005 3880 3080 episcopus

2229 3085 2490 3140 venerari
2549 3085 2964 3157 praedicaverit,
2997 3088 3079 3143 ita
3107 3091 3172 3143 ut
3192 3105 3380 3162 neque
3412 3091 3545 3148 illas
3575 3094 3880 3169 negligant

2232 3191 2378 3245 quas
2411 3175 2740 3230 sacerdotes
2793 3177 3151 3246 monuerint,
3211 3195 3400 3251 neque
3458 3180 3622 3238 inani
3674 3201 3880 3258 super-

2234 3262 2468 3318 stitione
2499 3279 2596 3318 eas
2627 3263 2916 3320 celebrare
2947 3271 3308 3337 praesumant
3337 3285 3465 3340 quae
3504 3286 3880 3345 nequaquam

545 3349 682 3410 CAP.
714 3351 866 3408 XIII.
898 3334 1070 3409 Sacra
1100 3334 1600 3409 docetauctoritas
1629 3357 1694 3407 ut
1725 3351 1953 3423 publico
1986 3369 2117 3425 pec-
2152 3334 2194 3401 (ἶ
2233 3356 2371 3407 sunt
2400 3353 2790 3408 observandae.

469 3440 927 3512 cantespublica
943 3442 1291 3514 poenitentiae
1310 3441 1716 3511 subjiciuntur.
1741 3441 2120 3497 Inveniuntur

465 3531 663 3584 autem
695 3530 936 3603 quidam
960 3531 1061 3602 qui
1078 3531 1303 3586 incesta
1317 3529 1696 3585 matrimonia
1708 3535 2119 3587 contraxerunt

464 3621 523 3673 et
549 3618 639 3674 vel
669 3619 951 3692 proximis
966 3619 1090 3677 suis
1110 3619 1198 3675 vel
1229 3620 1346 3675 Deo
1363 3619 1546 3675 sacris
1566 3618 1914 3675 mulieribus
1937 3637 2116 3692 θορυ-

461 3706 566 3763 lati
598 3713 757 3766 sunt.
791 3709 1039 3774 Quidam
1069 3709 1246 3765 etiam
1272 3707 1521 3781 publicae
1550 3713 1800 3780 possunt
1829 3709 2113 3781 poeniten-

461 3796 555 3853 tia
586 3797 914 3872 subjugari.
940 3797 1201 3855 Petimus
1215 3801 1280 3854 ut
1299 3798 1580 3853 comitum
1601 3801 1927 3854 vestrorum
1950 3799 2110 3854 auxi-

462 3883 543 3942 lio
572 3885 912 3943 fulciantur.

2299 3440 2429 3496 CAP.
2465 3441 2604 3496 XIX.
2636 3441 2693 3496 Si
2724 3459 2856 3498 vero
2882 3443 3064 3517 aliqui
3087 3444 3304 3502 inventi
3322 3447 3537 3504 fuerint
3557 3451 3659 3517 qui
3685 3468 3884 3508 sacer-

2227 3531 2463 3587 dotibus
2493 3533 2892 3604 obtemperare
2924 3534 3235 3604 noluerint,
3279 3553 3380 3608 per
3423 3531 3733 3596 ministros
3768 3541 3884 3597 rei-

2226 3620 2469 3693 publicae
2487 3621 2936 3695 distringantur,
2958 3627 3014 3679 et
3044 3624 3500 3683 satisfactionem
3521 3629 3881 3700 pmnitentie

2225 3726 2403 3781 quam
2435 3710 2758 3783 presbyteri
2788 3711 3176 3785 imposuerint
3206 3714 3403 3770 subire
3434 3723 3744 3789 cogantur.

1333 4150 2090 4247 ANGILBERTI
2177 4153 3005 4250 PRIVILEGIUM

1741 4335 1861 4393 Pro
1891 4330 2301 4393 Ambrosiana
2333 4330 2588 4393 basilica

1503 4491 1794 4565 (UGHELLI,
1837 4493 1999 4548 Italia
2028 4509 2203 4558 sacra,
2238 4495 2381 4548 tom.
2416 4492 2506 4561 1V,
2541 4510 2674 4567 pag.
2706 4496 2821 4567 79).

519 4755 584 4811 In
615 4753 850 4810 nomine
874 4753 1578 4823 D0mini,ANGELBEBTUS,
1612 4754 1791 4809 beatae
1827 4753 2097 4810 Mediola-
2125 4757 2172 4821 Ι)
2204 4754 2480 4828 cogitare,
2513 4770 2648 4810 cum
2681 4755 2827 4811 meis
2858 4757 3264 4815 sacerdotibus
3307 4758 3571 4816 divinam
3605 4761 3887 4820 elemen-

447 4842 649 4900 nensis
675 4829 941 4899 Ecclesiae
971 4843 1470 4916 archiepiscopus.

519 4931 802 5003 Cumque,
823 4932 1069 4988 Domino
1075 4934 1340 5003 juvante,
1365 4948 1624 5004 gererem
1640 4930 2093 4988 sollicitudinem

451 5020 522 5076 de
553 5036 714 5088 meas,
747 5021 1033 5093 parochias
1066 5020 1457 5084 monasteriis,
1490 5025 1546 5074 et
1577 5036 1644 5075 ea
1675 5021 1746 5075 ad
1799 5021 2094 5077 tramitem

2203 4842 2347 4898 tiam
2378 4842 2728 4914 postulando
2755 4861 2767 4900 :
2793 4847 2930 4899 tunc
2963 4846 3209 4904 Domino
3232 4848 3479 4916 favente,
3501 4851 3878 4909 consulenti-

2205 4932 2318 4988 bus
2349 4931 2522 4988 etiam
2544 4933 2944 4990 sacerdotibus
2963 4935 3203 5005 nostris,
3233 4937 3448 4993 abstuli
3464 4937 3878 4996 Gaudentium

2205 5021 2476 5077 abbatem
2511 5023 2852 5079 monasterii
2885 5025 3080 5081 Sancti
3110 5025 3400 5083 Vincentii
3451 5029 3650 5099 (quem
3685 5029 3878 5085 etiam

448 5111 662 5164 sancta:
675 5109 1129 5165 conversationis
1143 5109 1482 5180 corrigendo
1498 5111 1670 5180 atque
1684 5111 2094 5178 construendo,

447 5199 622 5269 prout
650 5196 1417 5274 valui,perduxissem,verti
1452 5213 1543 5250 me
1574 5198 1644 5251 ad
1679 5200 2095 5254 monasterium

446 5284 772 5342 beatissimi
801 5287 1114 5355 Ambrosii,
1138 5275 1234 5342 ubi
1265 5287 1392 5355 ejus
1415 5302 1625 5357 corpus
1657 5286 1923 5358 quiescit,
1949 5307 2088 5360 qua-

393 5397 396 5400 ·
443 5379 641 5444 tenus,
672 5375 1506 5450 necessitatecogente,ibidem
1530 5376 1800 5432 abbatem
1824 5379 2091 5436 ordinare

443 5464 801 5522 debuissem.
821 5469 1083 5538 Cumque
1097 5482 1199 5537 pro
1213 5465 1322 5519 hoc
1353 5462 1594 5530 diutius,
1624 5482 1797 5536 quem
1820 5467 2089 5523 abbatem

439 5552 972 5610 illiusconstituere
998 5553 1331 5608 debuissem
1348 5551 1508 5624 (quia
1531 5551 1607 5608 ibi
1632 5571 1745 5609 non
1761 5556 2088 5628 reperieba-

415 5645 538 5696 tur
567 5640 724 5710 talis,
755 5659 822 5697 eo
852 5642 1006 5712 quod
1038 5641 1110 5696 ob
1163 5639 1576 5713 negligentiam
1610 5644 1750 5699 ordo
1800 5643 2088 5716 regularis

439 5727 607 5786 valde
637 5728 825 5786 inerat
853 5730 1204 5805 corruptus),
1239 5747 1342 5804 pro
1372 5730 1482 5788 hoc
1510 5731 1735 5789 diutius
1777 5733 2086 5807 coepissem

2179 5167 2181 5169 ,
2207 5127 2312 5183 ego
2346 5111 2425 5166 ibi
2441 5113 2710 5168 abbatem
2733 5113 2861 5183 jam
2885 5115 3107 5170 dudum
3123 5115 3545 5188 ordinaveram)
3563 5121 3621 5172 et
3641 5117 3707 5172 in
3727 5135 3880 5190 prae-

2209 5201 2324 5254 fato
2358 5201 2709 5256 monasterio
2729 5202 3231 5260 SanctiAmbrosii
3255 5206 3524 5262 abbatem
3551 5207 3875 5262 constitui.

2201 5290 2364 5344 Nunc
2398 5296 2617 5356 autem,
2648 5295 2712 5345 ut
2735 5291 3132 5362 ipsimonachi
3164 5293 3518 5351 valeantDeo
3538 5296 3882 5352 deservire.

2200 5382 2257 5434 et
2285 5378 2336 5434 ei
2361 5379 2581 5451 jugiter
2604 5379 2846 5435 laudum
2865 5381 3083 5453 gratias
3101 5383 3332 5453 referre,
3354 5383 3572 5440 exclusi
3605 5385 3681 5440 ab
3708 5383 3886 5440 indi-

2199 5468 2414 5539 gentia,
2447 5472 2568 5523 tam
2601 5469 2672 5524 ob
2693 5467 3070 5527 stabilitatem
3095 5488 3297 5544 regum
3321 5476 3683 5541 nostrorum,
3714 5473 3890 5528 invi-

2199 5556 2601 5612 ctissimorum
2660 5557 3105 5630 imperatorum,
3157 5561 3434 5617 Ludovici
3486 5565 3545 5618 et
3572 5561 3888 5629 Lotharii,

2200 5662 2378 5716 quam
2413 5645 2485 5700 ob
2517 5661 2719 5716 pacem
2752 5645 3143 5706 immaculata:
3176 5651 3384 5708 matris
3427 5650 3728 5722 Ecclesia,
3766 5668 3900 5724 per

2195 5734 2306 5791 hoc
2337 5736 2691 5809 praeceptum
2721 5737 3003 5797 conﬁrmo
3033 5738 3339 5798 ecclesiam
3369 5745 3426 5799 et
3455 5740 3637 5800 altare
3693 5740 3884 5816 quod
