3962 6394
360 409 366 414 ’
405 401 574 515 fme:

1682 451 2016 522 APPEND.
2062 453 2167 516 AD
2211 452 2402 516 SEC.
2447 449 2554 516 lX.

3675 419 3832 503 mea

337 629 346 640 .
409 569 598 673 ipsum.
633 591 900 644 nostrum
920 605 975 644 ν.
1000 583 1070 646 cl.
1095 593 1268 673 atque
1282 590 1802 673 reverendissimus
1819 587 2059 671 Larcius
2175 586 2448 673 Ludovici
2482 587 2528 642 II
2557 580 2930 673 imperatqris
2959 579 3303 673 agmissenet
3332 595 3548 654 corpus
3579 570 3828 673 Gil-1.3513-

411 658 886 734 'Greithsumma
933 677 1068 716 cum
1099 649 1403 734 diligentia
1459 663 1644 734 vertit,
1707 661 1896 734 prima
1941 661 2062 734 vice
2091 649 2144 656 ﬂ
2171 664 2328 734 retro
2359 649 2703 734 impositum
2753 655 2888 734 inde
2921 653 3160 734 a__ﬂuvio
3207 653 3334 734 Olio
3375 649 3565 724 usque
3606 649 3683 732 ad
3718 649 3832 704 Ad-

421 737 604 786 sanus
627 729 964 806 integerque
981 733 1176 806 prodit
1189 729 1408 806 {sanus
1427 733 1657 806 qualem
1679 729 1881 806 auctor
1897 733 2066 806 edere

421 805 668 876 poterat,
701 802 1399 876 sermone—Langobardis
1446 802 1559 876 'per
1605 810 1788 858 totam
1841 802 2066 858 Italiam

417 873 656 954 proprio
678 890 824 954 usus
853 873 1372 954 imo__l'ereabusus
1389 893 1402 944 ;
1419 873 1670 954 integer,
1683 879 1982 954 quantum
2001 891 2069 928 ex

423 944 623 1026 codice
646 944 818 1026 unico
851 945 1136 1026 conjicere
1169 946 1508 1026 licet,“ch
1542 944 1731 1026 media
1763 945 1823 1000 in
1855 945 2070 1026 pagina

423 963 623 999 conice
646 963 818 1026 unico
851 963 1136 1070 conflicere
1181 963 1336 1010 licet,
1371 963 1508 1002 cum
1542 963 1731 1001 meum
1763 963 1823 1000 in
1855 963 2068 1026 pagina

413 1013 612 1095 'stylus
634 1016 925 1095 scribendi
967 1033 1123 1095 mem
1153 1017 1561 1095 dederit.0pu_s
1591 1017 1782 1095 tribus
1804 1019 2068 1095 partibus

415 1084 755 1142 litterarum
787 1088 976 1142 forma
1015 1093 1073 1144 et
1115 1084 1730 1144 atramento—diversis
1775 1084 2064 1154 constare,

422 1155 673 1230 diversis
693 1157 876 1230 igitur
895 1159 1259 1230 temporibus
1280 1165 1580 1216 exaratum
1613 1157 2066 1230 essecLGreith

425 1227 656 1302 monuit
683 1245 696 1294 ;
721 1227 878 1300 prior
895 1227 1033 1302 pars
1057 1230 1116 1284 in
1139 1231 1300 1286 obitu
1333 1231 1615 1302 Bernardi
1645 1229 1800 1302 regis
1827 1229 2066 1302 desinit,

425 1299 686 1373 secunda
709 1299 988 1372 usque—ad
1011 1318 1232 1356 annum
1253 1303 1358 1373 876
1373 1299 1842 1373 pertingit,tertia
1865 1301 2069 1372 paucis

417 1368 597 1424 'lineis
619 1368 862 1426 constat.
883 1374 1098 1428 Auctor
1127 1390 1242 1429 non
1263 1368 1455 1429 solum
1477 1368 1692 1427 nomen
1717 1368 1890 1428 suum
1907 1377 1962 1427 et
1984 1388 2070 1428 or-

425 1440 644 1511 dinem,
677 1443 781 1498 sed
801 1445 859 1498 et
887 1460 1072 1500 aevum
1124 1443 1252 1519 ipse
1293 1443 1572 1518 prodidit,
1609 1443 1752 1498 dum
1783 1459 1844 1499 se
1875 1442 2065 1498 funeri

2175 731 2376 796 duam,
2409 720 2589 802 igitur
2612 744 2716 799 per
2761 726 3248 802 fingesdicpceseos
3271 720 3836 802 Berggmensis,_co-

2176 794 2382 856 mitatu
2393 794 2650 855 m'l'uiss'e
2672 797 3068 854 scribit.Unde
3091 801 3242 852 recte
3267 794 3833 866 eurtiBergomatem

2176 873 2390 928 dixeris
2443 874 2542 942 (2),
2599 875 2658 925 ct
2713 871 2784 924 ab
2841 870 3074 942 Andrea
3099 866 3189 924 vel
3219 865 3461 942 Agnello
3499 865 3839 942 Ravennate

2177 936 2790 998 diversum.'Primum
2823 940 3016 1012 operis
3047 944 3225 1012 caput
3245 936 3316 1012 ad
3349 937 3593 993 verbum
3626 936 3751 1012 fere
3772 951 3839 989 ex

2178 1013 2340 1070 Pauli
2370 1012 2615 1094 historia
2638 1007 3154 1094 Langobardorum
3174 1009 3341 1065 ﬂuxit
3372 1027 3390 1091 ξ
3421 1007 3834 1094 quaiproxime

2177 1091 2506 1158 sequuntur
2535 1087 2741 1158 auctor
2764 1079 2834 1158 in
2861 1086 3131 1158 quantum
3157 1097 3256 1152 per
3277 1079 3484 1158 seriem
3514 1079 3834 1158 litterarum

2174 1149 2278 1213 seu.
2283 1173 2383 1228 per
2393 1158 2643 1228 antiquos
2664 1149 2910 1228 homines
2926 1149 3387 1228 potuitcerociter
3405 1153 3545 1228 scire
3565 1149 3834 1228 (3),θὰᾀί-

2176 1220 2297 1294 dit;
2313 1243 2497 1298 eaque
2516 1220 2586 1282 ad
2611 1224 2896 1299 genuinos
2919 1220 3117 1280 saeculi
3141 1223 3326 1299 octavi
3358 1220 3616 1299 nonique
3640 1220 3834 1299 fontes

2175 1291 2519 1354 trutinanda
2548 1291 2705 1370 patet
2729 1315 2742 1363 ;
2768 1295 2978 1370 ultima
2990 1312 3130 1370 quae
3153 1293 3278 1370 ipse
3299 1291 3572 1370 expertus
3601 1291 3829 1370 calamo

2178 1370 2492 1439 commisit,
2527 1363 2802 1442 magnam
2833 1366 2946 1424 sibi
2977 1363 3154 1422 ﬁdem
3176 1363 3288 1422 rite
3311 1363 3650 1422 conciliant.

1123 1689 1592 1776 ANDREXE
1645 1684 2382 1774 BERGOMATIS
2440 1682 3148 1772 CHRONICON.

501 1856 555 1911 1.
589 1855 820 1912 1Narsi‘s
835 1857 1108 1929 patritius
1128 1857 1527 1914 Romanorum
1549 1856 1702 1913 bella
1721 1855 2066 1922 sustinuit’,
2100 1857 2148 1921 Β
2179 1853 2507 1910 cinensium
2539 1852 2650 1910 sibi
2675 1869 2872 1926 regem
2896 1852 3330 1910 constituerunt
3352 1868 3366 1920 ;
3391 1848 3662 1924 regnavit
3682 1845 3839 1906 anno

438 1947 497 2000 et
523 1961 623 2000 eos
648 1959 882 2016 semper
901 1944 1407 2001 defendit.Invidia
1436 1945 1682 2000 Romani
1713 1949 1916 2001 contra
1943 1961 2076 2000 eum

439 2031 704 2108 pertulit,
736 2033 806 2088 ad
819 2033 1221 2090 Justinianum
1252 2034 1328 2107 (4)
1363 2033 1772 2105 imperatorem
1805 2050 2078 2090 acusave-

439 2125 616 2190 runt;
649 2120 750 2192 qui
779 2126 838 2178 et
865 2121 992 2194 ipse
1023 2126 1308 2195 angustus
1335 2127 1392 2178 et
1444 2122 1680 2196 Sephia,
1742 2141 1886 2178 uxor
1925 2125 2076 2194 ejus,

437 2210 728 2266 mandans
751 2209 823 2279 ei,
849 2211 990 2284 quia
1017 2211 1322 2268 eunuchus
1338 2215 1552 2280 erat,ut
1572 2211 1644 2267 ad
1677 2229 1738 2267 se
1768 2211 1991 2268 veniret
2022 2217 2079 2268 et

435 2297 570 2354 lana
600 2298 658 2354 in
692 2299 910 2372 genitio
933 2316 1037 2372 per
1074 2299 1355 2372 pensione
1405 2300 1677 2356 dividere.
1713 2299 1912 2356 Narsis
1945 2317 2077 2356 vero

432 2386 708 2460 patritius
745 2388 828 2444 sic
865 2387 916 2444 ei
948 2388 1257 2456 mandans,
1292 2406 1406 2444 non
1439 2393 1668 2444 tantum
1689 2391 1712 2425 ³
1733 2407 1796 2446 se
1826 2389 1961 2445 lana
1990 2389 2077 2444 di-

422 2475 750 2546 ,videre,sed
776 2477 950 2532 etiam
975 2476 1152 2533 talem
1172 2477 1349 2534 telam
1372 2477 1722 2545 orditurum,
1756 2478 1932 2550 quale
1951 2478 2080 2551 ipsa

427 2564 571 2620 dum
601 2563 819 2621 viveret
837 2566 1126 2637 deponere
1148 2583 1262 2621 non
1283 2565 1745 2639 possit.Legatos
1771 2567 1973 2623 Narsis
2004 2567 2076 2622 ad

426 2653 842 2726 Langobardos
865 2654 1103 2710 mittens
1115 2657 1172 2710 et
1192 2671 1500 2727 pomorum
1515 2671 1730 2728 genera
1749 2655 1836 2711 vel
1855 2655 2078 2728 reliqua

431 2741 716 2815 dignitate
732 2743 1172 2816 transmittens,
1209 2747 1275 2799 ut
1305 2744 1535 2800 animos
1567 2761 1770 2800 eorum
1803 2743 2078 2800 amabilis

429 2830 706 2898 facerent,
739 2835 1031 2904 quatenus
1076 2832 1136 2887 in
1168 2831 1333 2888 Italia
1381 2832 1644 2888 venirent
1693 2837 1749 2888 et
1780 2832 1952 2904 plena
1980 2850 2078 2890 eas

432 2917 658 2990 absque
680 2935 880 2991 pugna
907 2919 1286 2990 perciperent.
1323 2921 1682 2992 Langobardi
1715 2937 1850 2976 mox
1881 2926 1945 2976 ut
1975 2939 2078 2978 au-

432 3005 814 3079 diunt,gavisi
834 3011 973 3062 sunt
995 3008 1544 3080 gaudio.Pannonia
1571 3026 1704 3065 vero
1724 3010 1931 3066 amicis
1955 3011 2079 3067 suis

431 3095 756 3150 Avarorum
787 3109 930 3167 gens
942 3095 1465 3166 comendaverunt;
1501 3114 1678 3170 quam
1701 3100 1722 3134 ‘
1742 3116 2078 3172 possessam

431 3181 732 3239 habebant
769 3198 871 3254 per
915 3200 1100 3241 annos
1141 3185 1231 3252 42,
1275 3203 1409 3241 cum
1441 3187 1719 3244 uxoribus
1750 3193 1808 3245 et
1837 3188 1990 3245 natis
2019 3195 2079 3246 et

433 3270 633 3328 omnia
661 3288 787 3342 quae
817 3271 1112 3329 habebant
1155 3274 1412 3332 exientes
1469 3277 1540 3332 de
1571 3277 1828 3333 Panonia
1874 3295 2077 3336 mense

427 3359 644 3432 Aprile,
660 3361 1093 3433 perindictione
1114 3363 1326 3434 prima,
1355 3363 1470 3418 alia
1489 3364 1584 3420 die
1602 3370 1733 3438 post
1754 3383 1931 3438 pasca
1959 3368 2076 3424 Do-

426 3447 572 3504 mini
625 3449 726 3520 qui
781 3449 893 3504 fuit
939 3449 1214 3507 Kalendis
1255 3451 1492 3524 Aprilis,
1523 3469 1657 3508 cum
1692 3455 1812 3524 iam
1846 3455 2074 3511 Domini

423 3536 824 3594 incarnatione
857 3538 993 3594 anni
1030 3539 1336 3612 quingenti
1377 3542 1678 3614 sexaginta
1717 3547 1845 3598 octo
1879 3550 2078 3600 essent

423 3624 660 3682 evoluti.
687 3625 870 3700 Igitur
891 3627 1258 3700 Langobardi
1283 3629 1636 3686 introierunt
1649 3631 1814 3687 Italia
1835 3649 1938 3704 per
1969 3635 2076 3689 Fo-

424 3713 828 3786 rojulanorum
881 3717 1222 3772 terminum.
1273 3717 1479 3773 Alboin
1523 3720 1718 3792 nepoti
1751 3721 1842 3776 sui
1873 3721 2075 3778 Gisolﬁ

426 3802 680 3875 Forojuli
703 3805 992 3861 concessit
1009 3809 1066 3861 et
1095 3805 1353 3879 reliquos
1381 3807 1604 3864 nobiles
1637 3808 2074 3883 Langobardos.

426 3891 754 3949 Hisdiebus
773 3893 1140 3966 Langobardi
1159 3895 1324 3950 Italia
1342 3895 2075 3963 invaserunt,Vincei-tiam

426 3980 836 4052 Veronamque
855 3985 912 4038 et
928 3982 1184 4054 reliquas
1205 3983 1580 4040 Venetiarum
1615 3985 1877 4042 civitates
1901 3988 2071 4060 cepit,

427 4073 488 4125 et
505 4086 610 4142 per
634 4072 752 4126 tres
769 4087 953 4126 annos
974 4071 1174 4126 Ticino
1194 4072 1453 4142 possedit
1470 4073 1566 4144 (5).
1593 4074 1835 4130 Interim
1865 4074 2072 4132 Alboin

427 4157 642 4214 invasit
659 4159 858 4214 omnia
869 4175 1058 4231 usque
1073 4159 1146 4214 ad
1157 4159 1370 4216 Tuscia
1388 4167 1579 4233 preter
1609 4163 1855 4220 Romam
1873 4169 1931 4220 et
1962 4165 2074 4222 Ra-

385 4240 394 4257 “
419 4241 696 4304 ἡθητιειω.
721 4246 1050 4303 Ticinensis
1072 4263 1202 4303 vero
1224 4265 1328 4320 per
1344 4253 1462 4304 tres
1480 4267 1664 4307 annos
1684 4267 1744 4308 se
1767 4254 2069 4311 continen-

425 4328 646 4405 tes,per
659 4334 894 4390 obsides
907 4352 1053 4407 quas
1066 4335 1350 4392 dederunt
1380 4338 1478 4410 (6),
1492 4339 1619 4410 jam
1639 4341 1904 4398 videntes
1937 4361 2072 4399 suo-

431 4439 564 4497 rum
581 4422 754 4478 fortia
773 4422 928 4478 circa
959 4439 1020 4478 se
1056 4424 1388 4498 subjugata,
1415 4428 1785 4502 Langubardi
1808 4449 1871 4488 se
1899 4432 2074 4488 tradi-

424 4511 657 4590 derunt.
689 4511 882 4567 Pauca
935 4528 1069 4568 vero
1125 4513 1196 4570 de
1227 4514 1414 4571 multa
1441 4516 1654 4574 dicam.
1687 4520 1805 4576 Rex
1855 4519 2070 4577 Alboin

2188 1961 2306 2000 uno
2337 1943 2640 2000 mensibus
2661 1959 2794 2012 sex;
2828 1959 2862 1998 a
2886 1959 3066 2016 puero
3095 1943 3168 1998 de
3197 1957 3304 1997 suo
3335 1939 3618 2012 obsequio
3640 1937 3839 2012 gladio

2179 2031 2489 2105 jugulatus
2519 2035 2626 2088 est.
2651 2033 2790 2088 Post
2841 2033 3012 2104 cujus
3050 2034 3296 2087 mortem
3329 2027 3704 2102 Langobardi
3734 2045 3840 2101 per

2188 2139 2374 2177 annos
2395 2121 2594 2177 decem
2618 2137 2812 2194 regem
2835 2137 2952 2176 non
2974 2120 3328 2186 habuerunt,
3361 2118 3462 2174 sed
3491 2117 3604 2174 sub
3621 2119 3644 2154 ⁸
3673 2123 3840 2190 pote-

2188 2215 2397 2267 statem
2430 2211 2680 2266 ducibus
2710 2209 2965 2266 fuerunt.
2999 2209 3134 2266 Post
3162 2213 3359 2264 autem
3411 2223 3601 2264 annos
3631 2207 3835 2268 decem

2187 2299 2488 2371 elegerunt
2513 2299 2736 2366 Autari,
2791 2294 3013 2354 Clefoni
3061 2297 3238 2352 filius.
3271 2295 3473 2353 Autari
3501 2313 3638 2352 vero
3672 2297 3846 2352 duxit

2189 2405 2426 2445 uxorem
2451 2387 2814 2444 Teudelinda
2829 2385 3216 2456 nomine,ﬁlia
3237 2384 3534 2442 Garibalbi
3554 2386 3845 2458 Bajoario-

2187 2495 2318 2534 rum
2340 2495 2441 2533 rex
2457 2481 2727 2533 sanctast
2741 2475 3110 2532 nobilissima
3125 2493 3138 2543 ;
3154 2475 3281 2548 ipse
3292 2474 3582 2531 edificavit
3593 2473 3842 2530 ecclesia

2187 2567 2374 2623 sancti
2397 2565 2651 2622 Johanni
2673 2564 2788 2620 sita
2817 2563 3076 2620 Moditia.
3113 2563 3232 2618 Rex
3260 2562 3462 2618 Autari
3491 2560 3650 2634 apud
3683 2561 3840 2618 Tici-

2174 2672 2350 2725 num,
2382 2670 2671 2710 venenum
2703 2657 2767 2709 ut
2810 2653 3055 2708 tradunt
3086 2655 3344 2725 accepto,
3373 2651 3642 2719 moritur,
3673 2657 3836 2725 post-

2187 2761 2364 2817 quam
2385 2761 2484 2799 sex
2497 2746 2838 2816 regnaverat
2852 2741 3434 2814 annos.Langobardi
3451 2757 3520 2796 ex
3531 2741 3838 2796 communi

2185 2833 2430 2890 concilio
2446 2851 2564 2888 sua;
2578 2833 2774 2906 regine
2787 2829 3157 2888 Teudelinda;
3167 2830 3464 2886 licentiam
3477 2830 3549 2886 tri
3558 2830 3836 2899 buerunt,

2187 2922 2348 2994 quali
2368 2921 2498 2994 ipsa
2519 2937 2626 2977 suo
2647 2921 2869 2992 sociare
2891 2920 3174 2976 voluisset
3208 2919 3502 2993 conjugio,
3532 2917 3636 2974 tali
3663 2924 3724 2975 et
3753 2918 3834 2974 illi

2189 3027 2383 3084 regem
2414 3009 2882 3067 constituissent.
2914 3009 3062 3076 Quid
3094 3007 3282 3064 multa
3303 3009 3330 3062 ‘I
3357 3007 3593 3080 Accepit
3622 3007 3844 3081 Agilqu

2188 3099 2398 3156 ducem
2415 3098 2954 3166 Taurinensium;et
2973 3098 3235 3171 regnavit
3255 3113 3441 3153 annos
3451 3097 3658 3170 viginti
3672 3099 3840 3171 quin-

2189 3205 2320 3260 que,
2353 3193 2410 3244 et
2440 3191 2710 3244 mortuus
2741 3191 2848 3244 est.
2881 3189 2948 3243 Et
3004 3187 3266 3260 regnavit
3321 3203 3425 3258 pro
3481 3203 3548 3242 eo
3579 3186 3702 3243 ﬁlio
3730 3205 3836 3244 suo

2185 3277 2496 3334 Adalovald
2523 3294 2708 3333 annos
2729 3277 2948 3342 decem,
2981 3277 3054 3332 de
3086 3292 3263 3350 regno
3302 3275 3522 3347 ejectus
3549 3279 3658 3332 est.
3691 3277 3836 3348 Ejus

2183 3383 2431 3440 regnum
2446 3365 2733 3422 successit
2751 3365 3008 3434 Arioald,
3038 3370 3095 3422 et
3115 3365 3379 3440 regnavit
3400 3380 3586 3420 annos
3609 3365 3834 3422 duode-

2185 3457 2322 3526 cim,
2348 3461 2406 3512 et
2434 3459 2704 3511 mortuus
2732 3459 2834 3511 est.
2863 3454 3146 3528 Regnavit
3181 3471 3284 3527 pro
3334 3470 3400 3510 eo
3433 3452 3694 3523 Rothari,
3731 3455 3833 3527 qui

2185 3545 2440 3602 edictum
2472 3543 2994 3616 Langubardorum
3039 3544 3369 3616 composuit
3399 3561 3414 3612 ;
3449 3543 3674 3616 reliqua
3702 3543 3836 3614 eius

2185 3635 2532 3707 dignitateu.
2547 3638 2603 3690 et
2623 3632 2817 3699 tertia,
2849 3637 2906 3686 et
2925 3631 3080 3688 bella
3097 3649 3246 3704 quas
3261 3633 3462 3704 gessit,
3494 3649 3689 3688 nonne
3709 3631 3835 3688 haec

2185 3723 2405 3794 scripta
2435 3723 2648 3778 suntin
2671 3721 2943 3777 coronica
2981 3720 3500 3792 Langubardorum
3533 3725 3600 3777 ut
3628 3739 3832 3794 supra.

2185 3811 2468 3884 Regnavit
2489 3809 2727 3866 Rothari
2751 3825 2936 3864 annos
2957 3808 3272 3874 sexdecim,
3305 3812 3362 3863 et
3391 3813 3660 3864 mortuus
3689 3813 3785 3865 est
3819 3827 3833 3876 ;

2186 3898 2468 3955 Rodoaldi
2500 3899 2618 3955 ﬁlio
2667 3915 2775 3954 suo
2821 3913 3070 3970 regnum
3116 3895 3374 3968 reliquit.
3403 3895 3663 3952 Rodoald
3693 3913 3834 3952 vero

2183 3989 2326 4044 dum
2345 4004 2521 4044 uxore
2538 3987 2849 4059 cujusdam
2873 3987 3226 4058 stuprasset,
3255 3985 3326 4040 ab
3357 3985 3562 4040 eodem
3593 3983 3836 4041 interfe-

2184 4081 2314 4132 ctus
2345 4080 2451 4144 est,
2487 4081 2804 4148 postquam
2837 4075 3100 4146 quinque
3130 4078 3474 4142 regnaverat
3529 4073 3699 4129 annis
3745 4091 3839 4130 se-

2183 4171 2460 4238 ptemque
2483 4165 2710 4220 diebus.
2727 4163 2873 4219 Huic
2897 4160 3254 4218 successitin
3279 4177 3452 4234 regno
3470 4162 3696 4235 Aripert
3715 4180 3730 4231 ;
3752 4180 3843 4220 re-

2183 4253 2387 4326 gnavit
2416 4252 2586 4309 annis
2618 4268 2847 4317 novem,
2883 4256 2941 4307 et
3000 4255 3272 4306 mortuus
3301 4255 3410 4306 est.
3453 4249 3722 4323 Reliquid
3755 4269 3846 4309 re-

2182 4359 2365 4416 gnum
2387 4342 2618 4398 duobus
2646 4340 2750 4396 ﬁlii
2781 4341 2898 4407 sui,
2929 4339 3178 4396 Pertarit
3223 4342 3281 4395 et
3319 4339 3646 4412 Gudiperti.
3679 4339 3842 4397 Inter

2182 4431 2328 4504 ipsis
2352 4431 2559 4486 fratres
2575 4427 2750 4485 malis
2771 4427 3110 4484 hominibus
3130 4429 3151 4464 ⁸
3165 4427 3463 4484 discordia
3483 4428 3841 4486 facientesin

2179 4523 2344 4575 tanta
2355 4536 2409 4574 m
2419 4524 2504 4584 ,ut
2517 4517 2785 4574 alterium
2800 4533 3047 4590 regnum
3060 4516 3722 4574 invaderent.Grimoald
3740 4523 3848 4574 Be-

422 4604 742 4674 postquam
772 4599 832 4655 in
855 4600 1022 4658 Italia
1047 4606 1168 4660 tres
1197 4621 1382 4662 annos
1403 4609 1460 4662 et
1490 4624 1591 4664 sex
1609 4625 1840 4666 menses
1865 4626 2072 4682 regna-
2107 4609 2150 4672 D
2183 4613 2639 4663 neventanorum
2663 4621 2906 4662 suorum
2921 4606 3127 4662 ducem
3152 4604 3841 4678 perfraudulentermis-

423 4689 529 4762 vit,
559 4689 1574 4768 insidiaesuaeconjugeinteremptus
1591 4697 2078 4771 est.Langubardi
2187 4713 2320 4752 sum
2352 4710 2556 4750 eorum
2589 4695 2934 4750 mandatum
2992 4694 3252 4764 veniens,
3289 4693 3610 4767 Gudiperto
3641 4693 3843 4766 gladio

425 4795 495 4836 ex
523 4780 822 4838 communi
847 4781 1093 4838 consilio
1123 4781 1258 4838 Cleb
1281 4783 1716 4842 nobilissimum
1737 4787 1796 4842 in
1828 4787 1972 4842 urbe
1991 4787 2079 4840 Ti-

2184 4783 2504 4852 intcremit,
2553 4781 2778 4856 expleto
2807 4799 2960 4840 anno
2992 4787 3126 4856 post
3157 4786 3404 4840 mortem
3437 4782 3622 4856 patris
3652 4787 3712 4840 et
3739 4801 3846 4841 sex

1795 4901 2038 4956 VARle
2077 4899 2482 4956 LECTIONES.

495 4984 792 5066 ‘_C_apitur_n
855 4985 1201 5066 divisionem,
1257 4988 1418 5066 cujus
1457 4989 1537 5066 .in
1594 4988 1774 5044 codice
1837 4991 2070 5059 vestigia
2125 4989 2272 5046 haud
2317 4992 2648 5061 comparent,
2707 4987 3106 5044 instituendam
3160 4989 3368 5044 censui.
3444 4988 3466 5022 ³
3497 4985 3767 5044 sustituit
3794 5005 3842 5044 c.

421 5055 446 5091 ⁸
469 5055 592 5114 ιδιῑῆ
612 5055 666 5113 c.
742 5058 766 5092 ⁴
795 5071 831 5128 q
859 5073 906 5112 c.
984 5057 1006 5091 ⁸
1035 5073 1102 5112 su
1137 5073 1182 5112 c.
1259 5057 1282 5092 ⁶
1311 5055 1630 5115 bominbus
1660 5075 1710 5114 c.

2022 5150 2255 5208 NOTIE.

422 5235 632 5302 anima,
657 5250 694 5288 a
730 5234 893 5303 capit.
939 5233 1074 5287 5-18
1109 5249 1359 5288 mancus.

494 5327 523 5354 «
556 5306 610 5358 6.
643 5305 1036 5371 Fragmentum
1061 5304 1314 5359 chronici
1341 5306 1826 5373 Langobardorum
1873 5310 1941 5364 ab
1961 5310 2072 5364 An-

418 5375 552 5450 drca
569 5375 886 5446 presbytero
901 5375 1209 5450 conscripti:
1238 5376 1278 5450 8_
1291 5375 1428 5450 folia
1448 5377 1530 5431 vel
1573 5379 1640 5432 16
1675 5381 1914 5450 paginas
1943 5397 2071 5438 con-

417 5445 583 5524 tinet,
615 5461 852 5518 quarum
873 5445 1119 5524 singula
1144 5445 1214 5499 28
1261 5447 1455 5524 lineas
1481 5445 1868 5524 complectitur,
1901 5469 2071 5508 mem-

419 5517 598 5577 brana
624 5517 808 5590 crassa
827 5517 1160 5590 scripturam
1214 5518 1383 5590 refert
1426 5517 1895 5590 Langobardicain
1943 5540 2068 5582 saec.

419 5591 518 5658 IX,
552 5593 614 5644 ut
642 5605 712 5670 ex
755 5587 1048 5670 [absimili
1073 5587 1282 5643 litteris
1324 5587 1568 5670 apposito
1597 5594 1776 5670 videre
1812 5601 1890 5652 est
1914 5605 2074 5670 atque

423 5677 494 5716 ex
543 5661 920 5735 conjunctione
965 5661 1276 5735 litterarum
1311 5677 1341 5716 e
1375 5664 1426 5716 et
1461 5679 1508 5728 r,
1549 5681 1578 5719 e
1613 5669 1666 5722 et
1699 5683 1742 5735 ε,
1775 5677 1874 5724 ret
1903 5670 1946 5734 i,
1974 5661 2073 5723 nec

429 5747 546 5785 non
567 5731 1019 5788 ex’abbrcvituris
1037 5731 1714 5805 syllabarum,initialium
1729 5731 2070 5812 'forma,'etc.,

2182 5240 2316 5295 satis
2341 5239 2530 5310 liquet.
2559 5260 2586 5288 ››

2255 5312 2330 5382 (2)
2363 5311 2424 5382 ο.
2459 5311 2548 5364 14.

2273 5381 2327 5437 3i
2354 5381 2412 5437 C.
2445 5385 2502 5436 2.

2275 5451 2328 5509 4i
2360 5451 2684 5509 Justinum.

2249 5522 2324 5589 (‘5')
2355 5526 2397 5580 1.
2428 5540 2476 5580 e.
2509 5522 2884 5578 obsederunt.

2250 5528 2304 5589 (5
2355 5526 2397 5580 1.
2428 5540 2476 5580 e.
2509 5525 2884 5578 obsederunt.

2250 5525 2326 5668 (δὲ
2362 5597 2502 5652 Loco
2531 5591 2916 5656 obsidentibus,
2951 5592 3127 5668 apud
3159 5591 3405 5668 Paulum
3463 5591 3660 5668 II_,_27,
3715 5592 3838 5648 An-

2178 5663 2348 5724 dreas
2373 5669 2572 5724 noster
2594 5679 2901 5737 perperam
2931 5663 3208 5723 obsidibus
3238 5664 3449 5738 legisse
3469 5663 3722 5720 videtur.
