3962 6364
432 391 584 464 ﬂ"!

1707 397 2046 462 APPEND.
2089 395 2197 460 «AD
2239 399 2429 464 8E6.
2459 399 2576 464 :I'X.

3653 429 3658 460 τ
3670 400 3871 472 ‘tl‘ﬂ

423 531 695 600 ocoisi,ut
720 529 816 590 vix
842 529 1016 606 pauci
1045 535 1415 591 remanerent
1441 533 1501 589 in
1527 533 1682 590 vicos
1712 533 1801 599 vel
1831 533 1891 589 in
1931 531 2072 590 civi-
2101 532 2158 601 Α
2185 533 2601 608 Ermengarda,
2621 538 2681 593 et
2709 535 3053 607 Carolustle
3071 535 3305 609 luditis.
3329 551 3460 611 qua
3479 541 3624 612 post
3649 543 3864 600 monte

431 625 603 680 tates.

503 712 559 769 6.
590 712 1100 784 Forojulianorum
1131 713 1250 769 dux
1277 717 1420 769 tunc
1455 711 1738 786 temporis
1785 712 1900 785 (an.
1949 712 2079 782 77b)

419 801 763 875 .Rotcausus
781 805 1045 874 praeerat,
1081 804 1138 858 et
1164 801 1226 857 in
1255 792 1559 858 Vincentia
1587 801 1946 874 Gaidus;qui
1975 817 2073 857 au-

431 889 557 947 ditu
581 877 938 968 Francorum
960 889 1356 948 devastatione
1370 895 1427 946 et
1441 891 1571 963 ejus
1581 891 1897 948 adventum
1920 890 2077 962 quod

427 977 490 1034 in
517 977 1672 1054 Forojuliproperarent,congregatisque
1703 983 1769 1036 ut
1787 981 2076 1052 poterant,

427 1067 658 1124 obviam
688 1084 894 1124 eorum
926 1069 999 1125 ad
1029 1073 1208 1141 ponte
1227 1069 1328 1142 qui
1347 1069 1563 1126 dicitur
1593 1067 1902 1141 Liquentia
1930 1067 2079 1124 exie-

429 1159 652 1236 runt,et
680 1157 900 1237 ibidem
931 1174 1146 1230 magna
1175 1162 1398 1232 strages
1429 1159 1502 1214 de
1529 1157 1764 1216 Francis
1796 1157 2072 1213 fecerunt.

429 1243 680 1324 Kal-olus
707 1261 842 1303 vero
863 1245 982 1327 haec
1003 1247 1268 1315 audiens,
1292 1247 1582 1303 mandans
1611 1261 1814 1304 eorum
1837 1245 2078 1302 ﬁdelita-

430 1334 511 1391 tis
540 1334 716 1391 fidem
749 1339 1124 1411 suscepturos
1151 1340 1211 1392 et
1237 1335 1646 1405 honoraturos,
1668 1337 1996 1398 Rotcausus
2018 1339 2077 1390 et

423 1423 648 1480 Gaidus
675 1423 924 1480 ducibus
955 1440 1092 1480 cum
1123 1424 1340 1482 nobilis
1368 1425 1871 1497 Forojulianorum
1891 1423 2078 1481 consi-

423 1501 505 1566 lio
524 1509 762 1578 inito,ut
779 1510 1029 1568 viriliter
1047 1527 1110 1568 se
1130 1512 1734 1570 contendissent.Erat
1748 1511 1984 1585 quidem
2006 1528 2076 1569 ex

422 1598 693 1673 ipsis,cui
715 1601 845 1672 jam
876 1617 1124 1658 munera
1153 1601 1340 1659 Caroli
1381 1605 1753 1658 excecaverat
1800 1619 1920 1672 cor,
1960 1601 2075 1658 tale

423 1688 590 1746 dedit
616 1689 860 1746 consilio
891 1707 904 1745 :
938 1691 1078 1760 Quid
1105 1693 1414 1762 faciemus?
1443 1691 1715 1760 Quomodo
1759 1707 1947 1747 eorum
1993 1708 2076 1747 re-

425 1779 619 1857 sistere
643 1783 966 1850 possumus?
993 1779 1180 1859 ἐξαριιὰ
1221 1797 1338 1836 non
1382 1781 1657 1837 habemus.
1707 1782 1902 1852 Regem
1945 1796 2070 1836 con-

2187 623 2566 697 Ermengardi
2593 623 2654 679 in
2685 624 2958 699 conjugio
2983 625 3267 699 suscepit.
3285 626 3533 702 Quidam
3562 627 3868 703 pupdido

2185 710 2505 784 imperator
2535 713 2916 772 Hludowicus
2936 731 3110 772 suum
3131 713 3322 775 ﬁlium
3349 715 3630 778 Lothario
3645 717 3773 778 sub
3787 732 3868 774 .se

2183 801 2385 856 sedem
2411 801 2738 874 imperialis
2767 801 3092 872 constituit,
3122 803 3351 864 vivente
3378 809 3574 877 pains.
3661 859 3668 865 .
3809 859 3816 864 .

2258 889 2346 944 10.
2373 890 2591 946 Habuit
2615 891 2928 949 Lotharius
2955 891 3136 961 ﬁlius,
3170 891 3554 955 Hludowicus
3572 893 3863 963 nomine,

2187 977 2280 1034 cui
2311 979 2476 1036 avius
2505 997 2651 1036 suus
2664 979 3049 1038 Hludowicus
3067 981 3302 1048 Italiam
3311 981 3866 1051 concmsitﬁludo-

2183 1067 2322 1124 wici
2351 1067 2460 1124 filii
2489 1069 2580 1125 sui
2610 1069 2898 1142 Bajoaria,
2933 1069 3124 1128 Caroli
3150 1069 3485 1144 Aquitania.
3507 1071 3718 1136 Honor
3746 1088 3861 1132 au-

2181 1161 2304 1212 tem
2361 1158 2572 1230 major,
2624 1158 2683 1214 id
2731 1161 2824 1215 est
2864 1157 3208 1230 imperialis,
3249 1160 3550 1223 crescebat
3605 1159 3864 1222 cottidie

2185 1245 2474 1312 Lotharii;
2507 1247 2602 1303 cui
2635 1247 2862 1304 inimici
2887 1247 3158 1307 homines
3182 1247 3500 1308 consilium
3531 1249 3861 1318 dederunt,

2185 1339 2476 1408 quatenus
2527 1336 2841 1404 Judittam,
2875 1353 3190 1394 nuvercam
3229 1353 3428 1404 suam,
3455 1336 3861 1410 genitalium

2181 1422 2454 1481 tollerent
2481 1424 2628 1481 etin
2657 1423 2828 1482 Italia
2854 1425 3239 1496 abducerent;
3269 1425 3458 1487 sicuti.
3473 1425 3768 1496 fecerunt.
3787 1430 3856 1492 In

2180 1511 2412 1579 civitate
2440 1513 2819 1572 Dartonensis
2840 1513 2902 1572 in
2924 1515 3193 1574 custodia
3231 1515 3540 1576 miserunt.
3585 1515 3738 1586 Quis
3757 1532 3861 1588 po-

2182 1605 2302 1659 test
2322 1602 2514 1660 dicere
2542 1603 2947 1676 furore,quam
2966 1607 3132 1676 pater
3154 1605 3284 1676 eius
3307 1603 3692 1668 uehementer
3739 1604 3859 1662 ina-

2180 1694 2280 1748 tus
2311 1691 2561 1749 fuisset?
2589 1692 2691 1749 sed
2717 1695 2903 1750 totam
2926 1693 3100 1750 fortia
3119 1692 3622 1757 Lothariusad-se
3641 1696 3859 1756 meten-

2181 1785 2304 1836 tam
2331 1780 2604 1838 habebat.

761 1871 1146 1968 nostra-jam
1186 1869 1424 1968 devictus
1467 1873 1565 1968 est.
1633 1871 1866 1968 Eamus
1886 1885 2076 1933 eorum
2103 1903 2154 1968 B
2259 1871 2344 1926 11.
2377 1869 2564 1968 Igitur
2592 1887 2710 1968 non
2739 1873 2874 1944 post
2905 1869 3123 1968 multos
3153 1871 3278 1930 dies
3309 1872 3450 1931 dum
3475 1887 3852 1968 “recogno-

429 1940 726 2034 ﬁdelitate;
756 1940 890 2012 bene
907 1940 1070 2014 nobis
1097 1959 1220 2014 erit.
1253 1957 1404 2022 Quid
1455 1957 1688 2013 dicam?
1714 1957 1790 2014 Ut
1816 1958 2074 2026 obtabat,

430 2043 711 2101 fecerunt.
741 2046 812 2126 Et
839 2049 1036 2102 tamen
1065 2062 1269 2103 eorum
1308 2045 1550 2103 Carolus
1597 2045 1847 2104 servavit
1894 2047 2076 2104 hono-

430 2149 576 2190 rem.

493 2223 551 2279 7.
587 2222 768 2297 Igitur
795 2223 1113 2298 subjugata
1139 2228 1196 2282 et
1219 2225 1490 2284 ordinata
1518 2225 1705 2293 Italia,
1723 2226 1798 2281 ad
1828 2227 2074 2282 Romam

411 2312 681 2386 perrexit
737 2313 851 2386 (cm.
891 2314 1049 2387 781);
1094 2313 1312 2370 ibidem
1369 2315 1652 2388 palatium
1709 2313 2073 2384 construxit;

428 2399 640 2458 deinde
667 2403 823 2457 terra
850 2401 1154 2474 paciﬁcate
1181 2406 1239 2460 et
1267 2407 1634 2460 sacramenta
1653 2403 1808 2470 data,
1832 2402 2076 2474 Pipinus

427 2505 574 2568 suus
587 2487 744 2546 filius
767 2490 1085 2563 regendum
1098 2489 1277 2548 Italia
1293 2491 1582 2549 concessit
1595 2491 1740 2564 ;ipse
1755 2507 1888 2548 vero
1903 2495 2077 2547 Κατο-

424 2576 522 2656 ius
549 2581 685 2656 post
711 2577 1079 2652 aliquantum
1109 2583 1344 2653 tempus
1371 2580 1615 2638 Francia
1653 2597 1918 2641 reversus
1962 2583 2072 2648 est,

427 2667 664 2725 obsides
693 2685 930 2746 quoque
945 2669 1225 2726 ducentes
1247 2685 1444 2726 secum
1467 2669 1748 2742 quicquid
1771 2669 1938 2726 Italia
1959 2685 2077 2725 ma-

419 2757 583 2836 jores
623 2756 744 2812 nat-i
790 2761 849 2812 et
889 2756 1204 2814 nobiliores
1252 2762 1437 2814 erant.
1470 2758 1609 2814 Post
1657 2775 1772 2814 non
1821 2757 2075 2814 multum

425 2847 666 2924 tempus
695 2845 767 2902 ab
797 2846 1004 2923 eodem
1032 2845 1274 2903 Carolus
1298 2852 1661 2915 meruerunt,
1710 2851 1767 2903 et
1807 2846 2076 2904 honorati

429 2937 574 2992 sunt
598 2935 671 2992 ab
700 2934 848 3008 ipso,
879 2935 950 2991 ad
982 2952 1150 2993 suam
1181 2935 1396 2993 reversi
1425 2939 1567 2993 sunt
1595 2936 1804 3008 patria.
1835 2935 2076 3008 Pipinus

421 3037 562 3102 vero
588 3021 815 3080 vivente
844 3027 1006 3096 patre
1034 3025 1349 3081 defunctus
1379 3028 1471 3080 est
1499 3025 1614 3096 (an.
1645 3024 1706 3080 8|
1717 3023 2074 3096 O).Reliqnid

425 3111 1010 3192 ﬁliumﬁennardum
1036 3113 1292 3182 nomine,
1325 3113 1418 3169 cui
1469 3112 1714 3168 Karolus
1741 3112 1908 3169 Italia
1937 3129 2075 3169 con-

423 3189 747 3274 cessit;qui
771 3217 904 3258 cum
937 3205 1092 3260 esset
1123 3201 1380 3275 penuriae
1400 3200 1570 3256 lamis
1592 3199 1759 3256 Italia
1779 3218 2073 3274 praeuccu-

2187 1975 2358 2016 scene
2386 1959 2884 2032 Lotharius,quod-
2912 1959 3136 2018 malum
3157 1961 3373 2035 egisset
3387 1959 3852 2031 consil—inmatu-

2187 2047 2421 2104 bercam
2445 2065 2618 2105 suam
2646 2049 2953 2107 remittens
2977 2050 3232 2124 genitori
3265 2067 3396 2118 suo,
3421 2051 3592 2110 stirs
3615 2050 3855 2111 inﬂam-

2186 2141 2384 2194 matus
2413 2141 2616 2194 contra
2642 2137 2776 2194 illos
2809 2137 2910 2211 qui
2959 2138 3014 2196 ei
3067 2142 3195 2196 tam
3237 2155 3497 2212 pravum

2185 2226 2495 2295 dederunt,
2525 2226 2672 2283 alios
2700 2226 2934 2299 occidit,
2969 2227 3116 2285 alios
3154 2228 3216 2284 in
3263 2227 3436 2290 axilio
3465 2227 3650 2289 misit.
3685 2229 3857 2290 Tunc

2184 2313 2470 2388 temporis
2493 2315 2751 2372 ecclesia
2769 2315 3227 2375 Mediolnnensis
3241 2315 3635 2390 Angelbertus
3654 2317 3858 2382 archi-

2185 2403 2496 2477 episcopus
2526 2405 2784 2478 regebat.
2816 2405 3060 2462 Volebat
3089 2405 3408 2480 imperator
3435 2405 3654 2474 dicere,
3689 2407 3852 2479 quod

2184 2491 2286 2554 ille
2314 2493 2374 2549 in
2405 2493 2533 2567 ipso
2563 2493 2878 2550 consilium
2908 2494 3138 2564 fuisset,
3169 2499 3230 2552 et
3277 2493 3576 2566 venientes
3613 2494 3850 2555 nobiles

2185 2597 2320 2638 eum
2352 2583 2412 2638 in
2441 2582 2626 2656 gratis
2652 2583 2974 2652 miserunt;
3006 2584 3111 2640 sed
3140 2585 3292 2642 dum
3315 2587 3452 2643 ante
3488 2583 3848 2656 imperatore

2185 2670 2586 2740 ducerent,-ille
2613 2687 2750 2728 vero
2778 2674 3008 2728 tantum
3035 2675 3214 2744 caput
3242 2671 3547 2730 inclinavit
3574 2675 3634 2730 at
3662 2673 3846 2730 verba

2185 2759 2530 2816 salutatoris
2557 2759 2704 2816 dixit
2723 2761 2816 2829 ;ad
2841 2761 3020 2833 pedes
3035 2776 3169 2817 vero
3187 2759 3378 2817 noluit
3393 2759 3844 2834 venirepnopter

2185 2848 2517 2914 reverentiae
2547 2849 2831 2906 honorem
2877 2849 3281 2908 ecclesiarum.
3311 2849 3474 2908 Tunc
3515 2848 3842 2922 imperator

2185 2937 2330 2994 dixit
2361 2955 2374 2992 :
2410 2938 2501 2994 Sic
2527 2940 2767 2994 centenis
2805 2946 2876 3008 te,
2907 2939 3068 3012 quasi
3107 2946 3330 2997 sanctus
3371 2937 3693 3002 Ambrosius
3717 2939 3844 2997 sis?

2181 3024 2668 3099 Archiepiscopus
2699 3025 3003 3098 respondit
3033 3043 3046 3080 :
3077 3028 3190 3086 Nec
3236 3041 3336 3098 ego
3359 3032 3580 3089 sanctus
3603 3026 3841 3090 Ambro-

2183 3116 2318 3183 sius,
2372 3131 2470 3171 nec
2516 3123 2577 3170 tu
2621 3115 2876 3172 dominus
2923 3115 3084 3172 Deus.
3131 3116 3460 3186 Impetum
3514 3130 3651 3177 vero
3701 3114 3841 3181 8.th-

2175 3204 2373 3277 junxit
2397 3205 2452 3261 ei
2486 3221 2500 3260 :
2531 3206 2610 3261 Ite
2637 3204 2708 3260 ad
2750 3206 3054 3275 genitorem
3089 3220 3292 3272 meum,
3323 3204 3484 3277 cujus
3529 3203 3719 3266 odium
3753 3218 3842 3261 me

424 3292 583 3364 pata,
615 3271 808 3366 subito
837 3295 905 3347 ut
936 3271 1224 3348 Bel-nardo
1257 3305 1503 3362 regnum
1545 3271 1799 3362 accepit,
1820 3291 2072 3365 dignita-
2101 3271 2150 3336 ο
2177 3271 2386 3366 Fecistis
2415 3293 2646 3362 habere;
2675 3271 2916 3350 reducm
2960 3309 3046 3350 me
3092 3291 3164 3351 ad
3205 3271 3510 3364 pristinam
3551 3293 3838 3363 gratiam!

424 3381 546 3436 tem
575 3364 1017 3452 ubertatemque
1045 3378 1298 3446 advenit,
1322 3381 1382 3433 et
1410 3377 1493 3433 sic
1522 3377 1631 3433 fuit
1657 3377 1799 3434 dum
1830 3364 1954 3452 ipse
1983 3397 2070 3437 re-

423 3458 902 3542 gnavit.Karcl~us
919 3471 1114 3523 autem
1132 3465 1384 3534 quicum
1403 3483 1503 3522 sex
1523 3482 1708 3527 annos
1728 3467 1784 3523 in
1808 3469 2068 3538 Francia,

423 3560 485 3615 et
511 3543 826 3637 postquam
850 3557 910 3612 in
941 3553 1110 3610 Italia
1137 3553 1436 3626 ingressus
1449 3556 1812 3613 estilannos
1833 3575 2069 3632 regnas-

422 3647 850 3726 set,det‘unctus
879 3647 970 3700 est
997 3642 1054 3696 in
1085 3658 1228 3715 pace
1256 3659 1542 3716 senesque
1569 3645 1756 3702 aetatis
1786 3651 1843 3702 et
1862 3647 2070 3719 plenus

417 3721 648 3792 dierum
679 3735 796 3810 (an.
825 3733 972 3804 8H),
999 3732 1101 3804 qui
1151 3749 1254 3806 per
1299 3749 1434 3790 eum
1465 3751 1679 3790 nomen
1710 3735 2067 3792 Francorum

413 3823 585 3902 longe
609 3823 842 3896 lateque
868 3821 1219 3894 percrebuit,
1250 3822 1406 3879 sicut
1447 3827 1540 3880 est
1579 3840 1734 3880 nunc
1776 3841 1962 3898 usque
1993 3827 2064 3883 ad

409 3909 762 3967 hodiernum
791 3908 970 3964 diem.
996 3907 1267 3981 Reliquid
1299 3910 1498 3967 sedem
1529 3927 1698 3968 suam
1730 3911 1791 3968 in
1825 3913 2068 3970 Francia

409 3996 766 4066 Hludowici,
799 3995 920 4052 filio
949 4013 1076 4054 suo.
1111 4001 1228 4054 Iste
1253 3997 1463 4072 incipit
1508 4016 1714 4057 vocare
1747 4001 2067 4074 imperator

411 4105 482 4145 ex
512 4087 870 4165 Francorum
891 4101 1100 4158 genus.

483 4177 538 4232 8.
571 4175 796 4246 Coniux
814 4189 951 4230 vero
971 4175 1237 4246 ejusdem
1270 4174 2066 4253 Hludowiei,Hermengarda

414 4260 986 4331 nomi-ne,inimicitia
1001 4269 1203 4321 contra
1218 4265 1530 4331 Bernardo,
1544 4265 2061 4340 Langubardorum

411 4367 632 4425 regem,
665 4353 792 4406 orta
812 4355 920 4420 est,
952 4353 1242 4411 mandans
1267 4355 1343 4422 ei,
1375 4354 1545 4426 quasi
1576 4356 1737 4428 pacis
1767 4358 1956 4430 gratia
1987 4360 2059 4416 ad

412 4457 476 4498 se
498 4438 714 4495 venire.
739 4439 850 4496 ~llle
873 4439 946 4498 ab
977 4441 1124 4516 ipsis
1153 4442 1380 4499 nobiles
1411 4442 1672 4518 legatarii
1695 4453 2061 4506 sacramenta

409 4528 586 4584 fidem
618 4529 892 4603 suscepit,
926 4530 1170 4588 Francia
1197 4530 1390 4589 iturus
1420 4537 1527 4589 est.
1559 4535 1666 4599 Qui
1700 4551 1834 4592 mox
1863 4541 1928 4593 ut
1958 4537 2060 4594 illa

2180 3381 2282 3438 Ille
2335 3386 2532 3438 autem
2578 3381 2702 3438 haec
2751 3381 3018 3450 audiens,
3072 3381 3326 3454 perrexit
3381 3381 3442 3442 in
3498 3381 3833 3450 Franciam,

2181 3469 2560 3529 Hludowicus
2576 3470 2894 3544 imperator
2908 3469 3226 3528 honoriﬁce
3241 3486 3378 3528 eum
3397 3469 3830 3542 ωιοθρὶιλὶυω

2180 3560 2248 3615 ad
2284 3576 2547 3616 mensam
2575 3563 2821 3632 uterque
2851 3561 3174 3628 reficerent,
3199 3576 3378 3618 causa
3407 3559 3832 3632 exurgens-im—

2177 3653 2409 3723 perator
2435 3653 2492 3705 et
2519 3649 2667 3706 dixit
2695 3667 2710 3705 :
2741 3651 2889 3706 Bone
2916 3651 3338 3722 archiepiscopo,
3369 3647 3503 3722 quid
3554 3647 3704 3711 debet
3739 3651 3828 3720 fa-

2176 3755 2294 3795 cere
2321 3740 2482 3795 homo
2509 3739 2577 3796 de
2603 3739 2897 3795 inimicum
2922 3741 3122 3794 suum?
3137 3737 3238 3795 Ille
3270 3737 3576 3810 respondit
3607 3755 3620 3795 :
3650 3739 3831 3799 Romi-

2173 3845 2279 3884 nus
2306 3827 2456 3885 dixit
2486 3831 2548 3885 in
2573 3828 2858 3898 evangelio
2890 3846 2910 3884 :
2939 3829 3166 3900 Diligis:
3214 3828 3470 3884 inimicos
3509 3833 3731 3892 minos,
3775 3830 3829 3884 et

2176 3917 2468 3990 benefacite
2494 3919 2583 3974 his
2606 3919 2703 3990 qui
2729 3933 2820 3974 vos
2847 3917 3080 3974 oderunt
3109 3916 3313 3988 (Matth.
3363 3933 3417 3982 γ,
3467 3916 3580 3990 46),
3631 3919 3821 3988 impe-

2173 4010 2330 4062 rator
2356 4005 2502 4062 dixit
2535 4024 2548 4063 :
2581 4007 2644 4062 Et
2688 4007 2740 4062 si
2781 4007 2904 4064 haec
2943 4023 3057 4062 non
3095 4007 3320 4077 fecero?
3349 4004 3826 4081 Archiepiacopus

2172 4095 2474 4168 respondit
2505 4114 2518 4152 :
2551 4095 2612 4152 Si
2639 4111 2752 4153 non
2777 4097 2992 4167 feceris,
3023 4111 3136 4151 non
3183 4094 3404 4154 habebis
3448 4095 3623 4164 vitam
3662 4102 3824 4154 atar-

2169 4200 2320 4251 nam,
2349 4187 2400 4240 si
2427 4185 2487 4240 in
2517 4185 2634 4256 ipso
2663 4183 2791 4240 odio.
2813 4187 3065 4240 mortuus
3097 4185 3292 4255 fueris.
3327 4185 3653 4256 Imperator
3689 4198 3820 4240 vero

2167 4271 2355 4328 iratus
2385 4271 2530 4328 dixit
2561 4290 2574 4328 :
2609 4271 2670 4329 Si
2695 4288 2782 4328 me
2830 4272 3115 4330 vindicabo
3145 4272 3210 4330 de
3239 4271 3521 4344 adersanb
3546 4287 3686 4338 meo,
3705 4287 3823 4332 -ηοη

2168 4361 2372 4418 habebo
2401 4363 2573 4418 vitam
2613 4365 2886 4419 aeternam
2905 4365 2930 4416 .9
2959 4366 3018 4416 et
3063 4361 3266 4418 statim
3309 4359 3619 4432 subjunxit
3649 4376 3664 4416 :
3699 4359 3823 4418 Vide

2166 4451 2542 4522 Angclbertus,
2575 4449 2837 4524 quomodo
2879 4450 3000 4507 hanc
3046 4451 3210 4507 verba
3248 4448 3556 4521 defendas!
3581 4448 3656 4506 Et.
3685 4465 3818 4512 cen-

2165 4539 2371 4596 stituto
2402 4540 2592 4612 posito
2611 4555 2800 4612 usque
2816 4538 2878 4594 in
2895 4538 3267 4596 meneMane
3289 4542 3494 4600 autem
3507 4537 3818 4605 tantamn-

408 4617 619 4700 potuit,
650 4617 804 4676 sicut
829 4619 1498 4688 audivimus,nesciente
1528 4623 2056 4696 imperatore,oculi
2087 4637 2132 4702 Ι)
2165 4629 2252 4700 git
2281 4627 2602 4700 imperator
2633 4627 2951 4700 sapientes,
2983 4631 3157 4700 prout
3203 4627 3254 4682 si
3304 4626 3498 4686 subito
3529 4629 3813 4698 poterant,

403 4705 685 4765 Bernardi
741 4709 985 4778 evulsit;
1037 4709 1110 4766 ab
1163 4709 1292 4782 ipso
1351 4710 1548 4768 dolore
1605 4712 1918 4771 defunctus
1963 4720 2054 4772 est

403 4794 519 4868 (an.
551 4798 999 4877 818,postquam
1028 4799 1291 4873 quinque
1321 4805 1664 4874 regnaverat
1692 4819 1900 4871 annos,
1936 4804 2050 4862 duo

403 4884 516 4940 sub
545 4883 764 4952 Carolo,
795 4891 915 4944 tres
942 4888 1056 4944 sub
1087 4888 1488 4946 Hludowicus.
1605 4921 1608 4924 ~

469 4972 526 5028 θ.
559 4973 695 5030 Erat
721 4975 766 5010 ¹²
794 4975 1033 5048 quidem
1084 4976 1466 5034 Hludowicus
1507 4977 1824 5051 imperator
1852 4980 2050 5038 multis

403 5059 724 5135 sapientia,
781 5063 1023 5120 consilio
1063 5067 1350 5140 prudens,
1406 5067 1742 5126 misericors
1788 5073 1847 5126 et
1890 5070 2050 5144 pacis

404 5153 657 5219 amator;
690 5149 943 5220 habebat
970 5153 1366 5226 tranquillitas
1396 5171 1614 5232 magna
1655 5175 1724 5213 ex
1761 5159 1918 5214 omni
1929 5177 2051 5216 um-

403 5253 522 5312 que
547 5241 713 5310 parte
743 5238 904 5310 pacis
933 5237 1154 5312 gratia;
1186 5241 1468 5314 diligebat
1489 5243 2048 5317 leclores,cantores,

401 5331 460 5384 et
488 5326 716 5384 cunctis
733 5326 1119 5384 servientibus
1138 5329 1254 5386 Dec
1275 5331 1749 5392 ministrantibus
1769 5336 2046 5394 ecclesiae.

399 5415 616 5474 Habuit
643 5415 796 5473 filios
825 5419 964 5485 tres,
994 5415 1052 5473 id
1084 5421 1174 5474 est
1201 5417 1467 5478 Lothario
1496 5426 1554 5480 et
1572 5423 1954 5483 Hludowicus
1973 5427 2046 5484 de

2161 4717 2496 4774 conﬂictum
2523 4715 2808 4772 habentes
2839 4716 2914 4772 de
2941 4714 3050 4772 hac
3079 4715 3259 4778 verba
3287 4719 3493 4775 contra
3538 4713 3815 4786 archiepi-

2163 4805 2894 4878 sco.pus.Ayrchiepisoopus
2918 4821 3124 4861 eorum
3147 4803 3460 4878 praesentia
3487 4802 3672 4868 dixit:
3707 4803 3814 4868 35i-

2159 4896 2250 4963 ιὶις,
2283 4895 2414 4966 quia
2439 4911 2626 4951 sumus
2651 4909 2836 4952 mnes
2861 4897 3062 4966 fratres
3085 4894 3146 4950 in
3177 4893 3394 4952 Christo
3411 4896 3436 4947 .9
3481 4891 3575 4951 Illi
3617 4895 3804 4956 autem

2161 4983 2580 5056 respondentes
2607 4983 2882 5040 dixerunt
2931 5001 2946 5040 :
2998 4982 3573 5054 Scinutsauiaﬂnum
3600 4989 3812 5054 Mam

2157 5088 2411 5135 uocamus
2459 5075 2519 5128 in
2565 5071 2731 5128 caelis.
2766 5071 2870 5128 Ille
2923 5075 3119 5128 autem
3167 5070 3356 5128 dixit:
3388 5072 3530 5142 Ergo
3565 5071 3617 5126 si
3641 5071 3805 5140 scitis,

2158 5160 2298 5232 quod
2325 5165 2522 5232 fratres
2552 5177 2762 5230 sumus,
2792 5161 2908 5216 sive
2937 5161 3076 5216 liber
3101 5168 3152 5216 et
3181 5175 3392 5227 servus,
3423 5160 3540 5215 sive
3561 5162 3718 5231 pater
3755 5164 3809 5217 et

2157 5251 2330 5322 fil-ius.
2380 5250 2662 5322 Apostolus
2705 5251 2977 5307 Iohannes
3021 5248 3168 5306 dixit
3208 5265 3228 5304 :
3279 5249 3388 5318 Qui
3431 5247 3548 5306 odit
3583 5249 3806 5320 [matrem

2156 5355 2339 5407 suum,
2369 5339 2606 5396 omicz‘da
2633 5343 2788 5408 est,“
2832 5340 3012 5394 omnis
3053 5337 3290 5396 omieida
3319 5353 3432 5394 non
3459 5337 3618 5394 habet
3641 5337 3804 5393 vitm

2154 5435 2398 5485 eternam
2443 5431 2506 5486 in
2549 5443 2608 5485 se
2653 5434 2968 5485 manentem
3015 5427 3066 5502 (ι
3109 5429 3266 5486 Joan.
3317 5441 3404 5497 III,
3451 5425 3558 5498 15).
3592 5424 3655 5483 δί
3678 5442 3799 5498 ergo

1767 5576 2004 5636 VARLE
2040 5577 2456 5638 LECTIONES.

470 5681 512 5716 ¹²
543 5682 680 5740 Hine
709 5685 826 5742 alia
853 5702 1072 5757 manus,
1101 5683 1412 5745 charactere
1435 5692 1704 5749 crassiore
1732 5692 1951 5764 quidem
1976 5695 2290 5769 maioreque
2307 5693 2744 5769 praedantibus
2767 5693 2863 5752 sed
2887 5694 3310 5768 Langobasds'eo.
3339 5693 3577 5768 Camn,
