3962 6360
101 435 107 446 "
139 415 324 483 ηαδ

1233 419 1602 484 ANDREAS
1633 419 2113 486 PRESBYTER
2152 414 2504 484 BERGOM.

3413 420 3570 484 κω

139 551 379 612 odiosus
405 549 645 612 amicitia
672 551 1042 624 reputabitur,
1069 553 1336 626 quomodo
1367 554 1538 610 vitam
1567 561 1810 611 demam
1839 553 1896 622 Α
1923 552 2241 626 imperator
2295 550 2802 625 Forojulianorum
2843 550 3194 611 'Ebherardo
3245 553 3566 628 principem

139 655 505 712 meum
531 641 638 698 erit
657 640 685 698 ?
714 640 808 698 Illi.
831 646 1029 702 autem
1059 642 1326 710 convicti,
1369 643 1442 700 ad
1473 642 1594 698 hinc
1630 643 1808 704 verba

141 734 609 790 oomnserunt.
641 733 968 804 Imperator
991 747 1127 788 vero
1156 747 1399 788 manum
1429 733 1489 787 in
1519 736 1672 788 terra
1702 748 1810 804 po-

143 834 330 884 nens,
365 819 596 876 veniam
628 819 850 892 petivit,
883 825 940 877 et
968 822 1216 893 gratiam
1245 819 1350 875 ﬁlii
1387 821 1478 876 sui
1534 820 1805 876 reddidit.

141 906 474 980 Imperavit
502 906 627 980 ipse
658 912 780 964 tam
804 908 962 965 solus
991 925 1170 980 quam
1196 907 1372 966 simul
1399 925 1532 964 cum
1565 908 1684 964 ﬁlio
1715 926 1814 964 an-

149 1011 275 1054 nos
302 997 396 1063 27,
425 999 484 1052 et
511 995 639 1068 ipso
670 997 942 1054 Lothario
965 998 1290 1054 subeodem
1324 1001 1485 1069 patre
1511 1015 1696 1054 annos
1717 999 1807 1052 21.

143 1083 486 1142 lndictione
523 1085 697 1142 tertia
735 1086 849 1156 (an.
880 1087 1008 1157 840)
1057 1085 1141 1142 sic
1185 1086 1297 1142 fuit
1333 1085 1420 1142 sol
1462 1086 1810 1144 obscuratus

152 1173 222 1232 in
247 1173 362 1230 hoc
383 1174 628 1242 mundo,
658 1179 716 1231 et
744 1174 946 1231 stellas
973 1176 1032 1230 in
1062 1175 1204 1232 coelo
1231 1175 1609 1248 apparebant,
1633 1176 1667 1230 3
1697 1175 1808 1231 No-

149 1277 278 1320 nas
303 1261 657 1335 Magiaspra
687 1279 861 1328 nona,
886 1263 948 1319 in
970 1263 1231 1322 lzetanias
1255 1265 1298 1300 ¹³
1322 1263 1748 1336 Domini,quasi
1778 1281 1811 1319 a

153 1350 362 1412 Inedia
390 1367 511 1408 ora.
537 1352 712 1408 Facta
733 1355 822 1408 est
842 1352 1138 1409 tribulatio
1161 1370 1391 1426 magna.
1417 1353 1681 1425 Cumque
1701 1353 1811 1410 hoc

151 1438 419 1512 populus
451 1439 849 1507 intenderent,
896 1442 1064 1498 multi
1096 1442 1474 1508 extimabant,
1503 1443 1661 1514 quod
1689 1443 1808 1513 jam

113 1528 419 1600 ~3DPHUI
449 1527 558 1586 hoc
590 1529 854 1586 seculum
909 1548 1024 1586 non
1073 1535 1286 1597 staret;
1345 1532 1448 1587 sed
1505 1532 1647 1586 dum
1689 1531 1811 1587 haec

149 1617 442 1691 angustia
463 1618 950 1691 contemplarent,
975 1619 1203 1675 refulsit
1219 1619 1306 1676 sol
1327 1623 1385 1676 et
1413 1619 1583 1692 quasi
1613 1619 1810 1676 tremi-

147 1706 280 1768 dus
305 1705 370 1762 in
398 1709 576 1766 antea
607 1707 1016 1764 umbraculam
1057 1708 1248 1781 fugire
1275 1709 1446 1780 cepit.
1509 1709 1642 1780 Ipsa
1679 1725 1812 1765 vero

154 1797 334 1852 nocte
362 1795 632 1866 sequenti
662 1812 841 1868 prope
863 1797 1315 1854 matutinofacta
1333 1801 1424 1853 est
1445 1797 1543 1852 lux
1565 1797 1730 1868 quasi
1754 1797 1812 1852 in

153 1882 278 1945 die.
309 1883 441 1942 Haec
469 1883 640 1956 signa
669 1884 728 1940 in
740 1884 862 1941 celo
880 1890 1172 1957 conperta,
1187 1887 1456 1942 doctores
1479 1886 1536 1941 in
1569 1903 1812 1942 suorum

154 1971 522 2032 monitiones
548 1972 856 2030 dixerunt:
900 1977 1097 2044 Estote,
1153 1978 1358 2046 fratres
1414 1977 1639 2046 parati;
1683 1977 1815 2046 quia

154 2060 523 2133 adimpletum
577 2065 653 2120 est
683 2063 824 2134 quod
870 2065 932 2118 in
981 2065 1266 2133 evangelio
1324 2066 1582 2120 Dominus
1637 2065 1809 2120 dicit:

162 2171 193 2202 «
221 2152 364 2210 Cum
393 2151 508 2208 luteo
533 2153 699 2221 signa
727 2152 995 2218 videritis,
1026 2156 1228 2220 scitote,
1255 2155 1386 2224 quia
1410 2170 1581 2225 prope
1609 2162 1685 2210 est
1699 2154 1813 2209 dies

159 2240 386 2300 ﬂamini
411 2256 644 2311 magnus
670 2248 722 2296 et
747 2243 1070 2312 manifest-us
1093 2248 1110 2296 !
1142 2243 1292 2313 (Luc.
1345 2260 1458 2310 xxx,
1505 2243 1620 2314 31.)
1656 2265 1682 2291 ››
1713 2243 1811 2298 Se-

154 2329 368 2400 quanti
398 2333 593 2386 autem
626 2345 829 2386 mense
856 2331 1035 2386 Junio
1072 2331 1452 2388 Hludowicus
1497 2333 1815 2404 imperator

156 2417 476 2480 defunctus
505 2422 616 2484 est,
651 2435 909 2490 suosque
929 2419 1054 2476 dies
1087 2421 1272 2476 ﬁnivit
1298 2420 1355 2476 in
1385 2437 1547 2493 pace.

240 2507 326 2563 12.
364 2507 500 2564 Post
527 2509 696 2579 cujus
730 2513 976 2564 mortem
1007 2509 1300 2565 discordia
1337 2509 1488 2566 inter
1517 2509 1662 2582 ipsis
1694 2513 1813 2566 tres

160 2595 465 2668 germanis
495 2597 768 2667 surrexit,
800 2597 1182 2654 Hludowicus
1213 2603 1271 2654 et
1301 2598 1542 2655 Carolus
1572 2616 1641 2654 ex
1695 2617 1813 2655 una

155 2688 346 2757 parte,
399 2684 708 2741 Lotharius
755 2703 824 2741 ex
881 2685 1082 2742 altera.
1131 2691 1390 2759 Cumque
1430 2687 1594 2744 nulla
1648 2693 1814 2760 parte

153 2773 357 2834 locum
395 2774 942 2846 dantesjungentes
974 2790 1038 2830 se
1068 2775 1165 2830 ubi
1193 2780 1570 2848 nuncupatur
1599 2777 1813 2832 Funta-

161 2878 367 2928 nenae,
389 2862 542 2922 acies
572 2861 710 2918 hinc
740 2867 797 2918 et
819 2863 1052 2919 indeex
1083 2868 1331 2935 utraque
1349 2864 1532 2936 partis
1553 2870 1816 2922 constru-

163 2954 276 3020 σω,
297 2950 464 3010 facta
479 2955 569 3008 est
587 2955 813 3025 strages
846 2969 1081 3024 magna,
1115 2954 1369 3010 maxime
1391 2953 1616 3010 nobiles
1643 2956 1817 3026 Aqui-

164 3045 444 3102 tenerum
470 3042 583 3112 (an.
611 3042 761 3109 841.,
793 3042 1080 3114 Tantique
1114 3043 1226 3114 (-l-O)
1251 3043 1329 3097 ibi
1361 3043 1468 3098 viri
1508 3044 1685 3100 fortes
1717 3062 1817 3116 per

165 3129 574 3190 contentiones
591 3130 778 3188 malas
809 3134 866 3187 et
886 3131 1335 3203 improvidentia
1360 3133 1632 3190 debellati
1655 3138 1812 3201 sunt,

167 3219 374 3292 quanti
405 3218 736 3292 potuissent
766 3235 866 3291 per
897 3220 1110 3276 bonam
1138 3221 1508 3277 concordiam
1559 3226 1615 3277 et
1657 3222 1814 3278 salu-

1916 641 2238 698 constituit.
2282 643 2358 698 Eo
2389 641 2689 712 defuncto,
2710 642 2983 699 Unbroch
3015 642 3132 699 ﬁlio
3152 659 3258 700 suo
3283 643 3570 717 principa-

1915 735 2042 786 tum
2075 730 2352 802 suscepit.
2387 730 2467 786 De
2499 731 2840 804 Burgundia
2871 748 3006 788 vero
3037 733 3289 788 surrexit
3327 732 3567 804 quidam

1919 818 2110 874 dictus
2132 819 2216 873 Hu
2225 823 2353 890 pert
2378 819 2739 892 nomine,qui
2759 820 3058 892 aliquanto
3076 825 3337 894 tempore
3352 822 3568 878 domno

1919 906 2258 978 imperatori
2292 907 2622 964 Hludowici
2654 925 2716 963 se
2747 909 3088 965 ﬁdelissimo
3138 926 3268 967 esse
3297 911 3565 979 dicebat;

1920 995 2294 1067 postmodum
2309 1013 2441 1052 cum
2456 997 2973 1069 Burgundionibus
2984 1000 3077 1070 adj
3088 1003 3567 1068 unctus,suorum

1922 1085 2067 1140 ﬁnes
2115 1083 2395 1141 rebellare
2441 1085 2810 1158 disponebat,
2857 1086 3075 1142 oblitus
3135 1091 3224 1143 est
3270 1093 3567 1145 tantorum

1917 1172 2335 1229 beneﬁciorum
2367 1191 2494 1245 qua:
2537 1175 2589 1230 ei
2646 1174 2966 1247 imperator
3015 1175 3240 1245 tribuit,
3291 1183 3348 1233 et
3377 1193 3568 1234 sacra-

1922 1267 2118 1318 menta
2139 1279 2286 1334 quas
2303 1263 2544 1318 dederat
2564 1263 2730 1319 irrita
2750 1264 3176 1322 fecit.Domnus
3192 1264 3570 1324 Hludowicus

1917 1351 2040 1408 haec
2073 1349 2338 1419 audiens,
2373 1351 2629 1410 Gunrath
2675 1369 2810 1409 cum
2850 1353 3092 1426 reliquis
3143 1353 3414 1413 ﬁdelibus
3447 1355 3570 1414 suis

1919 1439 2136 1507 dirixit,
2165 1443 2223 1496 et
2251 1440 2455 1497 eodem
2481 1441 2703 1514 Hupert
2733 1441 2791 1498 in
2823 1459 3031 1514 campo
3054 1443 3498 1516 comprehendit
3513 1447 3572 1502 et

1919 1528 2167 1596 occidit;
2196 1532 2254 1584 et
2283 1528 2453 1586 multi
2484 1529 2724 1602 quidem
2756 1531 2830 1587 da
2874 1533 3003 1603 ejus
3052 1549 3188 1604 pars
3232 1532 3567 1606 interempti

1920 1621 2060 1673 sunt
2117 1619 2230 1689 (an.
2286 1620 2431 1687 864).
2489 1619 2673 1692 Igitur
2719 1623 3034 1692 antequam
3093 1621 3214 1678 haec
3269 1621 3568 1680 rebellatio

1921 1706 2074 1762 facta
2103 1707 2330 1775 fuisset,
2363 1711 2527 1764 tanta
2557 1707 2796 1780 quidem
2827 1708 3019 1766 nivem
3051 1709 3215 1768 Italia
3244 1710 3473 1783 cecidit,
3505 1715 3571 1769 ut

1922 1812 2024 1867 per
2051 1799 2286 1852 centum
2319 1795 2444 1852 dies
2473 1797 2529 1851 in
2549 1796 2738 1868 planis
2757 1796 2901 1854 locis
2918 1801 3142 1855 teneret
3165 1803 3244 1869 ;et
3270 1800 3384 1857 fuit
3402 1800 3570 1875 gelus

1921 1884 2330 1957 gravissimus,
2366 1884 2551 1942 multa
2581 1885 2808 1942 semina
2837 1891 3073 1944 mortua
3101 1888 3358 1958 fuerunt,
3378 1889 3509 1946 vita:
3530 1890 3574 1924 ¹⁴

1925 1989 2072 2045 pene
2100 1973 2378 2030 omnibus
2410 1973 2468 2028 in
2501 1973 2692 2046 planis
2721 1973 2866 2031 locis
2896 1975 3342 2046 siccaverunt,et
3369 1977 3572 2036 vinum

1923 2062 2079 2117 intra
2105 2061 2340 2118 vascula
2386 2062 2675 2136 glaciavit,
2717 2068 2782 2120 ut
2809 2064 2996 2120 setiam
3030 2081 3133 2138 per
3162 2065 3420 2122 foramen
3453 2065 3572 2139 spi-

1925 2169 2133 2206 narum
2165 2151 2313 2206 nihil
2343 2152 2556 2219 exibat,
2589 2153 2773 2210 donec
2823 2158 3193 2226 rumperetur
3230 2155 3361 2227 ipsa
3385 2155 3575 2228 glacia

1923 2256 2056 2296 cum
2109 2240 2258 2295 fuste
2307 2240 2379 2295 ab
2425 2244 2558 2296 ante
2599 2240 2730 2314 ipsa
2785 2242 2974 2314 spina.
3027 2243 3145 2300 Hoc
3195 2243 3304 2299 fuit
3339 2247 3573 2317 tempus

1923 2329 2122 2384 domui
2157 2328 2485 2384 Hludowici
2517 2329 2884 2401 imperatoris
2922 2348 3074 2388 anno
3121 2333 3207 2398 10,
3256 2331 3573 2390 indictione

1923 2422 2122 2473 octava
2155 2418 2270 2489 (an.
2304 2417 2451 2490 859).
2487 2419 2587 2474 His
2617 2417 2815 2490 itaque
2847 2420 2957 2474 sub
2993 2419 3270 2476 brevitate
3299 2421 3381 2480 rei
3424 2420 3572 2476 veri-

1923 2511 2013 2572 tas
2043 2506 2419 2575 transcurris,
2456 2508 2769 2564 adventum
2797 2508 2969 2580 primi
3001 2508 3406 2578 ordinis,sicut
3425 2509 3574 2583 cepi-

1925 2612 2078 2663 mus,
2140 2612 2548 2668 exsequamur.
2600 2597 2674 2652 At
2714 2613 2848 2652 vero
2907 2598 3162 2654 domnus
3193 2597 3572 2656 Hludowicus

1925 2688 2213 2757 angustus
2236 2683 2424 2741 multa
2444 2684 2684 2756 quidem
2711 2687 3155 2758 Oppressionem
3177 2703 3212 2743 a
3238 2687 3570 2745 Sarracino-

1924 2790 2055 2829 rum
2087 2791 2230 2846 gens
2284 2773 2342 2829 in
2400 2773 2617 2830 ﬁnibus
2677 2773 3097 2831 Beneventanis
3155 2776 3456 2845 sustinuit,
3514 2780 3575 2832 et

1923 2879 2126 2918 eorum
2157 2879 2389 2935 semper
2436 2863 2662 2919 resistit
2689 2867 2805 2933 (an.
2837 2865 2966 2935 860)
2993 2883 3006 2934 ;
3055 2865 3454 2922 Amelmasser
3477 2881 3571 2924 eo-

1925 2968 2057 3006 rum
2090 2951 2357 3023 princeps
2379 2968 2512 3007 cum
2528 2951 2698 3008 multi
2719 2953 3102 3009 Sarraciniibi
3117 2953 3573 3013 consistentibus

1923 3039 2134 3097 occidit
2163 3041 2277 3112 (an.
2310 3042 2436 3112 867)
2463 3059 2477 3109 ;
2506 3040 2716 3113 reliqui
2748 3041 2809 3096 in
2840 3047 3031 3098 castro
3065 3042 3166 3115 qui
3196 3043 3413 3100 dicitur
3440 3043 3571 3100 Bari

1923 3145 1988 3186 se
2019 3129 2243 3184 fortiter
2269 3129 2627 3196 munierunt,
2681 3129 2780 3186 ubi
2827 3131 3080 3188 domnus
3129 3132 3444 3205 imperator
3473 3148 3576 3205 per

1925 3217 2186 3290 quinque
2235 3235 2421 3273 annos
2471 3235 2570 3274 eos
2614 3234 2746 3274 cum
2795 3219 2997 3276 Franci
3036 3224 3094 3275 et
3125 3221 3490 3293 Langobardi
3518 3225 3576 3276 et

165 3307 598 3368 hrewnsilium
629 3308 816 3365 multa
846 3308 1006 3365 milia
1035 3312 1294 3365 sternere
1323 3310 1815 3367 contradictorum
1849 3294 1891 3360 C
1929 3306 2137 3362 ceteris
2170 3305 2482 3362 nacionum
2510 3323 2751 3362 suorum
2783 3307 3044 3363 ﬁdelium
3067 3308 3382 3380 possidens
3414 3310 3478 3376 ιδ,
3501 3309 3576 3368 si-

161 3413 534 3470 .paganorum
556 3399 740 3466 ;unde
769 3397 856 3454 sic
868 3398 1155 3470 discipata
1171 3402 1260 3454 est
1281 3399 1554 3456 nobilitas
1575 3399 1814 3471 Aquita-

165 3502 398 3554 norum,
433 3503 560 3558 quaa
607 3487 784 3543 etiam
833 3487 1214 3543 Nortemanni
1263 3504 1465 3544 eorum
1499 3489 1816 3560 possedant

161 3578 350 3640 terra,
379 3591 486 3632 nec
513 3581 599 3632 est
627 3575 728 3648 qui
768 3592 971 3632 eorum
1003 3575 1175 3632 fortia
1207 3576 1460 3632 resistat.
1500 3578 1815 3649 Imperavit

164 3662 470 3722 Lotharius
501 3669 633 3737 post
664 3669 914 3720 mortem
947 3665 1132 3736 patris
1163 3665 1253 3722 sui
1285 3670 1407 3721 tam
1441 3666 1603 3722 solus
1635 3683 1812 3738 quam

164 3751 344 3810 simul
375 3769 509 3810 cum
542 3752 928 3810 Hludowicus
959 3753 1079 3810 ﬁlio
1106 3771 1211 3810 suo
1242 3772 1429 3810 annos
1455 3757 1538 3825 15,
1566 3761 1622 3811 et
1653 3773 1813 3811 mor—

165 3845 303 3900 tuus
331 3846 564 3912 est'(an.
599 3843 750 3914 855).
787 3843 1058 3915 Reliquid
1109 3847 1224 3900 tres
1257 3843 1408 3902 ﬁlios
1457 3845 1515 3900 id
1575 3850 1664 3902 est
1689 3847 1812 3918 jam

157 3929 318 3991 dicto
351 3929 711 3998 Hludowico,
746 3931 849 4004 qui
895 3932 1007 3988 sub
1067 3950 1133 3988 eo
1193 3933 1502 4006 imperavit
1559 3934 1615 3989 in
1650 3933 1815 3990 Italia

166 4034 358 4079 annos.
378 4035 502 4086 sex,
531 4020 804 4078 Lothario
835 4020 896 4076 in
937 4022 1183 4078 Francia
1214 4021 1460 4079 Karolus
1491 4022 1550 4078 in
1573 4023 1812 4079 Provin-

166 4108 266 4168 Βῆ.
295 4107 680 4168 Sed-Carolus
729 4125 846 4164 non
889 4113 1022 4182 post
1065 4111 1282 4167 multos
1324 4111 1446 4168 dies
1503 4111 1812 4169 defunctus

165 4196 392 4269 est.(an.
423 4197 560 4268 863)
584 4196 893 4254 Lotharius
925 4214 992 4252 ex
1018 4199 1157 4254 sede
1209 4199 1443 4272 pr0pria
1500 4201 1719 4269 exiens,
1752 4200 1811 4256 in

169 4283 334 4344 Italia
380 4285 622 4344 veniens
670 4286 831 4358 pacis
869 4286 1071 4359 gratias
1099 4287 1415 4345 videndum
1462 4306 1811 4361 germanum

167 4389 343 4444 suum
370 4373 470 4430 ubi
504 4390 638 4430 cum
665 4373 794 4446 ipso
814 4374 1046 4430 locutus
1068 4379 1156 4432 est
1176 4376 1394 4434 finibus
1410 4377 1814 4433 Beneventana

165 4478 312 4536 pago
341 4462 672 4524 Venosiana
699 4481 712 4532 ;
746 4464 845 4520 sed
879 4464 1021 4520 dum
1053 4465 1164 4520 iret
1193 4469 1249 4521 et
1280 4465 1812 4531 reverteret,multa

165 4552 528 4626 devastantcs
554 4568 878 4624 pauperum
900 4553 1197 4618 domibus,
1229 4553 1598 4625 blasphemia
1626 4553 1812 4609 multa

1924 3394 2048 3450 mu-l
2079 3394 2254 3450 etiam
2283 3412 2417 3451 cum
2450 3396 2717 3467 suajuge
2749 3397 2790 3433 ιδ
2836 3396 3198 3471 Angelberga
3244 3397 3480 3454 nomine
3517 3403 3575 3454 et

1925 3483 2092 3539 multi
2124 3500 2325 3539 eorum
2357 3483 2646 3540 similiter.
2683 3485 2844 3540 Circa
2873 3485 2998 3542 haec
3024 3490 3288 3559 tempora
3323 3486 3383 3542 in
3431 3485 3571 3542 Vul-

1921 3588 2198 3645 garorum
2229 3589 2372 3646 gens
2403 3573 2601 3629 divina
2631 3574 2914 3646 aspiracio
2947 3590 3192 3631 accensa
3232 3580 3340 3641 est,
3369 3580 3571 3649 quate-

1923 3679 2036 3718 nus
2068 3662 2371 3718 christiani
2402 3664 2607 3720 ﬁerent
2647 3668 2705 3719 et
2735 3663 3031 3720 Christum
3085 3663 3391 3722 dominum
3423 3664 3573 3722 cole-

1923 3756 2070 3820 rent,
2106 3751 2384 3824 quoniam
2433 3756 2636 3808 tantus
2679 3769 2846 3809 amor
2900 3752 3203 3809 charitatis
3258 3753 3318 3810 in
3368 3769 3572 3812 eorum

1922 3857 2117 3913 regem
2152 3841 2430 3914 pervenit,
2463 3847 2529 3896 ut
2558 3858 2661 3914 per
2689 3858 2752 3896 se
2789 3841 2916 3914 ipse
2947 3842 3020 3896 ad
3050 3841 3372 3900 aacclesiam
3413 3842 3574 3900 beati

1923 3929 2072 3986 Petri
2108 3930 2292 3985 Roma
2338 3930 2614 3996 venisset,
2674 3933 2734 3987 et
2790 3929 2868 3985 ibi
2927 3930 3083 3986 dona
3137 3931 3366 3998 obtulit,
3409 3935 3485 4008 et
3541 3949 3575 3988 a

1921 4019 2138 4076 domno
2172 4035 2323 4092 papa
2361 4017 2679 4074 Nicholaus
2708 4018 2996 4075 catholica
3021 4019 3135 4075 ﬁde
3163 4020 3450 4088 munitus,
3483 4020 3572 4076 di-

1919 4107 2180 4163 vinitatis
2231 4107 2485 4164 scientia
2543 4107 2890 4177 instructus,
2969 4108 3298 4180 baptizatus
3347 4112 3404 4165 et
3460 4108 3574 4166 ﬁde

1923 4203 2127 4255 sancta
2147 4197 2777 4269 conﬁrmatus,recepit
2793 4197 3058 4254 doctores
3088 4197 3159 4252 ab
3192 4197 3395 4253 eodem
3416 4197 3577 4256 dom-

1921 4303 1996 4342 no
2027 4286 2367 4356 apostolico,
2401 4303 2570 4342 suam
2607 4303 2876 4343 reversus
2895 4290 2986 4342 est
3015 4285 3286 4358 patriam.

1991 4375 2272 4447 MJgitur
2304 4376 2446 4432 dum
2463 4376 2721 4431 domnus
2744 4374 3127 4432 Hludowicus
3147 4391 3282 4432 cum
3295 4374 3423 4432 suis
3445 4373 3574 4432 Bari

1919 4463 2301 4530 custodirent,
2328 4464 2525 4519 nuncii
2558 4469 2846 4520 venerunt
2902 4465 2974 4519 de
3026 4466 3242 4520 ﬁnibus
3300 4463 3575 4520 Calabriae

1918 4551 2181 4607 dicentes
2211 4569 2222 4606 :
2257 4553 2485 4607 Domine
2512 4553 2834 4623 imperator,
2873 4555 3039 4608 vestri
3060 4569 3173 4608 esse
3227 4552 3492 4620 volumus,
3524 4559 3577 4607 et

165 4639 428 4700 incurrit.
461 4639 787 4710 Revertenti
821 4645 1042 4707 autem,
1074 4641 1132 4696 in
1171 4641 1378 4699 itinere
1425 4643 1516 4698 via
1546 4647 1810 4715 egrotare
1841 4663 1888 4727 D
1913 4655 2013 4711 per
2039 4641 2276 4694 vestram
2305 4639 2677 4709 defensionem
2727 4641 2873 4696 salvi
2913 4644 3031 4711 fore
3059 4641 3400 4709 conﬁdimus.
3438 4640 3573 4696 Gens

166 4728 338 4800 cepit,
365 4727 564 4786 subito
603 4728 662 4784 in
718 4729 950 4786 civitate
999 4730 1340 4787 Placentina
1369 4732 1680 4788 defunctus
1722 4738 1811 4787 est

165 4817 280 4890 (an.
307 4817 458 4889 869),
517 4821 577 4878 et
624 4818 704 4873 ibi
753 4835 968 4890 corpus
1020 4820 1149 4890 ejus
1180 4820 1524 4888 conditum;
1568 4821 1811 4893 suisque

163 4905 500 4969 hominibus
532 4923 569 4964 a
606 4906 810 4964 multis
841 4907 1021 4964 simili
1053 4909 1226 4964 modo
1256 4909 1648 4981 contigerunt.

235 4995 318 5057 13.
349 4995 538 5060 Pauca
567 4995 806 5068 quidem
839 5013 982 5052 sane
1004 4997 1145 5052 dum
1201 5013 1305 5070 per
1333 4999 1517 5070 gestis
1555 4998 1810 5054 ﬁliorum

161 5099 363 5157 regum
395 5099 596 5140 senem
624 5083 818 5157 apices
849 5100 1218 5157 componam,
1273 5086 1511 5142 animus
1539 5103 1707 5148 meus
1738 5088 1810 5142 ad
1833 5129 1845 5143 .

161 5171 402 5244 reliquis
433 5172 600 5238 factis
623 5173 927 5245 percurrit.
952 5173 1131 5236 Multa
1152 5174 1414 5245 fatigatio
1447 5175 1810 5247 Langobardi

165 5263 226 5318 et
243 5261 543 5333 oppressit)
567 5278 614 5318 εις
629 5261 966 5320 Sclavorum
999 5279 1143 5334 gens
1157 5262 1653 5335 sustinuit,usque
1671 5264 1811 5318 dum

1917 4727 2343 4784 Sarracinorum
2371 4737 2658 4797 venerunt,
2699 4733 2850 4784 terra
2906 4737 3089 4785 nostra
3147 4729 3570 4800 dissipaverunt,

1919 4819 2162 4874 civitates
2192 4816 2585 4885 desolaverunt,
2613 4819 2896 4874 aecciesias
2922 4817 3306 4890 sti/fuderunt;
3357 4821 3573 4874 tantum

1921 4907 1990 4962 ad
2019 4923 2109 4965 vos
2138 4907 2460 4978 petimus,ut
2496 4906 2588 4961 des
2640 4923 2739 4962 nos
2784 4911 2946 4979 caput
2986 4907 3446 4979 confortaciom's;
3475 4909 3574 4980 qui

1919 5013 2017 5054 nos
2054 4997 2311 5068 adjuvent
2342 4999 2393 5052 et
2420 4997 2741 5066 confortent.
2797 4996 3152 5054 Sacramenta
3177 4996 3325 5054 vobis
3354 4996 3566 5060 damus,

1922 5088 2132 5142 tributa
2161 5087 2440 5142 solvimus.
2474 5087 2636 5141 Tunc
2675 5085 2931 5142 domnus
2977 5085 3296 5158 imperator
3336 5085 3568 5142 miseri-

1923 5174 2121 5232 cordia
2150 5180 2366 5242 motus,
2401 5191 2512 5230 non
2543 5173 2806 5246 gaudens
2840 5174 3178 5247 cupiditatis
3211 5162 3412 5233 eorum
3443 5191 3572 5248 pro-

1926 5265 2236 5331 missa,sed
2268 5264 2338 5320 dc
2370 5261 2603 5318 illorum
2635 5261 2838 5318 dolens
2869 5263 3111 5333 malitia,
3127 5263 3299 5338 elegit
3314 5261 3570 5322 strenuis

1529 5396 1774 5452 VARIJE
1812 5397 2224 5454 LECTIONES.

169 5489 482 5550 'rlatanias
511 5511 560 5550 o.
639 5495 680 5532 ¹⁴
707 5496 749 5550 i.
786 5511 832 5550 ε.
860 5494 1028 5551 vites.
1106 5495 1151 5534 “5
1181 5496 1220 5550 τ’.
1253 5510 1301 5551 e.
1335 5493 1634 5550 obsidens.
1712 5496 1754 5532 ¹⁶
1784 5497 1824 5551 i.
1857 5512 1905 5552 e.
1941 5495 2208 5568 conjuge.

1723 5641 1732 5646 ς
1753 5612 1986 5689 Nam.

237 5697 347 5769 (10)
378 5697 459 5754 Ex
488 5698 665 5756 Paulo
697 5699 829 5756 Diac
859 5699 958 5772 VI,
989 5701 1078 5756 23.
