3962 6410
425 460 583 526 1278

1691 449 2028 520 APPEND.
2073 450 2176 521 AD
2221 453 2406 522 ΒΕΘ.
2451 453 2560 521 IX.

3641 489 3650 500 -
3668 449 3835 518 4276

425 601 483 654 et
511 587 1302 662 nobilissimisviris,Hotone
1320 588 1624 648 deﬁnibus
1644 591 2072 666 Bergomensis,
2104 593 2160 660 Α
2188 591 2493 661 soldanus,
2523 595 2582 649 et
2599 587 2809 666 reliqui
2830 589 3123 651 Sarracini
3140 586 3220 648 ibi
3257 585 3719 648 consistentibus
3748 590 3834 648 in-

424 684 635 742 Oschis
665 687 722 740 et
769 680 1446 754 Gariardus'cpiscopis,
1495 685 1554 736 et
1597 681 1942 738 confortavit
1972 697 2072 736 eos

425 775 683 830 domnus
712 771 1060 845 {imperator
1119 774 1176 826 et
1233 769 1414 826 dixit:
1467 773 1550 826 Ite
1602 771 1664 825 in
1713 786 1850 843 pace
1891 771 2072 841 ﬁdeles

427 861 884 934 Christi,angelus
915 861 1137 916 Domini
1171 861 1342 915 bonus
1378 861 1666 915 comitetur
1687 860 1982 924 vobiscum,
2013 863 2072 914 ut

422 958 475 1012 et
501 968 596 1022 ego
623 951 838 1008 videam
865 953 1038 1017 vos_et
1070 949 1280 1004 labores
1307 965 1473 1020 quam
1511 949 1662 1004 vobis
1717 950 1918 1020 inpono
1955 965 2070 1003 me-

422 1047 593 1100 rear!
621 1043 787 1097 Tunc
818 1037 996 1094 simul
1027 1053 1162 1093 cum
1196 1035 1342 1108 ipsis
1373 1036 1572 1092 missis
1593 1039 1986 1108 perrexerunt,
2018 1039 2074 1091 et

424 1133 585 1188 unde
614 1133 859 1202 egerunt
882 1125 1178 1182 ﬁrmitatis
1211 1129 1579 1180 sacramenta
1622 1129 1982 1196 receperunt,
2018 1127 2076 1180 et

425 1221 756 1278 adunantes
786 1232 986 1273 secum
1018 1215 1210 1287 magis
1259 1229 1325 1270 ac
1354 1214 1543 1285 magis
1570 1212 1770 1269 ﬁdeles
1799 1213 2068 1286 populus.

425 1313 688 1380 Cumque
715 1307 999 1362 venerunt
1028 1303 1088 1358 in
1118 1302 1412 1375 quendam
1441 1300 1612 1371 valle,
1643 1301 1743 1357 ubi
1777 1301 1922 1374 ipsis
1945 1302 2074 1358 Sar-

425 1398 628 1466 racini,
659 1395 930 1452 'fidentes
959 1393 1180 1464 absque
1211 1391 1330 1447 ullo
1362 1391 1591 1460 timore,
1623 1407 1916 1447 annonam
1949 1407 2073 1447 me-

423 1482 859 1554 tentes,'simul
911 1498 1045 1537 cum
1097 1480 1312 1554 captivi
1361 1497 1510 1552 quas
1559 1479 1874 1546 habebant,
1931 1484 2073 1536 tunc

422 1573 730 1632 christiani
759 1570 1268 1644 inruentesisuper
1295 1568 1447 1637 illos,
1471 1572 1528 1624 et
1555 1567 1845 1625 Sarracini
1865 1569 2072 1640 quanti

420 1665 503 1723 ibi
533 1665 878 1722 invenerunt
900 1659 1258 1725 occiderunt,
1311 1661 1369 1714 et
1399 1655 1611 1730 captivi
1657 1656 2068 1713 liberaverunt.

421 1754 648 1828 Utlhaic
679 1750 903 1808 audivit
931 1764 1134 1806 eorum
1177 1745 1460 1820 principe,
1505 1745 1765 1802 Cincimo
1813 1746 2072 1818 nomine,

422 1845 496 1902 de
525 1839 1058 1900 civitate‘Amantea
1087 1836 1200 1908 (ll)
1241 1835 1471 1891 obviam
1503 1851 1706 1890 eorum
1755 1833 1892 1890 exiit
1923 1852 2072 1906 prae-

423 1934 664 2005 paratus
692 1925 1042 1995 viriliterJEt
1061 1923 1268 1978 exinde
1291 1921 1496 1978 Franci
1517 1922 1798 1992 comperti
1825 1927 1984 1989 sunt,
2017 1926 2074 1978 et

413 2021 734 2094 jungentes
763 2033 827 2074 se
852 2013 936 2070 hii
965 2029 1034 2070 ex
1061 2029 1182 2068 una
1209 2013 1370 2082 parte
1385 2013 1444 2066 et
1471 2009 1558 2066 illi
1588 2027 1658 2066 ex
1686 2009 1886 2078 altera,
1919 2011 2072 2067 facta

423 2111 514 2166 est
541 2111 770 2180 strages
798 2118 1015 2177 magna
1041 2099 1506 2164 Sarracinorum,
1528 2099 1629 2170 qui
1662 2099 1801 2172 fuga
1823 2099 2068 2172 petiens;

424 2196 732 2256 christiani
777 2210 912 2251 vero
969 2195 1102 2265 post
1137 2206 1258 2257 eos,
1309 2189 1724 2246 interﬁcientes
1781 2205 1968 2260 usque
1997 2189 2068 2244 ad

424 2291 656 2362 portam
684 2283 952 2342 civitatis.
985 2281 1091 2338 Oto
1138 2296 1273 2336 vero
1316 2283 1376 2335 et
1423 2277 1686 2351 praedicti
1728 2278 1988 2351 episcopi
2015 2283 2074 2334 et

424 2392 666 2434 suorum
722 2375 1018 2429 secutores
1073 2367 1528 2440 triumphatores
1577 2367 1792 2424 reversi
1832 2369 1972 2422 sunt
1997 2367 2069 2422 ad

422 2463 1019 2535 domnoimperatore.
1036 2459 1356 2531 Imperator
1374 2473 1508 2512 vero
1531 2473 1813 2529 magnum
1835 2455 2071 2528 gavisus

421 2559 512 2612 est
539 2551 842 2628 gaudium,
872 2549 1155 2606 honorem
1186 2545 1490 2618 dignitatis
1523 2561 1728 2601 eorum
1768 2543 1995 2600 tribuit.

494 2645 583 2700 15.
617 2641 879 2698 Cincimo
907 2654 1041 2694 vero
1068 2637 1139 2692 de
1183 2635 1309 2692 suis
1347 2639 1405 2690 et
1452 2635 1653 2707 patriae
1687 2651 1805 2690 sua
1839 2635 2068 2707 adjuto-

421 2733 576 2790 rium
598 2727 934 2803 colligentes
955 2725 1272 2782 multitudo
1294 2722 1721 2790 Sarracini,iter
1736 2725 2067 2796 pergentes,

421 2821 556 2878 Bari
585 2834 786 2876 secum
833 2819 1059 2882 euntes,
1110 2812 1302 2870 multa
1341 2811 1652 2884 dispendia
1709 2810 2068 2882 adjutorium

423 2907 674 2968 soldani.
705 2908 844 2962 Erat
867 2921 1068 2960 eorum
1093 2901 1621 2973 nunciatum,quod
1646 2901 1954 2957 christiani
1985 2917 2072 2956 ce-

421 2997 718 3055 lebrarent
746 3007 1029 3065 magnum
1059 2990 1214 3046 diem
1243 2989 1484 3056 festum,
1507 2987 1662 3044 sicut
1691 2991 1814 3044 erat
1843 2988 1952 3044 hoc
1980 2992 2072 3045 est

425 3083 702 3143 nativitas
722 3080 948 3137 Domini
967 3079 1152 3135 nostri
1171 3079 1203 3135 J
1208 3095 1310 3134 esu
1332 3076 1828 3145 Christi,dicentes
1853 3092 1866 3132 :
1899 3079 2070 3134 Deum

425 3191 592 3232 suum
617 3173 799 3229 colunt
825 3169 912 3226 die
941 3170 1044 3225 illa
1063 3187 1088 3235 ;
1127 3183 1301 3240 neque
1349 3169 1656 3240 pugnaturi
1709 3183 1882 3240 neque
1911 3185 2070 3222 arma

423 3263 662 3322 levaturi
685 3263 829 3318 sunt.
877 3260 1080 3314 Eamus
1133 3273 1296 3330 super
1351 3257 1498 3324 illos,
1553 3255 2069 3328 comprehendamus

2179 681 2462 749 terremit,
2495 697 2648 737 anno
2676 681 2770 751 21,
2801 679 3118 738 indictione
3147 681 3198 736 4.
3237 679 3531 737 Sarraoini
3586 697 3721 737 vero
3771 681 3832 735 in

2181 785 2424 826 suorum
2456 773 2613 826 terra
2639 769 2764 826 haec
2795 769 3058 836 audiens,
3109 768 3402 843 elegantes
3431 785 3493 825 se
3523 768 3838 826 fortissimi

2183 858 2470 925 viri,sicut
2501 857 2838 914 audivimus
2861 857 3068 932 viginti
3098 857 3264 914 milla
3293 857 3835 927 hominum,dioen-

2181 951 2300 1017 tes;
2339 947 2571 1003 Grandis
2629 949 2996 1019 ignominiam
3051 947 3117 1004 de
3164 948 3464 1004 occisorum
3516 950 3836 1004 nostrorum

2179 1041 2514 1102 consonant;
2545 1053 2732 1092 eamus
2761 1037 2932 1092 illuc!
2967 1036 3232 1109 Cumque
3262 1035 3494 1109 navigio
3531 1052 3837 1108 praepara-

2181 1129 2330 1193 rent,
2363 1126 2754 1181 ascenderunt
2782 1129 2842 1181 et
2879 1125 3320 1198 navigaverunt,
3367 1128 3426 1181 et
3471 1125 3739 1181 exierunt
3769 1123 3832 1180 in

2181 1214 2399 1269 ﬁnibus
2429 1218 2854 1270 Benevantana.
2907 1215 3072 1270 Tunc
3124 1215 3402 1270 dixerunt
3450 1230 3553 1286 per
3581 1230 3833 1270 suorum

2181 1301 2436 1358 audacias
2467 1301 2774 1358 elationis:
2809 1303 2950 1372 Quid
2977 1304 3134 1360 nobis
3180 1303 3378 1374 ﬁducia
3427 1303 3626 1360 habere
3671 1301 3832 1358 debe-

2182 1408 2301 1448 mus
2331 1393 2389 1447 in
2416 1393 2648 1447 navibus
2673 1395 2874 1448 nostris
2891 1392 2920 1448 ἵ
2951 1393 3284 1465 Dissipemus
3327 1409 3438 1460 eas,
3470 1393 3603 1464 quia
3629 1393 3836 1448 Franci

2181 1481 2468 1537 adversum
2494 1497 2592 1537 nos
2618 1481 2766 1537 nihil
2788 1487 3017 1554 possunt
3041 1501 3054 1547 ;
3089 1490 3140 1538 et
3166 1484 3247 1539 sic
3287 1482 3690 1555 praevaluerint
3723 1481 3835 1538 ad-

2179 1587 2398 1627 versum
2422 1587 2541 1639 nos,
2571 1573 2693 1627 sine
2719 1571 2834 1628 ulto
2863 1576 3010 1628 metu
3038 1573 3099 1627 in
3127 1587 3358 1643 regnum
3412 1575 3665 1628 nostrum
3703 1585 3835 1641 per-

2178 1676 2305 1731 gere
2328 1663 2594 1731 possunt!
2620 1659 2690 1715 Et
2716 1658 2889 1715 dictis
2919 1659 3110 1727 factis,
3145 1659 3348 1716 Franci
3384 1675 3631 1732 querere
3660 1675 3836 1732 cepe-

2181 1749 2700 1804 runt.Nunciatum
2723 1748 2782 1804 id
2795 1752 2884 1804 est
2905 1748 3607 1820 domnoimperatori,qui
3628 1747 3836 1804 statim

2182 1838 2422 1894 mittens
2452 1836 2819 1910 principibus
2849 1837 2974 1894 suis
3004 1837 3300 1905 Hunroch,
3321 1837 3558 1910 Agefrid
3579 1839 3638 1893 et
3656 1837 3833 1907 Boso,

2181 1943 2316 1982 cum
2347 1925 2532 1982 electa
2560 1943 2740 1989 manu
2759 1926 3116 1982 Francorum
3135 1929 3192 1982 et
3207 1926 3730 1999 Langobardorum
3741 1924 3836 1982 vel

2180 2019 2505 2071 ceterorum
2537 2015 2821 2071 nationes.
2853 2015 3183 2088 Jungentes
3213 2031 3276 2072 se
3313 2015 3374 2070 in
3402 2015 3530 2072 loco
3576 2015 3652 2071 ad
3684 2031 3832 2071 san-

2179 2107 2338 2159 ctum
2365 2103 2702 2170 Martinum,
2734 2103 2808 2159 ad
2840 2104 3038 2160 strada
3067 2103 3291 2160 scilicet
3318 2120 3497 2177 prope
3527 2104 3729 2176 Capua
3757 2105 3835 2165 ad

2179 2192 2486 2259 Vulturno,
2520 2191 2673 2248 acies
2702 2191 2840 2248 hinc
2868 2197 2928 2249 et
2966 2192 3122 2261 inde,
3177 2196 3426 2266 utraque
3461 2193 3648 2265 partis
3695 2192 3836 2248 forti

2179 2281 2532 2338 intentiones
2562 2284 2916 2354 pugnantes,
2945 2281 3046 2338 Dei
3077 2282 3389 2354 adjuvante
3427 2281 3838 2338 misericordia

2178 2369 2470 2426 Sarracini
2502 2369 2711 2426 devicti
2739 2371 2797 2425 et
2825 2369 3098 2426 debellati
3128 2376 3268 2426 sunt
3293 2369 3611 2427 multitudo
3653 2369 3834 2427 innu—

2180 2457 2489 2515 merabiles
2513 2457 2674 2530 ;quia
2703 2459 2856 2531 quod
2873 2457 3102 2532 gladius
3122 2475 3237 2514 non
3252 2458 3632 2526 interemit,in
3655 2459 3834 2515 fluvio

2177 2547 2467 2603 Vulturno
2499 2547 2692 2620 negati
2719 2551 2878 2616 sunt,
2910 2546 3119 2620 reliqui
3152 2548 3292 2620 fuga
3319 2547 3466 2604 vis"
3485 2548 3834 2604 evaderunt.

2178 2636 2272 2692 Sic
2303 2636 2405 2692 Dei
2427 2635 2650 2708 judicio
2681 2635 3068 2709 complacuit;
3102 2637 3204 2709 qui
3250 2639 3531 2694 venerant
3566 2635 3834 2706 exaltati,

2178 2725 2312 2780 facti
2345 2728 2486 2781 sunt
2508 2723 2829 2781 humiliati.

2249 2815 2336 2870 16.
2371 2815 2454 2869 Ad
2486 2813 2608 2870 haec
2635 2813 2876 2870 victoria
2905 2817 3152 2888 patrata,
3207 2815 3462 2872 domnus
3511 2814 3838 2888 imperator

2176 2901 2237 2958 in
2253 2903 2561 2959 Beneventi
2583 2901 2798 2976 palatio
2831 2903 3090 2960 sedebat.
3110 2905 3274 2960 Tunc
3299 2903 3573 2960 Adelchis
3604 2903 3836 2977 princi-

2177 2993 2383 3064 patum
2405 2991 2942 3047 Beneventanorum
2962 2992 3220 3065 regebat,
3233 2993 3327 3048 cui
3349 2992 3672 3066 imperator
3683 3009 3756 3049 se
3773 2996 3837 3048 et

2177 3079 2377 3136 omnia
2431 3080 2724 3150 credebat,
2776 3083 2834 3136 et
2882 3079 3192 3138 dilectione
3249 3081 3510 3138 caritatis
3557 3080 3715 3138 inter
3769 3097 3837 3138 se

2177 3167 2420 3224 diliebat
2443 3168 2504 3224 ²⁰.
2537 3167 2780 3224 Anticus
2809 3167 3018 3237 hostis,
3047 3169 3148 3242 qui
3180 3186 3412 3243 semper
3449 3173 3656 3227 contra
3685 3169 3838 3226 dile-

2176 3257 2428 3314 ctionem
2459 3257 2833 3313 inimicitiam
2857 3257 3067 3330 querit,
3099 3262 3480 3332 exsurgentes
3509 3275 3614 3332 per
3641 3257 3838 3316 malos

419 3371 508 3412 eos
537 3367 720 3410 omnes
745 3351 810 3406 in
835 3348 1183 3421 simplicitate
1195 3327 1312 3402 sua
1335 3345 1491 3402 !Hoc
1503 3327 1820 3402 consilium
1853 3345 2068 3400 domno
2103 3327 2145 3394 ί]
2181 3345 2472 3414 homines,
2504 3345 2660 3401 inter
2687 3362 2750 3400 se
2779 3327 3002 3402 occ—ulte
3031 3327 3326 3404 dieentesv-z
3361 3327 3762 3420 Quid—grabati
3791 3349 3838 3383 ²ί

423 3439 762 3517 imperatori
792 3437 1135 3494 nunciatum
1166 3440 1272 3492 est.
1303 3435 1466 3491 Tunc
1498 3434 1724 3504 moniti,
1775 3437 1842 3489 ut
1883 3432 2064 3506 gallo-

421 3531 612 3588 tinnio
642 3527 686 3565 "
714 3525 1024 3585 matutinis
1066 3528 1124 3581 et
1151 3539 1384 3580 summo
1415 3521 1670 3579 diluculo
1702 3521 1991 3596 episcopis
2012 3523 2070 3576 et

424 3617 826 3679 sacerdotibus
856 3615 1176 3672 missarum
1224 3611 1532 3668 sollemnia
1577 3610 1953 3678 celebrarent,
2012 3613 2070 3666 et

423 3708 677 3784 populus
687 3705 1162 3764 communionem
1172 3701 1262 3758 vel
1273 3699 2071 3773 benedictionemacciperent

423 3798 596 3856 sicuti
627 3800 686 3854 et
736 3796 1020 3851 fecerunt.
1079 3793 1150 3848 Et
1205 3789 1474 3846 exierunt
1520 3791 1830 3862 querentes
1866 3789 2066 3844 Sarra-

423 3885 561 3956 cini,
593 3889 650 3942 et
672 3883 788 3940 illis
817 3885 1130 3954 querentes
1164 3878 1366 3935 Franci
1409 3878 1600 3950 juncti
1651 3881 1791 3933 sunt
1827 3877 1890 3932 in
1941 3875 2068 3933 loco

427 4017 442 4032 .
525 4017 539 4029 .
619 4013 632 4028 .
711 4013 725 4027 .
803 3973 1014 4026 Factus
1062 3971 1150 4024 est
1203 3966 1432 4024 sonitus
1484 3983 1740 4039 magnus
1799 3965 2069 4038 clangore

424 4061 691 4128 buccine,
721 4058 910 4114 innita
941 4058 984 4092 ιθ
1011 4071 1316 4128 equorum,
1366 4054 1646 4126 strepitus
1694 4052 2066 4126 populorum.

421 4152 688 4222 Cumque
717 4163 895 4221 prope
925 4163 988 4202 se
1019 4145 1444 4216 conjungerent
1471 4140 1674 4198 fideles
1703 4141 1914 4198 Christi
1945 4158 2070 4198 ora-

418 4241 630 4297 verunt
656 4236 950 4292 dicentes:
984 4233 1212 4290 Domine
1235 4235 1364 4288 Iesu
1420 4231 1653 4300 Christe,
1711 4233 1772 4286 tu
1835 4230 2030 4287 dixisti
2052 4249 2065 4287 :

425 4328 540 4402 Qui
565 4324 861 4382 manducet
873 4338 1096 4379 carnem
1111 4337 1286 4376 meam
1301 4327 1352 4376 et
1373 4319 1509 4375 bibit
1524 4319 1850 4390 sanguinem
1867 4335 2067 4388 meum,

426 4417 488 4472 in
511 4429 598 4470 me
626 4416 812 4475 manet
831 4419 883 4468 et
913 4427 1008 4482 ego
1037 4411 1100 4465 in
1127 4425 1252 4465 eum
1307 4409 1484 4480 (Joan.
1543 4424 1620 4478 vn,
1658 4410 1778 4478 l7);
1837 4425 1965 4479 ergo
2019 4411 2073 4464 si

425 4505 490 4560 in
511 4502 811 4570 nobiscum,
844 4499 981 4572 quid
1009 4506 1196 4556 contra
1238 4498 1384 4555 nos?
1426 4497 1637 4554 Statim
1685 4497 2067 4554 commissum

425 4595 518 4650 est
545 4588 830 4665 praelium.
864 4592 1126 4662 Cumque
1157 4588 1289 4644 forti
1333 4586 1664 4643 intencione
1711 4591 2064 4659 pugnantes,

2175 3451 2366 3492 sumus
2393 3435 2492 3490 sub
2516 3438 2836 3507 potestatem
2861 3440 3204 3493 Francorum
3222 3439 3248 3490 ?
3272 3435 3492 3493 Taliter
3528 3437 3832 3494 Beneven-

2176 3523 2300 3580 tani
2328 3541 2432 3597 per
2443 3524 2707 3580 fraudem
2725 3540 2840 3581 uno
2864 3524 3106 3581 consilio
3133 3523 3427 3598 ingerunt,
3471 3529 3539 3582 ut
3563 3525 3843 3588 rederent

2175 3613 2222 3648 ³³
2251 3612 2474 3670 malum
2501 3629 2604 3684 pro
2637 3613 2856 3670 bonum
2883 3631 2896 3682 ;
2931 3617 3222 3686 quatenus
3252 3613 3590 3686 ubicunque
3618 3613 3844 3671 ﬁdelis-

2178 3701 2312 3758 simi
2337 3702 2719 3774 imperatores
2740 3702 3128 3774 invenissent,
3145 3703 3227 3759 ibi
3257 3703 3641 3771 custodirent,
3673 3707 3734 3759 et
3761 3703 3840 3760 ad

2176 3790 2588 3863 imperatorem
2619 3808 2735 3847 non
2765 3791 3134 3849 dimisissent
3163 3792 3646 3849 redirent.Erant
3670 3792 3838 3848 enim

2177 3881 2383 3938 Franci
2413 3881 2667 3954 separati
2689 3898 2793 3955 per
2821 3881 3092 3938 castellas
3119 3881 3210 3938 vel
3256 3881 3548 3950 civitates,
3579 3881 3838 3938 ﬁdentes

2175 3971 2400 4042 absque
2414 3969 2534 4026 ullo
2553 3971 3099 4040 terrore,credentes
3119 3971 3234 4028 fide
3254 3973 3832 4028 Beneventanorum.

2176 4057 2308 4116 Fuit
2348 4063 2545 4114 autem
2595 4059 2708 4115 iste
2758 4059 3089 4117 contrarius
3137 4059 3512 4117 discessionis
3559 4057 3686 4116 dies
3717 4059 3834 4127 35;

2179 4147 2319 4203 Idus
2347 4146 2595 4218 Augusti
2629 4146 2787 4218 (Aug.
2832 4147 2920 4219 13)
2951 4164 3142 4220 usque
3189 4149 3261 4204 ad
3321 4145 3834 4219 quintodeoimum

2179 4234 2468 4290 Kalendas
2517 4234 2794 4291 Octobres
2840 4235 3159 4292 indictione
3204 4237 3259 4293 5.
3319 4237 3431 4294 Sed
3491 4236 3668 4302 Deus,
3729 4235 3838 4308 qui

2178 4324 2394 4380 domno
2425 4323 2779 4396 imperatore
2808 4325 2880 4381 ad
2912 4325 3073 4399 regni
3089 4323 3488 4399 gubernacula
3506 4323 3837 4398 imperialis

2177 4413 2562 4480 ordinaverat,
2597 4429 2732 4468 cum
2762 4413 2890 4486 ipso
2920 4415 3224 4482 erat,sicut
3253 4414 3502 4488 legitur:
3556 4413 3660 4469 Cor
3687 4415 3840 4486 regis

2178 4504 2238 4558 in
2266 4517 2439 4557 manu
2464 4502 2560 4558 Dei
2585 4505 2663 4558 est
2694 4503 2876 4575 (Prov.
2909 4503 3110 4574 xx1,l).
3127 4503 3194 4559 Et
3220 4503 3418 4560 taliter
3452 4500 3655 4559 ﬁdeles
3693 4519 3844 4571 suos

2181 4590 2253 4646 ad
2285 4607 2421 4646 eum
2447 4589 2644 4646 venire
2691 4589 2845 4648 fecit.
2899 4589 3159 4648 Caelestis
3210 4591 3390 4649 timor
3429 4595 3625 4648 autem
3656 4607 3846 4664 super

424 4697 590 4738 arma
616 4677 846 4736 celestis
877 4677 1223 4735 confortavit
1255 4675 1641 4745 christianos;
1675 4675 1888 4748 pagani
1931 4690 2068 4731 vero
2099 4693 2148 4758 D
2179 4679 2615 4735 Beneventanos
2645 4678 2867 4748 inruit;
2899 4680 2995 4736 vix
3049 4680 3286 4738 illorum
3332 4680 3466 4750 fuit,
3501 4683 3568 4736 ut
3594 4678 3847 4753 paciﬁca

440 4787 580 4844 erga
601 4771 888 4826 vertentes
919 4765 1106 4840 fugire
1153 4767 1448 4839 ceperunt.
1501 4761 1817 4819 Christiani
1873 4765 2071 4818 autem

2185 4767 2516 4840 potuissent
2542 4765 2678 4824 illos
2707 4767 3204 4836 dimitterent.Qui
3237 4767 3541 4828 letabundi
3567 4769 3849 4826 adomno

421 4863 554 4933 post
573 4875 672 4916 eos
701 4859 994 4924 cedentes,
1031 4871 1149 4911 non
1181 4854 1514 4923 cessabant,
1549 4853 1732 4908 donec
1758 4850 2076 4907 multitudo
2184 4855 2537 4928 imperatore
2592 4857 2806 4914 reversi
2862 4863 3024 4914 sunt.
3083 4859 3299 4916 Eodem
3358 4875 3511 4916 anno
3585 4855 3845 4928 evoluta,

420 4963 784 5021 paganorum
813 4945 1230 5012 interﬁcerent,
1253 4951 1308 5000 et
1333 4941 1629 5014 stipendia
1669 4939 1945 5014 quicquid
1960 4941 2074 4996 sol-

421 5035 558 5093 dani
590 5035 865 5108 pergebat
896 5030 1484 5088 tullerint.Soldanus
1509 5029 1628 5085 haec
1642 5029 1911 5098 audiens,
1945 5045 2072 5086 me-

421 5127 521 5180 tus
549 5139 804 5195 magnus
834 5120 1067 5178 tristare
1095 5119 1267 5192 cepit.
1293 5119 1570 5191 Sequenti
1594 5133 1795 5175 mense
1817 5117 2072 5175 Februa-

424 5212 512 5268 rio
541 5212 658 5282 (an.
691 5210 838 5282 871),
875 5209 1080 5282 quinto
1109 5206 1336 5281 expleto
1373 5223 1525 5264 anno
1573 5207 1727 5280 quod
1757 5206 1890 5263 Bari
1934 5223 2068 5280 pos-

425 5315 622 5358 sessas
650 5297 921 5366 habebat,
972 5297 1224 5354 domnus
1271 5296 1588 5368 imperator
1627 5295 2070 5368 comprehendit

2183 4944 2372 5001 multa
2383 4945 2554 5020 signa
2565 4951 2890 5004 monstrata
2903 4947 3283 5005 sunt.Vinum
3297 4947 3590 5022 quomodo
3632 4946 3846 5004 vinde-

2182 5033 2431 5090 miatum
2452 5041 2507 5090 et
2534 5035 2690 5092 intra
2715 5037 2958 5093 vascula
2986 5037 3032 5073 ³³
3063 5037 3267 5106 misso,
3301 5037 3501 5094 statim
3532 5034 3845 5093 turbulen-

2177 5125 2296 5190 tus,
2328 5123 2428 5196 qui
2457 5123 2676 5180 dicitur
2703 5126 3119 5198 versio',t'uit.ln
3148 5127 3279 5200 ipsa
3337 5125 3557 5200 pascha
3601 5124 3844 5182 Domini

2178 5226 2282 5283 per
2316 5212 2552 5268 arbores
2580 5212 2666 5270 vel
2699 5213 2841 5270 folia
2869 5217 2928 5271 et
2958 5214 3186 5288 reliqua
3215 5214 3345 5272 loca
3380 5215 3626 5288 parebat
3667 5212 3848 5286 quasi

2173 5302 2332 5356 terra
2359 5299 2666 5374 pluvisset,
2701 5303 2970 5376 sequenti
3003 5308 3200 5362 autem
3231 5305 3352 5378 (an.
3387 5295 3517 5378 872)
3547 5305 3582 5360 4
3636 5301 3845 5360 Nonas

1787 5411 2032 5468 νΑΒΙιΕ
2070 5412 2478 5472 LECTIONES.

495 5504 608 5584 lli.
641 5519 688 5560 e.
716 5499 1036 5584 gallicinio.
1087 5501 1154 5584 ἠ
1185 5503 1226 5559 i.
1257 5517 1306 5560 e.
1339 5501 1628 5560 hinnitus.
1706 5503 1749 5538 ¹⁹
1777 5503 1820 5560 i.
1851 5517 1898 5560 e.
1923 5500 2036 5558 vix.
2113 5503 2160 5539 ³ο
2187 5504 2228 5560 i.
2257 5521 2306 5562 e.
2339 5504 2638 5580 diligebat.
2687 5507 3002 5580 Antiquus.
3079 5511 3121 5546 ²¹
3153 5511 3196 5568 i.
3225 5525 3272 5568 e.
3315 5507 3560 5584 gravati.
3632 5505 3682 5544 ²²
3713 5506 3761 5563 i.
3789 5519 3840 5564 e.

2019 5660 2252 5724 ΝΟΤΛΕ.

423 5571 754 5635 redderent.
828 5574 876 5610 ³³
904 5571 1145 5632 uascula
1171 5590 1220 5631 c.

497 5736 610 5809 (11)
640 5736 704 5794 In
734 5733 1018 5794 Calabria.
