3962 6386
204 458 363 525 127⁸7

1179 428 1182 429 ί
1280 457 1648 524 manus
1689 455 2152 523 passsv'rsa
2193 458 2541 526 BERGOM.

3448 451 3606 520 1278

177 596 360 670 ’Μειεὶ
391 596 600 670 pruina
627 595 854 664 cecidit,
885 593 1069 652 multe
1093 595 1240 654 vites
1269 596 1329 651 in
1360 595 1713 669 planislocis
1743 611 1843 650 seu
1876 595 1931 659 Α
2034 601 2118 652 18.
2155 599 2288 654 Post
2312 599 2484 669 cujus
2510 596 2735 654 obitum
2767 612 2984 669 magna
3011 593 3312 652 tribulatio
3357 595 3415 653 in
3437 598 3607 654 Italia

199 687 266 741 in
295 686 544 743 vallibus
567 686 836 759 palmites
858 703 992 742 cum
1027 704 1136 742 uva
1165 687 1550 752 siccaverunt,
1583 684 1852 740 similiter

197 779 261 830 et
289 774 463 831 silves
493 775 537 810 ²¹⁸
568 776 949 831 tenerrimum
990 793 1124 831 cum
1157 793 1264 832 sua
1293 775 1430 831 folia
1488 775 1647 830 aride
1705 775 1852 830 facte

197 865 648 937 sunt.Sequenti
681 870 874 920 autem
909 882 1108 922 mense
1135 867 1396 938 Augusto
1429 865 1747 920 multarum
1771 865 1850 918 lo-

198 957 507 1008 custarum
540 954 774 1009 advenit
801 955 872 1010 de
900 953 1206 1010 Vicentina
1248 954 1513 1027 partibus
1541 955 1600 1008 in
1635 954 1849 1009 ﬁnibus

195 1042 475 1098 Bresiana
503 1043 567 1112 π,
601 1042 808 1099 deinde
848 1045 905 1098 in
960 1043 1366 1099 Cremonensis
1419 1043 1637 1098 ﬁnibus
1667 1061 1678 1110 ;
1715 1042 1848 1096 inde

195 1145 336 1185 vero
367 1135 744 1201 perrexerunt
772 1131 830 1186 in
867 1133 1182 1187 Laudensis
1205 1132 1488 1203 partibus,
1522 1132 1642 1187 sive
1671 1131 1848 1186 etiam

201 1219 264 1272 in
298 1218 768 1275 Mediolanensis.
802 1221 980 1275 Erant
1008 1221 1164 1275 enim
1212 1226 1418 1276 unates
1449 1221 1845 1293 pergentibus,

201 1306 359 1362 sicut
400 1307 673 1363 Salamon
719 1308 897 1364 dixit:
932 1311 1187 1365 Locustas
1235 1326 1419 1379 regem
1468 1327 1580 1365 non
1627 1310 1844 1374 habent,

196 1400 280 1450 set
301 1411 402 1466 per
431 1399 643 1451 turmas
685 1396 981 1452 ascendunt
1021 1399 1204 1468 (Prov.
1237 1415 1367 1465 xxx,
1401 1398 1513 1469 27).
1575 1402 1845 1453 Devasta-

195 1488 410 1539 verunt
438 1484 594 1540 enim
625 1484 843 1541 multas
873 1503 1084 1559 granas
1115 1488 1393 1554 minutas,
1427 1488 1486 1542 id
1538 1491 1626 1542 est
1666 1487 1847 1543 millio

196 1571 289 1628 vel
319 1573 547 1645 panico.
581 1574 862 1646 Completi
900 1593 1053 1631 anno
1075 1577 1392 1632 centesimo
1418 1593 1486 1631 ex
1517 1593 1582 1632 eo
1607 1577 1650 1612 ²⁶
1678 1577 1849 1632 Fran-

198 1677 404 1717 corum
427 1677 573 1734 gens
603 1662 774 1718 Italia
802 1664 1052 1736 ingressi
1085 1664 1653 1737 sunt(an.873),anno
1684 1666 1846 1720 dom—

197 1749 263 1804 ni
283 1749 584 1807 Hludovici
605 1751 977 1824 imperatoris
998 1755 1089 1822 23,
1124 1758 1182 1809 et
1225 1771 1411 1810 mens.
1445 1755 1498 1821 4,
1531 1754 1848 1808 indictione

196 1839 234 1894 6
265 1838 449 1894 ﬁnita.
482 1840 847 1914 Ingrediente
884 1845 918 1896 7
967 1843 1305 1911 indictione,
1339 1843 1446 1897 hoc
1495 1848 1584 1898 est
1639 1843 1776 1896 anni
1806 1845 1848 1876 ²⁷

198 1927 621 1986 incarnationis
653 1931 874 1986 domini
908 1933 1092 1987 nostri
1117 1933 1256 1988 Jesu
1299 1932 1510 1987 Christi
1559 1933 1845 2003 octogenti
1879 1963 1925 2028 B

197 2017 576 2089 septuaginta
605 2022 722 2074 tres
753 2020 1052 2086 transacti,
1089 2021 1403 2092 imperator
1449 2038 1580 2076 vero
1612 2021 1848 2076 veniens

198 2106 275 2161 de
307 2105 524 2162 ﬁnibus
555 2108 960 2164 Beneventano.
1013 2114 1144 2182 post
1192 2109 1377 2165 multa
1407 2110 1645 2165 victoria
1675 2126 1850 2181 super

201 2194 498 2250 Sarracini
529 2195 699 2252 facta.

275 2285 361 2338 17.
396 2284 579 2356 Igitur
608 2290 739 2358 post
765 2303 1008 2353 annum,
1043 2287 1152 2343 hoc
1183 2293 1267 2343 est
1319 2289 1633 2343 indictione
1671 2291 1704 2342 8
1733 2289 1844 2358 (an.

195 2372 348 2443 875),
381 2372 549 2428 stella
576 2375 822 2430 cometis
851 2376 909 2430 in
943 2375 1085 2432 cmlo
1144 2378 1488 2448 comparuit,
1526 2377 1848 2432 similitudo

194 2461 561 2518 radientibus
592 2462 909 2536 longinque
940 2467 1122 2521 caude
1168 2483 1269 2537 per
1296 2470 1483 2521 totum
1517 2483 1716 2521 mense
1743 2467 1847 2521 Ju-

197 2549 386 2618 nium,
419 2567 590 2606 mane
645 2557 702 2607 et
733 2569 987 2624 vespere.
1049 2554 1269 2610 Deinde
1325 2554 1383 2609 in
1443 2571 1643 2610 mense
1688 2555 1848 2610 Julio

196 2638 491 2694 Sarracini
513 2646 796 2696 venerunt
826 2644 972 2713 (Jun.
1011 2644 1119 2714 13),
1155 2647 1210 2698 et
1253 2642 1480 2698 civitate
1511 2643 1848 2699 Cummaclo

197 2728 438 2798 (12-13),
471 2729 606 2801 igne
636 2735 1060 2786 cremaverunt.
1092 2732 1368 2803 Sequenti
1399 2741 1596 2787 autem
1651 2749 1850 2787 mense

193 2818 458 2889 Augusto
482 2816 862 2874 Hludowicus
879 2820 1189 2892 imperator
1210 2822 1518 2876 defunctus
1541 2825 1648 2887 est,
1665 2821 1849 2893 pridie

198 2905 337 2961 Idus
369 2905 618 2978 Augusti
651 2908 820 2978 (Aug.
860 2908 965 2978 12),
1001 2909 1059 2963 in
1089 2910 1304 2964 finibus
1342 2911 1638 2966 Bresiana.
1673 2913 1849 2966 Anto-

196 2993 334 3049 nius
364 2995 832 3062 vero,Bresciane
863 2997 1339 3070 episcopus,tu1it
1369 3016 1580 3071 corpus
1612 3001 1762 3070 ejus,
1795 3003 1851 3054 et

201 3083 401 3155 posuit
430 3099 564 3138 eum
595 3084 653 3140 in
688 3086 996 3157 sepulchro
1028 3087 1086 3142 in
1107 3087 1352 3143 ecclesia
1383 3095 1598 3144 sanctae
1631 3088 1846 3158 Mariae,

199 3171 301 3227 ubi
339 3188 552 3244 corpus
609 3175 793 3229 sancti
852 3175 1138 3230 Filastrici
1199 3178 1465 3248 quiescit.
1522 3183 1849 3250 Anspertus

197 3260 652 3318 Mediolanensis
674 3263 1148 3337 archiepiscopus
1163 3268 1451 3321 mandans
1465 3267 1513 3322 ei
1542 3283 1644 3338 per
1666 3267 1849 3322 archi-

1961 686 2210 742 advenit.
2244 686 2589 760 Colligentes
2621 703 2682 742 se
2707 688 2959 758 majores
2990 685 3111 741 nati
3162 685 3220 740 in
3253 685 3481 742 civitate
3509 687 3603 743 Ti-

1961 776 2091 830 cino
2124 776 2299 832 simul
2333 793 2467 832 cum
2496 775 2859 848 Angelberga
2891 791 3135 830 suorum
3169 774 3368 847 regina
3405 792 3606 832 mense

1959 866 2281 936 Septembri
2317 865 2631 920 indictione
2664 867 2898 930 nona,et
2929 881 3167 936 pravum
3199 868 3437 936 agentes
3469 881 3603 919 con-

1959 953 2181 1021 silium,
2217 959 2503 1027 quatenus
2534 953 2605 1008 ad
2636 953 2750 1008 duo
2783 953 3126 1007 mandarent
3157 952 3488 1025 regnum,id
3517 959 3606 1009 est

1959 1044 2154 1098 Karoli
2187 1044 2245 1098 in
2283 1043 2520 1098 Francia
2553 1047 2610 1098 et
2659 1041 2972 1096 llludovico
3024 1041 3081 1095 in
3115 1041 3421 1112 Bajoaria;
3454 1042 3608 1098 sicut

1959 1138 2017 1188 et
2061 1134 2339 1189 fecerunt.
2392 1135 2556 1187 Tunc
2607 1131 2846 1186 Carolus
2893 1130 3155 1196 veniens,
3216 1131 3480 1187 nesciens
3537 1133 3608 1188 de

1958 1222 2294 1278 Hludovico.
2355 1221 2708 1276 Hludovicus
2769 1219 3069 1276 nesciebat
3126 1220 3280 1291 quod
3364 1220 3606 1277 Karolus

1957 1311 2400 1375 venisset,misit
2423 1309 2607 1364 ﬁlium
2631 1326 2804 1365 suum
2836 1307 3079 1363 Karolus
3102 1307 3609 1381 nomine,propter

1957 1400 2294 1456 distantiam
2343 1399 2610 1455 homines
2659 1401 2940 1470 ceperunt
2982 1396 3250 1452 Karoleto
3281 1396 3602 1455 nominare.

1957 1488 2164 1544 Karolo
2214 1505 2310 1544 rex
2368 1489 2606 1543 veniens
2656 1487 2917 1558 Papiam,
2959 1485 3218 1541 Karolito
3276 1485 3334 1540 in
3388 1485 3606 1541 ﬁnibus

1957 1577 2428 1634 Mediolanensis.
2461 1577 2681 1648 Cuique
2711 1592 2840 1630 cum
2875 1575 2945 1630 de
2965 1579 3238 1647 patruum
3259 1591 3433 1630 suum
3449 1591 3606 1630 com-

1958 1671 2184 1738 pertum
2212 1667 2418 1721 fuisset
2437 1666 2591 1738 quod
2614 1669 2769 1721 esset
2790 1665 2848 1719 in
2874 1664 3066 1735 Papia,
3105 1667 3386 1736 ceperunt
3416 1663 3606 1719 homi-

1958 1773 2062 1811 nes
2115 1755 2213 1827 qui
2272 1772 2332 1810 se
2381 1755 2592 1810 Carlito
2653 1755 3084 1825 conjunxerunt
3141 1753 3329 1808 multa
3387 1752 3610 1809 malitia

1962 1845 2144 1899 facere
2171 1863 2183 1912 ;
2209 1844 2317 1898 hoc
2349 1847 2438 1898 est
2468 1842 2846 1914 Beringherio
2871 1859 3006 1898 cum
3035 1841 3261 1914 reliqua
3290 1841 3607 1898 multitudo

1959 1933 2159 1988 statim
2190 1938 2474 1988 venerunt
2506 1934 2561 1987 in
2595 1931 2813 1987 ﬁnibus
2857 1930 3288 2004 Bergomensis.
3321 1931 3610 1987 residente

1959 2023 2016 2077 in
2046 2021 2399 2077 monasterio
2431 2023 2573 2076 Fara
2627 2037 2730 2093 per
2777 2019 3118 2076 zebdomada
3166 2037 3302 2085 una,
3338 2020 3611 2076 domibus

1958 2112 2349 2179 devastantes,
2377 2109 2663 2166 adulteria
2691 2109 2775 2165 vel
2810 2108 3081 2164 incendia
3115 2109 3414 2164 facientes.
3447 2110 3613 2166 Tunc

1958 2200 2129 2256 multi
2161 2200 2568 2272 Bergomensis
2592 2198 2986 2271 relinquentes
3036 2198 3241 2253 domos
3273 2215 3411 2253 suas
3441 2197 3612 2270 plena

1959 2291 2092 2345 vino
2106 2299 2163 2346 et
2181 2293 2630 2359 anona,tantum
2656 2305 2788 2344 cum
2811 2287 3092 2343 uxoribus
3114 2291 3171 2342 et
3200 2292 3610 2359 paramentum

1958 2379 2017 2433 in
2050 2379 2281 2435 civitate
2321 2377 2409 2432 vel
2460 2377 2517 2431 in
2573 2377 2876 2432 montibus
2930 2380 3328 2447 perrexerunt.
3361 2375 3611 2432 Karolus

1959 2486 2057 2523 rex.
2085 2468 2206 2522 Ξ]ωο
2264 2468 2529 2534 audiens,
2565 2467 2763 2521 statim
2826 2483 2941 2538 prae
3002 2464 3147 2536 ipsis
3206 2464 3610 2520 malefactores

1959 2575 2092 2612 cum
2127 2555 2441 2611 multitudo
2475 2555 2826 2627 populorum
2859 2554 3110 2626 perrexit
3129 2555 3200 2608 de
3233 2553 3451 2608 ﬁnibus
3473 2553 3610 2609 Ber-

1959 2645 2254 2718 gomensis
2282 2645 2338 2698 in
2364 2644 2658 2709 Bresiana,
2692 2642 2826 2698 inde
2847 2643 2904 2696 in
2948 2642 3195 2708 Verona,
3220 2641 3354 2698 inde
3385 2658 3518 2697 vero
3547 2641 3607 2696 in

1960 2735 2216 2789 Mantua.
2252 2732 2472 2787 Karlito
2505 2731 2754 2804 perrexit
2783 2731 2844 2786 in
2893 2730 3176 2803 Bajoaria.
3210 2731 3372 2784 Tunc
3405 2730 3607 2786 Karlo-

1960 2840 2115 2886 man,
2149 2839 2463 2894 germanus
2492 2823 2640 2892 ejus,
2673 2821 2906 2875 obviam
2965 2820 3202 2874 veniens
3263 2819 3456 2874 Karoli
3511 2836 3609 2875 rex

1959 2913 2201 2968 barbaui
2233 2912 2273 2946 31
2309 2913 2419 2982 (15)
2452 2910 2563 2976 sui,
2599 2910 2669 2964 ad
2706 2909 2949 2964 fluvium
2994 2909 3092 2980 qui
3131 2908 3346 2963 dicitur
3377 2909 3608 2974 Brenta,

1959 3006 2016 3056 et
2046 2999 2303 3072 paciﬁcis
2335 2998 2526 3054 verbis
2558 3015 2619 3053 se
2679 2999 2750 3054 ad
2799 2998 3046 3052 invicem
3107 2996 3528 3062 salutaverunt,
3560 2999 3617 3051 et

1960 3094 2193 3161 pactum
2216 3106 2403 3161 usque
2428 3089 2486 3142 in
2519 3104 2782 3143 mensem
2810 3087 3002 3142 Madio
3021 3085 3618 3142 ﬁrmaverunt.Carlo-

1960 3195 2214 3233 manuus
2244 3177 2348 3232 ivit
2379 3177 2437 3230 in
2485 3177 2770 3246 Bajoaria.
2809 3175 3055 3230 Karolus
3113 3191 3213 3230 rex
3261 3174 3516 3246 perrexit
3543 3175 3616 3230 ad

1961 3267 2228 3332 Romam,
2262 3270 2318 3319 et
2339 3265 2409 3319 ad
2433 3265 2736 3320 ecclesiam
2765 3263 2914 3318 beati
2941 3262 3094 3317 Petri
3130 3262 3279 3316 dona
3301 3261 3513 3317 obtulit
3541 3263 3614 3317 ab

195 3349 510 3406 diaconum
533 3357 800 3421 suum,ut
831 3332 1277 3426 reddat—corpus
1302 3355 1445 3411 illud
1475 3375 1486 3424 ;
1520 3332 1618 3411 ille
1649 3361 1845 3411 autem
1878 3332 1920 3397 (ἶ
1960 3355 2274 3426 apostolico
2300 3354 2562 3409 Johanne
2598 3355 2906 3416 unctus,et
2936 3351 3156 3406 honore
3188 3351 3420 3422 imperii
3453 3367 3614 3406 coro-

191 3438 399 3495 noluit.
427 3441 587 3496 Tunc
618 3443 906 3498 mandans
942 3443 1238 3499 Garibaldi
1284 3444 1692 3517 Bergomensis
1725 3447 1847 3518 epi-

193 3545 408 3600 scopus
438 3533 495 3585 et
537 3530 831 3586 Benedicti
879 3533 1289 3588 Cremonensis
1341 3535 1654 3606 episcopus
1713 3551 1847 3589 cum

193 3633 438 3673 suorum
471 3620 803 3675 sacerdotes
862 3625 918 3675 et
974 3626 1182 3677 cuncto
1236 3622 1386 3678 clero
1445 3624 1660 3690 venire,
1695 3624 1848 3678 sicut

193 3705 323 3778 ipse
373 3706 844 3780 archiepiscopus
904 3709 1170 3766 faciebat.
1231 3711 1534 3784 Episcopis
1591 3729 1722 3767 vero
1773 3714 1852 3768 ita

195 3794 461 3851 fecerunt
476 3800 533 3852 et
557 3795 695 3851 illuc
717 3803 1115 3870 perrexerunt;
1150 3800 1446 3856 trahentes
1473 3819 1606 3856 eum
1634 3820 1667 3856 a
1698 3808 1851 3857 terra

195 3887 256 3940 et
285 3883 530 3940 miriﬁce
560 3887 916 3955 condientes,
946 3889 1072 3944 dies
1103 3889 1306 3960 quinto
1357 3894 1489 3962 post
1533 3893 1848 3946 transitum

196 3971 260 4027 in
291 3971 564 4044 pharetro
600 3981 943 4046 posuerunt,
973 3994 1107 4032 cum
1139 3979 1298 4033 omni
1346 3978 1583 4044 honore,
1615 3979 1850 4052 hymnis

199 4061 317 4117 Deo
351 4061 762 4134 psallentibus,
785 4063 844 4119 in
877 4065 1270 4121 Mediolanum
1303 4069 1710 4139 perduxerunt.
1748 4070 1850 4124 Vc-

199 4149 436 4205 ritatem
466 4149 528 4206 in
557 4151 787 4208 Christo
817 4153 1132 4224 loquor:ibi
1158 4155 1239 4209 fui
1259 4161 1315 4211 et
1345 4160 1569 4226 partem
1591 4155 1847 4229 aliquam

200 4239 509 4311 portavi,et
538 4256 674 4296 eum
706 4243 1073 4313 portantibus
1097 4243 1391 4298 ambulavi
1424 4261 1457 4299 a
1486 4245 1728 4301 ﬂumine
1750 4247 1849 4318 qui

197 4326 414 4382 dicitur
433 4327 570 4384 Oleo
592 4346 778 4402 usque
826 4331 897 4385 ad
939 4330 1156 4386 ﬁumen
1188 4333 1354 4387 Adua
1386 4333 1516 4404 (14).
1549 4335 1850 4390 Adductus

192 4414 378 4487 igitur
404 4416 463 4472 in
494 4416 724 4474 civitate
753 4435 888 4474 cum
921 4436 1134 4492 magno
1169 4420 1393 4476 honore
1425 4421 1848 4477 etlacrimabili

196 4503 362 4571 ﬂetu,
394 4505 453 4560 in
485 4505 731 4563 ecclesia
761 4508 911 4563 beati
951 4510 1244 4565 Ambrosii
1295 4511 1643 4566 confessoris
1685 4529 1845 4582 sepe-

194 4591 416 4649 lierunt
444 4594 536 4651 die
567 4595 890 4668 septimana
930 4613 1049 4652 sua:
1081 4599 1192 4669 (an.
1227 4600 1374 4670 875).
1409 4598 1516 4663 Qui
1547 4598 1850 4671 imperavit

203 4698 393 4738 annos
424 4685 513 4752 32,
544 4683 604 4740 id
630 4685 674 4719 ³⁸
705 4689 794 4740 est
821 4685 1048 4741 vivente
1100 4691 1263 4759 patre
1313 4704 1496 4743 annos
1529 4689 1597 4742 12
1627 4689 1690 4755 ’9,
1721 4692 1852 4760 post
1882 4694 1927 4758 D

203 4775 458 4828 mortem
490 4774 673 4846 patris
702 4774 748 4810 ³ο
778 4791 964 4831 annos
987 4777 1076 4830 20.

1957 3449 2130 3499 natus
2162 3445 2304 3513 (Dee.
2336 3444 2450 3514 25),
2484 3442 2542 3495 in
2591 3440 2772 3512 Papia
2819 3457 3087 3496 reversus
3132 3444 3244 3506 est,
3280 3455 3481 3494 mense
3509 3440 3613 3494 Ja-

1959 3533 2184 3599 nuario,
2219 3531 2618 3604 suprascripta
2648 3529 2964 3585 indictione
2994 3545 3148 3584 nona
3174 3529 3239 3582 3’.

2032 3641 2117 3694 19.
2151 3643 2410 3709 Cumque
2440 3638 2594 3693 idem
2639 3635 2884 3691 Karolus
2929 3635 3254 3706 imperator
3309 3634 3379 3688 de
3431 3635 3619 3689 Roma

1960 3745 2228 3784 reversus
2259 3729 2316 3782 in
2366 3727 2546 3798 Papia
2593 3727 2821 3781 sederet
2851 3726 2964 3796 (an.
2999 3724 3149 3795 876),
3186 3723 3410 3779 audivit
3457 3723 3612 3794 quod

1959 3817 2413 3881 Karlomannus,
2431 3813 2727 3870 Hludovici
2753 3812 2932 3880 ﬁlius,
2958 3817 3160 3868 contra
3183 3829 3316 3866 eum
3349 3811 3575 3866 veniret
3600 3829 3612 3879 ;

1960 3922 2213 3978 cumque
2236 3904 2554 3959 exercitum
2597 3919 2772 3958 suum
2799 3903 3057 3957 adunare
3089 3901 3262 3956 vellet
3293 3905 3351 3956 et
3382 3917 3517 3955 cum
3549 3916 3616 3955 eo

1960 3995 2179 4051 bellum
2211 4010 2408 4066 gerere
2440 3993 2710 4062 (an.877),
2740 3991 2982 4062 quidam
3013 3990 3083 4044 de
3116 3988 3329 4056 suis,in
3366 4005 3616 4060 quorum

1960 4084 2299 4139 ﬁdelitatem
2332 4081 2583 4137 maxime
2635 4079 2988 4146 conﬁdebat,
3019 4079 3091 4133 ab
3152 4094 3218 4133 eo
3280 4077 3509 4143 defecti,
3544 4077 3616 4132 ad

1959 4173 2407 4228 Carlemannum
2437 4187 2498 4225 se
2555 4168 2972 4240 conjungebat.
3036 4167 3197 4230 Quod
3246 4165 3342 4220 ille
3386 4166 3611 4231 videns,

1959 4265 2157 4335 fugam
2191 4261 2322 4315 iniit
2347 4265 2404 4315 et
2430 4258 2678 4314 Galliam
2712 4257 3030 4330 repedavit,
3048 4254 3364 4326 statimque
3395 4255 3452 4309 in
3487 4253 3615 4327 ipso

1959 4351 2163 4406 itinere
2217 4354 2485 4405 mortuus
2538 4353 2627 4404 est
2683 4348 2814 4420 (Oct.
2865 4346 2940 4417 6).
3002 4345 3426 4401 Carlomannus
3483 4360 3617 4399 vero

1960 4456 2202 4512 regnum
2240 4439 2399 4492 Italic
2431 4437 2772 4509 disponens,
2798 4441 2930 4507 post
2952 4453 3067 4490 non
3103 4433 3355 4489 multum
3380 4437 3618 4504 tempus

1957 4528 2029 4582 ad
2063 4531 2288 4598 patrem
2317 4526 2362 4558 ³³
2389 4525 2447 4578 in
2481 4524 2808 4594 Bajoariam
2835 4539 3104 4578 reversus
3137 4525 3224 4577 est
3254 4519 3613 4592 (Dec.).Inter

1957 4615 2077 4671 haec
2109 4612 2464 4668 Hludovicus
2496 4629 2612 4667 rex.
2699 4655 2710 4666 .
2794 4652 2806 4663 .
2889 4653 2899 4664 .

1549 4901 1788 4958 VARle
1827 4901 2237 4960 LECTIONES.

266 4995 312 5028 "
341 4995 380 5049 ἰ.
413 5011 460 5051 e.
494 4994 671 5052 silvae.
749 4998 792 5032 ²⁵
821 5000 862 5052 i.
896 5015 942 5054 e.
977 4999 1286 5054 Brixianis.
1318 5000 1362 5033 ³⁸
1392 5001 1431 5066 i,
1464 5016 1510 5054 e.
1547 5017 1682 5106 quo.
1761 5002 1803 5035 ³⁷
1835 5019 1971 5056 ann.
2000 5019 2045 5056 c.
2071 5002 2098 5054 ?
2171 4999 2213 5033 ²³
2246 4997 2303 5052 id
2337 5028 2403 5037 ——
2429 4996 2539 5050 XX.
2583 4997 2642 5050 in
2675 4995 2925 5060 margine
2978 4994 3170 5048 addita
3217 4999 3366 5046 sunt.
3443 4994 3488 5026 ²⁹

266 5069 438 5106 premi!
465 5083 478 5096 ο
505 5067 581 5106 Vl
607 5086 619 5098 -
653 5086 664 5098 -
684 5084 696 5097 ο
733 5073 832 5106 rm}
860 5071 929 5106 Υῐ
957 5088 968 5099 -
992 5086 1003 5098 ο
1027 5087 1038 5098 ο
1073 5088 1100 5106 ρ
1152 5072 1196 5105 30
1229 5072 1433 5106 matr-ia
1460 5088 1486 5106 ρ
1539 5072 1560 5105 3
1610 5074 1687 5106 .‘m
1718 5075 1953 5106 Imm-nm“
1980 5091 1991 5102 ο
2028 5071 2268 5106 Ingnium
2299 5068 2490 5106 321n'nn
2511 5082 2709 5106 mmmg
2733 5066 2889 5106 Iprh'n
2940 5064 2984 5098 33
3014 5064 3082 5106 nd
3120 5067 3340 5106 nnirem
3364 5065 3508 5106 mini

1539 5064 1580 5106 ³ί
1610 5074 1689 5127 ita
1715 5075 1953 5128 correxit
1980 5091 1993 5141 ;
2028 5070 2344 5128 barbam.”
2362 5068 2490 5124 hinc
2511 5082 2709 5122 manus
2732 5066 2911 5121 tertia.
2940 5064 2984 5098 ³³
3014 5064 3086 5120 ad
3117 5067 3343 5136 patrem
3364 5065 3611 5119 minime.

190 5069 478 5129 correxit;
505 5067 619 5124 VI:
651 5084 696 5124 ::
733 5073 832 5124 aut
858 5071 930 5125 ΧΙ
956 5088 969 5126 :
992 5086 1038 5126 ::
1071 5088 1118 5125 ε.
1152 5072 1196 5105 ³ο
1228 5072 1435 5127 matris
1459 5088 1505 5127 ε.

2171 4999 2213 5033 ²³
2246 4997 2303 5052 id
2337 5028 2403 5037 ——
2429 4996 2539 5050 XX.
2583 4997 2642 5050 in
2675 4995 2925 5060 margine
2978 4991 3170 5048 addita
3217 4999 3366 5046 sunt.
3443 4992 3488 5026 ²⁹
3537 4992 3618 5046 ita

1790 5197 2017 5253 ΝΟΤίΕ.

270 5278 476 5422 ξ12-13)
498 5279 865 5361 Comacchio.

292 5350 390 5422 14)
419 5351 650 5409 Scilicet
677 5370 782 5422 per
809 5355 865 5409 ﬁl

302 5350 390 5428 l4)
419 5347 650 5409 scilicet
677 5370 782 5426 per
809 5355 955 5412 ﬁnes
986 5355 1359 5428 episcopatus
1391 5355 1820 5428 Bergomensis,
1860 5356 2014 5412 unde
2044 5357 2335 5411 Andream
2367 5354 2814 5426 Bergomensem
2866 5350 3269 5423 presbyterum
3322 5349 3505 5405 fuisse
3533 5347 3614 5402 ef-

201 5421 303 5476 ﬁci
310 5421 424 5476 tur.

279 5491 394 5568 (15)
421 5496 464 5551 1.
496 5511 544 5552 e.
576 5497 792 5569 patrui.
