3962 6362
240 339 396 442 mi

1393 328 1704 396 PETBUS
1750 325 2488 394 BIBLIOTHECARIUS.

3475 331 3634 394 1282

239 473 639 547 gobardorum
667 469 834 528 Carlo
863 467 982 526 ﬁlio
1013 483 1121 526 suo
1142 465 1414 539 conjugio
1437 465 1782 522 sociandum
1815 463 1885 518 de
1912 465 1968 529 Α
2069 463 2229 518 Anno
2259 464 2364 517 819
2393 462 2642 536 eclypsis
2672 462 2946 520 maxima.

240 563 411 620 Italia
439 561 700 618 abduxit.

312 653 479 707 Anno
502 650 598 707 771
629 649 1016 706 Carlmannus
1037 646 1288 704 decessit
1306 649 1341 701 2
1360 645 1507 701 Non.
1531 640 1886 711 Decembris,

239 741 416 813 cujus
447 757 590 796 uxor
619 743 678 796 et
707 737 810 794 filii
839 737 1069 794 Italiam
1092 736 1354 793 veniunt.

313 828 518 886 Carlus
548 844 654 901 pro
683 828 1020 884 defensione
1045 825 1234 882 sancti
1255 824 1406 881 Petri
1429 824 1501 880 ad
1529 821 1890 879 Hadrianum

237 918 578 992 pontiﬁcem
606 917 850 974 Romam
880 915 1056 982 venit,
1090 915 1240 971 victo
1285 913 1603 970 Desiderio.

313 1009 482 1064 Anno
509 1005 616 1062 778
638 1005 916 1062 Carlusin
938 1004 1219 1077 Hispania
1240 1001 1640 1076 Pampilonem
1662 1000 1890 1055 destru-

239 1097 346 1153 xit.

315 1187 481 1242 Anno
510 1183 608 1240 78l
646 1182 909 1255 Pipinus,
940 1182 1100 1238 filius
1129 1180 1302 1250 Carli,
1337 1181 1532 1236 Romae
1567 1177 1895 1250 baptisatur

246 1276 320 1332 ab
351 1271 644 1330 Hadriano
674 1271 974 1344 pontiﬁce.
1005 1272 1124 1326 Hoc
1155 1285 1306 1325 anno
1336 1269 1571 1342 signum
1609 1266 1798 1323 crucis
1830 1265 1891 1321 in

244 1361 615 1420 vestimentis
643 1360 952 1417 hominum
979 1360 1172 1417 visum
1194 1362 1302 1427 est,
1335 1362 1392 1415 et
1420 1357 1662 1430 sanguis
1695 1373 1726 1412 e
1752 1354 1892 1412 coelo

244 1453 309 1509 in
339 1456 557 1508 terram
590 1449 777 1507 ﬂuxit.

317 1544 486 1598 Anno
513 1542 621 1596 786
649 1539 851 1596 Carlus
873 1540 1263 1595 Beneventum
1286 1539 1580 1610 expugnat
1595 1535 1748 1591 victo
1772 1532 1896 1589 Gri-

247 1630 506 1698 mualdo,
541 1629 661 1686 filio
689 1629 915 1701 Aragisi
947 1629 1483 1684 Beneventanorum
1524 1624 1711 1681 ducis.
1755 1624 1893 1679 Her-

246 1719 557 1790 nodrudis,
590 1718 709 1775 tilia
740 1719 914 1791 regis,
943 1734 976 1773 a
1005 1717 1385 1774 Constantino
1418 1716 1766 1786 imperatore
1796 1713 1893 1768 de-

246 1812 585 1882 sponsatur.

317 1901 483 1954 Anno
511 1899 616 1952 787
645 1900 978 1952 Graecorum
1009 1896 1296 1951 exercitus
1326 1913 1360 1950 a
1392 1892 1648 1961 Francis,
1674 1893 1898 1964 Longo-

243 1986 447 2043 bardis
475 1990 534 2042 et
561 1984 980 2042 Beneventanis
1013 1988 1346 2057 superatur.

317 2078 484 2132 Anno
512 2075 620 2130 796
650 2075 902 2130 moritur
947 2073 1261 2140 Adrianus,
1313 2072 1405 2127 cui
1457 2070 1740 2128 successit
1789 2070 1900 2126 Leo

253 2165 534 2239 pontifex.

321 2257 491 2310 Anno
515 2252 622 2308 797
652 2251 1337 2326 Constantinopolitanus
1367 2252 1683 2324 imperator
1720 2266 1901 2305 exotic-

256 2347 429 2401 catus
455 2347 561 2400 est.

329 2434 497 2488 Anno
525 2431 622 2488 801
652 2431 713 2488 in
730 2432 823 2488 die
844 2429 1058 2487 natalis
1079 2429 1312 2486 Domini
1330 2433 1462 2485 ante
1479 2428 1903 2484 confessionem

259 2521 415 2578 beati
447 2521 597 2578 Petri
620 2521 728 2578 Leo
752 2536 1027 2577 coronam
1049 2520 1212 2576 Carlo
1233 2518 1530 2593 imposuit;
1555 2522 1695 2573 tunc
1722 2533 1904 2589 popu-

259 2609 355 2667 lus
383 2611 684 2666 Romanus
713 2609 1015 2666 clamavit:
1051 2609 1211 2665 Carlo
1262 2610 1497 2680 Augusto
1526 2625 1560 2663 α
1603 2613 1713 2663 Deo
1755 2622 1904 2662 coro-

255 2706 388 2756 nato
411 2715 610 2768 magno
643 2707 695 2754 et
736 2699 981 2771 pacifera
1024 2700 1343 2771 imperatori
1385 2699 1750 2753 Roma-norum
1797 2698 1907 2753 vita

254 2792 308 2844 et
326 2789 590 2844 viatoria!
611 2788 751 2843 Inde
772 2803 931 2843 more
952 2787 1325 2859 antiquorum
1348 2786 1679 2859 principum
1702 2786 1906 2842 adora-

253 2881 374 2932 tus.
413 2877 529 2932 Hoc
561 2893 715 2932 anno
743 2879 779 2932 2
809 2876 1054 2932 Kalend.
1088 2876 1224 2932 Maii
1255 2880 1418 2931 terrea
1450 2880 1646 2930 motus
1668 2875 1777 2930 fuit
1807 2891 1908 2946 per

253 2968 442 3022 totam
476 2965 722 3036 Italiam,
756 2970 824 3021 ut
851 2967 1028 3021 urbes
1059 2970 1313 3032 ruerent,
1338 2971 1394 3020 et
1414 2969 1629 3020 tectum
1653 2964 1906 3020 basilicm

255 3055 447 3111 sancti
480 3049 644 3111 Pauli
675 3055 872 3111 Romae
902 3072 1038 3111 cum
1069 3053 1337 3110 trabibus
1369 3054 1675 3109 decideret.

325 3145 492 3200 Anno
518 3144 625 3198 806
653 3144 878 3200 Herena
909 3144 1247 3216 imperatrix
1282 3143 1353 3199 de
1401 3141 1903 3215 Constantinopoli

256 3232 421 3289 misit
449 3231 706 3306 legatum
738 3232 972 3288 nomine
1003 3233 1249 3288 Leonem
1277 3232 1347 3286 de
1379 3247 1518 3303 pace
1548 3230 1906 3287 conﬁcienda

257 3322 414 3377 inter
444 3320 671 3377 Graecos
701 3325 758 3377 et
789 3323 1058 3377 Francos.

331 3411 550 3466 Boemii
581 3409 768 3466 Sclavi
798 3409 910 3466 alio
941 3410 1176 3466 nomine
1205 3409 1482 3482 appellati
1515 3413 1670 3466 sunt.

329 3498 533 3556 Carius
567 3498 788 3571 junior,
843 3499 1000 3555 filius
1046 3498 1435 3571 imperatoris,
1489 3515 1748 3554 sororem
1801 3498 1904 3553 ha-

256 3588 387 3644 buit
423 3588 789 3656 Henrodrud,
841 3606 967 3660 qua:
1018 3588 1267 3644 decessit
1314 3605 1466 3644 anno
1518 3590 1644 3655 811,
1688 3591 1721 3642 8
1772 3589 1906 3642 Ιά-ιε

255 3677 440 3735 Junii.

325 3766 446 3823 Hoc
473 3770 736 3839 tempore
757 3766 1048 3823 Niciforus
1070 3767 1388 3840 imperator
1407 3767 1737 3822 Graecorum
1761 3771 1905 3835 erat,

261 3854 367 3928 qui
397 3859 528 3928 post
557 3855 775 3912 multas
804 3857 1080 3913 victorias
1110 3861 1169 3913 et
1200 3873 1292 3912 res
1323 3873 1596 3929 prospere
1635 3859 1828 3929 gestas
1878 3873 1911 3910 a

259 3943 534 4017 Vulgaris
565 3945 794 4002 occisus
825 3962 976 4000 anno
1007 3947 1140 4012 814;
1165 3945 1256 4000 cui
1277 3945 1474 4001 statim
1499 3945 1783 4000 successit
1805 3944 1911 3999 Mi-

260 4033 448 4102 chael,
481 4033 583 4106 qui
608 4033 832 4107 legatos
862 4034 1014 4090 Carli
1046 4035 1118 4091 ad
1149 4034 1471 4090 Niciforum
1513 4033 1694 4090 misso
1745 4033 1911 4089 beni-

261 4139 376 4197 gne
389 4122 887 4196 Constantinopoli
903 4123 1142 4193 audivit,
1167 4139 1232 4179 ac
1245 4139 1384 4205 suos
1393 4123 1468 4179 ad
1482 4122 1714 4180 Carlum
1729 4122 1909 4179 misit.

263 4212 384 4270 Hoc
413 4229 566 4269 anno
595 4213 707 4269 fuit
734 4212 1004 4286 eclypsis.

333 4302 500 4358 Ann‘o
527 4303 635 4359 815
660 4301 864 4359 Carius
892 4303 928 4357 5
955 4301 1195 4358 Kalend.
1228 4303 1390 4358 Febr.
1442 4302 1711 4371 decessit,
1761 4319 1914 4358 anno

266 4407 386 4448 suae
417 4389 604 4448 aetatis
629 4393 720 4459 71,
757 4391 918 4464 regni
951 4392 1307 4447 Francorum
1335 4393 1423 4457 47,
1455 4391 1709 4446 subactae
1738 4389 1914 4446 Italiae

261 4484 355 4547 44,
387 4497 456 4536 ex
483 4496 598 4552 quo
625 4482 930 4553 Augustus
962 4480 1290 4553 appellatur
1334 4481 1434 4548 14;
1487 4480 1582 4533 cui
1632 4478 1916 4534 successit

264 4568 661 4626 Huludovicus
683 4569 840 4625 ﬁlius
861 4571 1009 4641 ejus,
1035 4569 1132 4642 qui
1155 4568 1476 4641 legationes
1499 4568 1568 4622 ad
1593 4565 1914 4638 genitorem
1944 4574 1991 4638 1)

263 4658 478 4714 missas
508 4662 565 4715 et
593 4658 730 4714 inde
758 4659 831 4714 ad
863 4675 925 4714 se
955 4657 1202 4726 audivit;
1234 4662 1291 4713 et
1321 4657 1515 4712 Romae
1559 4656 1800 4728 quidam
1851 4655 1908 4709 in

261 4763 464 4804 necem
480 4747 689 4805 Leonis
705 4764 866 4820 papa:
889 4747 1288 4820 conspirantes
1313 4746 1742 4803 interficiuntur
1759 4761 1911 4801 anno

266 4836 392 4892 316.

335 4929 504 4981 Anno
535 4925 661 4992 817,
692 4925 726 4978 8
759 4925 1201 4994 Kalend.Junii,
1221 4924 1470 4981 moritur
1491 4930 1598 4980 Leo
1633 4925 1910 4998 pontifex,

265 5013 360 5071 cui
392 5014 676 5071 successit
706 5014 1040 5088 Stephanus
1069 5015 1370 5070 diaconus.

336 5105 501 5159 Anno
529 5105 656 5173 818,
688 5104 834 5161 Non.
868 5105 1033 5160 Febr.
1062 5103 1315 5176 eclypsis
1349 5103 1527 5172 facta;
1571 5106 1738 5158 nocte
1781 5120 1914 5159 vero

267 5195 521 5249 cometes
569 5193 857 5266 apparuit.
910 5191 1156 5248 Moritur
1202 5191 1532 5264 Stephanus
1584 5191 1838 5264 pontifex
1881 5193 1916 5246 8

267 5280 418 5337 Idus.
440 5281 632 5350 Febr.,
666 5281 759 5337 cui
789 5281 1074 5338 successit
1100 5277 1400 5337 Paschalis
1430 5279 1751 5352 presbyter.
1797 5283 1914 5334 Im-

267 5373 500 5442 perator
525 5385 662 5426 vero
691 5369 882 5425 ﬁlium
912 5385 1087 5426 suum
1117 5367 1486 5424 Hlotharium
1513 5368 1832 5436 coronavit,
1860 5372 1916 5423 et

225 5478 232 5480 -
265 5457 462 5515 locum
491 5458 552 5515 in
583 5458 830 5532 imperio
857 5459 970 5515 sibi
1019 5457 1342 5516 constituit.
1394 5457 1786 5525 Bernhardus,
1819 5471 1918 5512 rex

267 5547 810 5620 Langobardorum,
841 5547 1180 5620 imperatori
1211 5561 1273 5603 se
1293 5546 1552 5603 tradidit.
1578 5546 1712 5612 Leo,
1731 5544 1914 5617 impe-

269 5639 430 5694 rator
450 5633 847 5695 Romanorum
867 5637 928 5696 in
954 5637 1190 5708 Graecia,
1215 5636 1290 5695 ad
1303 5634 1731 5693 Huludovicum
1754 5633 1918 5693 misit

271 5727 345 5787 de
373 5742 534 5804 pace.

2069 553 2235 607 Anno
2265 552 2371 606 820
2423 551 2684 624 Pipinus,
2735 552 3075 610 Huludovici
3105 552 3299 624 filius,
3344 553 3638 614 Vascones

1995 638 2150 694 vicit.

2069 730 2235 784 Anno
2284 730 2388 784 823
2437 730 2753 802 imperator
2794 731 3194 790 Huludovicus
3238 734 3640 806 pmnitentiam

2000 833 2243 873 suorum
2268 818 2609 874 delictorum
2633 820 2788 876 fecit.
2815 821 3189 878 Bulotharius
3212 822 3442 879 Italiam
3462 823 3640 892 venit;

1999 904 2241 976 Pipinus
2258 908 2386 978 ejus
2409 907 2586 963 frater
2609 925 2743 964 cum
2766 926 2942 966 uxore
2959 909 3018 966 in
3031 911 3404 983 Aquitaniam
3423 911 3644 968 missus

2000 997 2107 1049 est.

2071 1084 2238 1139 Anno
2267 1085 2373 1140 824
2399 1089 2450 1140 Η
2471 1085 2762 1142 lutharius
2789 1104 2823 1142 a
2851 1087 3132 1144 Paschale
3160 1093 3493 1157 coronatur,
3516 1093 3575 1146 et
3611 1107 3646 1146 a

2002 1173 2216 1244 populo
2250 1175 2512 1231 Romano
2540 1178 2841 1248 Augustus
2873 1176 3220 1250 appellatur.
3268 1178 3646 1236 Liudevithus

2003 1261 2134 1318 dolo
2146 1262 2520 1332 Alvidemilii,
2539 1265 2809 1321 avunculi
2827 1267 3026 1322 Bornze
3042 1267 3208 1322 ducis
3222 1266 3645 1336 Dalmatarum,

2001 1349 2371 1422 interﬁcitur,
2405 1356 2463 1408 et
2491 1353 2680 1410 multa
2710 1355 2978 1428 prodigia
3009 1355 3261 1411 fuerunt.

2073 1441 2236 1496 Anno
2261 1441 2367 1496 825
2396 1441 2646 1498 moritur
2673 1441 2971 1499 Paschalis
3003 1445 3278 1516 pontifex,
3303 1446 3396 1501 cui
3417 1462 3647 1503 succes-

2004 1528 2080 1584 sit
2111 1529 2422 1602 Eugenius.

2073 1619 2240 1674 Anno
2269 1620 2376 1673 827
2405 1620 2587 1676 abbas
2617 1621 2806 1677 sancti
2845 1622 3104 1694 Dionysii
3155 1623 3401 1681 Romam
3449 1623 3649 1692 mittit,

2004 1709 2061 1761 et
2083 1712 2376 1764 annuente
2395 1709 2650 1781 Eugenio
2669 1727 2802 1766 ossa
2820 1711 3149 1767 Sebastiani
3173 1713 3447 1785 martyris
3465 1717 3655 1771 trans-

2006 1799 2332 1867 portantur,
2355 1801 2412 1853 et
2435 1797 2790 1854 collocantur
2807 1801 2959 1872 apud
2981 1800 3334 1858 Suessonam
3357 1803 3652 1861 civitatem

2009 1884 2068 1940 in
2097 1885 2317 1958 templo
2347 1888 2532 1942 sancti
2562 1887 2840 1945 Medardi.

2079 1984 2245 2038 Anno
2275 1985 2380 2038 828
2410 2000 2654 2057 corpora
2682 1991 3017 2044 sanctorum
3047 1993 3372 2062 martyrum
3417 1989 3654 2047 Marcel-

2009 2072 2113 2127 lini
2146 2077 2202 2127 et
2251 2073 2403 2128 Petri
2454 2074 2512 2128 in
2560 2073 2806 2131 Galliam
2859 2079 3313 2135 transferuntur.
3360 2080 3656 2153 Eugenius

2012 2161 2266 2232 pontifex
2301 2162 2576 2231 moritur;
2609 2165 2702 2218 cui
2735 2165 3017 2220 successit
3069 2166 3413 2224 Valentinus
3460 2169 3655 2226 diaco-

2013 2267 2146 2318 nus,
2167 2251 2258 2306 cui
2281 2249 2490 2306 deinde
2514 2252 2797 2308 successit
2816 2252 3129 2325 Gregorius
3150 2257 3452 2329 presbyter
3471 2258 3656 2314 sancti

2012 2339 2210 2396 Marci.

2083 2431 2248 2484 Anno
2289 2429 2394 2484 833
2436 2429 2753 2502 imperator
2795 2447 2929 2487 cum
2973 2433 3226 2488 exercitu
3265 2438 3468 2490 contra
3516 2435 3657 2494 H105-

2012 2517 2272 2574 tbarium
2303 2517 2494 2574 ﬁlium
2523 2519 2698 2586 venit,
2731 2519 3003 2592 Pipinum
3034 2537 3213 2594 regno
3242 2522 3449 2594 privat;
3500 2523 3656 2598 ecly-

2013 2608 2137 2678 psis
2169 2607 2310 2663 solis
2347 2610 2384 2662 2
2441 2608 2587 2663 Non.
2651 2608 2809 2680 Maii,
2871 2610 3044 2666 Lunae
3098 2627 3232 2667 vero
3291 2613 3358 2666 13
3413 2613 3654 2670 Kalend.

2016 2696 2169 2752 Maii.

2086 2785 2358 2859 Sequenti
2391 2802 2545 2842 anno
2569 2786 2886 2858 imperator
2914 2805 2948 2844 a
2978 2789 3103 2845 suis
3133 2790 3420 2859 desertus,
3471 2790 3657 2848 aﬁliis

2016 2879 2242 2948 captus,
2272 2891 2407 2930 cum
2439 2875 2654 2947 quibus
2685 2880 2810 2932 erat
2839 2876 3154 2950 Gregorius
3181 2880 3460 2952 pontifex.

2087 2970 2364 3042 Sequenti
2380 2986 2532 3026 anno
2551 2970 2794 3028 consilio
2815 2972 3220 3046 episcoporum
3234 2976 3573 3047 pauitant-ia
3585 2977 3658 3034 ab

2015 3061 2365 3132 imperatore
2394 3061 2667 3116 efficitur.

2086 3152 2252 3205 Anno
2281 3151 2386 3204 838
2414 3149 2685 3205 Ticinum
2719 3150 2776 3206 in
2810 3151 2975 3208 Italia
2996 3152 3228 3208 fertur3
3248 3153 3374 3210 Kal.
3397 3154 3660 3212 Januarii

2018 3239 2357 3306 tremuisse;
2391 3243 2646 3295 cometes
2667 3240 2725 3294 in
2750 3239 2918 3312 signo
2942 3242 3124 3297 Libraa
3146 3242 3181 3296 3
3198 3242 3335 3299 Idus
3354 3244 3534 3316 April.
3559 3259 3664 3317 per

2014 3332 2131 3383 tres
2159 3332 2356 3383 noctes
2387 3328 2686 3398 apparuit:
2719 3328 3007 3400 primores
3037 3329 3096 3384 in
3119 3329 3286 3384 Italia
3306 3332 3658 3401 moriuntur,

2017 3433 2256 3472 suorum
2289 3415 2567 3488 praecipui
2601 3416 3010 3473 Lanthberdus
3031 3422 3090 3474 et
3111 3421 3335 3491 Hugus.

2085 3514 2361 3586 Sequenti
2397 3530 2550 3569 anno
2583 3513 2651 3570 15
2670 3513 2792 3570 Kal.
2821 3515 3095 3572 Februar.
3115 3520 3486 3573 terraemotus
3507 3518 3662 3590 apud

2016 3608 2284 3659 sanctum
2306 3602 2634 3661 Nazarium.
2654 3602 2892 3675 Pipinus
2904 3603 3079 3672 filius,
3105 3621 3202 3660 rex
3214 3605 3660 3677 Aquitanorum,

2019 3709 2215 3749 mense
2243 3692 2583 3749 Novembris
2613 3692 2878 3748 moritur.

2087 3794 2253 3848 Anno
2286 3791 2390 3847 840
2421 3790 2738 3864 imperator
2765 3791 3065 3848 Hlulavico
3097 3791 3402 3850 Hluthario
3441 3793 3562 3851 filio
3606 3797 3666 3852 et

2020 3881 2185 3938 Carlo
2217 3880 2463 3937 minimo
2495 3880 2614 3936 filio
2637 3896 2881 3953 regnum
2901 3880 3258 3938 Francorum
3282 3881 3506 3951 dividit;
3531 3882 3668 3940 Hlu-

2020 3970 2210 4027 thario
2240 3988 2408 4027 suam
2441 3970 2786 4043 dignitatem
2819 3969 3073 4043 reliquit.
3108 3970 3373 4026 Cometes
3395 3972 3666 4044 apparuit

2021 4062 2081 4117 in
2114 4061 2281 4133 signo
2311 4059 2540 4129 Arietis;
2575 4057 2785 4116 coelum
2803 4065 2977 4116 noctu
2997 4060 3057 4115 in
3077 4059 3391 4116 serenitate
3411 4061 3663 4126 erubuit,

2022 4150 2263 4223 igniculi
2295 4149 2517 4206 similes
2550 4149 2733 4206 stellis
2761 4165 2867 4221 per
2897 4147 3107 4204 coelum
3130 4148 3558 4205 discurrebant.

2097 4249 2417 4321 imperator
2445 4247 2694 4304 moritur
2724 4248 2791 4301 12
2825 4245 3063 4302 Kalend.
3114 4246 3255 4302 Julii
3303 4245 3363 4301 in
3412 4247 3668 4318 quadam

2025 4338 2222 4394 insula
2238 4337 2424 4394 Rheni
2448 4336 2629 4405 ﬂuvii;
2654 4336 2713 4391 in
2735 4335 2952 4409 templo
2971 4335 3167 4392 Sancti
3187 4333 3496 4408 Arinulphi
3514 4351 3670 4409 sepe-

2024 4427 2182 4482 litur.
2217 4425 2667 4482 Hludatharium
2698 4424 2885 4480 ﬁlium
2917 4423 3246 4497 suscipiunt
3275 4424 3500 4493 Franci;
3542 4425 3671 4496 ejus

2025 4515 2252 4582 fratres,
2288 4515 2344 4568 id
2379 4519 2469 4569 est
2496 4513 2851 4568 Hludavicus
2883 4518 2938 4568 et
2959 4512 3185 4579 Carlus,
3206 4517 3410 4568 contra
3426 4528 3560 4568 eum
3581 4528 3672 4568 ve-

2023 4605 2247 4660 nientes
2270 4603 2574 4673 confregit;
2603 4603 2735 4656 inde
2760 4602 2814 4655 in
2839 4601 3072 4655 Carlum
3096 4601 3413 4656 exercitum
3436 4600 3667 4656 direxit.

2021 4691 2378 4749 Hludavicus
2407 4708 2540 4746 vero
2572 4707 2749 4746 manu
2782 4688 2974 4744 valida
3001 4689 3271 4754 Francos,
3290 4687 3667 4755 Alamannes,

2023 4783 2297 4850 Saxones,
2333 4780 2690 4851 Thuringios
2723 4779 2833 4835 sibi
2865 4778 3176 4833 confirmat
3205 4792 3367 4848 pace.

2090 4881 2255 4935 Anno
2285 4880 2388 4934 843
2419 4883 2582 4933 atrox
2613 4876 2830 4932 bellum
2862 4875 3013 4931 inter
3042 4874 3458 4946 imperatorem
3480 4873 3668 4930 etfra-

2021 4974 2172 5037 tres;
2206 4967 2453 5040 eclypsis
2484 4967 2634 5021 lunae
2670 4965 2778 5019 fuit
2805 4965 2837 5018 3
2868 4962 2994 5019 Kal.
3027 4961 3208 5035 April.

2094 5067 2372 5140 Sequenti
2401 5081 2551 5121 anno
2579 5063 2920 5118 dividuntur
2951 5077 3129 5134 regna
3159 5061 3310 5116 inter
3357 5061 3565 5116 fratres
3615 5065 3672 5116 et

2024 5159 2466 5231 imperatorem;
2491 5153 2738 5209 moritur
2767 5150 3080 5224 Gregorius
3108 5150 3384 5222 pontifex,
3419 5150 3514 5206 cui
3547 5165 3674 5206 suo-

2025 5249 2201 5305 cessit
2225 5245 2481 5319 Sergius.
2514 5241 2699 5299 Mauri
2731 5242 3125 5297 Beneventum
3147 5243 3454 5312 occupant.

2092 5347 2258 5400 Anno
2286 5345 2392 5400 845
2421 5342 2727 5398 Hrabanus
2759 5337 3084 5395 monachus
3115 5338 3317 5395 laudes
3341 5335 3530 5393 crucis
3552 5353 3674 5393 car-

2025 5435 2184 5490 mine
2209 5433 2560 5504 composuit,
2592 5435 2649 5487 et
2678 5428 2876 5502 Sergio
2902 5427 3252 5484 transmisit.

2093 5534 2260 5587 Anno
2290 5531 2396 5586 847
2424 5529 2632 5599 Mauri,
2661 5543 2795 5584 cum
2837 5525 3041 5581 urbem
3092 5524 3287 5580 Romae
3340 5537 3672 5596 expugnare

2025 5637 2142 5678 non
2172 5623 2431 5693 possent,
2463 5616 2752 5690 templum
2783 5613 2970 5673 sancti
2993 5612 3145 5670 Petri
3165 5613 3558 5668 vastaverunt.

2095 5722 2261 5780 Anno
2289 5717 2397 5776 856
2427 5717 2495 5775 16
2525 5714 2762 5774 Kalend.
2792 5713 3070 5774 Novemb.
3094 5708 3337 5796 igniculi
3355 5709 3538 5770 instar
3557 5707 3675 5796 Ipi~
