3962 6368
357 344 510 411 1283
1629 340 1921 410 ΑΡΡΕΝῙ

2207 345 2350 412 ΕΟ.
2397 342 2475 407 Χ.
3604 346 3769 406 1284

353 481 620 538 culorum
651 479 1011 537 occidentem
1043 496 1246 537 versus
1277 497 1380 553 per
1399 497 1591 536 aerem
1613 482 1994 553 vagabantur,
2027 482 2080 547 Α
2113 479 2268 534 alma
2298 480 2577 550 adoperta
2606 478 2756 547 erat;
2789 478 3163 534 advenientes
3190 477 3476 550 templum
3513 494 3626 532 non
3668 477 3766 532 in-

353 587 533 643 quare
565 569 911 626 Hluthsrius
945 571 1260 642 imperator
1281 570 1480 626 omnia
1503 569 1861 641 relinquens,
1887 586 2004 624 mo-
2113 569 2388 623 troibant.
2451 567 2716 622 Pontifex
2773 567 3137 639 Thyrrenum
3196 566 3381 638 petiit,
3443 565 3767 638 quaeritans

351 658 1999 725 nachusefﬁciturinPrumiensimonasterio,et3Kalend.
2112 655 2534 711 Carlmannum
2567 656 2814 727 privare,
2850 656 2950 728 qui
2982 656 3237 728 paralysi
3285 657 3488 712 morbo
3519 671 3766 727 oppres-

354 747 619 803 Octobris
651 747 916 802 moritur.
950 748 1241 804 Primores
1265 749 1427 821 regni
1451 748 1844 815 Hultharium,
1868 747 2004 802 Hul-
2113 762 2214 800 sus
2249 749 2396 811 erat,
2421 760 2610 816 neque
2633 744 2876 800 verbum
2898 744 3057 816 loqui
3082 749 3326 817 poterat.
3351 775 3416 785 —
3444 745 3475 798 4
3497 743 3623 800 Kal.
3645 743 3767 799 No-

353 835 530 890 tharii
577 835 786 903 ﬁlium,
833 841 1125 891 annuente
1175 835 1510 904 Hludovico,
1545 851 1676 908 rege
1725 835 1997 903 Orientis,
2093 834 2322 902 .vemb.,
2358 833 2505 888 hora
2535 849 2691 888 noua
2719 833 2916 899 ofﬁcii,
2950 833 3200 906 eclypsis
3231 833 3438 889 solaris
3477 834 3761 900 maxima,

350 925 714 980 constituunt
743 924 853 980 sibi
887 925 1214 980 dominum.
2110 927 2176 977 ut
2205 921 2389 978 stellae
2421 926 2787 994 apparerent,
2820 926 2877 977 et
2906 922 3046 977 luna
3070 923 3208 979 Idus
3239 922 3505 978 Octobris
3544 921 3763 977 ultima

419 1015 740 1085 Imperator
771 1013 1120 1069 Hlutharius
1151 1013 1388 1086 reliquit
1414 1018 1530 1068 tres
1550 1014 1720 1080 ﬁlios,
1751 1013 2000 1068 [luludo-
2108 1010 2251 1065 hora
2281 1011 2488 1066 noctis.
2524 1011 2706 1066 Boum
2737 1010 3072 1082 pestilentia
3101 1011 3160 1065 in
3191 1010 3523 1078 Germania,
3574 1027 3759 1082 quam

345 1103 566 1168 vicum,
581 1101 1032 1156 Hludatharium
1050 1106 1105 1157 et
1122 1101 1376 1169 Carlum,
1398 1102 1498 1173 qui
1523 1119 1722 1174 pacem
1743 1101 1997 1156 inierunt
2107 1099 2618 1156 cladeshominum
2632 1105 2830 1156 secuta
2842 1099 3756 1173 est.Slavi,Dalmatze,Soavi(17),

345 1207 480 1245 cum
509 1189 674 1246 Carlo
693 1197 748 1245 et
765 1190 1122 1246 Huludovico
1141 1192 1365 1262 patruis
1381 1207 1533 1245 anno
1550 1192 1672 1246 867.
1699 1193 1820 1256 Quo
1843 1207 1996 1245 anno
2106 1188 2345 1244 Bohemi
2376 1189 2530 1244 idem
2564 1193 2719 1244 sunt.
2753 1189 3138 1266 Carlmannus
3170 1191 3230 1244 11
3253 1189 3379 1244 Kal.
3404 1188 3586 1261 April.
3608 1189 3761 1245 obiit

344 1278 670 1352 hybernum
697 1283 927 1351 tempus
946 1295 1240 1350 asperum,
1262 1284 1317 1334 et
1336 1279 1434 1334 nix
1455 1277 1905 1352 sanguinolenta
1923 1280 1996 1334 de
2105 1295 2256 1333 anno
2285 1279 2408 1332 881.

300 1382 312 1392 '
343 1366 483 1423 coelo
518 1367 752 1422 decidit.
2175 1367 2450 1438 Sequenti
2486 1384 2661 1434 anno,
2695 1368 2726 1421 4
2758 1367 2882 1422 Kal.
2905 1367 3173 1433 Januar.,
3209 1371 3344 1422 ante
3385 1365 3754 1440 gallicinium

415 1455 640 1523 Carlus,
675 1456 853 1511 frater
873 1456 985 1527 (16)
1002 1455 1370 1512 Hludatharii
1392 1456 1782 1528 imperatoris,
1804 1455 1990 1511 ﬁlium
2103 1455 2414 1526 Magoncize
2447 1459 2811 1510 terraemotus
2845 1471 3118 1526 magnus,
3139 1459 3196 1510 et
3217 1455 3286 1510 15
3306 1454 3429 1510 Kal.
3452 1455 3752 1528 Septemb.

338 1544 1031 1613 habuitCarlamannum;
1048 1545 1156 1601 hoc
1177 1545 1720 1618 temporeNicolaus
1734 1545 1992 1618 pontifex
2101 1542 2457 1598 Hludovicus
2470 1543 2737 1610 moritur,
2753 1544 2923 1613 cujus
2941 1560 3153 1615 corpus
3170 1543 3228 1598 in
3248 1544 3599 1600 monasterio
3613 1561 3752 1600 san-

337 1638 479 1689 erat.
2101 1632 2177 1686 cti
2207 1631 2430 1687 Nazarii
2449 1632 2620 1702 juxta
2650 1648 2860 1703 corpus
2894 1632 3080 1704 patris
3111 1631 3409 1704 sepelitur.

409 1722 814 1794 Ruodolphus,
838 1723 1231 1779 monachuset
1248 1723 1991 1795 poetahistoricus,inGer-
2167 1721 2549 1792 Arinulphus,
2582 1721 2915 1777 Carlmanni
2949 1721 3126 1789 ﬁlius,
3161 1737 3261 1777 rex
3287 1721 3346 1776 in
3398 1721 3754 1778 Alamannia

335 1812 533 1868 mania
559 1812 774 1878 floruit,
810 1815 867 1866 et
896 1813 1143 1866 moritur
1173 1814 1207 1866 8
1238 1813 1376 1867 Idus
1408 1812 1580 1866 Mart.
1614 1829 1766 1867 anno
1787 1814 1910 1866 866.
2017 1849 2064 1913 Β
2096 1814 2343 1877 creatur,
2377 1810 2555 1866 invito
2587 1827 2760 1882 parvo
2793 1811 2903 1881 (18)
2932 1809 3117 1866 Cario.
3150 1809 3351 1866 Carlus
3382 1827 3533 1869 anno
3554 1811 3681 1879 888,
3714 1812 3752 1867 3

405 1903 570 1955 Anno
601 1901 707 1954 870
736 1899 1090 1954 Hludavicus
1115 1917 1213 1955 rex
1230 1904 1488 1973 aegrotat,
1514 1905 1580 1954 ut
1601 1901 1671 1955 de
1693 1916 1759 1955 eo
1781 1901 1986 1972 despe-
2017 1899 2063 1913 "
2098 1899 2242 1954 Non.
2275 1900 2538 1954 Januarii
2573 1900 2840 1955 moritur.

336 1993 534 2044 rarent
564 1988 806 2054 medici;
842 1987 939 2058 qui
972 1989 1250 2054 sentiens,
1285 2005 1429 2060 pene
1459 1989 1658 2043 omnia
1701 1989 1851 2043 bona
1880 2007 1988 2044 sua
2165 1990 2330 2042 Anno
2356 1989 2461 2042 892
2494 1987 2710 2044 bellum
2745 1992 2906 2044 atrox
2937 1989 3090 2044 inter
3120 1987 3511 2060 Arinulphum
3545 2004 3746 2061 regem

335 2076 693 2149 pauperibus
725 2077 1047 2144 distribuit,
1082 2082 1139 2132 et
1174 2095 1235 2132 se
1266 2095 1300 2132 a
1331 2078 1447 2132 Deo
1469 2078 1659 2132 curari
1687 2077 1910 2132 maluit.
2096 2076 2483 2131 christianum
2510 2082 2566 2132 et
2581 2076 2986 2150 Sigiphridum
3013 2081 3068 2133 et
3089 2077 3549 2149 Godophridum,
3575 2093 3745 2150 reges

407 2166 607 2221 Carius
639 2166 817 2221 frater
849 2182 1090 2238 regnum
1127 2165 1492 2221 Hludatharii
1522 2166 1754 2232 invasit,
1794 2171 1850 2221 et
1872 2166 1982 2222 sibi
2092 2165 2590 2220 Nortmannorum
2623 2171 2680 2220 et
2707 2166 3001 2220 Danorum
3027 2183 3308 2240 paganos,
3333 2167 3473 2222 adeo
3491 2171 3555 2222 ut
3575 2167 3744 2222 caesis

334 2256 406 2310 ab
438 2255 708 2327 episcopo
740 2253 979 2310 Motensi
1012 2255 1342 2310 diademate
1370 2259 1546 2327 caput
1566 2255 1758 2310 ornari
1777 2256 1978 2326 jussit,
2092 2255 2328 2327 regibus
2359 2258 2415 2309 et
2447 2271 2591 2326 pene
2621 2258 2780 2310 totus
2812 2255 3100 2311 exercitus
3132 2255 3328 2321 fuerit,
3360 2258 3417 2310 et
3433 2272 3589 2311 unus
3609 2259 3744 2311 tan-

332 2349 390 2400 et
419 2361 482 2400 se
513 2347 843 2416 Augustum
866 2344 1056 2398 effecit
1101 2349 1336 2416 propter
1382 2343 1816 2416 aegrotationem
1867 2345 1980 2400 fra-
2089 2343 2396 2398 tummodo
2430 2341 2788 2398 Christianus
2823 2343 2997 2398 fuerit
3027 2345 3297 2400 inventus
3329 2344 3739 2416 interemptus.

330 2434 455 2489 tris.
2161 2431 2436 2502 Sequenti
2467 2449 2621 2488 anno
2653 2432 2781 2487 Itali
2811 2432 2882 2487 ad
2908 2449 3101 2505 regem
3126 2437 3396 2505 pergunt,
3425 2437 3490 2488 ut
3511 2433 3740 2489 Italiam

401 2527 568 2577 Anno
601 2520 868 2594 sequenti
901 2521 1274 2593 aegrotatione
1303 2521 1582 2578 liberatur
1625 2521 1979 2578 Hludavicus
2087 2520 2160 2575 de
2193 2521 2468 2575 manibus
2500 2525 2885 2592 tyrannorum
2926 2521 3238 2590 liberaret;
3281 2539 3379 2578 rex
3418 2521 3526 2578 hoc
3565 2521 3742 2596 polli-

331 2628 448 2668 rex.
2087 2613 2271 2664 cetur.

399 2702 564 2755 Anno
577 2701 682 2754 876
695 2699 1051 2754 Hludavicus
1065 2698 1334 2766 moritur,
1363 2699 1630 2771 sepultus
1653 2699 1976 2755 Mediolano
2070 2720 2073 2722 ·
2157 2699 2322 2754 Anno
2353 2699 2459 2753 894
2488 2699 2850 2772 Arinulphus
2875 2716 2974 2756 rex
2994 2700 3222 2756 Italiam
3242 2700 3399 2756 venit
3418 2717 3552 2756 cum
3571 2717 3738 2758 exer-

330 2789 388 2844 in
407 2794 610 2846 sancto
627 2787 954 2843 Ambrosio.
996 2787 1197 2843 Carius
1219 2788 1328 2842 hoc
1349 2787 1608 2843 sentiens
1631 2785 1857 2842 Italiam
1881 2804 1977 2860 pe-
2083 2787 2365 2854 citu,mox
2381 2791 2731 2860 Pergamum
2747 2788 3298 2862 expugnat,regulos
3317 2788 3375 2844 in
3392 2788 3734 2846 ﬁdelitatem

329 2877 444 2944 tiit,
478 2880 537 2931 et
566 2875 875 2931 thesauros
932 2874 1303 2946 imperatoris
1334 2874 1592 2930 sustulit.
2078 2877 2295 2946 junxit,
2330 2877 2465 2931 inde
2496 2877 2821 2932 revertitur.

397 2967 563 3019 Anno
585 2964 688 3018 878
712 2978 910 3017 mense
934 2962 1197 3018 Januarii
1225 2963 1639 3029 Lanthbertus,
1662 2964 1973 3021 Widhonis
2152 2968 2272 3020 Hoc
2302 2966 2478 3020 etiam
2513 2983 2665 3021 anno
2697 2966 2889 3021 Romae
2922 2967 3236 3022 Formosus
3266 2967 3526 3039 pontifex
3548 2969 3725 3024 mori-

329 3052 508 3119 ﬁlius,
541 3054 598 3106 et
625 3051 1034 3118 Adalberthus,
1060 3051 1341 3106 Bonifacii
1373 3051 1548 3121 ﬁlius,
1581 3052 1772 3107 valida
1794 3070 1970 3110 manu
2081 3053 3310 3126 tur,cuisuccessitStephanus.Graecicum
3324 3056 3728 3129 Hunispacem

329 3143 574 3197 Romam
604 3142 905 3206 venerunt,
937 3140 1224 3196 Joannem
1255 3140 1586 3212 pontiﬁcem
1622 3142 1868 3198 vinculis
1891 3161 1971 3200 re-
2011 3211 2040 3218 Α
2083 3144 2308 3198 ineunt.
2346 3144 2477 3211 Leo,
2513 3144 2828 3216 imperator
2857 3148 3212 3213 Grazcorum,
3249 3145 3548 3201 Lazarium
3570 3145 3729 3218 lega-

327 3231 630 3303 degerunt,
667 3227 950 3301 primores
973 3211 1433 3301 populiRomani
1460 3231 1665 3303 coegit,
1690 3235 1755 3286 ut
1777 3232 1967 3288 Carle-
2001 3211 2042 3278 C
2083 3238 2208 3288 tum
2241 3233 2312 3288 ad
2345 3211 2754 3305 imperatorem
2788 3233 2997 3288 Italum
3031 3211 3228 3289 mittit.

327 3335 706 3390 manuus-pro
730 3317 951 3372 (lassare
967 3317 1297 3386 haberetur;
1322 3335 1436 3390 quo
1469 3323 1698 3391 peracto
1721 3322 1973 3377 Joannes
2155 3327 2320 3378 Anno
2339 3323 2443 3376 898
2458 3321 2819 3394 Arinulphus
2843 3323 3111 3390 moritur,
3134 3323 3227 3378 cui
3245 3323 3528 3380 successit
3547 3321 3734 3379 Hulu-

326 3407 583 3478 pontifex
601 3406 1070 3463 thesaurosPetri
1093 3407 1442 3462 Lateranum
1460 3408 1972 3465 sustulitettrans-
2083 3411 2322 3466 davicus
2353 3410 2508 3466 ﬁlius
2540 3410 2839 3483 parvulus.

325 3495 478 3560 tulit,
511 3495 646 3551 inde
677 3494 962 3568 templum
993 3496 1144 3551 Petri
1178 3495 1414 3564 clausit;
1449 3498 1618 3568 cujus
1658 3515 1759 3554 ara
1807 3499 1971 3570 prius

395 3657 506 3732 (16)
532 3657 933 3732 ’ϐατιαις-[ναιον
960 3657 1171 3732 Chesn.
1197 3658 1332 3732 Quae
1366 3656 1474 3732 hoc
1492 3675 1643 3713 anno
1666 3659 1737 3713 de
1767 3676 1907 3731 pace
1939 3677 1973 3715 a
2082 3659 2530 3732 sanguinolenta
2558 3660 2786 3732 cecidit,
2816 3661 2959 3716 satis
2993 3660 3231 3716 indicat.

323 3726 464 3804 ﬁliis
482 3726 762 3804 Hlotharii
788 3746 925 3804 cum
951 3730 1174 3804 patruis
1196 3729 1341 3783 inita
1364 3729 1715 3804 referuntur,
1741 3726 1806 3784 ex
1829 3748 1965 3785 ann.
2152 3726 2262 3804 (1”7)
2297 3731 2630 3804 Legendum
2652 3726 2875 3788 ’δοναὸῄ

324 3733 462 3782 ﬁliis
482 3733 762 3784 Hlotharii
788 3746 921 3783 cum
951 3733 1174 3800 patruis
1196 3733 1341 3783 inita
1364 3733 1715 3798 referuntur,
1741 3748 1806 3784 ex
1829 3748 1965 3785 ann.
2181 3734 2262 3801 17)
2297 3733 2630 3804 Legendum
2661 3734 2673 3785 ἐ

324 3799 711 3854 Fuldensibus
745 3817 796 3854 a.
833 3802 935 3853 868
966 3800 1222 3854 derivata
1251 3817 1400 3867 esse,
1435 3801 1535 3854 nix
1567 3817 1694 3872 quae
1727 3819 1792 3857 eo
1816 3803 1968 3857 anno
2150 3733 2264 3872 (18)
2298 3803 2340 3857 Ι.
2375 3820 2425 3871 e,
2457 3807 2673 3874 patruo.

661 4051 1669 4178 APPENDIX
1781 4055 2049 4177 AI)
2165 4051 3149 4183 S/ECULUM
3265 4053 3399 4177 X

1684 4366 1754 4403 AN
1763 4365 1834 4405 ΝΟ
1865 4365 2071 4406 ΒΟΜΙΝΙ
2103 4365 2371 4406 DCCCCXVI

816 4478 1611 4596 PANEGYBICUS
1677 4481 2384 4597 BERENGARII
2453 4468 3231 4596 lMPEltATORIS

1445 4679 1999 4767 AUCTORE
2043 4680 2608 4768 ΛΝΟΝΥΜΟ

853 4846 867 4916 (
877 4845 1068 4901 Edidit
1099 4845 1277 4901 Psa'rz
1308 4848 1652 4902 Monumenta
1685 4848 1997 4903 Germaniae
2028 4847 2312 4912 historica,
2346 4847 2553 4919 Script.
2588 4851 2730 4903 tom.
2765 4849 2859 4917 IV,
2893 4865 3026 4921 pag.
3054 4848 3202 4919 189.)

1813 4258 2177 4270 ᾐ-

1821 4979 2179 4991 —————

1441 5077 2109 5171 ADMONITIO
2175 5079 2627 5171 ΡΒιΕνιΑ

393 5219 829 5295 Berengariusl
861 5217 1653 5295 re§_et_i_rnperato_r,_genere
1679 5223 1954 5295 Francus,
1999 5222 2232 5278 natione
2284 5221 2722 5295 Langobardus,
2775 5226 3024 5282 fortasse
3068 5244 3101 5282 a
3146 5225 3354 5282 comite
3401 5223 3734 5291 Unruocho,

367 5307 500 5366 nem
531 5288 701 5366 annis
731 5291 855 5357 802,
889 5291 1013 5366 806,
1045 5288 1365 5366 81_1’Carol_i
1415 5288 1609 5366 Magni
1659 5293 1890 5366 negotia
1937 5299 2233 5366 gerentem
2282 5288 2679 5366 conspicimus
2709 5288 2828 5366 ’(1),
2878 5298 3200 5353 descendit.
3253 5299 3480 5353 Patrem
3532 5288 3740 5366 habuit

371 5360 722 5439 berhardum
754 5360 1047 5439 comitem,
1067 5360 1762 5439 _ducem_‘Forojulianp_ni
1791 5365 1868 5437 (2)
1885 5383 1909 5439 ;_
1925 5360 2023 5439 cui
2041 5365 2233 5439 _Gisla,
2268 5364 2389 5439 ﬁlia
2421 5360 2692 5439 Ludoyici
2729 5360 2824 5422 Pi'i'
2843 5375 2901 5423 et
2931 5369 3181 5423 Judithae
3205 5367 3303 5439 (3),
3331 5365 3734 5439 Unruocbum,

326 5377 722 5441 hibernantem
754 5377 1047 5425 comitem,
1082 5377 1286 5414 ducem
1325 5377 1759 5486 r'orOjuuanum
1791 5377 1898 5437 (2);
1931 5382 2023 5420 θυι
2056 5377 2233 5431 Uisla,
2268 5377 2389 5419 tilla
2421 5377 2692 5421 LUGOVICI
2731 5377 2810 5422 Pii
2843 5377 2901 5423 et
2931 5377 3181 5423 Judithaa
3205 5377 3303 5439 (3),
3334 5377 3734 5437 Unruocbum,

326 5434 758 5504 llerengarium,
793 5430 1190 5486 Adalhardum
1213 5437 1269 5486 et
1299 5431 1464 5486 Rodu
1491 5432 1614 5488 fum
1647 5433 1819 5506 ﬁlios,
1854 5437 2007 5493 ﬁlias
2039 5435 2460 5509 Ingeltrudam,
2490 5437 2796 5492 Juditham
2827 5444 2884 5494 et
2911 5439 3260 5513 Heilwigam
3277 5438 3520 5512 peperit.
3540 5438 3736 5496 Testa.

395 5547 891 5625 (1)__Mon_.AGerm.
923 5548 1094 5625 Legg.
1125 5547 1292 5625 1,90,
1325 5548 1457 5620 137;
1510 5549 1785 5608 Einhardi
1837 5552 1971 5611 Vita
2153 5553 2228 5625 (2)
2262 5551 2502 5625 Regino,
2536 5554 2742 5625 a.___888.

395 5554 471 5618 (1)
505 5554 660 5604 Mon.
696 5554 891 5603 Germ.
925 5554 1094 5622 Legg.
1127 5554 1168 5614 Ι,
1200 5554 1292 5620 UO,
1325 5554 1457 5620 137;
1510 5554 1785 5608 Einhardi
1837 5554 1971 5611 Vita
2174 5554 2228 5623 2)
2262 5554 2502 5625 Regino,
2536 5568 2588 5607 a.
2621 5554 2742 5609 888.

322 5618 508 5680 Caroli
539 5637 588 5681 ο.
621 5620 720 5695 33;
757 5620 1010 5678 Annales
1041 5637 1092 5678 a.
1125 5619 1249 5679 811.
2153 5554 2234 5702 (3)
2262 5621 2543 5698 Agnellus
2573 5622 2718 5683 Vitae
2750 5641 2866 5701 pon
2915 5628 2974 5689 θ’.
3001 5627 3303 5702 Ravenat.;
3330 5624 3391 5685 in
3411 5623 3546 5684 Vita
3566 5623 3742 5692 Geor-
