3962 6376
361 348 512 412 128⁸1

560 478 813 530 ΑΡΚΕΤΑΙ
846 477 922 526 ΤΟ
955 473 1376 525 ΠΑΝΗΓΥΡῙΚΟΝ
1409 471 1805 519 ΒΕΡΕΝΓΑΡῙΟΥ

791 577 904 624 ΤΟΥ
938 573 1239 622 ΛΝΙΚΗΤΟΥ
1273 568 1568 617 KAICAPOC

570 692 785 751 Graecia
813 687 1075 762 quaesitis
1106 685 1316 743 cecinit
1341 683 1394 740 si
1425 697 1606 754 regna
1632 675 1900 751 loquelis.

501 784 760 842 Moribus
788 777 1046 835 insulsos
1078 779 1135 831 et
1167 773 1447 846 religione
1475 775 1753 842 tyrannos

502 873 753 931 Tolleret
780 872 845 924 ut
873 866 1162 939 quosdam
1190 860 1484 918 immerito
1515 874 1691 931 super
1722 859 1881 912 astra

1630 943 1931 1012 [beandos,

501 1053 656 1117 Quos
686 1046 963 1105 Lachesis
988 1044 1157 1115 nigro
1189 1039 1374 1097 satius
1410 1035 1708 1095 damnavit
1735 1036 1956 1089 Averno
1987 1048 2001 1098 ;

428 1162 465 1216 5
503 1159 688 1214 Roma
709 1170 847 1210 suos
875 1151 1034 1206 vario
1060 1148 1213 1204 vexit
1241 1147 1289 1202 si
1320 1143 1560 1218 ﬁgmine
1590 1143 1722 1214 post
1751 1139 1871 1194 haec

502 1246 798 1318 Augustos
828 1242 898 1296 ad
932 1243 1082 1294 tecta
1111 1235 1227 1309 poli
1258 1233 1502 1300 radiata,
1536 1229 1776 1303 perenni

501 1316 744 1389 Vibiratu
775 1327 954 1385 simul
984 1327 1094 1382 hos
1131 1323 1325 1396 Stygio
1377 1321 1648 1378 sorbente
1686 1316 2001 1373 barathro:

504 1422 980 1492 Induperatorem
1013 1413 1207 1486 pigeat
1233 1410 1475 1466 laudare
1507 1408 1789 1463 nitentem

500 1505 874 1567 Christicolas
906 1502 1046 1576 quid
1077 1502 1258 1567 enim,
1289 1497 1500 1554 ccnlum
1536 1493 1934 1552 reserantibus

1571 1583 1766 1653 [undis
1798 1582 1930 1653 (15).

397 1692 463 1747 10
500 1689 782 1758 Quodque
825 1682 1009 1755 replet
1057 1677 1290 1736 Domini
1338 1676 1631 1731 mundum
1685 1669 2003 1744 spiramine

1611 1758 1866 1798 mnium?

1611 1761 1820 1834 [totum
1838 1761 1858 1813 ‘2

503 1867 650 1938 Ergo
680 1859 1095 1932 Be‘rengarium
1126 1855 1323 1929 genesi
1372 1830 1655 1922 factisque
1693 1847 2008 1920 legendum
2037 1830 2084 1896 Β

504 1954 633 2010 Rite
663 1965 892 2015 canam,
921 1948 1150 2002 frenare
1182 1942 1341 2000 dedit
1371 1941 1465 1996 cui
1505 1939 1661 1995 celsa
1681 1940 1938 2010 potestas

504 2041 685 2098 Italia:
715 2036 962 2112 populos
991 2034 1142 2090 bello
1171 2032 1458 2105 glebaque
1487 2027 1790 2100 superbos.

504 2131 694 2201 Stirpe
716 2111 1011 2182 recensita
1040 2120 1291 2195 generis,
1321 2135 1436 2190 quo
1481 2119 1788 2172 stemmate
1832 2111 2009 2185 pollet

402 2224 469 2278 15
503 2219 660 2275 Scire
705 2218 906 2282 vacat;
955 2228 1090 2267 nam
1148 2212 1360 2265 cuncta
1417 2204 1621 2277 nequit
1676 2217 1806 2258 mea
1861 2202 2008 2257 ferre

635 2313 638 2322 '
1653 2289 1897 2364 [Thalia.

504 2395 921 2467 Francigenam
955 2391 1136 2446 fateor
1181 2385 1460 2443 Karolum
1502 2381 1858 2456 praenomine
1889 2379 2006 2434 Ma-

1671 2472 1898 2543 [gnum,

504 2579 683 2642 Quem
715 2571 892 2630 tellus
919 2569 1010 2625 axi
1035 2566 1274 2624 tremuit
1304 2564 1569 2636 subjecta
1597 2557 1829 2633 rigenti,

506 2669 809 2735 Quamque
840 2664 1043 2733 petens
1088 2655 1481 2728 linquensque
1525 2650 1637 2705 luit
1666 2645 1763 2704 Sol
1797 2663 2010 2702 aureus

1561 2737 1774 2810 [undas
1803 2737 1937 2807 (16),

508 2845 573 2899 Et
602 2856 781 2914 quam
812 2840 995 2893 torret
1022 2833 1188 2906 equis
1219 2831 1433 2887 totiens
1468 2828 1730 2883 invectus
1759 2823 2009 2890 anhelis,

401 2954 474 3008 20
510 2949 713 3006 Prodit
743 2945 866 3001 avis
899 2941 1203 3011 atavisque
1233 2938 1332 2993 illo
1391 2937 1462 2991 de
1510 2933 1796 3006 sanguine
1825 2936 2012 2988 rector

509 3035 818 3102 Ausoniis;
850 3030 1043 3088 Karoli
1075 3029 1176 3084 sed
1208 3026 1362 3083 enim
1395 3025 1650 3080 nutritus
1681 3021 1903 3079 alumni

511 3126 640 3183 Rite
661 3123 772 3180 sub
803 3118 1069 3193 imperio,
1104 3115 1281 3172 simili
1314 3113 1415 3186 qui
1447 3111 1681 3169 nomine
1713 3112 1954 3167 Romam

508 3216 846 3271 Postremus
859 3207 1093 3264 Francis
1107 3221 1244 3278 regn
1252 3203 1401 3259 ando
1421 3201 1606 3274 coegit
1618 3199 1861 3255 habenis
1874 3200 2006 3271 (17).
2041 3200 2083 3267 C

510 3303 612 3361 Ille
640 3301 830 3359 virum
861 3312 1105 3354 cernens
1134 3293 1270 3350 belli
1303 3292 1412 3348 sub
1441 3290 1696 3362 imagine
1721 3287 1920 3344 laetum

399 3397 472 3452 25
507 3395 580 3451 Et
608 3391 832 3448 ratione
859 3386 1021 3459 pium
1060 3382 1343 3456 regnique
1373 3379 1642 3437 beamine
1673 3378 1937 3450 dignum,

506 3479 734 3556 Egregii
768 3478 953 3533 ﬁdum
983 3473 1182 3531 lateris
1213 3470 1430 3543 delegit
1459 3467 1735 3533 amicum,

510 3555 786 3632 Fascibus
815 3564 1162 3636 imperiique
1189 3565 1391 3634 aptum
1423 3558 1472 3614 si
1490 3556 1642 3614 bella
1676 3555 2013 3612 ministrum

509 3662 676 3717 Forte
709 3659 909 3713 ruunt.
939 3652 1120 3709 Italus
1153 3650 1445 3724 princeps,
1478 3645 1766 3702 exercitus
1809 3643 2011 3712 armis,

508 3749 809 3804 Przsduros
840 3742 1042 3799 Martis
1072 3738 1280 3796 didicit
1309 3736 1393 3792 sic
1422 3736 1571 3792 ferre
1593 3734 1842 3790 labores.

401 3859 471 3913 30
508 3856 761 3911 Venerat
809 3866 940 3906 ecce
998 3847 1123 3903 dies
1154 3846 1291 3916 (l7‘)
1339 3843 1515 3916 primi
1578 3857 1712 3897 cum
1765 3840 1885 3895 fata
1913 3855 2014 3912 pa-

1739 3929 1945 4000 [rentia

512 4033 779 4088 Posceret
810 4033 936 4084 atra
980 4026 1110 4081 lues
1158 4039 1377 4095 regem,
1410 4025 1682 4091 totosque
1711 4035 1814 4091 per
1854 4021 2016 4074 artus

510 4121 710 4177 Febris
739 4119 826 4174 iit.
879 4115 1133 4172 Moriens
1164 4111 1384 4184 primos
1432 4106 1743 4180 compellat
1773 4106 2013 4162 amicos.

509 4209 727 4266 Ultima
754 4203 1069 4277 Brengar'io
1102 4201 1362 4257 referunt
1392 4197 1609 4253 dixisse
1637 4196 1965 4268 propinquo
1997 4211 2010 4250 :

511 4297 745 4354 Subdere
775 4293 922 4350 colla
951 4293 1050 4347 tibi
1073 4291 1269 4345 merito
1296 4287 1510 4343 deberet
1538 4286 1680 4341 Eous

400 4390 474 4444 35
509 4389 576 4442 Et
604 4386 729 4440 licet
755 4381 1004 4439 occiduas
1024 4385 1196 4434 cernit
1224 4391 1354 4448 quos
1378 4391 1588 4430 mersus
1616 4377 1678 4429 in
1705 4374 1882 4430 undas

511 4474 764 4541 Phoebus,
796 4479 1021 4540 uterque
1041 4470 1209 4524 etiam
1234 4464 1428 4521 mundi
1454 4480 1588 4537 quos
1608 4465 1836 4536 despicit
1856 4465 2018 4532 axis;

510 4566 764 4621 Attamen
791 4561 1065 4631 Hesperiae
1091 4571 1336 4630 proceres
1361 4572 1460 4627 pro
1490 4554 1702 4610 viribus
1731 4554 1927 4610 ardent
2035 4569 2081 4633 D

513 4655 635 4712 Rite
659 4652 874 4707 subesse
903 4649 1024 4714 tibi,
1057 4653 1204 4704 tanto
1235 4647 1367 4718 quia
1395 4646 1563 4714 digna
1594 4645 1776 4699 labore

516 4745 727 4801 Cuncta
756 4740 921 4809 geris.
956 4743 1126 4794 Penes
1158 4736 1377 4808 imperii
1406 4743 1454 4790 te
1482 4734 1663 4803 gloria
1691 4733 1887 4788 nostri.

410 4835 479 4889 40
514 4833 685 4903 Atque
713 4831 821 4886 tuis
843 4827 1006 4885 stabit
1036 4829 1274 4882 Romana
1292 4825 1541 4896 potentia
1569 4822 1705 4894 fatis
1727 4826 1744 4874 ,ν

515 4921 647 4975 Haac
678 4918 824 4986 fans,
855 4915 1120 4972 aetherias
1152 4915 1360 4970 ductor
1404 4910 1698 4966 concessit
1730 4909 1787 4962 in
1820 4923 2018 4978 auras,

491 5013 958 5080 Supremumque
971 5021 1210 5077 gemens
1224 5013 1537 5072 regnorum
1556 4995 2019 5067 liquithabenas.

520 5097 620 5153 Ille
651 5094 886 5168 quidem
918 5093 1001 5149 sic
1033 5098 1189 5148 astra
1219 5087 1380 5145 subit
1407 5103 1420 5153 ;
1455 5084 1790 5140 miseranda
1810 5083 2022 5155 cupido

521 5185 630 5240 Sed
663 5183 906 5256 populos
939 5177 1231 5254 persuasit
1256 5191 1456 5248 agens,
1486 5173 1586 5245 qui
1618 5172 1805 5229 limite
1835 5172 1954 5227 lato

478 5419 567 5488 l5)
597 5415 733 5488 Scil.
767 5411 1130 5488 baptismatis.
1165 5438 1233 5488 -‘-_
1263 5407 1390 5464 odis
1421 5405 1542 5463 edd.

481 5478 569 5558 16)
599 5487 734 5544 Ruit
754 5478 899 5558 sua,
932 5480 1106 5538 undis
1133 5478 1251 5536 edd.

470 5556 572 5629 H7)
604 5557 792 5615 Caroli
824 5556 919 5612 ΙΙΙ.

483 5573 572 5629 «17)
604 5573 792 5615 uarou
825 5573 919 5612 ιιι.

458 5573 600 5708 117³)
628 5635 734 5690 An.
769 5629 894 5698 888,
927 5626 1052 5685 Jan.
1093 5622 1180 5682 13.

1630 328 1970 397 APPEND.
2016 324 2120 389 AD
2171 322 2358 388 ΒΕΘ.
2405 325 2480 387 Χ.

2030 463 2083 528 Α
2149 461 2219 516 45
2258 459 2443 515 Unius
2472 457 2716 531 imperio
2747 455 2904 513 soliti
2936 469 3302 522 concurrere,
3331 453 3532 526 plures

3607 315 3774 381 ΗΘΒ

2253 546 2327 602 Ut
2357 546 2642 602 mirentur
2669 545 2885 602 abhinc
2913 544 3146 600 diversa
3174 558 3278 615 per
3299 555 3435 598 arva
3458 545 3769 612 tyrannos,

2252 636 2320 690 Et
2352 634 2465 690 sibi
2497 650 2744 707 quaeque
2772 633 2928 706 legat
2957 631 3264 705 proprium
3293 636 3458 704 gens,
3486 627 3775 685 omnibus

3503 716 3688 791 [idem

2253 815 2402 870 Dum
2423 815 2707 885 perstaret
2725 827 2910 868 amor.
2930 811 3180 882 Raperet
3208 825 3282 864 ne
3297 805 3512 881 gaudia
3521 805 3770 863 Rhenus

2253 907 2371 958 Aut
2397 902 2594 958 Araris
2623 905 2883 972 spectata
2911 898 3446 971 diu,glomerantur
3475 895 3536 950 in
3566 910 3768 950 unum

2150 993 2227 1047 50
2263 990 2504 1048 Ausonii
2535 1006 2828 1063 proceres,
2858 1005 2923 1044 ac
2956 988 3094 1044 talia
3122 985 3331 1043 nuntia
3359 985 3479 1058 regi

2255 1081 2343 1136 Ire
2367 1081 2581 1152 jubent
2605 1097 2617 1135 :
2651 1080 2777 1136 Haec
2805 1082 2954 1134 terra
2981 1079 3116 1132 satis
3145 1081 3418 1148 terraeque
3440 1073 3622 1130 coloni

2252 1171 2615 1241 Fluminaque
2641 1170 2895 1238 antiquos
2921 1165 3354 1222 subterlabentia
3380 1178 3566 1218 muros

2253 1259 2388 1314 Nota
2418 1258 2538 1313 tibi.
2565 1259 2672 1313 Nec
2696 1261 2747 1312 te
2775 1264 2982 1312 revocet
3011 1258 3134 1327 fera
3163 1253 3363 1318 Gallia,
3393 1253 3558 1322 dig-no

2151 1349 2223 1404 55
2253 1347 2399 1416 Quin
2423 1347 2636 1418 potiare
2663 1345 2793 1412 solo,
2827 1352 2959 1400 trux
2988 1350 3084 1399 aut
3111 1343 3424 1410 Germania,
3457 1339 3674 1412 quando

2252 1436 2585 1508 Sceptrigeri
2614 1435 2712 1490 hoc
2734 1435 2914 1505 potius
2963 1431 3169 1488 dudum
3198 1433 3414 1488 coluere
3435 1429 3768 1502 prbpinqui,

2255 1527 2319 1580 Et
2347 1525 2562 1595 genitor
2589 1524 2800 1578 cunctis
2828 1521 3030 1578 dilexit
3053 1523 3237 1577 carius
3267 1521 3436 1576 arvis.

2255 1613 2357 1669 His
2388 1617 2602 1679 motus,
2627 1627 2896 1684 gressum
2927 1610 3203 1682 precibus
3235 1605 3537 1664 contendit
3563 1605 3636 1661 ad
3666 1620 3772 1660 ur-

3535 1695 3692 1767 [bam

2257 1792 2545 1865 Irriguam
2579 1791 2798 1847 cursim
2834 1788 3020 1846 Ticini
3047 1785 3401 1844 abeuntibus
3431 1783 3628 1841 und’is.

2255 1881 2505 1937 Sustulit
2534 1880 2628 1936 hic
2659 1884 2970 1952 postquam
2998 1875 3187 1950 regale
3208 1875 3439 1947 insigne
3459 1887 3768 1940 coronam,

2146 1990 2216 2043 60
2255 1988 2379 2044 Non
2407 1986 2552 2042 alias
2582 1987 2796 2058 raptim
2829 1983 3080 2057 cupidus
3109 1983 3420 2056 pervadere
3445 1983 3656 2044 terras,

2255 2078 2416 2142 Quod
2452 2075 2668 2132 multos
2691 2077 2978 2147 juvenum
3011 2071 3166 2128 letho
3219 2065 3487 2127 dimersit
3525 2067 3762 2134 acerbo,

2272 2166 2494 2222 Laetitia
2523 2168 2821 2233 resonant,
2854 2162 3065 2236 plausu
3097 2165 3154 2218 et
3182 2160 3307 2216 fora
3343 2161 3555 2216 cuncta
3581 2155 3776 2213 resul-

3489 2249 3656 2313 [tant,

2257 2342 2502 2416 Templa
2533 2345 2762 2398 sacrata
2791 2340 2980 2396 virum
3010 2337 3305 2412 trepidant
3334 2338 3710 2407 matrumque

3379 2423 3655 2497 [chereis,

2255 2540 2432 2613 Orgia
2461 2543 2517 2596 et
2544 2538 2804 2611 innuptae
2832 2535 3186 2593 concinnant
3216 2534 3376 2590 clara
3403 2529 3634 2606 puella,

2149 2633 2221 2688 65
2254 2630 2519 2702 Dantque
2551 2628 2758 2684 choros
2806 2624 3014 2682 molles
3044 2642 3058 2693 ;
3089 2627 3148 2679 et
3192 2627 3473 2696 tympana
3525 2616 3773 2761 dlextera

3449 2710 3551 2761 [nu
3581 2710 3692 2761 sat.

3449 2710 3692 2781 [pulsat,

2264 2813 2449 2880 Atque
2479 2804 2615 2878 lyrae
2645 2803 2889 2877 graciles
2911 2805 3147 2858 extenso
3180 2797 3387 2872 pollice
3418 2797 3668 2854 chordas

2262 2894 2920 2966 Percurrit,septemque
2951 2890 3157 2946 modos
3187 2885 3526 2944 modulatur
3545 2883 3771 2942 avenis.

2262 2986 2419 3041 Rura
2448 2981 2647 3039 colunt
2669 2980 2798 3049 alii,
2827 2979 3058 3036 sulcant
3095 2976 3295 3050 gravia
3346 2991 3485 3031 arva
3505 2971 3768 3046 juvenci.

2258 3073 2522 3129 Tondent
2551 3073 2718 3144 prata
2747 3084 2974 3142 greges,
3007 3067 3379 3139 pendentque
3407 3062 3468 3118 in
3498 3075 3644 3134 rupe
3675 3075 3774 3116 ca-

2489 3163 2492 3166 Α
3451 3149 3661 3207 lnellm.

2489 3163 2492 3166 “
3505 3161 3508 3164 ‘
3547 3149 3567 3204 l
3647 3191 3661 3204 .

2153 3254 2226 3308 70
2264 3250 2550 3307 Omnibus
2573 3265 2691 3304 una
2722 3245 2909 3320 quies,
2941 3248 2997 3300 et
3027 3261 3138 3317 pax
3169 3245 3293 3298 erat
3331 3149 3775 3297 emilirbeulaauna.

2263 3340 2388 3396 Non
2421 3339 2532 3411 (18)
2564 3352 2736 3393 secus
2766 3351 2831 3391 ac
2861 3333 3038 3407 longa
3083 3335 3390 3388 ventorum
3441 3343 3582 3402 pace
3613 3325 3776 3384 solu-

3569 3424 3704 3472 tum

3569 3424 3704 3472 iam

2264 3522 2502 3589 IEquor,
2537 3519 2593 3571 et
2622 3511 2841 3570 imbelli
2876 3511 3158 3567 recubant
3186 3508 3287 3565 ubi
3307 3507 3505 3564 littora
3535 3418 3779 3571 s[umno,

2264 3605 2673 3676 Silvarumque
2703 3619 2900 3659 comas
2930 3605 2989 3656 et
3018 3599 3223 3656 abacto
3254 3597 3491 3654 ﬂamine
3516 3595 3704 3652 nubes

2264 3694 2478 3750 Mulcet
2509 3694 2664 3748 iners
2695 3694 2865 3748 aestas
2891 3706 2904 3746 :
2935 3693 3076 3745 tunc
3125 3691 3334 3759 stagna
3373 3683 3657 3758 lacusque
3687 3698 3777 3739 so-

3554 3771 3704 3841 [neri

2157 3895 2231 3948 75
2271 3895 2640 3958 Detumuere,
2671 3889 2866 3944 tacent
2894 3885 3161 3943 exhausti
3193 3883 3417 3940 solibus
3448 3896 3674 3938 amnes.

2261 3979 2485 4037 Invidia
2513 3976 2802 4043 tumidus,
2834 3992 2938 4030 nec
2971 3991 3181 4046 passus
3209 3973 3370 4039 talia,
3402 3968 3577 4026 Wido

2268 4068 2539 4133 Perfurit,
2573 4084 2639 4122 ac
2671 4065 2888 4121 nimios
2920 4063 3220 4134 profundit
3249 4065 3478 4134 pectore
3509 4061 3775 4131 questus:

2269 4159 2411 4224 Otia,
2440 4173 2555 4228 quae
2587 4156 2804 4210 Latium
2825 4154 3062 4224 foveant,
3091 4153 3242 4224 piget
3272 4165 3442 4222 usque
3469 4149 3639 4221 fateri
3664 4151 3682 4201 !

2268 4249 2404 4303 Nam
2440 4245 2589 4301 video
2618 4245 2812 4313 ﬂorere
2841 4244 2988 4298 viros
3018 4241 3282 4312 rebusque
3311 4239 3536 4311 supinos

2159 4356 2229 4410 8O
2268 4352 2591 4418 Fertilibus,
2620 4351 2859 4421 solioque
2889 4348 3078 4404 ducem
3105 4345 3384 4402 considere
3413 4346 3574 4410 celso,

2268 4444 2437 4512 Quem
2467 4442 2642 4510 legere
2668 4439 2794 4495 sibi.
2824 4439 3024 4494 Montes
3053 4452 3315 4508 superare
3337 4432 3649 4507 profundos

2274 4533 2357 4588 Vis
2384 4534 2524 4602 foret
2549 4529 2668 4584 ulla
2695 4527 2840 4583 mihi
2863 4533 2880 4581 !
2910 4528 3116 4582 Forsan
3143 4526 3486 4597 perfringere
3525 4521 3707 4595 fcedus

2267 4623 2331 4676 Et
2356 4620 2545 4690 faciles
2563 4619 2830 4690 juvenum
2859 4632 3071 4687 possem
3098 4615 3404 4670 subvertere
3432 4613 3639 4667 mentes

2271 4710 2616 4780 Praecipuum
2647 4705 2924 4778 Tyrrhena
2953 4705 3135 4760 colunt
3165 4705 3258 4776 qui
3286 4715 3425 4758 rura
3449 4692 3470 4757 ἐ
3506 4693 3750 4758 Veientes

2163 4819 2233 4872 85
2271 4815 2548 4871 Subicient
2570 4813 2711 4869 mihi
2737 4813 2901 4879 colla,
2934 4811 3260 4868 reor.Minus
3291 4809 3451 4882 aptus
3474 4809 3534 4863 in
3565 4804 3746 4862 armis
3765 4807 3790 4858 '.’

2274 4903 2415 4973 Quid
2435 4907 2460 4957 ι’
2489 4904 2676 4959 Potuit
2705 4903 2840 4956 Pari
2868 4902 3119 4971 egregius
3149 4900 3369 4955 turbare
3396 4897 3672 4969 Mycenas.

2274 4994 2470 5048 Excire
2497 5000 2660 5062 atque
2689 4989 2929 5063 nefanda
2955 4993 3102 5061 feros
3131 4990 3190 5043 in-
3216 4988 3415 5059 praelta
3438 4983 3694 5063 Atridasr

2278 5081 2422 5151 Quid
2452 5061 2616 5153 refert
2647 5061 2780 5152 (l9),
2831 5086 3065 5150 quantus
3118 5076 3294 5133 sedeat
3349 5074 3612 5146 Rodutfus
3671 5061 3790 5143 (ΞΘ)

3446 5163 3529 5235 [in
3556 5161 3715 5227 aula,

2211 5405 2323 5471 (18)
2350 5403 2420 5458 V.
2449 5403 2621 5458 71-75
2650 5419 2718 5459 ex
2749 5401 2913 5457 Statii
2933 5399 3183 5457 Thebaid.
3217 5401 3308 5467 ΙΙΙ,
3341 5415 3396 5455 v.
3427 5397 3534 5453 253
3564 5411 3696 5470 sqq.

2213 5472 2325 5548 (19)
2357 5474 2621 5548 Referam
2649 5472 2769 5548 edd,

2214 5541 2326 5621 (20)
2360 5546 2478 5603 Rex
2507 5541 2852 5618 Burgundits
2882 5543 3311 5615 Transjuranaa.
