3962 6414
133 402 289 517 less
434 528 440 533 ε
996 442 1357 509 ANONYMI
1401 444 1796 518 PANEGYB.
1842 444 2178 517 annuus.
2224 447 2388 516 1MP.
2432 449 2582 512 LIB.
2629 451 2678 512 1.
3380 453 3553 516 1299'

270 575 361 645 4n
401 576 841 647 qualisrefenam
858 580 1085 637 Francis
1112 580 1423 637 dominetur
1452 582 1510 635 in
1529 583 1677 636 arcis
1810 588 1879 656 Α·
2039 584 2338 643 Ausoniam
2364 584 2546 655 subeo,
2578 585 2741 641 liceat
2767 583 2983 655 defert?
3011 590 3269 655 tyranno,

160 663 245 721 9οί
272 660 439 731 addo,
472 667 581 723 mei
598 667 811 721 similes
828 667 1033 723 dudum
1052 670 1273 740 notique
1291 669 1498 733 sodales
1519 672 1545 722 ?
1932 742 1935 745 ἢ
2031 672 2203 742 Atque
2230 689 2341 729 una
2371 674 2517 729 caris
2531 673 2717 747 ueniat
2740 671 3052 743 fundendus
3078 673 3142 729 in
3168 673 3361 743 agnis!

267 752 424 823 Solus
452 754 764 824 egon‘donis
783 757 964 812 cwclis
981 758 1242 829 privabor
1262 759 1437 829 opimi
2034 759 2174 823 Quis
2205 759 2479 832 placuere
2506 760 2680 828 vices,
2705 778 2771 819 ac
2801 760 2971 819 dulce
2998 776 3234 819 movere
3248 763 3534 833 potentes,

265 843 331 897 Et
350 843 504 899 taciti
529 848 733 909 metam
759 845 908 901 solus
928 844 1183 901 devolvor
1202 846 1271 901 ad
1298 848 1411 903 sevi
1428 850 1453 898 ?
2029 846 2187 903 Colla
2206 848 2354 919 jugo
2378 865 2624 919 posuere
2642 848 2826 917 truci;
2859 849 3011 907 male
3033 849 3163 907 ﬁda
3190 848 3431 906 recessit

264 931 588 998 Non,donec
613 949 785 1004 pum:
799 935 1021 995 animus
1041 934 1353 1004 depascitur
1372 950 1559 1003 auras,
1887 935 1993 989 145
2030 935 2140 997 Sed
2179 936 2412 1007 penitus
2443 937 2744 1009 Tyrrhena
2793 954 3024 1007 manus,
3056 936 3373 1011 hostesque
3399 954 3536 1011 pro-

272 1021 362 1075 Vel
388 1021 440 1076 si
467 1037 555 1081 me
584 1021 811 1093 rapidus
834 1023 1044 1079 Mavors
1072 1024 1461 1094 perstrinxerit
1502 1024 1692 1091 armis,
3320 1028 3533 1098 [torvos

152 1110 227 1165 95
241 1110 569 1168 Provolvens
581 1111 851 1182 juvenum
877 1111 1031 1184 fusos
1060 1113 1122 1165 in
1147 1113 1419 1182 sanguine
1442 1114 1669 1183 patres!
2025 1112 2304 1169 Exultans
2334 1114 2394 1169 in
2426 1130 2605 1187 regna
2642 1113 2795 1173 tulit.
2849 1113 3009 1171 Proh
3041 1130 3192 1172 saeva
3220 1118 3534 1171 nocentum

265 1197 508 1261 Talibus
532 1198 749 1255 irarum
773 1199 945 1255 dictis
969 1200 1251 1256 fundebat
1292 1200 1574 1266 habenas,
2022 1201 2275 1256 Consilia
2306 1201 2317 1255 l
2345 1201 2621 1274 Princeps
2650 1202 2869 1279 aberat,
2929 1218 3255 1275 pacemque
3281 1202 3529 1275 parabat

265 1287 457 1349 Mente
487 1304 755 1360 sequens.
778 1288 959 1357 bilem
985 1306 999 1355 ;
1045 1289 1205 1360 jacto
1239 1290 1350 1360 (21)
1380 1287 1537 1347 velut
1565 1305 1773 1361 aspera
2022 1289 2292 1363 Imperio,
2340 1294 2578 1346 Veronae
2607 1291 2803 1346 Atesis
2834 1308 2952 1363 qua
2980 1291 3138 1346 culta
3167 1290 3425 1347 salubris

1608 1378 1770 1448 [saxo
2022 1377 2247 1451 Irrigat.
2274 1380 2418 1441 Ecce
2431 1379 2616 1452 gradu
2646 1378 2814 1441 celeri
2840 1380 2988 1451 petit
3007 1379 3127 1438 alta
3154 1379 3429 1455 minister.

265 1465 546 1522 Cominus
575 1466 824 1538 erigitur
843 1482 1104 1538 serpens,
1136 1466 1231 1522 cui
1263 1465 1466 1521 subter
1495 1466 1698 1523 inanes
1876 1465 1980 1520 150
2017 1467 2193 1522 Tecta
2215 1466 2402 1533 ducis,
2423 1469 2636 1535 sudore
2687 1467 2951 1543 madens.
2984 1469 3299 1543 Fortissirpe
3326 1470 3525 1537 rector,

265 1554 468 1628 Longa
491 1555 623 1611 sitis
646 1553 919 1621 latebras,
938 1559 1210 1627 totosque
1229 1555 1447 1628 agitata
1457 1571 1562 1627 per
1580 1560 1764 1621 artus,
2020 1553 2234 1626 Inquit,
2259 1556 2440 1615 adesto
2467 1558 2577 1612 tuis
2602 1561 2620 1610 !
2646 1556 2804 1613 Saltu
2831 1571 2997 1629 super
3016 1555 3191 1617 ardua
3218 1558 3420 1613 montis

116 1643 227 1698 100
264 1647 552 1707 Convocat
578 1643 639 1699 in
672 1644 871 1703 fauces
901 1649 957 1700 et
985 1660 1268 1716 squamea
1289 1643 1438 1699 colla
1452 1660 1764 1700 venenum.
1815 1656 1821 1662 '
2020 1643 2142 1701 Sese
2163 1644 2350 1715 injecit
2369 1660 2535 1707 ovans
2549 1649 2725 1703 caelus
2741 1653 2827 1701 sat
2851 1647 2913 1701 in
2948 1660 3107 1703 arma
3133 1645 3415 1721 Meritus,

263 1732 519 1804 Jmmqne
546 1731 687 1804 legit
715 1732 905 1788 socios
937 1736 1101 1804 aptos
1132 1732 1443 1788 furialibus
1475 1732 1657 1789 ausis.
2021 1731 2124 1788 Cui
2148 1734 2265 1789 nisi
2288 1733 2578 1804 prxduros
2605 1734 2804 1805 gladiis
2833 1735 3047 1805 inferre
3074 1734 3409 1805 manipto‘

328 1821 507 1885 Fama
520 1820 721 1877 volans
744 1821 896 1894 regis
916 1821 1131 1877 nitidas
1154 1838 1288 1877 cum
1312 1820 1763 1893 perculitaures,
2017 1820 2308 1887 Institeris,
2329 1821 2461 1893 quid
2490 1838 2621 1892 opus
2642 1824 2795 1883 Latio
2820 1838 2941 1893 quae
2970 1822 3150 1883 dicere
3177 1822 3318 1891 victo

265 1909 522 2017 Eonatus
552 1909 775 1982 agitare
800 1910 948 2017 satis
979 1909 1263 2010 Widonen
1292 1909 1548 2017 i‘niquos,
1634 1998 1657 2017 Δ
1797 1953 1844 2017 Β
1876 1909 1978 1962 155
2017 1909 2228 1965 Damna
2253 1912 2432 1980 ferent
2463 1914 2488 1962 .9
2529 1909 2802 1969 Intensus
2851 1910 2923 1969 ad
2972 1908 3096 1967 haec
3140 1907 3224 1969 ita
3273 1909 3527 2017 reddidit

268 1998 523 2073 Fortuna
540 2002 807 2054 servante
820 1998 1277 2070 modum,quatit
1289 1997 1384 2053 ille
1397 1998 1765 2053 tremendum
1797 1997 1844 2017 "
3404 1997 3525 2071 [olli

114 2088 227 2143 105
267 2085 465 2159 Reguli
495 2086 565 2142 de
596 2102 755 2142 more
784 2086 1230 2159 caput,coelique
1252 2090 1449 2142 tuetur
2018 2086 2136 2141 Rex
2161 2103 2172 2142 :
2196 2087 2383 2153 Jubeo,
2399 2088 2643 2157 juvenis,
2677 2090 2893 2147 tantum
2917 2087 3107 2148 desiste
3132 2090 3340 2146 moveri
3363 2093 3383 2143 Ι

266 2176 549 2244 Convexa,
583 2179 758 2249 atque
790 2175 971 2231 sacris
1003 2176 1086 2231 ita
1110 2175 1329 2230 fetibus
1374 2192 1475 2230 ora
1494 2173 1726 2231 resolvit
1749 2191 1762 2229 :
2016 2175 2131 2229 Non
2163 2184 2324 2247 caput
2345 2176 2444 2232 hoc
2463 2176 2593 2231 dum
2611 2178 2723 2231 vita
2744 2178 2881 2248 regit
2900 2177 3105 2248 difiusu
3117 2195 3220 2250 per
3238 2182 3416 2247 artus,

268 2266 340 2320 Tu
368 2265 498 2320 caeli
522 2266 792 2336 teri-aeque
811 2273 977 2332 sator,
1002 2267 1096 2336 qui
1122 2266 1367 2336 fulmina
1384 2265 1497 2336 (22)
1530 2274 1762 2337 torques,
2018 2267 2151 2320 Haec
2172 2265 2333 2320 tellus
2351 2264 2496 2321 cedet
2524 2268 2802 2336 superata,
2841 2265 3113 2337 pudetque
3137 2268 3309 2339 fateri

262 2355 653 2424 Annorumque
673 2355 813 2409 vices
841 2355 1194 2425 dimensaque
1214 2359 1457 2425 tempora
1484 2356 1658 2410 noctis
2019 2353 2115 2407 Res
2137 2353 2277 2408 Latii
2295 2355 2506 2410 victas!
2534 2354 2650 2421 Ait,
2683 2353 2975 2427 accirique.
2998 2355 3232 2413 sodales

262 2442 507 2511 Quatuor
561 2446 612 2497 et
665 2442 861 2497 mundi
914 2450 1120 2514 partes,
1180 2449 1450 2514 quantum
1485 2450 1668 2498 arctus
1696 2442 1764 2497 ab
1874 2439 1979 2495 160
2018 2440 2292 2512 Imperat.
2323 2442 2653 2498 Excurrunt
2671 2444 2867 2499 vastos
2892 2442 3078 2499 excita
3105 2459 3209 2516 per
3237 2459 3411 2516 agros

1558 2532 1764 2603 [austro
2013 2528 2288 2601 Agmina,
2319 2545 2484 2584 amor
2512 2528 2730 2600 quibus
2786 2532 2875 2587 est
2904 2527 3086 2601 pacis,
3141 2528 3281 2601 quia
3329 2526 3515 2602 gloria

103 2621 221 2676 110
260 2623 330 2687 βι
359 2624 622 2693 quantum
646 2636 864 2676 occasus
886 2636 1034 2676 roseo
1055 2622 1317 2677 consistat
1345 2622 1411 2674 ab
1442 2629 1583 2686 ortu,
3342 2618 3516 2689 [curae

256 2710 487 2776 Metiris,
513 2710 705 2767 subeat
733 2711 975 2781 geminos
1005 2714 1063 2765 ut
1088 2710 1427 2781 phosphorus
1462 2727 1478 2749 νο
1506 2702 1628 2776 ius,
2016 2706 2296 2763 Natorum
2320 2704 2623 2777 dulcisque
2650 2706 2882 2777 domus,
2903 2705 3200 2778 vitamque
3218 2705 3410 2778 perosi

258 2797 572 2855 Praecedens
600 2816 750 2855 nunc
780 2799 921 2854 Solis
950 2814 1112 2870 equos
1138 2800 1450 2871 pallensque
1494 2798 1761 2865 tenebras,
2014 2793 2345 2851 Adveniunt
2375 2794 2603 2867 placido
2634 2794 2939 2867 glomerati
2964 2799 3200 2866 pectora
3229 2794 3370 2867 regi.

260 2888 444 2944 Noctis
472 2892 602 2957 agat
625 2904 746 2959 prae
775 2905 831 2945 se
858 2888 1064 2960 gelidos
1091 2888 1392 2960 aliquando
1403 2886 1619 2960 jugales
1639 2906 1657 2943 :
2017 2884 2317 2939 Exacuunt
2328 2883 2525 2955 justas
2554 2882 2768 2941 subitis
2798 2882 3134 2943 rumoribus
3166 2882 3302 2943 iras.

266 2977 430 3033 Testis
463 2977 643 3034 adesto
658 2979 809 3048 pius,
834 2993 1142 3049 noxamque
1160 2979 1373 3033 remitte
1391 2979 1621 3044 cruoris,
1876 2974 1980 3026 165
2022 2971 2286 3044 Undique
2305 2971 2528 3028 collecti
2542 2975 2855 3044 postquam
2877 2987 3085 3028 venere
3105 2971 3374 3044 manipli,

108 3067 223 3122 115
265 3065 326 3120 Si
352 3082 549 3123 manus
573 3065 692 3122 haec
709 3067 901 3125 mortis
919 3067 1108 3121 tulerit
1125 3065 1408 3138 dispendia
1431 3066 1620 3125 Gallis.
2015 3060 2240 3132 Ingenti
2264 3060 2495 3117 fremitu
2520 3060 2737 3132 pariter
2765 3059 2934 3117 ducis
2966 3064 3102 3118 ante
3122 3058 3387 3122 tribunal

261 3156 451 3211 Debita
471 3155 604 3226 jure
622 3154 764 3211 mihi
783 3158 1003 3227 raptum
1026 3156 1107 3210 ire
1156 3155 1464 3211 volentibus
1491 3171 1625 3213 arva
2016 3148 2174 3204 Bella
2196 3149 2366 3205 cient.
2388 3149 2668 3220 Liquidas
2690 3148 2926 3205 tandem
2951 3164 3013 3207 se
3034 3148 3225 3205 reddit
3254 3148 3327 3205 ad
3342 3163 3521 3205 auras

260 3241 561 3314 Infandum
582 3248 601 3307 ,ξ
625 3245 733 3300 Cui
761 3246 914 3301 tanta
941 3245 1058 3299 viro
1086 3259 1337 3300 concessa
1367 3248 1621 3316 potestas,
2015 3237 2315 3293 Terribilis
2328 3238 2553 3302 ductor,
2587 3237 2820 3307 quando
2844 3236 2998 3291 latus
3020 3252 3194 3292 omne
3207 3236 3320 3292 sub
3338 3235 3519 3291 armis

256 3333 336 3387 Me
366 3333 548 3404 regnis
575 3333 794 3404 privare
816 3335 842 3386 .9
862 3332 1015 3388 Sedet
1033 3332 1351 3399 si,conditor
1380 3334 1546 3398 orbis,
1793 3318 1835 3384 C
2019 3327 2226 3383 Ferrea
2246 3330 2379 3393 suta
2402 3328 2621 3391 terunt,
2648 3324 2924 3380 humeros
2944 3328 3003 3380 et
3030 3327 3267 3396 pectere
3295 3322 3412 3387 late

258 3421 367 3476 Pro
394 3422 569 3493 culpis
601 3421 815 3477 abolere
836 3422 995 3489 viros,
1018 3422 1102 3477 nil
1138 3423 1254 3477 vita
1282 3420 1577 3487 retardent,
1602 3486 1603 3489 η
1866 3416 1971 3471 170
2007 3415 2341 3481 Flammeus
2353 3415 2509 3470 orbis
2528 3412 2901 3485 habetcapiti,
2923 3411 3515 3476 tremitaereacassis,

102 3512 218 3565 120
256 3509 361 3565 Sed
383 3525 485 3582 per
508 3514 705 3569 cuncta
732 3519 899 3567 ruant
944 3512 1120 3581 fastus
1153 3510 1497 3572 discrimina.
1545 3508 1758 3582 quando
2010 3505 2079 3559 Et
2107 3502 2341 3576 gemino
2361 3503 2562 3558 dextra
2582 3500 2830 3557 rutilant
2858 3500 3097 3556 hastilia
3126 3500 3300 3570 ferro,

255 3599 456 3654 Ferrea
475 3600 597 3671 jam
616 3599 817 3657 scindit
838 3601 1121 3659 morituris
1147 3600 1388 3655 stamina
1410 3599 1616 3667 Clotho,
2010 3593 2180 3648 Ensis
2213 3592 2268 3646 in
2302 3607 2399 3647 ore
2430 3591 2605 3647 etiam
2644 3588 2924 3662 praclara
2955 3587 3205 3662 refulget
3232 3588 3416 3660 iaspis

258 3689 332 3752 Ac
358 3688 574 3753 miseris
594 3688 709 3745 diri
722 3690 915 3759 capitis
932 3688 1276 3744 discriminat
1304 3704 1511 3757 angues

2010 3679 2241 3734 Pulcher
2265 3678 2431 3733 honos
2485 3693 2775 3749 regumque
2794 3676 2974 3745 decus,
2995 3676 3318 3747 fortissima,
3343 3676 3515 3748 pubes

254 3777 459 3843 Alecto,
476 3777 692 3834 crudele
710 3780 901 3850 nefas!
923 3777 1221 3833 Acheronte
1246 3778 1348 3833 sub
1380 3778 1507 3832 imo.
2012 3768 2073 3823 In
2110 3766 2315 3823 mediis
2347 3784 2538 3835 orsus,
2560 3766 2743 3822 rabidi
2770 3766 3096 3822 commercia
3125 3765 3313 3820 Martis

340 3866 463 3922 Nox
482 3866 883 3923 subitinterea
909 3866 1085 3922 variis
1118 3865 1394 3921 distincta
1425 3863 1650 3937 ﬁguris,
1872 3859 1975 3912 175
2011 3860 2237 3913 Praesto.
2287 3857 2478 3912 Manus
2517 3856 2710 3927 capulo
2759 3856 2833 3910 sit
2873 3862 3038 3926 parta
3079 3855 3406 3925 annuustu
3431 3853 3517 3909 la-

102 3958 220 4013 125
260 3959 404 4012 Cum
433 3960 600 4028 pater
628 3954 897 4029 egregius
929 3960 1077 4011 tecto
1097 3971 1226 4011 sese
1247 3953 1447 4009 intulit
1467 3952 1583 4009 alto
3350 3942 3517 4014 [bori,

258 4047 400 4101 Post
427 4043 651 4115 epulas,
676 4044 785 4100 ubi
822 4045 1086 4109 membra
1114 4048 1239 4101 toro
1270 4042 1486 4100 laxavit
1515 4042 1757 4098 honoro.
2017 4039 2081 4094 Ut
2109 4036 2254 4093 decet
2283 4036 2564 4107 egregios!
2597 4035 2839 4105 Regnum
2867 4034 2999 4104 quia
3025 4031 3214 4088 tollere
3227 4047 3451 4103 pessum

342 4138 556 4188 Annua
581 4132 674 4193 vix
702 4136 821 4189 toto
854 4132 1169 4190 rutilarunt
1212 4133 1404 4189 sidera
1434 4132 1655 4187 mundo
2020 4127 2166 4183 Wido
2186 4127 2561 4192 velit,certum
2579 4130 2654 4180 est
2672 4124 2834 4179 sociis
2865 4125 3026 4193 atque
3048 4137 3182 4183 arva
3207 4122 3415 4177 vocatis

261 4222 407 4278 Pace
439 4223 550 4289 sub
582 4221 797 4283 bac.Eu
818 4223 1040 4285 fraudis
1063 4223 1185 4295 agit
1204 4222 1525 4279 tentamina
1546 4221 1758 4293 praedo,
2011 4218 2243 4284 Partiri,
2282 4224 2333 4273 et
2359 4214 2583 4285 gremiis
2602 4214 2872 4285 juvenum
2897 4211 3411 4281 subducerepactas.

261 4312 389 4381 Qua
411 4312 596 4377 secuit
626 4313 925 4384 quondam
964 4311 1152 4375 aerias
1179 4327 1276 4367 rex
1304 4311 1518 4368 Pcenus
1543 4311 1655 4383 (23)
2016 4305 2077 4361 Si
2103 4307 2245 4376 foret
2274 4304 2403 4359 huic
2423 4304 2645 4358 animus
2664 4317 2876 4357 mecum
2895 4301 3185 4371 conﬂigere
3210 4299 3343 4366 solo,

1578 4402 1763 4465 [aceto
1880 4395 1980 4449 180
2018 4395 2082 4449 Et
2106 4395 2286 4465 partis
2309 4393 2419 4463 (25)
2455 4391 2676 4463 differre
2705 4392 2880 4461 nefas,
2912 4388 3054 4461 quod
3075 4390 3305 4459 fluctuat
3351 4386 3524 4443 armis

94 4491 219 4547 430
254 4488 498 4561 Imperii
529 4488 777 4561 cupidus
798 4487 1129 4549 cautes.Ubi
1151 4486 1413 4543 constitit
1432 4486 1549 4542 oris
2014 4482 2320 4538 Mersurum
2346 4481 2574 4551 populos
2600 4486 2618 4533 !
2638 4480 2754 4544 Ait,
2771 4482 2829 4533 et
2877 4477 3207 4549 spumantis
3263 4475 3524 4531 habenas

260 4576 624 4647 Italiae,nunc
655 4575 751 4643 ille
772 4577 968 4645 minis,
985 4575 1300 4648 aliquando
1322 4579 1546 4648 rogatu,
2017 4569 2228 4642 Implet
2276 4568 2432 4639 equi,
2483 4581 2857 4639 praecepsque
2894 4564 3052 4636 petit
3078 4563 3335 4628 conﬁnia
3362 4562 3522 4629 belli,

262 4666 578 4738 Sollicitatj
588 4684 839 4723 uvenum
853 4666 962 4722 hoc
976 4666 1160 4722 ﬂuxas
1175 4681 1444 4722 sermone
1462 4667 1723 4725 catervas
1745 4679 1761 4718 :
1795 4680 1841 4745 Ι)
2018 4659 2143 4723 Qua
2155 4673 2369 4745 manus
2382 4654 2612 4745 hostilis
2624 4653 2859 4745 Latium
2882 4651 3301 4745 pessumdabat
3316 4648 3522 4745 armis.

262 4757 519 4829 Quisquis
548 4737 667 4812 avet
714 4755 906 4813 solidis
942 4755 1264 4827 protendere
1295 4755 1524 4825 legimus
1559 4767 1763 4821 mum,
1795 4737 1834 4745 ’⁷
2017 4744 2121 4802 Hic
2153 4743 2296 4801 caelo
2328 4748 2393 4800 ut
2423 4741 2667 4814 pepullit
2692 4739 2915 4813 gelidas
2945 4755 3158 4835 aurora
3182 4737 3454 4805 tanebras
3487 4822 3522 4835 Η

262 4848 331 4903 Et
357 4826 530 4917 fasces
551 4855 767 4914 mutare
785 4826 956 4909 ducis,
994 4859 1119 4915 quae
1147 4843 1417 4901 tendimus
1444 4844 1589 4898 ultro
1879 4837 1985 4891 185
2024 4836 2306 4891 Rorantes
2337 4847 2583 4887 excussa
2614 4846 2812 4885 comas
2843 4826 3216 4917 multumque
3255 4826 3525 4917 sequenti

94 4939 221 4996 135
262 4914 383 4992 Rite
399 4935 783 5008 fruensdonis,
805 4914 1018 4993 nostros
1031 4934 1335 5006 glomerare
1349 4932 1621 5001 maniplos
2017 4924 2152 4980 Sole
2180 4923 2420 4992 rubens,
2443 4919 2725 4993 galeaque
2743 4917 2865 5008 viri
2884 4915 3107 4975 clusere
3135 4914 3349 5008 minaci

258 5026 338 5089 Ne
362 5002 647 5082 cunctetur
673 5039 859 5080 ovans.
893 5002 1160 5093 Cuiquam
1180 5023 1229 5077 si
1245 5024 1386 5093 forte
1408 5020 1623 5075 videtur
2016 5015 2156 5081 Ora,
2186 5012 2455 5083 tubaeque
2483 5010 2712 5073 sonant,
2743 5006 3022 5078 vocisque
3039 5003 3290 5061 resultat
3309 5002 3505 5076 imago

259 5114 439 5171 Futite
465 5113 604 5187 quod
624 5115 878 5184 ferimus,
910 5112 1077 5169 robur
1101 5112 1231 5182 quia
1253 5112 1411 5182 ponit
1434 5111 1495 5165 in
1523 5110 1694 5166 armis
2015 5103 2363 5190 Partimque
2390 5100 2545 5190 vices
2564 5095 2850 5190 tolluntur
2867 5096 2928 5151 in
2953 5109 3188 5190 aequora
3203 5095 3430 5166 gentes.
3468 5110 3527 5190 ην

262 5181 578 5275 Βνεηραῆἱ,
600 5181 838 5281 stimulis
861 5181 995 5258 olim
1014 5181 1147 5273 quia
1174 5181 1351 5255 motus
1381 5199 1588 5270 iniquis

2022 5188 2224 5255 Qualis
2257 5188 2367 5261 (26)
2394 5186 2515 5253 ubi,
2548 5183 2750 5240 audito
2779 5186 3100 5237 venantum
3132 5181 3533 5281 murmure,ti-

262 5266 495 5348 Finibus
523 5266 766 5348 absentes
796 5290 978 5348 Gallos
1022 5266 1276 5362 quaesivit
1321 5266 1616 5351 Etruscis;
1655 5286 1766 5358 (24)
2190 5308 2195 5313 -
3375 5266 3528 5362 [ενίε

96 5383 227 5444 140
267 5382 510 5451 Quantus
531 5383 589 5437 in
602 5397 762 5437 arma
790 5384 958 5453 feror,
986 5356 1187 5453 patriis
1208 5377 1291 5434 vel
1313 5385 1545 5450 quantus
1565 5377 1633 5442 ab
1659 5356 1769 5433 oris
1885 5371 1991 5427 190
2026 5364 2335 5424 Horruitin
2352 5362 3000 5432 maculas,somnosque
3014 5357 3274 5415 excussit
3291 5356 3529 5429 inertes,

192 5523 583 5595 (21)Jacto—
606 5539 658 5595 vi.
692 5519 816 5595 100,
856 5537 926 5577 ex
956 5520 1092 5577 Stat.
1135 5519 1290 5576 Theb.
1330 5517 1404 5585 ‘11,
1431 5533 1483 5572 υ.
1521 5515 1624 5573 412
1652 5530 1767 5588 sqq.
1954 5510 2196 5593 (25).Ita.
2222 5524 2296 5575 c.,
2320 5506 2360 5561 i.
2397 5522 2448 5563 e.
2486 5503 2725 5579 paratis,
2757 5501 2877 5559 ideo
2908 5501 3053 5558 suis.
3076 5532 3143 5540 —
3185 5497 3377 5563 Paetis
3415 5498 3528 5555 Val.

193 5594 311 5669 (22)
346 5597 423 5651 lta
451 5595 596 5662 edd.,
627 5594 873 5650 ﬂumina
902 5610 953 5649 c.

193 5668 291 5736 (23
341 5667 601 5723 Annibal.

197 5670 314 5819 (24;
345 5739 428 5815 Cf.
459 5740 601 5797 Ann.
630 5737 814 5806 Fuld.,
845 5752 898 5792 a.
923 5733 1030 5790 883

1968 5598 2163 5728 ἶϐίν.
2198 5647 2460 5723 189-194,
2485 5648 2691 5709 ductor
2706 5645 2764 5704 in
2782 5662 2852 5703 ea:
2875 5645 3040 5704 Statii
3070 5642 3224 5705 Theb.
3244 5643 3310 5713 ιι,
3340 5657 3395 5701 υ.
3428 5639 3532 5717 128

1968 5742 1995 5783 ι,
2868 5776 2879 5785 -
3304 5747 3309 5751 i

414 5742 428 5796 '.
459 5740 601 5797 Ann.
630 5740 814 5806 Fuld.,
845 5752 898 5792 a.
923 5740 1030 5790 883
1870 5741 1975 5805 .qu

3304 5747 3309 5751 η
3548 5740 3559 5757 ιι

2868 5776 2879 5785 .
3132 5792 3136 5800 I

447 5867 712 5936 PATBOL.
757 5862 904 5930 CLI.

3136 5841 3211 5918 41
