3962 6374
377 445 386 454 '
414 435 567 498 1291
1700 429 2037 497 APPEND.

2286 429 2419 496 EG.
2462 428 2537 496 X.
3661 427 3821 494 1292

557 567 716 625 Bella
735 567 1190 641 cupit,laxatque
1220 571 1488 642 genas,et
1502 571 1789 641 temperat
1807 582 2054 640 ungues,
2087 567 2142 634 Α
2313 568 2418 622 Nec
2445 569 2651 622 mirum
2679 567 2866 623 credas
2897 565 3176 622 hominem
3231 565 3421 620 saevire
3462 579 3562 636 per
3601 579 3821 636 agmen,

557 657 688 713 Mox
712 657 834 714 ruit
862 657 922 713 in
952 657 1476 730 turmas,natisque
1499 655 1780 714 alimenta
1795 655 2052 713 cruentis
2306 658 2595 713 Pulvercos
2653 656 2844 728 Libyes
2893 657 3185 727 potiusque
3241 653 3390 710 haud
3419 653 3531 726 (32)
3577 655 3825 710 monstra

559 745 892 818 Spirantem
921 745 1033 802 fert
1049 762 1147 802 ore
1161 746 1353 802 virum
1378 745 1497 802 :sic
1540 745 1764 802 excitus
1795 746 1882 816 ira
3483 742 3610 814 [per
3637 758 3822 812 agros.

555 833 790 904 Ductor,
814 835 872 890 in
903 835 1176 892 adversos
1199 834 1364 890 inicit
1381 835 1540 892 ferus
1558 851 1722 890 arma
1739 833 2052 906 maniplos.
2313 835 2432 890 Vidi
2452 835 2718 906 equidem,
2741 836 2980 905 geminos
2995 849 3104 892 uno
3128 849 3253 889 cum
3273 835 3538 888 sterneret
3565 834 3678 888 ictu

413 922 520 980 195
557 921 826 996 Undique
855 927 1221 997 consurgunt
1241 923 1416 990 acies,
1439 929 1498 979 et
1517 923 1753 996 pulvere
1775 921 1984 979 coelum
2309 924 2410 978 Ille
2436 925 2601 979 viros.
2624 923 2798 979 Pudet
2824 925 2929 980 heu
2957 923 3225 995 inriguae
3251 925 3454 994 funera
3485 922 3644 977 victis

557 1011 1288 1085 Conditur,horrendisque
1309 1011 2054 1069 sonatclamoribusaether.
2164 1012 2271 1067 235
2308 1013 2580 1069 Intulerit.
2611 1012 2852 1082 Discede,
2882 1028 3096 1084 precor,
3118 1011 3440 1067 melioribus
3491 1011 3643 1066 ausis

559 1099 664 1158 Hic
693 1099 845 1158 alius
874 1101 1077 1174 rapido
1099 1102 1359 1173 dejectus
1390 1101 1451 1156 in
1481 1117 1710 1172 aequore
1738 1116 1915 1156 cursu
2310 1101 2617 1156 Servandus
2641 1105 2660 1155 !
2689 1100 2948 1156 Tandem
3009 1100 3236 1155 socium
3285 1097 3594 1172 perculsus
3623 1115 3828 1155 amore

560 1188 902 1258 Proteritur,
932 1189 1296 1262 pedibusque
1345 1187 1524 1245 simul
1582 1188 1841 1246 calcatus
1879 1204 2061 1260 equo-
2312 1189 2587 1256 Discedit,
2621 1205 2866 1260 seseque
2891 1188 3016 1244 suis
3065 1187 3443 1244 maerentibus
3489 1186 3656 1244 addit
3680 1187 3820 1259 (33).

1869 1282 2020 1344 [rum
2045 1295 2058 1346 ;
2382 1277 2504 1332 Nox
2525 1277 2636 1350 (34)
2661 1277 2776 1333 ruit
2798 1276 3038 1347 interea,
3071 1293 3242 1333 curas
3267 1275 3694 1350 hominumque
3723 1275 3813 1331 la-

3624 1347 3826 1420 [bores

2312 1436 2670 1510 Composuit,
2693 1437 2976 1510 nigroque
2996 1435 3160 1509 polos
3191 1435 3430 1493 involvit
3461 1435 3706 1506 amictu,

2170 1528 2276 1584 2i0
2313 1527 2600 1582 Omnibus
2627 1525 2728 1581 illa
2757 1526 2992 1598 quidem
3026 1525 3212 1594 mitis,
3246 1525 3348 1582 sed
3375 1525 3612 1582 turbida
3627 1523 3827 1598 pulso.

2315 1614 2578 1670 Volvitur
2607 1614 2828 1670 irarum
2860 1614 3028 1670 furiis
3057 1615 3290 1686 actique
3318 1613 3558 1682 laboris,

2316 1704 2440 1760 Non
2470 1708 2665 1760 tamen
2695 1704 2918 1776 absque
2947 1703 3042 1759 via
3072 1702 3406 1775 mentisque
3454 1703 3654 1776 vigore
3685 1719 3830 1776 pro-

559 1368 748 1440 Atque
776 1367 929 1426 alius
956 1367 1178 1424 volucri
1207 1368 1491 1440 trajectus
1521 1370 1786 1440 tempora
1817 1365 1955 1435 telo,

414 1455 522 1512 200
557 1455 898 1530 Cornipedis
924 1459 1089 1530 tergo
1118 1472 1343 1530 pronus
1363 1456 1521 1525 ruit;
1556 1455 1716 1512 illius
1747 1471 1886 1512 ense

555 1545 853 1616 Dejectum
883 1544 1000 1618 (27)
1027 1543 1200 1619 longe
1229 1550 1408 1618 caput
1461 1561 1498 1600 a
1533 1545 1752 1601 cervice
1784 1544 2061 1612 cucurrit,

560 1633 665 1691 Hic
685 1635 843 1707 jacet
861 1633 1168 1704 exanimis,
1191 1635 1321 1692 fuso
1342 1650 1519 1707 super
1540 1650 1704 1690 arma
1733 1633 1988 1690 cerebro.

562 1717 664 1784 ‘
694 1738 873 1780 manu
903 1725 1080 1791 caret,
1111 1721 1208 1778 hic
1235 1737 1444 1794 gressu
1469 1740 1482 1792 ;
1517 1739 1623 1778 nec
1677 1721 1902 1778 visibus
1951 1722 2064 1778 iste

563 1809 794 1883 Integer
829 1811 1118 1868 obruitur.
1169 1792 1370 1884 Campi
1428 1812 1641 1867 sudore
1698 1811 2062 1880 madescunt,
2319 1881 2363 1884 __
2805 1881 2816 1884 _
2979 1879 3030 1884 Δ-
3380 1881 3391 1884 _
3579 1792 3823 1884 [funda

423 1897 533 1954 205
569 1879 866 1972 Sanguine
892 1901 1097 1956 manat
1142 1879 1381 1955 humus.
1416 1899 1775 1955 Crudescens
1806 1879 2065 1971 undique

1845 1993 2070 2022 l'nnmnn

2319 1881 2580 1954 Namque
2601 1881 2711 1952 (35)
2730 1881 2840 1937 sub
2871 1879 3146 1936 occiduas
3172 1897 3350 1936 versae
3367 1881 3494 1952 jam
3521 1879 3714 2022 magis
3728 1879 3836 1935 ha-

3685 1967 3833 2008 enas

1845 1993 2070 2060 [campo

569 2075 727 2132 Mars
745 2074 998 2132 turmale
1018 2075 1356 2145 furit,Wido
1378 2077 1427 2134 si
1451 2077 1718 2133 fulminis
1739 2078 1851 2149 (28)
1884 2077 2074 2134 instar

568 2163 880 2221 Labiturin
891 2167 1118 2222 turmas
1133 2182 1146 2222 :
1162 2165 1410 2240 Libycus
1425 2165 1584 2222 velut
1597 2165 1834 2240 agmina
1847 2165 2071 2238 campis

568 2253 954 2310 Laetabonum
979 2269 1112 2310 cum
1134 2254 1280 2310 forte
1301 2253 1390 2310 leo
1411 2254 1612 2328 procul
1647 2271 1855 2328 aggere
1887 2253 2073 2311 cernit

567 2340 852 2398 Attollens
883 2342 1098 2400 cervice
1115 2343 1295 2415 jubas
1321 2343 1644 2417 sitiensque
1679 2344 1925 2413 cruoris,

2319 2043 2556 2095 Astroru
2566 2056 2738 2110 mque
2751 2037 3074 2105 abitus,ubi
3087 2037 3341 2110 primum
3357 2035 3613 2093 maxima
3623 2037 3834 2094 Thetis

2179 2130 2286 2184 245
2326 2127 2563 2200 lmpulit
2583 2146 2684 2183 eoo
2754 2130 3127 2183 cunctantem
3161 2126 3484 2198 llyperiona
3515 2128 3716 2198 ponto,

2322 2217 2693 2290 Doctiloquos
2726 2215 2846 2289 agit
2874 2215 2970 2272 ille
2999 2215 3156 2272 viros
3188 2216 3261 2270 ad
3291 2215 3470 2271 limen
3491 2215 3720 2272 ovantis

2318 2307 2600 2362 Hesterna
2627 2322 2764 2362 nece
2793 2305 3050 2372 victoris,
3085 2321 3157 2360 ne
3189 2303 3318 2360 luce
3342 2309 3610 2361 carentes

2321 2394 2634 2451 Prohibent
2665 2395 2776 2466 (30)
2813 2395 3090 2450 mandare
3121 2391 3264 2449 solo.
3324 2392 3455 2450 Jam
3505 2391 3650 2450 calle
3699 2410 3834 2466 per-

420 2429 530 2488 210
662 2431 918 2536 mediam
946 2435 1137 2489 erecto
1193 2433 1493 2490 contendit
1544 2437 1774 2505 pectore
1813 2433 2067 2488 turbam.
2321 2429 2634 2451 “"“'”°“"
2665 2429 2776 2466 “’W
2813 2429 3090 2450 “‘“um”
3121 2429 3264 2449 °”“"
3324 2429 3455 2450 ’³⁸⁸⁸³⁸
3505 2429 3650 2450 “NW
3679 2429 3836 2536 [ξὲξᾶ

564 2519 1205 2627 Ξξξλξ-ῩῘθΑἮἾᾼΡΨΑΠἾθ
1223 2521 1448 2621 dimi?“
1484 2521 1779 2627 tu???“
1802 2525 2072 2627 mmtst’er
2321 2557 2638 2627 Postquam
2679 2553 3042 2627 introgressi,
3101 2557 3159 2609 et
3216 2569 3410 2610 coram
3470 2555 3839 2627 datahcopia

563 2607 736 2666 Wido
757 2607 936 2676 necis,
969 2609 1208 2682 propria
1236 2609 1489 2666 nimium
1515 2609 1726 2666 virtute
1757 2610 2068 2682 superbus.
2323 2597 2345 2612 ³
2368 2597 2638 2627 ’ΝἻΉΨ
2680 2597 3042 2627 "mvoww’
3102 2597 3159 2609 νυ
3217 2597 3410 2610 ww.“
3471 2597 3835 2698 “"[riiiﬁ’ﬁ

567 2696 770 2787 Ῑῐινίίῖῐί
796 2695 986 2787 valeat
1015 2713 1217 2787 verum
1251 2698 1350 2770 qni
1380 2698 1530 2754 ferre
1559 2699 1792 2771 tyranni
2178 2717 2285 2771 250
2325 2715 2615 2787 Incipiunt
2640 2733 2651 2770 :
2687 2714 2953 2786 Suprema
2973 2714 3118 2769 dedit
3137 2730 3397 2786 superare
3413 2695 3652 2786 potestas

567 2786 831 2874 Ρρηάθη
848 2785 1084 2842 νίτίυιίε
1103 2786 1131 2842 7
1147 2791 1395 2843 Demum
1426 2787 1566 2843 dare
1585 2792 1748 2860 terga
1780 2788 1960 2844 οοθοοῑί
2325 2785 2677 2871 Gut—ductor,
2707 2785 2826 2873 fera
2855 2803 3016 2868 bella,
3041 2785 3294 2858 animum
3313 2785 3574 2859 submitte
3609 2806 3832 2874 rogatu.

429 2875 540 2932 215
575 2873 738 2964 illius
765 2875 1056 2948 effugiunt
1086 2876 1350 2932 comites.
1382 2875 1748 2964 Clamoribus
1778 2875 1930 2932 ultro

2323 2895 2456 2949 Nam
2471 2893 3088 2964 peiimus3liwatsocios
3098 2891 3362 2948 mandare
3385 2893 3651 2964 sepulcris

572 2963 838 3053 l’alantes
869 2964 1137 3038 sequitur
1165 2982 1178 3020 :
1205 2965 1334 3053 Quae
1355 2981 1444 3020 vos
1469 2963 1744 3021 dementia
1766 2967 1902 3037 cepit
1937 2965 2070 3038 (29),

2324 2963 2542 3038 Ait/uere
2556 2983 2819 3053 privatos,
2849 2981 3010 3036 malis
3045 2997 3115 3036 ne
3141 2981 3384 3038 membra
3415 2963 3616 3053 ferinis

571 3052 838 3109 Montibus
866 3057 930 3109 ut
957 3054 1095 3126 septi
1119 3052 1328 3124 gladios
1356 3054 1533 3108 vitare
1555 3054 1750 3122 velitis,

2323 3072 2484 3126 Facta
2508 3052 2613 3127 Deo
2641 3073 2886 3144 pereant,
2919 3085 3168 3142 campove
3197 3071 3391 3126 relicta
3417 3052 3706 3142 fatiscant,

573 3141 614 3198 0
641 3143 818 3200 socii?
875 3141 1033 3198 Haud
1079 3141 1356 3213 quondam
1403 3141 1516 3197 haec
1561 3144 1738 3214 patris
1797 3145 2074 3229 prmissa

2286 3193 2288 3202 ›
2322 3161 2430 3216 Hoc
2455 3159 2614 3232 fortis
2641 3141 2809 3228 lVido,
2833 3158 2932 3216 hoc
2940 3141 3176 3232 populus
3204 3161 3497 3215 miseratus
3527 3161 3753 3216 amicos.

1161 3295 1168 3303 .
1841 3233 2074 3305 [dabam
2110 3301 2148 3320 η
2322 3250 2428 3306 Nec
2445 3249 2578 3304 adeo
2597 3250 2786 3320 fractae
2811 3250 2948 3303 vires
2969 3249 3252 3320 animique
3269 3248 3574 3315 labascunt,

571 3320 821 3410 (fidibus,
853 3318 1128 3410 Hesperia
1148 3301 1356 3392 quaevis
1378 3321 1688 3410 praedulcia
1715 3301 1863 3378 natis

2322 3339 2526 3393 Prcelia
2547 3339 2680 3408 quin
2707 3345 2960 3409 superent
2986 3353 3051 3393 ac
3071 3353 3190 3410 spes
3219 3339 3281 3393 in
3310 3345 3497 3394 nostra
3525 3337 3761 3395 cadendi

427 3409 536 3466 220
571 3407 920 3482 Spondentes.
982 3407 1232 3464 Revocate
1293 3408 1524 3480 gradum
1571 3414 1590 3464 !
1648 3410 1790 3479 Quid
1851 3410 2074 3468 dextera

2321 3429 2456 3484 Iura
2471 3407 2669 3482 solum.
2688 3457 2756 3466 -ο
2771 3407 3020 3492 iuvenes,
3054 3407 3184 3482 vitio
3213 3426 3484 3482 tabescitis
3503 3443 3691 3483 omnes

1889 3503 2076 3574 [Ροδδίι
2327 3515 2526 3584 Gentis,
2547 3514 2621 3570 ad
2655 3513 2776 3570 haec
2807 3513 3172 3586 victor,fandi
3197 3516 3330 3586 quia
3357 3516 3513 3588 copia
3541 3515 3692 3571 vobis

571 3588 714 3656 Haec,
747 3583 906 3642 hodie
931 3587 1182 3655 cernetis,
1217 3587 1272 3642 io
1298 3590 1317 3640 !
1343 3591 1424 3644 Ne
1463 3588 1616 3658 ﬁdite
1651 3605 1836 3658 cursu,

2286 3603 2566 3675 'Semper,
2622 3610 2674 3659 et
2729 3618 2820 3658 ore
2886 3583 3063 3673 magis
3119 3583 3286 3659 robur
3343 3583 3507 3674 quam
3564 3607 3844 3674 pectore;

574 3676 731 3733 Lecta
757 3679 990 3732 munus!
1017 3675 1258 3732 Frustra
1283 3675 1384 3732 sed
1409 3675 1564 3732 enim
1597 3677 1908 3752 compellat
1938 3680 2076 3736 aba-
3625 3693 3844 3766 [verum

1931 3771 2077 3841 [δίοε
2329 3782 2462 3836 Plus
2485 3781 2688 3836 dixisse
2735 3780 2907 3851 egisse
2945 3780 3080 3852 (37),
3140 3781 3326 3838 minus
3378 3789 3606 3838 taxatur
3635 3781 3842 3838 hones-

579 3849 865 3909 Fulminei
885 3849 1100 3908 virtute
1131 3852 1316 3910 ducis.
1339 3851 1614 3910 Desertus
1637 3855 1861 3924 amicis,
2767 3849 2777 3851 ἡ
2953 3849 2960 3852 ’
3041 3849 3047 3852 ’
3513 3854 3655 3924 [tum
3698 3854 3836 3927 (38).

577 3941 706 3996 Stat
732 3940 844 4013 (30)
871 3939 1116 3998 rationis
1145 3941 1661 4016 inops,utrumque
1692 3944 1976 4018 inglorius
1993 3964 2082 4004 ar-
2332 3942 2516 3998 Tollite
2545 3941 2791 3997 membra
2819 3945 3022 4010 tamen,
3067 3941 3225 3996 mitto
3257 3943 3389 4014 quia
3429 3942 3638 3998 lumine
3665 3943 3840 3998 cassis

1943 4036 2082 4108 [mis
2332 4030 2482 4099 Quod
2510 4032 2677 4086 restat
2696 4031 2897 4102 potius.
2928 4029 3139 4086 Miseret
3168 4032 3240 4086 tot
3269 4031 3426 4086 mille
3445 4032 3734 4104 jacentum

435 4118 544 4176 225
577 4117 887 4185 Abscedat,
909 4117 1162 4174 redivivo
1183 4118 1298 4190 (31)
1319 4119 1578 4177 animam
1614 4137 1845 4180 servare
1864 4124 2079 4194 duello,
2335 4121 2506 4177 Unius
2525 4119 2588 4176 ob
2604 4135 2828 4185 noxam,
2860 4119 3002 4174 luteo
3020 4120 3118 4190 qui
3144 4134 3366 4190 corpore
3393 4119 3589 4175 mundi

581 4205 866 4264 Redditus
880 4223 954 4263 an
977 4205 1235 4279 pulcram
1252 4214 1519 4282 properet
1538 4228 1642 4284 per
1664 4212 1908 4270 vulnera
1928 4231 2081 4270 mor-
2189 4211 2295 4266 265
2332 4209 2545 4265 Arcana
2571 4209 2771 4264 tribuit
2793 4209 2990 4277 ﬂatum
3022 4209 3237 4263 ratione
3272 4207 3514 4264 Creator.

1939 4300 1956 4374 [
1965 4307 2080 4359 tem
2332 4297 2437 4353 Illa
2465 4296 3116 4369 quidemvideatDeus.At
3145 4313 3256 4366 vos,
3288 4296 3498 4354 aethera
3527 4301 3738 4356 testor!

582 4382 1017 4440 Hostibus.Haec
1045 4400 1242 4441 secum
1274 4386 1468 4443 subito
1499 4387 1642 4444 dum
1675 4393 1869 4446 mente
1900 4395 2082 4446 retra-
2334 4389 2441 4443 Aut
2466 4387 2616 4443 Italis
2664 4387 2808 4441 Galli
2853 4387 3050 4442 celeres
3106 4385 3345 4442 abscdite
3369 4389 3553 4457 terris,

1921 4480 2080 4550 [ctat,
2334 4478 2436 4532 Aut
2467 4477 2604 4532 bello
2617 4478 2820 4548 fractas
2841 4477 3043 4531 iterum
3057 4475 3270 4532 densete
3287 4475 3398 4548 (39)
3430 4480 3678 4534 catervas
3705 4479 3838 4550 (40).

580 4560 740 4618 Unus
771 4561 936 4618 adest
963 4562 1245 4620 comitum
1270 4580 1337 4620 ac
1367 4563 1588 4636 rapidis
1631 4565 1961 4624 calcaribus
1981 4587 2080 4625 ur-
2333 4566 2462 4622 Haec
2493 4565 2595 4622 ubi
2625 4563 2926 4632 dicta,viri
2948 4581 3219 4638 gressum
3261 4569 3484 4622 vertere
3503 4565 3842 4640 frequentes

1917 4660 2084 4731 [gens
2114 4669 2162 4734 Ι)
2191 4657 2298 4712 270
2335 4655 2420 4710 Ad
2453 4653 2640 4710 socios
2666 4671 2679 4721 ;
2701 4652 3032 4726 tolluntque
3071 4653 3169 4709 citi
3193 4671 3301 4710 sua
3351 4654 3558 4712 funera
3607 4672 3839 4730 campo,

581 4740 714 4796 Jam
743 4739 1027 4812 torpentis
1044 4740 1179 4813 equi
1201 4739 1386 4796 latera
1411 4741 1634 4812 :Hospes
1654 4743 1861 4812 inclite,
1893 4745 2083 4819 Gallis,
2338 4741 2690 4815 Sandapilis,
2714 4741 2974 4799 reditura
3003 4741 3162 4798 tubis
3188 4746 3254 4798 ut
3283 4748 3496 4799 cuncta
3525 4744 3702 4800 ciebit

440 4829 550 4885 230
586 4827 918 4901 Inquit,abi.
951 4829 1177 4884 Penitus
1217 4829 1398 4884 nostri
1422 4843 1623 4886 cessere
1649 4833 1906 4904 manipli.
2339 4831 2592 4888 Nuntius
2611 4830 2844 4887 aetheria
2860 4847 3221 4904 praecurrens
3243 4848 3374 4888 arce
3388 4833 3734 4890 Tonantem.

2294 4959 2384 5098 33)
2424 4959 2505 5030 Cf.
2539 4957 2762 5028 Liudpr.
2799 4960 2995 5028 Antap.
3027 4958 3072 5022 Ι,
3104 4957 3191 5012 48.

2294 5033 2355 5084 34
2420 5031 2474 5084 V.
2507 5031 2748 5084 238-240
2794 5029 2982 5098 paucis
3024 5034 3191 5084 mutat

2507 5031 2748 5084 238-240
2794 5029 2982 5100 paucis
3024 5031 3251 5084 mutatis
3296 5045 3365 5085 ea:
3389 5029 3555 5086 Statii
3583 5029 3768 5103 Theb.,
3795 5048 3844 5088 υ.

2293 5104 2657 5242 35)(243-245
2679 5187 2749 5226 ex
2791 5171 2955 5227 Statii
2985 5171 3138 5227 Theb.
3163 5173 3256 5238 III,
3288 5189 3338 5227 v.
3373 5171 3556 5227 33—35.

2294 5245 2382 5317 36)
2414 5242 2633 5317 Glossa;
2665 5245 2772 5317 Pro
2803 5243 3134 5317 communis
3162 5243 3388 5317 syllaba
3423 5247 3512 5299 est
3541 5245 3742 5304 modo.

2294 5259 2362 5297 δι)
2417 5259 2633 5298 clossa:
2665 5259 2772 5298 rro
2803 5259 3134 5299 communis
3162 5259 3388 5317 syuana
3423 5259 3512 5299 esr.
3541 5259 3742 5304 moao.

2292 5259 2382 5386 37)
2413 5313 2549 5370 Plus
2580 5312 2795 5388 dixisse
2825 5330 3002 5384 quam
3033 5314 3222 5388 egisse
3255 5333 3268 5372 :
3329 5330 3434 5370 vox
3488 5331 3672 5386 quam
3729 5319 3845 5376 voci

539 4954 630 5011 27)
659 4957 966 5011 Desectum
995 4953 1076 5010 ed.

541 5021 633 5094 28)
665 5025 952 5082 Fluminis
981 5040 1028 5078 c.
1051 5021 1198 5094 apud
1226 5023 1528 5078 Hei-ustum.

540 5094 632 5168 29)
669 5095 748 5168 Cf.
789 5098 933 5166 Virg.
964 5097 1090 5168 Αἳῃ.
1123 5095 1204 5159 IX,
1237 5094 1360 5168 001.

543 5163 634 5224 30)
664 5163 741 5224 Ita
770 5163 1006 5222 correxi.
1037 5163 1156 5218 Sat.
1189 5165 1308 5219 edd.

543 5237 634 5307 34)
685 5237 871 5294 Glossa
912 5237 1307 5301 interlinearis,
1354 5253 1519 5307 quam
1549 5242 1758 5297 notavit
1787 5241 2040 5301 Heinsius
2070 5263 2089 5302 :

450 5308 778 5386 renascenti
799 5311 944 5386 post
972 5322 1198 5376 casum,
1230 5311 1586 5366 Burmannus
1613 5313 1864 5370 recidivo
1913 5318 2092 5386 legen-

449 5325 778 5438 senascentl
799 5325 944 5432 pose
972 5325 1198 5376 casum,
1230 5325 1586 5366 uurmannus
1613 5325 1864 5370 recndlvo
1913 5325 2074 5386 legen'

485 5394 912 5460 “’P_?O§J‘c."..
1029 5449 1040 5460 .
1114 5446 1159 5460 ..
1375 5449 1390 5460 .
1543 5452 1558 5460 -
1690 5454 1701 5460 -
1941 5457 1949 5460 -

2292 5325 2381 5386 :57)
2413 5325 2549 5370 Plus
2580 5325 2795 5369 lelSSB
2825 5330 2901 5384 qu

2286 5403 2388 5460 .sse
2420 5385 2784 5460 superscripta
2812 5393 2907 5440 est.

519 5451 630 5534 (32)
664 5446 946 5506 sententia
965 5449 1082 5504 est:
1114 5446 1229 5534 Nee
1259 5449 1843 5534 credashbomjnem
1874 5457 2090 5515 mirum
2207 5446 2382 5534 7:”(38)
2415 5446 2598 5534 Glossa
2611 5446 2702 5534 ’ἐπ’
2715 5471 2866 5524 mag.
2889 5473 2901 5511 :
2922 5455 3023 5514 Hic
3042 5474 3245 5516 versus
3267 5457 3580 5530 cujusdam
3608 5460 3839 5534 sapien-

445 5519 649 5599 sae'vir'e
677 5537 782 5592 per
827 5534 1071 5599 agmen,_
1121 5520 1220 5599 sed
1250 5519 1542 5599 (et_haud)
1573 5525 1767 5597 potius
1805 5535 2088 5597 monstra,
2199 5519 2390 5586 tis‘es't
2422 5526 2812 5599 Francigenze.

447 5593 637 5675 Libyas
657 5588 762 5664 per
782 5588 953 5663 agros
975 5588 1130 5675 pulv.
1169 5588 1408 5674 Valesius
1436 5588 1785 5675 miserum...
1811 5588 2088 5673 agmen":
2270 5601 2382 5675 (39)
2413 5604 2500 5675 (ta
2527 5615 2574 5675 c.

449 5663 859 5748 potius’quam
889 5665 1218 5721 monstra...
1249 5663 1495 5738 corrigit.
1817 5663 1883 5760 ἐ
1956 5757 1979 5760 ξ
2008 5759 2017 5760 7
2046 5759 2049 5760 ν
2269 5663 2382 5745 (40)
2411 5670 2494 5760 σί.
2532 5671 2678 5743 Virg.
2709 5669 2836 5728 ίΕη.
2861 5670 2973 5743 XII,
3005 5687 3056 5732 υ.
3083 5673 3214 5760 2613

1816 5757 2143 5827 examen
2185 5759 2402 5843 LIBER
2448 5757 2473 5840 ι

2271 4963 2287 5100 ἕ

2272 5106 2304 5157 4

2201 5105 2232 5158 4

2272 5175 2286 5246 (

2270 5247 2288 5439 ξ

2270 5459 2286 5529 (

2270 5547 2285 5670 ἱ
