3962 6400
209 440 366 503 1293
1059 436 1422 505 ΑΝΟΝΥΜΙ
1465 436 1773 503 ΡΑΝΕΕῪ

2059 439 2245 504 .ENG.
2291 437 2454 507 IMP.
2499 443 2646 506 LIB.
2691 444 2772 508 II.
3468 441 3623 507 1294

1173 642 1581 726 INCIPIT
1642 639 1962 724 LIBER
2025 639 2658 729 SECUNDUS.

384 789 652 845 Fluctuat
683 787 906 846 interea
939 789 1127 859 Wido,
1192 790 1515 862 crebroque
1563 791 1856 857 retractat,
1891 793 1944 856 Α
1973 790 2044 844 35
2080 789 2363 845 Collectos
2395 790 2570 846 etiam
2603 791 2764 847 ducit
2794 792 3110 849 Wilelmus
3142 792 3367 848 amicos

315 878 494 934 Milite
526 895 640 948 quo
675 878 892 934 bellum
921 884 1170 944 moveat,
1207 895 1333 950 qua
1368 882 1603 950 pectora
1654 877 1860 952 sollers
2076 879 2186 932 Ter
2216 882 2471 947 centum,
2505 879 2689 935 lorica
2719 881 2946 938 habiles
2976 882 3260 954 galeaque
3292 882 3574 949 minaces,

313 969 630 1023 Protendat
661 967 830 1023 ferro.
867 967 1091 1022 Placuit
1116 969 1408 1023 sententia
1438 967 1698 1034 demum,
2077 967 2189 1022 Nec
2214 967 2415 1038 jaculo
2447 985 2677 1041 segnes.
2711 969 2982 1026 Totidem
3015 971 3287 1044 propelilt
3317 969 3578 1027 Ubaldus

310 1055 593 1112 Sollicitet
623 1056 812 1128 patria
843 1057 1088 1129 populos
1121 1056 1329 1112 tellure
1359 1055 1611 1128 quietos,
3433 1060 3548 1132 (44)

236 1149 274 1202 5
313 1145 630 1201 Unanimes
662 1163 776 1216 quo
822 1145 975 1200 bella
1024 1146 1212 1200 ferant
1263 1145 1529 1216 viresque
1581 1144 1860 1199 reducant
2077 1144 2380 1199 Consimili
2413 1147 2657 1201 fervore.
2692 1147 2868 1203 Vacat
2893 1165 3008 1203 non
3041 1148 3294 1220 denique
3317 1148 3549 1222 vulgus,

311 1235 560 1302 Eﬂ'aatas,
596 1234 956 1305 paribusque
987 1233 1179 1290 solum
1213 1235 1514 1306 potiantur
1544 1233 1808 1288 habenis.
2077 1232 2338 1288 Instabili
2373 1239 2600 1290 motum
2635 1237 2832 1291 studio
2861 1236 3226 1310 modicisque
3259 1236 3581 1310 magistris,

311 1328 552 1380 Summe
607 1328 778 1390 Deus,
839 1323 940 1395 qui
1001 1328 1214 1379 cuncta
1272 1324 1450 1393 foves,
1509 1322 1606 1393 qui
1649 1326 1858 1377 cuncta
1965 1322 2033 1374 40
2073 1321 2314 1388 Profari,
2349 1324 2703 1395 quandoque
2735 1333 2974 1380 manent
3006 1326 3065 1380 hi
3099 1326 3243 1382 forte
3275 1327 3504 1383 labores

1527 1410 1782 1482 [creasti,
2073 1409 2447 1482 Doctiloquos
2473 1429 2486 1478 ;
2521 1411 2793 1468 mihimet
2823 1431 3121 1470 summam
3147 1415 3413 1488 tetigisse
3440 1415 3619 1472 duelli

311 1502 419 1566 Qui
450 1502 605 1574 regis
636 1501 879 1574 imperio
920 1501 1152 1570 coelum,
1188 1518 1365 1569 mare,
1401 1501 1612 1569 sidera,
1646 1504 1852 1568 terras,
3431 1503 3545 1576 (45)

308 1591 417 1654 Qui
468 1591 608 1646 facis
643 1595 800 1646 astra
850 1591 1067 1646 micent
1116 1594 1172 1645 et
1205 1590 1372 1663 signa
1417 1589 1693 1644 micantia
1724 1605 1853 1643 cur-
2070 1587 2352 1643 Sufﬁciat.
2388 1587 2642 1644 Veniunt
2667 1590 2866 1657 etiam,
2890 1591 3236 1648 discrimina
3265 1608 3471 1664 campo

1608 1680 1780 1748 (rant,
2069 1674 2174 1737 Qui
2209 1691 2395 1747 nuper
2425 1676 2700 1746 tulerant,
2735 1696 2977 1735 numero
3009 1684 3097 1736 ter
3113 1680 3292 1748 mille,
3317 1680 3616 1754 magistris

198 1772 272 1826 40
310 1771 389 1826 Te
420 1785 643 1842 precor,
709 1769 964 1836 intende,
1001 1774 1054 1823 et
1105 1768 1377 1822 mihimet
1435 1783 1708 1821 succurre
1763 1782 1852 1821 ro-
2071 1764 2330 1820 Conserti
2367 1765 2584 1836 pariter
2616 1767 2851 1839 stupido
2883 1770 3243 1825 restantibus
3276 1787 3411 1825 arvo

1594 1855 1779 1927 [ganti
1961 1851 2031 1904 45
2070 1852 2404 1908 Infandum.
2442 1854 2608 1909 Foret
2641 1855 2735 1911 his
2766 1857 2952 1912 satius
2974 1859 3259 1913 cecidisse
3289 1858 3506 1926 duello,

308 1950 386 2002 Ac
417 1964 626 2002 sensus
659 1947 900 2002 infunde
932 1964 1113 2016 meos,
1148 1946 1499 2001 commercia
1532 1943 1662 1998 belli
2065 1940 2249 2002 Quam
2286 1942 2530 1998 miseros
2561 1943 2776 2000 vidisse
2808 1945 2952 2001 dies.
2985 1947 3132 2002 Nam
3162 1947 3394 2020 dispare
3425 1949 3544 2004 fato

308 2036 655 2107 lllectosque
683 2036 860 2091 duces
893 2035 990 2089 vili
1025 2037 1368 2091 subnectere
1401 2034 1611 2089 charta:
2068 2029 2415 2101 Disperiere.
2488 2032 2666 2088 Jubet
2744 2035 2983 2090 tandem
3044 2035 3154 2107 (46)
3216 2037 3616 2094 Lamberticus

221 2119 225 2122 ’
309 2129 432 2190 Quo
463 2125 685 2181 valeam
713 2125 724 2179 l
759 2125 922 2180 Prior
949 2142 1110 2179 arma
1142 2126 1290 2196 rapit
1313 2126 1438 2195 jam
1470 2121 1726 2178 Gallicus
1758 2122 1852 2178 he-
1883 2160 1924 2199 η
3173 2126 3402 2197 [horror
3431 2127 3542 2199 (47)

1522 2213 1636 2281 {ros
1666 2212 1776 2282 (41)
1880 2208 1926 2224 υ
2070 2208 2432 2279 Praecipuum
2494 2211 2606 2281 (48)
2656 2215 2966 2281 truncare;
3031 2214 3126 2269 siti
3182 2214 3332 2286 perit
3379 2214 3524 2270 alter
3552 2215 3611 2270 in

308 2304 509 2360 Aerios
541 2303 790 2360 ducibus
825 2307 1050 2359 montes
1078 2302 1496 2374 superantibus
1527 2306 1758 2371 auctus,
3322 2302 3536 2374 (arvis;

200 2395 273 2449 15
308 2392 628 2448 Anscherio
661 2409 794 2447 cum
846 2393 1021 2447 fratre
1053 2391 1250 2459 simul,
1298 2390 1393 2462 qui
1419 2391 1553 2461 jure
1586 2393 1848 2461 protervo
2064 2383 2392 2456 Ungrorum
2425 2387 2585 2460 cupit
2614 2389 2899 2446 infaustas
2929 2391 3160 2448 differre
3189 2392 3434 2464 sagittas

309 2481 668 2553 Quingentos
699 2485 918 2536 acuunt
951 2479 1182 2552 propria
1210 2480 1279 2534 de
1309 2483 1478 2551 gente
1524 2478 1845 2545 ministros,
1956 2474 2027 2526 50
2067 2473 2320 2540 Tertius,
2355 2475 2470 2530 alta
2503 2476 2618 2546 poli
2651 2478 2880 2532 scandit
2905 2496 3296 2552 supremaque
3327 2481 3491 2553 ponti

311 2571 631 2627 Instructos
663 2569 857 2626 animo
889 2574 945 2624 et
976 2568 1206 2640 gladiis,
1253 2585 1356 2623 nec
1404 2568 1626 2622 viribus
1678 2567 1845 2621 infra.
2063 2561 2296 2629 Tristis,
2325 2567 2390 2619 ut
2421 2563 2692 2621 almiﬁcis
2723 2583 2850 2622 sese
2882 2567 3190 2624 sustollere
3221 2569 3468 2641 sceptris

309 2658 628 2716 Gauslinus
660 2664 747 2714 ter
775 2662 1007 2713 centum
1041 2657 1286 2729 equites,
1317 2658 1433 2712 fera
1465 2655 1614 2711 bella
1661 2656 1848 2710 voleu-
2065 2650 2230 2705 Forte
2263 2656 2455 2722 queat.
2493 2653 2806 2709 Hominum
2837 2673 2939 2727 pro
2973 2673 3138 2712 mens
3169 2658 3376 2730 ignora
3404 2657 3608 2714 futuri!

1644 2746 1771 2816 (tes,
2065 2739 2230 2794 Nunc
2263 2740 2414 2796 acies
2445 2740 2794 2813 glomerant,
2830 2744 3050 2800 bellum
3102 2763 3464 2818 numeroque
3500 2747 3610 2803 mi-

307 2835 680 2892 Prtecelerare
719 2837 926 2907 jubet;
997 2835 1214 2907 pariter
1262 2834 1560 2889 contendit
1599 2833 1847 2889 Ubertus
3300 2837 3543 2908 [nantur

196 2928 270 2980 20
332 2924 427 2980 Bis
457 2931 691 2981 centum
737 2943 838 2997 pro
899 2924 1072 2980 laude
1118 2924 1306 2992 viros;
1339 2923 1540 2978 eadem
1572 2923 1847 2978 omnibus
2067 2917 2371 2984 Lzetantes,
2408 2919 2751 2993 timidisque
2780 2923 2955 2978 etiam
2976 2924 3167 2980 brevis
3199 2925 3397 2981 addita
3425 2921 3612 2984 virtus

1593 3014 1780 3082 (arma
1957 3005 2028 3058 55
2066 3005 2172 3060 Per
2206 3007 2430 3063 medios
2464 3010 2634 3065 Wido
2668 3010 2988 3068 incendens
3021 3017 3284 3086 gratatur
3311 3015 3537 3084 amicis,

308 3104 373 3158 Et
403 3101 596 3159 cultus
652 3101 886 3170 similis,
919 3101 1240 3174 patriaeque
1305 3102 1363 3156 in
1397 3106 1627 3173 pectore
1673 3101 1845 3156 vires.
2068 3094 2448 3167 Exsultatquc
2505 3096 2618 3168 (49)
2656 3099 2891 3168 animis,
2951 3105 3007 3156 et
3051 3119 3153 3174 spe
3196 3103 3322 3174 jam
3355 3104 3616 3177 praecipit

305 3198 485 3247 Arma
514 3192 624 3264 (42)
651 3191 851 3264 legens
881 3191 1120 3246 inimica
1166 3191 1378 3245 iterum
1429 3190 1728 3262 Tyrrhena
1754 3190 1846 3262 ju-
3252 3192 3534 3262 [hostemz

1525 3281 1776 3350 “cutus,
2065 3271 2262 3334 Qualis
2292 3272 2390 3327 ubi
2423 3275 2690 3346 abruptis
2718 3277 2870 3350 fugit
2898 3281 3184 3351 praesepia
3206 3281 3414 3336 vinclis

309 3369 529 3443 Inclyta
560 3386 704 3442 gens
737 3371 983 3436 dudum,
1018 3375 1299 3441 terraeque
1331 3369 1626 3440 marisque
1657 3367 1849 3424 duello
2065 3360 2317 3414 Tandem
2349 3361 2497 3417 liber
2525 3380 2732 3435 equus,
2768 3384 3090 3440 campoque
3121 3369 3340 3441 potitus
3381 3374 3606 3445 aperto,

306 3462 456 3531 Apta
513 3459 678 3524 satis,
740 3459 912 3513 modo
973 3459 1074 3512 sed
1135 3457 1407 3512 maleﬁda
1464 3463 1518 3512 et
1577 3458 1845 3529 degener,
1885 3520 1919 3532 Α
2065 3450 2179 3502 Aut
2211 3449 2306 3504 ille
2335 3451 2391 3504 in
2426 3457 2628 3523 pastus
2660 3461 3039 3528 armentaque
3079 3459 3265 3514 tendit
3293 3475 3600 3532 equarum,

1599 3520 1774 3618 [υἶιιιο
1832 3520 1840 3522 -
1878 3520 1920 3586 C
1957 3537 2027 3590 00
2064 3541 2177 3592 Aut
2207 3520 2480 3596 assuetus
2512 3559 2676 3614 aquae
2702 3520 2972 3615 perfundi
3004 3547 3246 3604 flumine
3277 3520 3414 3604 noto

193 3640 269 3693 25
307 3635 465 3693 Bella
514 3636 713 3708 cupit;
774 3637 1106 3710 pariterque
1162 3636 1367 3692 cohors
1417 3636 1722 3692 Camerina
1752 3653 1848 3690 su-
2066 3626 2304 3693 Emicat.
2337 3629 2693 3703 arrectisque
2727 3633 2920 3690 fremit
2949 3635 3269 3692 cervicibus
3300 3638 3414 3692 alte

1568 3724 1780 3797 [perhn
2067 3716 2760 3793 Luxurians,luduntque
2779 3722 2935 3792 jubaa
2950 3724 3232 3796 percolla,
3248 3742 3351 3798 per
3380 3742 3597 3783 armos.

311 3815 548 3871 Munere
581 3819 875 3882 natorum,
909 3815 1247 3887 subigitque
1275 3813 1332 3868 in
1366 3814 1521 3869 bella
1550 3813 1779 3870 sodales
2135 3809 2402 3860 Senserat
2428 3805 2768 3865 horrisonos
2798 3812 3034 3867 tandem
3069 3813 3267 3870 saevire
3293 3813 3517 3872 furores

309 3903 484 3959 Μίιιο,
519 3903 637 3960 sua
667 3904 900 3969 virtute,
938 3905 1126 3977 magis
1177 3905 1278 3959 sed
1312 3903 1470 3975 prole
1503 3904 1752 3976 supinus
1783 3935 1848 3944 _
2065 3893 2434 3965 Armipotens
2469 3896 2614 3950 Latii
2647 3898 2844 3967 decus,
2879 3905 2934 3955 et
2965 3917 3100 3972 spes
3132 3901 3350 3975 inclyta
3379 3903 3514 3958 belli

309 3993 447 4048 post
475 3996 797 4048 monstrata
829 3993 970 4048 ﬁdes
997 4024 1064 4032 __
1095 3998 1336 4048 centeno
1369 3991 1552 4047 milite
1583 3991 1751 4047 laetus
1957 3983 2028 4036 65
2068 3985 2242 4037 Arma
2269 3983 2400 4049 ciet,
2452 3986 2972 4059 primisquevirum
2992 3992 3273 4064 regnique
3297 3993 3606 4050 ministris.

313 4083 539 4154 Pauper
593 4081 785 4136 adhuc
843 4081 1109 4136 Albricus
1164 4081 1304 4147 abit,
1331 4082 1456 4152 jam
1495 4083 1738 4153 jamque
1770 4097 1852 4136 rc-
2070 4071 2243 4127 Οοίυ8
2276 4074 2489 4129 “(Vitas
2525 4084 2733 4148 cogant
2764 4077 2823 4133 in
2856 4079 3054 4151 Prinlia
3082 4086 3332 4150 turmas.

1575 4170 1781 4241 [sultat
2065 4160 2340 4232 Imperat,
2375 4180 2439 4218 ac
2472 4163 2623 4220 latas
2646 4171 2895 4223 vacuent
2925 4167 3325 4226 habitantibus
3358 4171 3553 4227 urbes.

191 4262 266 4316 30
305 4259 419 4331 Spe
473 4258 778 4314 Camerina
827 4259 960 4330 (45).
999 4259 1230 4314 Utinam
1292 4259 1450 4314 dives
1506 4258 1631 4314 sine
1665 4275 1755 4314 mo

2061 4250 2258 4306 Jussio
2290 4253 2452 4306 torva
2487 4270 2686 4310 means
2718 4255 2861 4311 Italo
2885 4257 3012 4327 jam
3044 4259 3291 4330 perfurit
3319 4276 3477 4326 arvo,

1494 4347 1772 4419 [soladisg
2064 4339 2424 4395 Conveniant
2457 4359 2640 4398 nocuo
2672 4361 2877 4400 rursus
2902 4345 3212 4403 decernere
3245 4348 3414 4404 ferro.

303 4435 474 4502 Quid,
507 4435 842 4506 furibunde,
874 4438 1020 4505 ruis,
1054 4438 1228 4493 sociis
1261 4439 1331 4492 ad
1366 4438 1613 4492 crimina
1660 4437 1847 4505 lectis,

2063 4425 2201 4489 Quis
2261 4428 2355 4498 pia
2378 4431 2515 4500 jura
2575 4431 2804 4503 placent
2865 4439 3032 4491 notas
3091 4437 3297 4492 exinde
3350 4438 3463 4509 (50)
3504 4453 3606 4512 per

305 4525 575 4598 Ragineri
599 4525 627 4580 ?
657 4525 780 4582 Non
812 4525 1056 4582 consilio
1092 4544 1195 4582 nec
1224 4527 1441 4582 viribus
1473 4525 1630 4592 ullis,
3336 4527 3532 4593 [urbes

307 4613 592 4680 Vincitur,
627 4615 874 4671 aethereo
905 4633 1114 4672 causas
1147 4616 1246 4688 qui
1280 4620 1485 4687 pensat
1514 4614 1757 4688 Olympo

2061 4600 2212 4656 Laeta
2244 4618 2474 4670 novare,
2507 4607 2670 4662 nefas
2702 4609 2901 4664 ardet!
2936 4612 3026 4666 Sic
3059 4618 3307 4684 praepete
3331 4619 3494 4669 motu

303 4704 531 4775 Quique
562 4704 912 4777 Berengario
945 4705 1213 4762 Latinum
1249 4705 1539 4762 concessit
1589 4705 1836 4762 avitum.
2059 4690 2245 4744 comit
2304 4708 2488 4763 equos
2547 4699 2828 4769 artusque
2888 4701 3021 4755 terit
3051 4702 3160 4773 (51)
3219 4701 3456 4757 thorace
3498 4703 3602 4774 λυ·

3274 4795 3522 4857 [ventus.

263 4854 378 4921 (41)
417 4854 590 4910 Wido.

754 4929 948 4998 Antap.
989 4931 1028 4995 I;
1064 4930 1149 5010 17.
1479 4998 1487 5008 .
1876 4895 1922 4958 D
1955 4929 2053 5002 qui
2112 4930 2384 5015 tibicines
2432 4940 2730 5005 vocantur,
2787 4939 3003 5010 quibus
3054 4942 3228 4997 datur
3274 4940 3492 5015 aliquid
3529 4945 3600 5000 ad

289 4997 379 5062 43)
411 4997 640 5053 Glossa:
671 4998 814 5053 Nam
849 4999 1217 5054 Camerinum
1269 4999 1589 5054 marcluam
1644 5003 1846 5067 postea
1957 5003 2142 5058 solam
2202 5008 2369 5060 metri
2421 5010 2929 5067 sustentationem.
2993 5014 3092 5067 Est
3123 5019 3316 5067 autem
3364 5015 3600 5067 tibicem

289 4997 379 5071 43)
411 4997 596 5053 Glossa
623 5016 640 5052 :
662 4997 814 5053 Nam
849 4997 1217 5054 Camerinum
1269 4998 1589 5054 marcbiam
1644 5003 1846 5070 postea
1957 4997 2142 5058 solam
2202 5006 2369 5060 metri
2421 4997 2929 5067 sustentationem.
2993 5014 3092 5068 Est
3123 4997 3316 5070 autem
3364 4997 3601 5071 tibicem

194 5068 403 5155 tenuit.
438 5073 792 5155 Certum‘est
823 5072 1312 5155 quodﬁlberi‘cus
1369 5068 1658 5155 interfecit
1687 5087 1843 5151 com-
1957 5075 2188 5155 proprie
2222 5076 2379 5130 furca
2398 5080 2662 5155 apposita
2694 5082 2762 5136 ad
2779 5068 3598 5143 sustentationemi‘ruentium

194 5145 421 5223 patrem
454 5157 629 5196 suum
659 5141 968 5222 _Widonem
991 5141 1049 5222 in
1073 5148 1268 5213 ponte,
1291 5141 1541 5267 cutpidus
1573 5142 1755 5196 honor

191 5213 444 5294 ideoque
475 5216 635 5284 optat
659 5217 767 5295 iste
799 5230 1128 5294 pervenisse
1145 5231 1276 5269 eum
1312 5231 1344 5268 a
1405 5212 1637 5268 culmen
1671 5211 1755 5268 ho}

2039 5141 2244 5200 rietum
2273 5165 2286 5214 ;
2321 5141 2786 5208 unde-Juvenalis
2808 5155 2908 5221 ait,
2942 5141 3418 5214 deincommodis
3441 5141 3603 5214 urbis

2039 5233 2202 5286 luens
2230 5237 2304 5295 ζα
2339 5221 2455 5295 Nos
2479 5223 2680 5295 urbem
2704 5224 3016 5284 incolimus
3054 5229 3468 5286 tenuitibicine
3492 5229 3602 5286 ful-

195 5291 611 5366 ris_sinenece
641 5291 834 5366 amici:
893 5360 902 5366 _
1040 5357 1058 5366 _
1103 5357 1160 5366 Μ
1956 5291 2335 5366 ῐᾶφλῆ-(δαιέ
2365 5294 2398 5346 3
2429 5311 2478 5348 υ.
2515 5294 2661 5366 193.)

269 5355 503 5451 ςῑίέι.)94
539 5355 996 5451 “My-ff“!!-
1033 5357 1298 5451 ’λέ-,η-
1351 5442 1403 5451 ..
1492 5431 1511 5451 .
1550 5427 1577 5451 ,ι

1555 5425 1802 5451 imum“
1832 5443 1844 5451 .
2175 5355 2920 5451 λβιαηξίζθνειιδεήινίέίοηὶδ
2951 5371 3119 5451 ﬁlias.

269 5361 383 5426 (44)
539 5361 764 5438 Liudpr.
798 5361 996 5428 Antap.
1033 5361 1073 5424 I,
1101 5361 1190 5410 21.
1289 5426 1298 5435 _
1832 5443 1844 5455 ο
2029 5361 2141 5501 (47)
2175 5361 2217 5424 Ι,
2247 5378 2277 5416 e
2306 5361 2652 5448 Lambertus,
2685 5368 2920 5424 l'l’z'donis
2951 5371 3120 5453 ﬁlias.
3431 5446 3440 5457 ⁸

263 5426 644 5517 (eminisci
668 5429 1076 5517 Distatautem
1103 5425 1435 5517 iduelliium_
1459 5425 1845 5517 etiduellulmg,
1998 5508 2012 5517 Δ
2054 5431 2142 5517 48)
2176 5431 2883 5517 θ¹1οξδαῆὶῦίᾶεϐΠΙΪΓϐάυω
2916 5444 3248 5515 Signiﬁcat;
3280 5446 3350 5515 cf.
3373 5443 3601 5517 Ltudpr.

186 5513 348 5572 nam
364 5496 653 5572 duellium
683 5503 773 5572 est
801 5499 1068 5572 spatium
1094 5516 1208 5570 quo
1228 5497 1445 5572 bellum
1466 5501 1750 5572 praeparat

875 5499 1068 5572 atium
1094 5516 1208 5570 quo
1228 5497 1445 5572 bellum
1466 5501 1847 5572 praeparatur,
1963 5496 2237 5572 Antapod.
2275 5506 2314 5569 1,
2348 5507 2435 5562 38.

186 5567 459 5657 duellum
502 5568 717 5657 dicitur
746 5567 873 5642 ipse
901 5567 1232 5657 conflictus:
1287 5569 1401 5624 Alii
1458 5567 1663 5625 dicunt
1693 5586 1750 5641 qi

2283 5567 2515 5657 56-62.
2568 5598 2637 5637 ex
2672 5585 2810 5657 Virg.
2872 5587 2996 5642 ίΕη.
3054 5587 3137 5656 XI,
3188 5603 3238 5642 υ.
3273 5587 3599 5652 491.“!197.

189 5574 459 5625 duellum
502 5574 717 5625 dicitur
746 5574 873 5642 ipse
901 5574 1227 5626 conflictus.
1287 5574 1401 5624 Alii
1458 5574 1663 5625 dicunt
1693 5574 1848 5641 quod
2055 5574 2122 5626 49
2183 5575 2232 5629 ν.
2283 5577 2461 5632 56-6

189 5639 460 5699 duellum
495 5641 571 5696 sit
602 5659 705 5715 pro
753 5659 836 5698 r1e
865 5643 1171 5699 conﬂictus
1201 5643 1473 5698 duorum.
2051 5645 2122 5698 5O
2175 5645 2384 5703 Excide
2415 5665 2462 5704 ε.

263 5711 378 5796 (46)
409 5711 630 5774 Glossa:
691 5660 875 5774 θᾶσαι
931 5713 1148 5775 tandem
1189 5718 1246 5774 et
1275 5717 1366 5774 est
1417 5728 1624 5774 versus
1667 5711 1754 5770 de
1778 5710 1854 5774 iis
2030 5574 2144 5798 itit;
2176 5716 2256 5798 Cf.
2289 5717 2333 5778 Ι.
2365 5720 2462 5780 169

263 5711 378 5796 (46)
409 5710 630 5774 Glossa':
691 5710 875 5774 Vacat
931 5713 1148 5775 tandem
1189 5718 1246 5774 et
1275 5717 1366 5774 est
1417 5728 1624 5774 versus
1667 5711 1754 5770 de
1778 5710 1827 5769 ii:

931 5713 1148 5775 tandem
1189 5718 1246 5774 et
1275 5717 1366 5774 est
1417 5728 1624 5774 versus
1667 5711 1754 5770 de
1778 5710 1854 5774 iis
2031 5710 2144 5798 (51)
2176 5716 2256 5800 Cf.
2289 5717 2333 5778 Ι.
2365 5720 2489 5784 169.
