3962 6392
215 436 373 510 1297
1068 445 1431 512 ANONYMI
1472 447 1870 511 PANEGYR.
1911 446 2250 513 BERENG.
2293 446 2459 512 IMP.
2502 445 2656 513 LIB.
2698 442 2777 513 II.
3463 430 3622 510 4298

357 579 627 636 Extremo
657 577 833 653 galeae
858 579 1165 654 primoque
1199 583 1259 637 in
1290 583 1556 655 margine
1606 599 1823 656 parmae
1888 581 1944 650 Α
2116 582 2205 638 Sic
2230 586 2415 654 genus'
2429 598 2587 639 omne
2615 591 2773 639 tuum
2798 583 3044 655 propriis
3071 580 3415 639 discrimth
3448 582 3618 659 arvis,

359 668 578 725 Semita
609 687 726 741 qua
756 669 947 739 lucet;
981 670 1183 726 clausa
1213 672 1553 744 spiraminis
1577 673 1794 729 haustu
2121 674 2184 729 Ut
2211 675 2412 743 fratres
2440 672 2576 728 Italo
2608 680 2790 728 torvus
2817 673 3084 728 discernis
3111 673 3171 728 in
3195 687 3325 746 agro
3357 675 3378 726 !
3598 666 3603 671 ’

358 756 519 813 Ilicet
548 758 816 831 oppetiit,
848 759 1102 816 Moriens
1135 760 1361 817 telluris
1386 760 1635 817 alumnae
2119 760 2220 817 His
2250 760 2444 829 dictis,
2476 760 2631 817 volat
2660 760 2884 833 ingenti
2914 760 3163 817 stridore
3194 776 3298 834 per
3327 776 3501 833 auras

210 847 320 903 155
358 846 562 903 Infelix
589 863 853 919 caraeque
884 849 1094 904 domus
1118 849 1535 919 reminiscitur,
1570 854 1744 923 atque
1978 850 2083 904 195
2120 849 2330 921 Cuspis
2361 849 2419 904 in
2453 850 2807 916 adversum;
2836 849 3035 922 clypeo
3066 849 3165 905 sed
3197 847 3370 921 pulsa
3410 846 3627 922 rigenti

356 935 585 991 Damna
608 936 780 991 modo
813 935 994 991 Latiis
1008 937 1146 1008 quia
1160 937 1319 993 venit
1348 938 1594 1010 adeptus
1615 937 1675 993 in
1693 938 1864 994 arvis.
2119 937 2346 1011 Alipedi
2374 938 2533 994 vadit
2564 942 2813 993 mortem
2843 938 3038 994 latura
3066 936 3338 1011 superbo.

354 1024 502 1080 Hinc
532 1025 687 1080 acies
719 1024 992 1096 sequitur
1022 1042 1168 1082 caeso
1209 1027 1487 1094 ductore;
1520 1027 1777 1099 furitque
2120 1027 2223 1083 Hic
2253 1030 2502 1082 mortem
2558 1025 2828 1083 Albricus
2885 1030 3134 1105 caperet,
3193 1026 3309 1083 nisi
3363 1025 3631 1113 proxima

354 1110 702 1167 Ascherium
757 1116 1027 1168 sternens
1079 1112 1249 1169 heros
1309 1114 1584 1170 Atesinus
1641 1116 1752 1187 (62)
1811 1118 1869 1170 et
3347 1113 3556 1187 [virtus

1366 1203 1605 1274 [Othum
1637 1204 1749 1275 (63)
1777 1223 1790 1272 ;
2119 1205 2370 1261 Tolleret
2396 1204 2551 1260 hunc
2557 1205 2845 1276 juvenum
2862 1203 3039 1261 sociis
3059 1206 3116 1260 et
3137 1203 3404 1260 redderet
3416 1202 3620 1260 armis.

357 1290 699 1347 Comminus
739 1290 892 1346 hunc
909 1294 1182 1359 stantem,
1216 1293 1381 1346 metit
1418 1291 1866 1365 huncapoplite
2118 1293 2354 1350 Milibus
2388 1294 2500 1366 (68)
2530 1294 2590 1348 in
2652 1292 2864 1349 mediis
2910 1293 3169 1351 vadens:
3230 1292 3370 1362 Quid
3422 1286 3631 1350 inertia

1507 1381 1757 1454 [sectum
3395 1382 3556 1449 [bello

212 1469 319 1525 160
355 1468 605 1542 Cuspide
634 1469 1116 1527 transmissa.His
1149 1470 1338 1526 socios
1370 1470 1700 1526 demitteret
1734 1488 1864 1527 um-
1973 1474 2080 1528 200
2120 1474 2368 1540 Pectora,
2399 1472 2652 1528 Ubertus
2683 1471 2946 1540 ait,duris
2974 1470 3317 1543 praetenditis
3344 1472 3518 1543 armis

1616 1559 1758 1630 [bris
2117 1563 2157 1618 0
2186 1563 2313 1618 Itali
2329 1564 2354 1615 .9
2374 1563 2565 1617 Potius
2591 1560 2739 1616 vobis
2766 1575 2926 1616 sacra
2945 1560 3146 1635 pocula
3165 1557 3336 1629 cordi,

356 1647 719 1715 Innumeros,
790 1649 849 1703 ni
907 1648 1284 1705 Rhodanicus
1355 1665 1699 1705 succurrere
1757 1650 1864 1705 du-
2117 1649 2324 1722 Saepius
2352 1653 2404 1705 et
2424 1650 2763 1706 stomachum
2789 1648 2984 1705 nitidis
3013 1648 3207 1704 imre
3224 1649 3452 1721 saginis,

1508 1742 1655 1810 [ctor
1681 1739 1795 1809 (64)
2115 1740 2408 1811 Elatasque
2435 1739 2618 1795 domos
2646 1738 2817 1795 rutilo
2845 1739 3052 1810 farcire
3077 1738 3341 1795 metallo!

353 1825 724 1894 Admonitus,
760 1826 929 1883 fessis
960 1828 1154 1883 subito
1185 1828 1408 1884 adforet
1433 1827 1589 1883 ultor
1639 1828 1862 1883 amicis.
2116 1830 2236 1884 Non
2264 1828 2447 1884 eadem
2483 1827 2663 1883 Gallos
2692 1827 2898 1883 similis
2924 1827 3011 1883 vel
3037 1843 3173 1883 cura
3199 1814 3488 1895 remordet,

356 1915 431 1971 Ut
460 1913 636 1986 lupus
667 1915 725 1970 in
757 1917 981 1988 campis
1006 1917 1260 1988 pecudes
1289 1933 1424 1972 cum
1454 1916 1598 1972 vidit
1626 1917 1862 1988 apertis,
1895 1947 1942 2011 B
2121 1918 2334 1974 Vicinus
2363 1916 2561 1988 quibus
2607 1925 2659 1972 et
2680 1915 2925 1971 studium
2952 1916 3456 2011 devincereterras,

355 2004 479 2060 Non
510 2004 718 2062 ductor
755 2004 948 2078 gregis
995 2005 1121 2077 ipse
1179 2021 1394 2076 comes,
1454 2022 1568 2061 non
1630 2006 1867 2062 horrida
1895 2004 1937 2011 ”
2120 2011 2545 2079 Depressumque
2575 2006 2747 2061 larem
2774 2005 2968 2077 spoliis
2996 2004 3125 2059 hinc
3151 2004 3280 2061 inde
3306 2005 3504 2061 coactis

1604 2097 1620 2166 f
1625 2099 1803 2150 terret
2117 2095 2431 2152 Sustentarc
2451 2100 2470 2149 !
2504 2095 2680 2151 Miser
2706 2109 2877 2151 voces
2908 2094 3049 2150 dum
3074 2092 3229 2149 tollit
3254 2091 3492 2163 inertes,

210 2182 322 2238 165
357 2183 556 2238 Turba
585 2199 797 2238 canum
828 2201 841 2252 ;
877 2184 1014 2252 ruit,
1045 2200 1110 2240 ac
1142 2188 1262 2240 toto
1298 2184 1534 2240 desaevit
1576 2184 1637 2239 in
1687 2201 1860 2240 arvo:
2116 2185 2296 2241 Hasta
2325 2184 2486 2241 subit
2516 2183 2773 2239 latebras
2807 2182 2990 2239 animi
3018 2178 3281 2238 scrutata
3319 2181 3556 2254 superbi

244 2306 247 2307 ν
357 2272 526 2327 Haud
551 2272 718 2328 aliter
741 2273 972 2328 dierum
1001 2272 1197 2328 Wildo
1230 2290 1293 2329 se
1320 2273 1473 2329 tollit
1522 2274 1581 2328 in
1612 2290 1825 2346 aequor.
2115 2273 2385 2329 Wilfredi
2417 2273 2631 2329 librata
2660 2288 2842 2328 manu
2874 2288 3050 2345 super
3078 2270 3318 2345 horrida
3349 2270 3557 2327 fantis:

358 2359 460 2415 Hic
489 2359 711 2416 celsum
743 2362 896 2432 quod
929 2362 1114 2417 cernit
1143 2379 1293 2434 equo
1325 2364 1561 2419 turbare
1599 2362 1829 2419 sodales
1971 2362 2077 2418 210
2114 2364 2321 2434 Infelix
2352 2362 2521 2431 Galle,
2555 2362 2816 2417 Ausonios
2847 2377 2917 2416 ne
2943 2359 3122 2416 dicere
3153 2360 3341 2432 pigros

357 2448 641 2504 Erardum
673 2449 1010 2522 indignans,
1046 2468 1161 2506 uno
1192 2452 1308 2507 duo
1341 2468 1585 2524 corpora
1641 2453 1791 2508 ferro
2112 2455 2215 2508 Fas
2247 2452 2368 2519 tibi,
2400 2452 2465 2506 ni
2490 2450 2682 2523 fallor,
2709 2448 2899 2518 digitis
2929 2451 3166 2521 impacta
3203 2448 3445 2504 monebit

357 2536 865 2610 Gornipedemque
912 2539 1286 2611 equitemque
1344 2541 1504 2596 fodit.
1571 2541 1709 2596 Ruit
1736 2528 1742 2537 ’
1765 2540 1863 2597 ille
2114 2543 2279 2597 Hasta
2305 2541 2475 2596 meis!
2503 2538 2649 2594 Visu
2679 2537 2776 2594 ille
2804 2537 2953 2594 truci
2985 2538 3126 2593 dum
3152 2536 3438 2609 prospicit
3481 2536 3619 2619 hos-

1495 2632 1790 2701 [ruentem
3350 2628 3510 2697 [tem,

208 2712 318 2772 I70
356 2715 420 2772 In
451 2715 779 2786 dominum,
812 2716 1114 2790 lapsisque
1171 2735 1349 2774 manu
1395 2717 1709 2790 querentis
1758 2717 1859 2772 ha-
2114 2718 2438 2785 Labitur,et
2461 2716 2647 2789 carpit
2670 2714 3060 2772 moribundus
3083 2714 3359 2784 dentibus
3380 2714 3617 2783 herbas.

1576 2806 1786 2877 [henis,
2218 2807 2314 2862 Hae
2346 2806 2574 2862 diversa
2602 2805 2661 2860 in
2693 2808 2860 2877 parte
2894 2803 3049 2861 vices
3087 2808 3407 2877 utrumque
3450 2805 3620 2861 cade-

354 2893 419 2951 In
448 2893 615 2950 vultu
636 2894 862 2968 galeam
889 2895 1273 2969 clypeumque
1303 2897 1362 2953 in
1386 2911 1625 2969 corpore
1655 2894 1860 2965 calcat,
3361 2893 3546 2966 [bant.

351 2982 599 3039 Saucius
629 2986 886 3039 extremo
918 2985 1103 3040 donec
1130 3002 1267 3040 cum
1311 2985 1600 3058 sanguine
1631 2984 1826 3040 frenos
1968 2987 2079 3042 215
2117 2985 2331 3042 ΒεθνὶοΓ
2363 2987 2422 3040 at
2453 2983 2688 3040 miseris
2716 2982 2900 3040 instat
2929 2985 3202 3056 regnator
3230 2982 3490 3039 Etruscis

349 3071 614 3144 Respuit,
646 3076 705 3128 et
734 3072 935 3129 iuncta
964 3073 1201 3130 domino
1230 3075 1450 3130 cervice
1482 3073 1787 3130 recumbit.
2114 3074 2406 3147 Hesperiae
2423 3073 2816 3145 timidumque
2832 3072 3259 3130 vocatWidona
3275 3087 3620 3146 peragmen,

351 3160 572 3232 Otgarii
604 3162 736 3233 (65),
781 3161 1023 3217 comites
1063 3163 1266 3218 rabido
1297 3163 1549 3218 clamore
1577 3160 1858 3228 vocantis,
2114 3164 2206 3220 Nil
2238 3163 2476 3236 vulgare
2506 3162 2728 3235 legens,
2761 3163 2863 3217 sed
2896 3179 3024 3234 quae
3053 3160 3409 3234 dignissima
3434 3161 3553 3217 vita

205 3250 315 3304 175
352 3248 468 3305 Ora
492 3248 627 3304 ferit
650 3249 869 3306 framea
896 3269 909 3319 ;
937 3255 1187 3323 pereunt
1217 3252 1529 3307 conamina
1560 3251 1717 3307 vocis
1897 3310 1931 3323 Α
2115 3255 2364 3323 Funera,
2425 3250 2751 3323 pracipuos
2798 3250 2969 3305 annis
3018 3248 3351 3322 animisque
3381 3252 3618 3306 cruento

351 3338 680 3410 Intercepta
735 3310 958 3395 cruore:
994 3339 1132 3395 Milo
1175 3356 1376 3396 verum
1434 3357 1597 3396 arma
1627 3339 1857 3395 cadenti
1891 3310 1932 3377 (ἶ
2116 3342 2249 3397 Fert
2275 3310 2470 3413 gladio
2496 3357 2509 3394 :
2539 3310 2866 3395 inbumeris
2897 3337 3008 3411 (69)
3037 3335 3216 3393 veluti
3238 3310 3327 3394 leo
3350 3337 3499 3405 forte
3513 3354 3615 3411 po-

354 3427 503 3481 Dum
532 3426 705 3498 rapit,
738 3426 938 3483 infelix
970 3427 1114 3483 Itala
1145 3429 1527 3501 deprenditur
1557 3429 1745 3496 hasta,
3374 3422 3541 3499 [titus

354 3518 438 3570 Ac
457 3514 715 3573 moriens
736 3515 1226 3590 linquitclypeum
1246 3517 1638 3591 hostilemque
1655 3533 1859 3574 suum-
1966 3521 2073 3576 220
2111 3519 2399 3588 Caedibus,
2434 3516 2700 3573 imbelles
2727 3515 2940 3572 vitulos
2970 3514 3291 3589 mollesque
3327 3513 3611 3586 juvencas

1656 3609 1812 3679 [que.
2111 3607 2520 3674 Transmittit;
2582 3621 2795 3678 magno
2853 3605 3016 3661 furor
3071 3607 3164 3661 est
3216 3602 3279 3660 in
3325 3603 3612 3677 sanguine

360 3692 586 3748 Auxilio
614 3692 854 3749 collecta
882 3695 1043 3752 subit
1071 3696 1308 3752 tandem
1337 3698 1574 3753 Ausona
1619 3696 1824 3768 pubes.
3353 3691 3562 3766 [ωθνεί

215 3782 322 3838 180
358 3779 584 3837 Bellum
616 3782 824 3854 ingens
855 3784 1058 3839 oritur.
1095 3784 1346 3840 Multum
1395 3785 1531 3841 hinc
1584 3784 1863 3856 illincque
2115 3786 2230 3841 Nec
2262 3784 2374 3841 nisi
2403 3784 2701 3858 regnantis
2733 3781 2952 3839 cervice
2983 3782 3320 3847 recumbere
3368 3780 3544 3838 tauri.
3595 3840 3602 3849 ,

1547 3872 1794 3944 [cruoris
2114 3874 2446 3929 Wifrcdum
2470 3873 2569 3928 sed
2592 3871 3001 3944 enimsonipes
3022 3870 3175 3927 male
3186 3870 3339 3928 ﬁdus
3355 3870 3417 3926 in
3439 3868 3619 3927 armis

354 3959 665 4026 Funditur,
700 3962 756 4015 et
786 3960 925 4015 totis
953 3965 1299 4016 sternuntur
1347 3979 1589 4034 corpora
1618 3962 1863 4034 campis.
2120 3965 2507 4035 Rumpentem
2541 3962 2736 4017 frenos
2766 3961 2994 4017 diversa
3029 3977 3134 4033 per
3161 3959 3401 4035 agmina
3427 3962 3621 4033 raptat

290 4120 295 4129 ν
349 4047 499 4103 Nam
528 4047 757 4103 varium
790 4048 1026 4104 virtutis
1057 4051 1174 4121 (66)
1205 4052 1544 4122 opus.Nunc
1576 4052 1749 4107 turba
1780 4069 1867 4107 re-
1977 4055 2085 4110 225
2121 4052 2254 4108 Jam
2281 4051 2470 4127 liber._,
2503 4050 2585 4106 sic
2636 4050 2791 4105 fessa
2838 4065 3069 4105 manus.
3119 4046 3292 4104 Venit
3323 4047 3496 4106 hasta
3523 4064 3626 4121 per

1603 4139 1801 4214 [cedit,
3332 4139 3555 4211 [armos

354 4225 518 4280 Nunc
543 4225 781 4299 premit,
815 4244 880 4283 ac
910 4226 1135 4283 vicibus
1157 4227 1427 4284 tellurem
1453 4228 1668 4285 amittit
1688 4234 1744 4285 et
1764 4246 1867 4285 au-
1994 4278 2000 4286 .
2122 4228 2430 4302 Principis,
2461 4232 2519 4284 et
2557 4227 2765 4283 laevum
2806 4226 3007 4299 juveni
3056 4226 3487 4291 transverberat
3531 4226 3622 4281 in-

1641 4318 1795 4392 [l‘ert.
3353 4316 3554 4389 [811911.

349 4403 423 4459 Ut
453 4404 641 4460 ventis
673 4404 1008 4479 nimbisque
1032 4407 1231 4461 minax
1257 4423 1390 4462 cum
1417 4407 1872 4464 solvithabenas
1949 4465 1953 4470 ,
2124 4408 2559 4478 Labentemque
2592 4407 2779 4480 afﬁgit
2809 4423 2979 4479 equo.
3009 4404 3182 4479 Fugit
3208 4404 3306 4462 ille
3325 4407 3625 4481 perempto

198 4493 312 4549 485
346 4493 458 4547 Aer
488 4493 623 4565 (67),
647 4492 872 4549 alterno
926 4495 1241 4567 proﬂigene
1286 4495 1523 4551 turbine
1579 4496 1869 4550 mundum
2121 4496 2434 4551 Consertus
2465 4495 2721 4563 domino,
2756 4512 2862 4551 nec
2882 4496 3010 4566 jam
3041 4510 3206 4551 arma
3234 4498 3337 4551 aut
3363 4494 3528 4550 frena
3545 4496 3626 4550 te-

347 4580 476 4635 Stat
505 4581 637 4636 coeli
669 4582 899 4638 diversa
930 4583 1083 4639 acies
1116 4601 1127 4638 :
1163 4601 1320 4639 nunc
1352 4584 1555 4640 fortior
1589 4583 1795 4649 austri,
3292 4586 3551 4653 [ﬂentem

347 4668 516 4725 Nunc
560 4669 1272 4743 aquilonishiems,donec
1288 4676 1584 4747 pugnante
1608 4670 1864 4745 procella
1890 4677 1938 4741 D
2110 4673 2308 4727 Portat
2332 4671 2524 4727 adhuc
2583 4672 2861 4743 equitem.
2918 4671 3138 4728 Fratris
3176 4671 3305 4742 jam
3353 4669 3622 4739 membra

349 4758 467 4813 Aut
497 4757 698 4815 nimiis
731 4758 825 4814 hic
852 4760 992 4816 vicit
1022 4760 1220 4832 aquis,
1248 4766 1350 4816 aut
1376 4760 1473 4816 ille
1503 4778 1728 4817 sereno.
3287 4756 3553 4834 [regebat

345 4845 448 4901 Hic
479 4846 632 4902 videt
656 4848 1013 4904 Anscherius
1046 4850 1287 4905 fratrem
1311 4849 1451 4921 quia
1470 4848 1708 4905 vulnere
1738 4847 1853 4903 labi
1960 4852 2067 4906 230
2103 4849 2401 4905 Arduinus
2432 4864 2603 4921 equo,
2636 4847 2778 4903 laeva
2809 4848 2922 4921 (70)
2954 4845 3276 4915 marcentia
3304 4844 3456 4902 colla

198 4932 308 4989 190
343 4933 579 5003 Albrici,
606 4936 871 5008 ingemit,
906 4953 970 4992 ac
999 4937 1199 5009 rapido
1254 4937 1559 4993 conanime
1596 4938 1777 4993 telum
2100 4940 2449 4995 Sustentans
2479 4938 2798 5009 dextraque
2827 4935 3005 4994 latus.
3029 4933 3393 5010 Singultibus
3413 4937 3617 5009 artum

346 5024 773 5097 Contorquens,
827 5025 1077 5083 clamore
1144 5026 1342 5099 gravi:
1402 5027 1558 5083 Sator
1610 5027 1846 5093 wtheris,
1998 5016 2007 5023 ’
2098 5026 2380 5084 Exhaurit
2408 5026 2648 5082 thoraca
2676 5024 2860 5096 dolor,
2893 5040 2999 5080 nec
3037 5023 3229 5081 vincla
3260 5026 3527 5082 coercent
3602 5052 3618 5062 ο

1517 5115 1750 5187 [inquit,
2097 5117 2434 5173 Undantem
2464 5115 2604 5171 ﬂetu
2634 5113 2862 5187 galeam
2890 5131 2906 5185 ;
2941 5130 3076 5171 cum
3130 5113 3318 5187 multa
3340 5116 3597 5193 'gement

276 5288 390 5371 (62)
421 5290 526 5345 Ant
562 5291 883 5363 Wal/‘redus,
917 5296 1033 5360 aut,
1062 5299 1122 5347 ut
1152 5293 1357 5348 Valesio
1397 5293 1593 5364 placet,
1644 5295 1850 5349 Bcren-
2030 5297 2144 5366 (67)
2175 5297 2243 5351 Et
2269 5295 2467 5366 adjecit
2492 5294 2680 5351 Leibn.
2710 5292 2983 5366 Juppiter
3010 5311 3045 5351 a
3077 5294 3220 5351 Stat.

279 5376 417 5415 rzus.
2032 5367 2144 5422 (68)
2176 5365 2437 5422 Millibus
2465 5367 2547 5422 ed.

241 5376 417 5415 artus.

2032 5376 2144 5422 (68)
2176 5376 2437 5422 Millibus
2465 5376 2546 5422 θα.

198 5367 417 5431 garius.
2053 5369 2123 5422 68
2176 5367 2437 5422 Millibus
2465 5367 2547 5422 ed.

421 5430 847 5560 fdotlttonem.
1958 5367 2144 5565 5376.9;
2175 5437 2504 5494 Innumcris
2533 5467 2603 5479 --
2629 5437 2734 5492 220
2762 5452 2831 5493 ex
2860 5435 2996 5493 Stat.
3030 5435 3188 5493 Theb.
3231 5437 3373 5508 VIII,
3405 5452 3456 5491 υ.
3472 5435 3608 5492 554-

493 5519 581 5560 zao
589 5546 601 5559 .
1958 5519 2065 5562 557
2072 5550 2085 5562 .

301 5574 394 5651 65)
426 5574 1062 5651 Qshariiliangermarm
1089 5579 1151 5632 in
1179 5577 1292 5633 cod.
1327 5578 1473 5651 legit.
1518 5650 1546 5651 η
1580 5648 1632 5651 Η
1687 5648 1699 5651 Α
2032 5581 2142 5651 (70)
2170 5581 2331 5634 Laeva.
2358 5611 2426 5619 ——
2455 5597 2509 5635 v.
2540 5582 2645 5635 237
2691 5597 2761 5636 ex
2790 5580 2923 5636 Stat.
2976 5578 3134 5635 Theb.
3183 5579 3255 5646 II,
3303 5594 3354 5633 υ.
3401 5577 3509 5634 596
3540 5608 3608 5621 --

205 5732 261 5773 υ.
281 5645 782 5773 (ἓξὲὲἐὸωοάὸὃ,
802 5645 998 5720 paucis
1016 5651 1256 5759 (mutatis
1286 5666 1355 5706 ex
1377 5645 1547 5706 Statii
1576 5648 1769 5708 Theb)

835 5649 998 5703 lancis
1026 5651 1256 5705 mutatis
1286 5666 1355 5706 ϐω
1377 5645 1547 5706 Statii
1576 5648 1857 5708 Theb.VIII
1960 5645 2088 5721 603,
2117 5645 2244 5718 606,
2273 5653 2399 5707 607.
