3950 6414
305 453 466 534 4299
975 524 984 534 ,
1593 456 1932 520 APPEND.
1978 455 2082 522 AD
2127 455 2316 522 sua.
2363 455 2435 520 x.
3023 437 3028 444 ’
3562 451 3727 520 1300

322 631 333 642 ο
452 593 626 650 Valde
657 593 851 666 gravis
883 609 1088 649 curvas
1111 589 1416 664 perfringit
1435 591 1642 648 lancea
1671 595 1883 660 costas,
1987 594 2042 660 Α
2213 591 2310 658 Os,
2339 591 2594 648 terebrat
2618 589 2850 664 faciem,
2883 590 3110 664 quartis
3141 589 3254 664 (73)
3287 589 3416 648 sino
3462 590 3588 665 lege
3637 591 3726 648 la-

312 682 422 740 235
461 683 587 740 Exit
615 687 672 740 et
700 682 760 739 in
793 683 1056 750 fratrem,
1088 686 1454 753 cognataque
1486 684 1720 752 pectora
1751 677 1868 735 telo
3461 679 3656 752 [bellis

457 771 741 828 Conserit.
770 770 871 827 Ille
899 769 1098 826 oculos
1127 770 1450 826 etiamnum
1477 768 1532 823 in
1552 767 1680 824 luce
1701 771 1970 825 natantes
2219 768 2584 842 Increpitans
2623 786 2636 824 :
2673 769 2866 824 Secrea
2892 770 2996 824 tibi
3024 785 3145 826 com
3157 771 3380 826 mittere
3408 771 3598 826 nullus

465 859 651 929 Sistit,
683 863 740 914 et
769 859 1046 931 adspecta
1073 856 1336 931 germani
1373 860 1578 923 morte,
1609 855 1869 912 resolvit.
2076 857 2184 912 260
2219 857 2469 925 Audebit,
2500 857 2791 930 Tyrrhene,
2823 857 3038 925 dehinc,
3077 858 3218 930 quod
3267 867 3486 931 apertus
3511 859 3732 918 abunde

462 947 830 1004 Procubuere
860 963 1031 1020 pares
1061 945 1198 1002 fatis
1228 977 1294 988 —
1325 944 1662 1001 miserabile
1697 948 1897 1001 votum
2219 947 2331 1001 Hac
2374 947 2608 1020 illacque
2635 948 2787 1018 ﬂues.
2819 947 2944 1003 Sint
3000 947 3119 1004 haec
3147 951 3500 1004 monumenta
3553 951 3736 1005 mino-

461 1035 666 1092 Mortis
696 1065 750 1077 -
792 1039 850 1092 et
879 1035 1106 1092 alterna
1135 1033 1718 1090 clauseruntlumina
1745 1034 1967 1090 dextra.
3524 1041 3661 1104 [rem

315 1123 426 1182 240
461 1125 542 1181 Ac
571 1125 684 1196 (71)
713 1123 872 1180 velut
899 1123 1085 1180 Edoni
1117 1124 1303 1180 boreae
1329 1138 1462 1179 cum
1496 1122 1745 1195 spiritus
1783 1121 1900 1178 alto
2225 1124 2512 1195 Tefrustra
2551 1124 2784 1180 voluisse
2810 1125 2948 1181 meis
2976 1116 3212 1181 ill'udere
3241 1125 3402 1182 telis!

313 1283 318 1288 ε
461 1212 702 1269 Insonat
728 1213 935 1286 Egeeo,
979 1211 1364 1285 sequiturque
1405 1211 1478 1267 ad
1509 1211 1680 1267 litora
1733 1213 1968 1280 ﬂuctus,
2220 1211 2324 1268 llle
2353 1212 2592 1285 quidem
2623 1213 2806 1270 evasit
2835 1213 3060 1270 socium
3079 1215 3478 1272 circumdatus
3507 1215 3690 1272 armis
3716 1233 3732 1284 ;

339 1332 346 1336 -
465 1303 590 1368 Qua
616 1301 771 1358 venti
801 1302 1142 1369 incubuere,
1175 1301 1374 1375 fugam
1391 1300 1534 1356 dant
1551 1299 1754 1356 nubila
1795 1299 1969 1356 caelo:
2223 1301 2334 1356 Sed
2365 1301 2550 1357 victor
2579 1301 2762 1357 animi
2790 1305 2914 1358 tota
2943 1319 3264 1360 succensus
3293 1303 3352 1358 in
3383 1302 3473 1360 ira

468 1389 561 1447 Sic
589 1390 735 1464 regi,
769 1407 1140 1463 quacumque
1184 1389 1340 1446 viam
1398 1391 1574 1458 secat,
1609 1389 1846 1462 agmina
1875 1404 1972 1444 ce-
2077 1389 2186 1445 265
2225 1389 2765 1446 Innumeramferro
2777 1389 3007 1462 plebem
3031 1406 3137 1446 ceu
3155 1391 3398 1448 feliciter
3412 1393 3735 1466 annusab)

1709 1479 1899 1550 [dunt,
2222 1479 2333 1533 Aut
2351 1477 2534 1550 jubar
2577 1477 2806 1534 adversi
2835 1493 3010 1552 grave
3039 1477 3251 1536 sideris
3278 1479 3585 1537 immolat:
3633 1483 3734 1548 Ite,

464 1567 882 1640 Conversaaque
913 1571 1093 1624 ruunt
1121 1567 1297 1634 acies,
1329 1565 1488 1624 cadit
1537 1567 1708 1622 obvia
1765 1567 1972 1639 pubes.
2221 1565 2582 1634 Vociferans,
2611 1574 2894 1638 vestroque
2920 1567 3048 1624 duci
3073 1575 3320 1640 narrate,
3351 1569 3592 1639 Latinos,

318 1659 429 1714 245
463 1657 538 1715 Ut
565 1657 710 1715 vidit
737 1657 928 1714 socios
960 1657 1083 1730 regi
1113 1657 1252 1713 dare
1281 1660 1446 1730 terga
1474 1656 1711 1728 sequaci
2226 1655 2448 1711 Dividat
2474 1671 2550 1710 an
2572 1665 2718 1712 recte
2743 1657 2892 1712 vobis
2921 1673 3041 1713 mea
3065 1657 3257 1714 lancea
3282 1657 3528 1730 campos!

467 1745 874 1820 Ildeprandus,
905 1745 1030 1802 abit
1059 1745 1359 1802 clamans:
1391 1749 1642 1802 Perstate
1667 1743 1900 1812 sodales,
2223 1743 2506 1816 Tyrrheni
2539 1760 2805 1816 proceres
2825 1745 3037 1801 iterum
3070 1745 3208 1802 hinc
3239 1750 3416 1820 atque
3449 1746 3586 1804 inde
3617 1763 3736 1820 pu-

467 1835 612 1904 Quid
637 1837 832 1908 fugitis
853 1839 878 1890 .9
908 1835 1169 1906 Spectate,
1201 1837 1388 1890 virum
1423 1836 1477 1890 si
1503 1833 1704 1901 pellere
1731 1833 1880 1903 ferro
3498 1837 3664 1909 [dore

467 1925 622 1980 Forte
648 1927 883 2024 gueam!
913 1923 1132 1980 Similes
1159 1927 1316 1979 artus
1338 1927 1544 1978 natura
1571 1923 1814 1977 creatrix
1845 2011 1856 2022 .
2003 1959 2054 2024 Β
2081 1921 2189 1975 270
2227 1919 2459 2024 Eollecti
2491 1925 2762 1978 statuunt
2776 1923 3440 2024 gressum,firmantque
3467 1924 3738 1983 vicissim

467 2013 608 2067 Huic
634 2011 799 2082 dedit,
833 2028 898 2068 ac
925 2013 1130 2068 similis
1155 2019 1401 2068 sustenta
1424 2013 1634 2066 viscera
1653 2011 1900 2082 sanguis.
2003 2009 2053 2024 "
2227 2009 2496 2082 Undique
2513 2026 2640 2067 sese
2661 2011 2864 2080 armis,
2885 2011 3187 2086 oriturque
3199 2013 3532 2071 miserrima
3547 2015 3741 2073 caedes

324 2099 436 2156 250
471 2099 616 2156 Num
641 2116 802 2156 sacra
831 2101 1002 2172 riguit
1032 2101 1196 2174 Styge
1214 2103 1400 2156 .9Num
1412 2099 1751 2172 penetrabile
1764 2099 1975 2171 plantis
2223 2099 2572 2168 Ambornm,
2603 2103 2660 2155 et
2687 2099 2908 2156 ferrum
2932 2101 3083 2157 ferro
3104 2106 3310 2158 sonat:
3330 2103 3592 2176 undique
3622 2104 3739 2160 mi-

465 2190 622 2246 Hunc
677 2188 830 2245 modo
877 2197 1057 2260 tergus
1111 2189 1266 2246 obit?
1317 2189 1536 2274 Mqrtali
1591 2202 1854 2258 urgemur
1906 2187 1975 2242 ab
2232 2273 2245 2274 ί
2595 2273 2601 2274 7
3526 2189 3661 2264 [stis

1593 2275 1762 2347 [hoste
1789 2275 1900 2348 (72)
2227 2273 2382 2330 Inter
2410 2289 2473 2330 se
2502 2273 2762 2331 stridunt
2789 2276 3188 2335 mucronibus.
3205 2277 3392 2335 Instat
3433 2280 3743 2354 utrimque

467 2367 624 2424 Haud
652 2367 882 2440 legione,
910 2368 1069 2439 pium
1095 2365 1326 2420 Domino
1351 2378 1476 2437 qua
1498 2365 1663 2420 servit
1691 2364 1762 2420 ad
1791 2381 1972 2421 usum.
2225 2362 2416 2418 Densa
2445 2362 2620 2428 acies,
2655 2380 2982 2438 rursusque
3019 2382 3168 2422 novo
3210 2383 3480 2440 respersa
3529 2385 3741 2426 cruore

469 2455 564 2513 Sic
593 2455 694 2526 ait,
727 2459 786 2514 et
813 2459 934 2512 toto
964 2453 1250 2510 connixus
1281 2468 1520 2525 corpore
1549 2452 1734 2509 telum
2081 2452 2190 2509 275
2224 2453 2376 2507 Arva
2407 2451 2707 2520 mandent,
2740 2452 2859 2508 ruit
2883 2453 3193 2526 Hesperias
3223 2456 3363 2512 dum
3395 2457 3650 2514 Phoebus
3675 2458 3740 2515 in

464 2544 807 2611 Effundens,
840 2543 1035 2599 femur
1061 2539 1286 2614 ingenti
1319 2540 1451 2596 ferit
1479 2541 1716 2598 eminus
1747 2540 1867 2596 ictu
3426 2547 3661 2618 [undas.

323 2634 430 2692 255
471 2633 738 2691 Ductoris
765 2631 930 2688 Latii.
967 2629 1120 2687 Satis
1149 2629 1296 2700 hoc;
1329 2633 1386 2686 et
1413 2629 1614 2686 tollere
1669 2646 1938 2704 gressum
2227 2627 2367 2694 Quis
2397 2629 2608 2684 modus
2641 2627 2902 2697 ulterior,
2933 2630 3021 2687 vel
3054 2648 3183 2700 quae
3233 2633 3507 2690 discretio
3536 2634 3699 2704 belli,

469 2723 624 2779 Pone
655 2721 808 2777 citus
840 2718 974 2775 facti
1005 2723 1246 2793 cogente
1273 2719 1484 2774 timore
1513 2720 1794 2790 parabat;
2226 2716 2296 2772 Ni
2329 2718 2504 2774 ﬁnem
2535 2717 2701 2774 daret
2731 2718 2981 2775 aetherea
3011 2725 3170 2776 sator
3193 2721 3351 2778 orbis
3383 2723 3457 2779 ab
3487 2721 3668 2780 aula?

469 2809 766 2870 Protimus
797 2805 1420 2880 intorquensjaculum
1441 2808 1540 2864 sed
1573 2808 1856 2865 ductorin
1878 2805 1978 2862 ho-
2226 2807 2402 2863 Nocte
2431 2806 2688 2862 instante
2716 2805 2840 2864 solo
2861 2807 3100 2864 tandem
3123 2809 3451 2884 spissisque
3476 2812 3744 2869 tenebris

1777 2895 1906 2968 [stis
2041 2956 2044 2968 ι
2225 2895 2564 2951 Concedunt
2614 2895 2801 2952 maesti
2845 2899 2904 2952 et
2956 2897 3224 2956 trucibus
3272 2899 3636 2957 dirimuntur
3667 2900 3746 2958 ab

3317 2988 3524 3061 [armis
3555 2991 3671 3062 (75)

1691 3081 2013 3140 EXPLICIT
2051 3081 2264 3139 LIBER
2303 3081 2374 3138 II.

1349 3241 1756 3330 INCIPIT
1815 3244 2136 3332 LIBER
2194 3242 2708 3332 TERTIUS.

469 3427 655 3482 Tanta
683 3441 788 3498 per
815 3422 1106 3480 Ausonios
1135 3422 1428 3478 defervere
1459 3420 1664 3494 proelia
1710 3437 1972 3494 campos,
2225 3421 2412 3478 Iveris.
2443 3421 2512 3477 At
2538 3423 2716 3477 muris
2744 3421 2892 3478 dicas
2910 3439 3128 3481 servare
3151 3427 3404 3498 superbos

472 3515 599 3572 Non
631 3515 803 3570 modo
834 3511 1124 3580 ﬁnitimis,
1154 3509 1324 3584 longe
1343 3510 1447 3566 sed
1477 3510 1634 3566 fama
1662 3510 1906 3566 remotis
2223 3511 2380 3566 Forte
2401 3511 2850 3583 animam,qu
2875 3514 3012 3569 velle
3040 3516 3150 3572 tuis
3173 3516 3506 3588 famularier
3522 3521 3701 3576 armis
3719 3541 3747 3576 :

471 3608 622 3660 Dum
653 3603 830 3671 canit,
862 3601 1087 3658 Arnulﬁ
1119 3597 1464 3657 Germanica
1505 3599 1645 3670 jura
1675 3599 1810 3671 (75')
1840 3614 1974 3671 pre-
2226 3599 2372 3667 Esto,
2403 3600 2545 3654 vices
2575 3600 2796 3656 mutabo
2833 3601 3046 3671 dehinc,
3078 3607 3128 3660 et
3155 3607 3358 3662 mwnia
3379 3607 3630 3664 scindam

539 3696 541 3699 '
1498 3687 1736 3760 [mentis
1769 3687 1902 3759 (76),
1961 3697 1966 3703 '
2227 3687 2500 3760 Ausonia,
2529 3689 2760 3745 rutilam
2782 3689 2953 3748 donec
2978 3694 3236 3750 veniatur
3263 3695 3335 3751 ad
3364 3697 3558 3752 aulam

467 3781 782 3856 Brengario
797 3781 901 3838 sed
917 3778 1074 3836 enim
1091 3793 1294 3852 regum
1321 3793 1424 3850 per
1436 3775 1974 3848 stemmatajuncti,
2083 3777 2156 3831 20
2229 3775 2502 3848 Clavigeri
2531 3776 2665 3850 (79),
2695 3786 2750 3834 et
2774 3783 2912 3836 totos
2940 3781 3133 3839 Araris
3161 3785 3399 3842 vacuabo
3426 3787 3664 3858 furores.

322 3873 362 3930 5
467 3871 679 3928 Tendit
707 3871 780 3927 ad
811 3868 1128 3942 imperium
1158 3865 1330 3922 solito
1362 3864 1550 3938 magis
1571 3863 1818 3938 hispida
1847 3863 1976 3936 plu-
2229 3865 2400 3922 Paret
2427 3883 2606 3922 ovans
2637 3867 2810 3940 patri,
2845 3869 3024 3926 simili
3058 3888 3380 3930 succensus
3405 3891 3626 3945 amore,

1745 3953 1904 4025 [mis,
2229 3955 2360 4010 Mox
2388 3954 2750 4026 Simbaldus,
2785 3959 2843 4012 et
2866 3955 3048 4015 electo
3079 3960 3397 4018 comitante
3443 3963 3752 4036 ministro,

469 4047 843 4122 Amplectens
889 4063 1008 4102 una
1053 4043 1338 4118 populum
1393 4058 1729 4114 saevumque
1779 4047 1977 4114 tyran-
2230 4041 2572 4116 Ingrediens
2604 4043 2858 4122 Latium,
2890 4048 3180 4119 quosdam
3211 4051 3535 4122 praemittit,
3554 4053 3751 4111 amico

1593 4130 1759 4204 [num
1794 4130 1908 4202 (77)
2229 4131 2544 4187 Pacificum
2575 4119 2831 4190 referabt
2860 4151 2988 4192 sese
3009 4135 3110 4208 qui
3137 4119 3341 4196 tollere
3369 4155 3669 4213 gressum.

471 4227 718 4284 Gutture
771 4223 1033 4298 profuso.
1065 4221 1272 4296 Coquit
1301 4220 1399 4276 ille
1431 4219 1489 4275 in
1519 4223 1754 4291 pectore
1783 4234 1975 4288 curas,
2085 4218 2158 4274 25
2230 4218 2533 4276 Consimili
2565 4220 2788 4280 fervore
2817 4222 2979 4280 subit
3006 4228 3172 4297 pater
3200 4227 3406 4284 obvius
3434 4227 3535 4284 olli

471 4315 721 4385 Moxque
751 4329 966 4371 vocans
997 4312 1298 4386 genitum:
1330 4311 1525 4375 Duras,
1575 4305 1836 4364 Sinbalde
1863 4307 1976 4380 (78)
2227 4307 2606 4382 Brengarius,
2636 4309 2825 4368 celsas
2863 4311 3114 4370 nimium
3172 4332 3292 4388 qua
3345 4315 3499 4374 tollit
3555 4317 3615 4374 in
3652 4337 3749 4376 ar-

1591 4396 1904 4468 [maniplos,
3405 4412 3522 4478 [ces
3549 4408 3667 4480 (80)

329 4494 399 4550 10
473 4492 688 4566 Inquit,
715 4508 836 4564 age,
867 4496 919 4548 et
946 4492 1160 4564 rapigis
1183 4489 1349 4546 Italos
1369 4489 1490 4558 pete
1514 4484 1767 4540 cursibus
1795 4500 1974 4556 agros,
2227 4485 2300 4540 Se
2330 4499 2578 4554 regnum
2610 4503 2675 4542 ac
2700 4487 2914 4546 subitis
2945 4490 3057 4562 (81)
3099 4491 3334 4550 Rhenos
3361 4493 3753 4554 discriminat

471 4584 586 4639 Rex
614 4583 710 4640 ubi
735 4583 1076 4652 Brengarius
1097 4578 1354 4635 audentes
1383 4573 1560 4630 ardua
1593 4571 1772 4629 Gallos
3498 4583 3672 4658 [οιιίε,

471 4673 786 4746 Insequitur
807 4671 969 4728 bellis
989 4688 1010 4734 ;
1041 4677 1224 4726 tamen
1253 4666 1348 4722 hos
1368 4680 1470 4737 per
1497 4664 1726 4720 vulnera
1754 4663 1906 4772 dicas
2005 4707 2053 4772 Β
2225 4661 2330 4772 Eic
2362 4663 2461 4763 ubi
2491 4680 2810 4772 cqngressu
2841 4667 3074 4772 dextras
3096 4670 3346 4740 jnnxere
3400 4671 3630 4740 decoro,

469 4763 574 4820 Aut
599 4764 800 4820 montis
827 4762 1029 4828 subito,
1059 4758 1267 4812 mirum
1308 4769 1638 4810 succrescere
1683 4756 1874 4824 partu,
1907 4781 1976 4793 —-
2005 4751 2052 4772 ³¹
2225 4751 2345 4806 Rex
2374 4751 2566 4825 inquit
2593 4753 2786 4826 prior:
2848 4757 2888 4812 0
2944 4759 3203 4826 iuvenum
3255 4761 3576 4830 fortissime,
3635 4778 3746 4820 no-

470 4853 558 4908 Tot
585 4852 832 4908 veniunt.
869 4850 1170 4904 Tantumne
1191 4845 1333 4918 potis
1356 4845 1604 4916 perferre
1643 4841 1900 4907 dolorem,
3499 4849 3668 4922 [δινσε

463 4943 668 4998 Nostra
697 4943 758 4996 ut
783 4938 1075 5010 progenies
1089 4937 1318 5009 prapria
1347 4937 1575 4990 vexetur
1605 4932 1666 4986 in
1696 4929 1868 4984 aula?
2081 4927 2152 4984 30
2223 4929 2338 4984 Cur
2360 4929 2494 4986 velis
2519 4935 2809 5003 penetrare
2849 4935 3292 5001 locos,c—unctatio
3322 4938 3435 5010 (82)
3457 4939 3618 4995 nulla
3641 4947 3746 4997 est.

327 5031 396 5088 15
467 5034 578 5090 Nec
605 5030 706 5086 tibi
737 5028 881 5084 bella
908 5027 1036 5082 dari
1061 5041 1267 5094 vereor,
1298 5025 1350 5080 si
1374 5023 1606 5094 junctus
1635 5018 1811 5074 amico
2222 5017 2432 5074 Nuntia
2457 5035 2587 5076 vera
2613 5022 2769 5078 satis.
2798 5022 2984 5080 Solam
3011 5026 3257 5094 rogitare
3292 5041 3526 5096 necesse,

394 5173 519 5244 (71),
536 5171 605 5227 V.
635 5172 872 5228 238-241
905 5174 1087 5228 ruunt
1114 5169 1268 5228 acies
1316 5183 1388 5222 ex
1440 5165 1581 5232 Virg.
1611 5162 1735 5215 Ain.
1768 5160 1885 5226 XII,
1919 5176 1948 5214 v

1175 5169 1268 5225 :ies
1316 5183 1388 5222 ex
1440 5165 1581 5232 Virg.
1611 5162 1735 5215 Ain.
1768 5160 1885 5226 XII,
1919 5176 1968 5214 v.
2296 5161 2450 5244 ttae.
2486 5179 2624 5218 rura
2651 5164 2735 5220 ed.

321 5231 585 5301 36‘5-3’69.
1533 5231 1544 5232 ί
2154 5231 2269 5301 (77)
2305 5231 2599 5288 Widonem.

395 5317 512 5388 (72)
543 5318 626 5388 σί.
664 5317 810 5386 Virg.
841 5318 968 5388 ιιΕη,
1000 5315 1060 5380 Χ,
1091 5313 1218 5388 375.
1337 5379 1348 5388 _
1513 5374 1525 5388 _
1572 5375 1584 5388 Ι
1613 5372 1646 5385 η
1961 5377 1972 5388 ¹
2121 5302 3546 5388 “(7.8)lszentebgldumLiudprandus.Centebaldum
3559 5313 3743 5386 effert.

394 5372 514 5461 (73)
535 5372 684 5461 I.:e.,
721 5372 979 5461 quadris
1030 5372 1288 5461 quatuor
1303 5379 1451 5461 .ja‘m
1511 5372 1703 5440 labiis,
1762 5374 1954 5429 scilice

1219 5379 1451 5461 ornjam
1511 5372 1703 5440 labiis,
1762 5374 1974 5429 scilicet
2080 5372 2326 5461 efﬁgit;
2349 5377 2390 5438 Ι,
2418 5377 2507 5460 ‘20z
2539 5377 2687 5461 21.”
2727 5447 2779 5461 Μ

321 5444 544 5530 culpata
561 5444 776 5526 divisis:
797 5462 857 5512 ut
891 5444 1134 5514 Vatesius
1160 5444 1418 5523 explicat.
2153 5444 2264 5568 (792
2289 5445 2506 5502 Summi
2511 5447 2826 5568 ἔρηρίσβίδ,
2859 5449 3028 5516 Wido,
3059 5450 3113 5507 d.
3145 5453 3207 5509 21
3243 5452 3396 5509 Febr.
3428 5452 3745 5527 a.891,im-

391 5529 506 5568 nm
569 5531 610 5568 ν
681 5531 790 5568 9m.
845 5530 954 5568 935
1012 5542 1082 5568 pm
1158 5524 1291 5568 Stat-
1348 5520 1504 5568 ’I'Imb-
1563 5517 1670 5568 VII.
1729 5533 1779 5568 v.
1837 5516 1969 5568 709.
2079 5529 2238 5568 vena
2261 5529 2348 5568 em
2379 5515 2512 5568 bene
2551 5521 2806 5568 ietzonem
2833 5529 3128 5568 memerat-

321 5463 544 5530 cuspide
561 5463 776 5526 divisis,
797 5463 857 5512 ut
891 5463 1134 5514 Valesius
1160 5463 1418 5523 explicat.
1563 5517 1601 5574 ν
1837 5516 1946 5571 709
2153 5463 2264 5568 (tu!
2289 5463 2826 5573 ourgmi‘ponticms,
2863 5463 3028 5516 Wiao,
3059 5463 3113 5507 α.

321 5529 506 5656 “(3:4)
569 5531 624 5587 V.
681 5531 790 5585 264
845 5530 954 5584 265
1012 5542 1082 5581 ex
1157 5524 1291 5578 Stat.
1348 5520 1504 5576 Theb.
1601 5519 1670 5587 II,
1729 5533 1779 5572 v.
1955 5559 1970 5584 ,
2074 5529 2512 5656 ρεῖἐῧῖνλιιρὲξε
2551 5521 2806 5574 wtzonem
2833 5529 3129 5594 acceperat.

393 5584 510 5741 gs)
537 5674 622 5742 cr.
652 5671 879 5795 Liudgr.
913 5669 1034 5724 Αηι.
1059 5669 1100 5736 ι,
1137 5665 1223 5722 19.
2295 5585 2867 5742 ἶιξῗῗρνκσίρίιίδαε
2881 5664 2908 5714 .9

401 5741 543 5800 (75")
571 5742 725 5798 Anno
745 5743 779 5796 8
820 5743 868 5795 1.
2171 5726 2242 5782 82
2292 5727 2371 5784 Id.
2403 5743 2475 5799 e.,
2508 5734 2906 5800 percunctatio

401 5726 725 5812 (Ἱέθγληὴο
745 5726 868 5796 801.
1087 5726 1099 5736 ’
2151 5726 2263 5800 (82)
2292 5727 2371 5784 Id.
2403 5726 2490 5799 e.,'
2508 5726 2928 5802 percunctatio.
