3950 6362
212 325 367 398 1301
1052 336 1413 404 ANONYMI
1454 336 1850 403 PANEGYR.
1894 338 2233 405 BERENG.
2278 339 2444 405 IMP.
2473 338 2624 405 LIB.
2667 334 2780 405 III.
3465 331 3622 402 1302

363 467 697 528 Incolumem
716 472 848 546 quia
867 475 920 531 te
942 476 1142 532 nostris
1170 476 1535 547 conspectibus
1564 476 1741 546 offers,
1895 477 1951 544 Α
2121 476 2341 531 Natura
2366 475 2659 532 tribuente
2686 473 2883 533 locum
2914 471 3062 532 satis
3110 464 3346 534 arcibus
3393 476 3621 547 aptum,

363 557 426 614 Si
452 560 665 630 fruitur
687 565 846 634 pater
873 566 1070 636 optatis
1102 569 1225 620 tuus
1256 567 1459 636 optime
1490 565 1670 620 rebus.
2115 564 2483 632 Ambrosius,
2516 563 2667 637 pesti
2699 564 2880 621 miser
2909 564 3022 620 heu
3048 569 3071 622 Ρ
3100 565 3343 620 devotus
3382 562 3624 635 iniquas.

364 647 560 720 Inquit
583 653 644 706 at
671 650 770 707 ille
796 669 808 707 :
844 653 1006 708 Valet
1033 655 1266 723 genitor,
1289 669 1574 709 commune
1600 653 1864 721 levamen,
2118 653 2224 717 Qui
2238 670 2484 727 regnum
2506 651 2708 708 infelix
2728 656 3041 725 postquam
3062 653 3322 709 defertur
3333 652 3407 709 ad
3426 666 3622 719 aures,

247 735 322 791 35
366 737 534 808 Teque
560 740 742 795 valere
769 743 937 813 cupit,
966 744 1178 813 pacatis
1201 742 1402 813 ﬂectere
1430 743 1636 813 campis
2002 741 2073 796 85
2110 741 2423 798 Obsidione
2440 742 2657 813 jubent
2685 741 2868 796 densa
2895 741 3262 799 circumdare
3290 755 3512 807 muros,

357 825 606 883 Mansuro
645 830 809 885 Latii.
845 829 1052 885 Celeres
1081 831 1305 886 idicirco
1335 831 1550 905 subegit
2118 830 2199 887 Ne
2229 831 2421 905 capiat
2467 831 2694 887 socium
2744 844 3104 902 quemquam
3152 829 3481 886 exteriusve
3522 826 3621 883 re?

359 914 462 969 Nos
485 918 669 986 petere
696 917 965 973 Ausonias
993 919 1210 975 collecto
1239 902 1638 975 milite‘terras.
2299 902 2318 905 —
3307 916 3546 989 [ωίῐιαιν

362 1003 590 1059 Interea
616 1004 745 1061 loca
772 1009 902 1063 tuta
930 1007 1075 1080 petit
1102 1009 1220 1063 dux
1252 1008 1529 1073 Gallicus,
1560 1008 1724 1079 atqui
2119 1007 2379 1080 Dispersi
2410 1008 2593 1065 donec
2620 1010 2825 1082 populi
2853 1011 2941 1065 tot
2968 1008 3099 1064 luce
3128 1006 3399 1079 sequenti

359 1091 484 1147 Non
514 1093 766 1165 geminis
797 1096 1027 1152 obstare
1058 1114 1167 1152 sua
1194 1096 1408 1153 virtute
1437 1096 1702 1169 tyrannis
2118 1096 2491 1165 Conveniant,
2542 1102 2899 1170 captumque
2945 1095 3088 1153 locis
3136 1094 3403 1152 emittere
3432 1090 3622 1149 ﬁrmis

250 1178 324 1234 40
360 1179 536 1237 Posse
564 1182 887 1239 videns.llli
920 1184 1864 1257 fremitu,miserabile,clusos(83)
2116 1186 2182 1239 Vi
2213 1190 2450 1254 certent,
2484 1186 2640 1243 ausit
2669 1203 2877 1242 rursus
2907 1201 2979 1241 ne
3007 1183 3152 1240 talia
3183 1183 3519 1256 quisquam.

357 1268 611 1342 Irritant,
632 1271 771 1328 hinc
803 1272 937 1329 inde
964 1273 1155 1329 solum
1180 1275 1545 1346 peragrando
1568 1273 1861 1329 Latinum.
2008 1275 2079 1328 90
2118 1275 2321 1330 Postea
2349 1292 2482 1330 cum
2514 1275 2773 1347 primum
2792 1273 2993 1331 stellas
3015 1290 3231 1330 aurora
3253 1270 3621 1344 fugaret(85),

355 1357 573 1414 Verum
600 1359 699 1415 ubi
714 1365 925 1417 cuncta
943 1361 1115 1417 silere
1131 1362 1333 1418 vident
1348 1360 1663 1418 hostilibus
1681 1361 1862 1429 ausis,
2117 1363 2287 1419 Urbis
2308 1363 2379 1419 ad
2404 1362 2692 1419 excidium
2715 1365 2991 1436 properat
3010 1365 3300 1417 Germana
3315 1360 3622 1431 juventus,

359 1445 407 1501 lt
436 1446 660 1503 monitu
695 1449 849 1523 regis
880 1450 1102 1523 patrias
1131 1451 1450 1507 Sinbaldus
1480 1452 1552 1506 ad
1578 1467 1729 1506 oras.
2117 1452 2385 1524 Undique
2415 1451 2672 1507 luctifico
2703 1450 2898 1507 sonitu
2929 1448 3238 1523 complusa
3284 1446 3585 1503 tubarum.

359 1536 524 1601 Quod
554 1535 716 1593 solus
748 1542 925 1610 queat
954 1538 1227 1595 hostilem
1280 1556 1555 1613 superare
1585 1538 1860 1594 furorem.
2114 1540 2217 1596 Hic
2248 1541 2438 1596 fossas
2470 1538 2719 1612 implent
2748 1538 2848 1595 alii
2880 1552 3168 1610 muroque
3197 1534 3620 1609 propinquant,

250 1623 322 1679 45
429 1624 622 1681 Tertia
643 1626 738 1681 vix
765 1626 918 1683 lunae
945 1645 1008 1684 se
1037 1646 1173 1684 corn
1185 1646 1258 1684 ua
1284 1628 1415 1684 luce
1433 1628 1861 1700 replerant(84),
2113 1630 2255 1686 Pars
2284 1628 2459 1686 scalis
2489 1629 2665 1684 etiam
2693 1628 2944 1684 tendunt
2990 1625 3378 1684 conscendere
3403 1626 3622 1680 turres.

361 1712 637 1770 Hiclaetus
651 1716 902 1787 patriam
918 1721 1229 1790 postquam
1243 1717 1533 1775 concessit
1553 1717 1625 1772 ad
1643 1715 1860 1784 aulam,
2007 1718 2080 1774 95
2116 1718 2293 1791 Urget
2320 1718 2479 1773 enim
2519 1721 2907 1789 utrorumque
2956 1714 3136 1772 nimis
3186 1711 3500 1788 prasentia
3527 1726 3624 1768 re-

356 1802 444 1857 En
462 1803 631 1859 Wido
656 1820 863 1877 agmcn
889 1806 1317 1879 agens,iterum
1340 1823 1615 1863 renovare
1637 1806 1863 1861 furores
1893 1843 1942 1909 B
3330 1805 3512 1875 [ευων

371 1890 550 1909 ._,_‘|_
604 1895 644 1909 κ.
845 1897 854 1909 ι
976 1896 992 1909 ει
1081 1900 1090 1909 ι
1213 1896 1229 1909 ι
1349 1894 1384 1909 II
1622 1899 1631 1909 .
2118 1896 2172 1909 ιι
2277 1895 2288 1907 ο
2497 1896 2512 1909 1
2617 1893 2651 1909 ιο
2782 1897 2791 1909 ι
3012 1908 3015 1909 ν
3084 1908 3176 1909 nni
3220 1904 3454 1909 ί-α-λ-Α--λ
3496 1889 3512 1909 Δ

356 1890 654 1947 Accelerat
680 1910 693 1961 ;
729 1897 931 1949 contra
960 1896 1168 1951 ductor
1197 1894 1488 1968 depellere
1512 1899 1756 1967 pestem,
1893 1889 1942 1909 ¹¹
2118 1895 2331 1953 Maenia
2360 1896 2517 1968 quod
2549 1893 2801 1954 retinent
2830 1908 3031 1950 carum
3081 1908 3188 1964 pro
3217 1904 3461 1947 munere
3489 1889 3628 1946 dan-

360 1978 604 2036 Instruit
632 1998 797 2037 arma
826 1982 978 2054 pius,
1012 1987 1326 2055 tantosque
1370 1983 1624 2039 recidere
1656 1982 1862 2039 fastus.
3364 1978 3515 2050 [tum

247 2067 321 2122 50
357 2068 473 2123 Nec
502 2068 644 2126 latet
672 2071 1230 2142 Arnulfum,rursus
1261 2087 1624 2128 succrescere
1644 2070 1863 2127 bellum
2116 2073 2301 2129 Omne
2331 2088 2518 2147 genus
2549 2076 2753 2129 contra
2781 2070 3032 2128 telorum
3062 2069 3361 2126 effundere
3390 2066 3543 2123 cives

354 2156 653 2231 Hesperia.
683 2160 989 2216 Widonem
1022 2162 1348 2217 etiamnum
1380 2161 1565 2216 milite
1597 2160 1809 2215 fretum
2115 2163 2523 2234 Priedurisque
2564 2164 2776 2234 parant
2821 2160 3021 2215 hostes
3077 2156 3389 2214 detrudere
3413 2153 3624 2221 contis,

354 2244 564 2313 Aﬁ‘ore,
600 2247 969 2320 cervicesque
998 2250 1227 2321 procaci
1270 2249 1547 2305 adtollere
1580 2248 1753 2312 fastu,
2115 2251 2231 2307 Nec
2261 2255 2511 2323 possunt
2541 2251 2774 2306 obstare
2799 2252 2999 2305 tamen
3024 2264 3037 2316 ;
3072 2249 3160 2302 tot
3187 2243 3433 2301 milibus
3462 2242 3575 2299 acti

357 2334 588 2403 Audiit;
623 2352 687 2390 ac
717 2336 882 2404 solio,
918 2355 1033 2409 quo
1064 2338 1210 2394 forte
1241 2338 1498 2405 sedebat,
1534 2338 1755 2392 eburno
1975 2341 2078 2395 100
2117 2339 2644 2395 Deticiunt.Verum
2677 2337 2834 2394 cadit
2860 2336 2955 2393 hic
2975 2351 3111 2391 cum
3134 2333 3424 2407 fragmine
3447 2328 3623 2401 muri,

356 2421 582 2492 Exsilit,
615 2423 957 2497 ingentique
987 2428 1228 2482 domum
1290 2426 1540 2482 clamore
1588 2423 1860 2496 replevit:
2115 2429 2213 2485 Ille
2247 2428 2363 2484 ruit
2396 2428 2592 2484 fossus
2610 2425 2847 2500 jaculo;
2880 2425 3008 2481 sine
3033 2423 3258 2479 viribus
3288 2421 3433 2477 alter

246 2511 331 2586 55‘
355 2512 539 2567 Fortia
551 2513 710 2583 jussu
738 2516 844 2569 cito
870 2516 1068 2571 scriba:
1094 2517 1302 2571 sulcate
1326 2517 1575 2587 papyris,
2115 2520 2243 2575 Stat
2272 2517 2515 2573 rationis
2546 2516 2738 2588 iu0ps.
2793 2511 3058 2570 Reclusis
3108 2510 3371 2582 undique
3416 2507 3623 2581 portis,

359 2600 614 2655 Actutum
637 2604 865 2673 populos
889 2613 1081 2675 cogant
1111 2622 1230 2677 qua:
1258 2605 1472 2659 adstare
1490 2604 1727 2675 jubenti,
2116 2607 2267 2663 Urbs
2296 2609 2476 2679 patet,
2510 2603 2710 2661 hostili
2733 2604 2861 2676 jam
2896 2603 3023 2673 jam
3069 2598 3317 2656 confusa
3339 2595 3622 2653 tumultu.

357 2690 535 2757 Quam
560 2691 740 2746 varios
771 2693 1000 2763 tinguis,
1029 2696 1145 2747 tam
1172 2694 1337 2749 duros
1360 2696 1574 2765 pectore
1601 2694 1653 2747 et
1670 2693 1860 2746 armis.
2113 2698 2256 2753 Ecce
2285 2696 2539 2752 verenda
2569 2693 2734 2767 prius
2771 2690 2931 2748 nullo
2958 2690 3068 2747 sub
3100 2689 3322 2744 honore
3351 2687 3628 2742 tenentur

356 2778 596 2848 Namque
612 2779 778 2851 juvat
804 2782 953 2835 Ῑιαείο
983 2782 1198 2837 Clarum
1224 2798 1309 2837 me
1338 2784 1509 2837 υἰδϐνϐ
1533 2782 1790 2847 amicum,
1972 2786 2078 2842 405
2114 2784 2275 2841 Atria
2299 2802 2313 2851 ;
2347 2800 2485 2839 nam
2516 2781 2715 2839 scissis
2747 2782 2992 2853 pereunt
3018 2777 3316 2834 velamina
3339 2773 3501 2830 vittis

359 2866 531 2933 Quem
558 2869 753 2923 ιοίἱϐηις
784 2868 1071 2925 Rhodanus
1092 2879 1252 2926 vexat
1279 2880 1601 2943 properante
1630 2870 1865 2923 Lemano
2116 2872 2391 2945 Virginis,
2408 2870 2818 2943 impulsusque
2839 2884 3002 2925 sacer
3024 2865 3176 2940 fugit
3189 2865 3314 2937 ipse
3333 2860 3622 2929 minister,

250 2955 325 3010 60
361 2954 551 3011 Milite.
595 2957 709 3024 Quo
736 2958 954 3027 fugient
983 2974 1110 3027 ergo
1131 2963 1155 3012 ?
1182 2960 1459 3015 Caelumne
1486 2958 1765 3025 subibunt,
2116 2961 2517 3029 Quorumdam
2549 2959 2850 3032 stringunt
2869 2956 3075 3012 ambas
3097 2953 3238 3027 quia
3254 2948 3490 3009 vincula
3507 2947 3628 3023 pal-

354 3044 440 3099 Αη
471 3044 705 3100 latebras
734 3048 902 3104 terra?
925 3052 1172 3119 quwrent
1203 3048 1466 3119 liquidive
1490 3045 1754 3119 pro/undi
1772 3049 1797 3098 ?
3379 3042 3553 3109 [ma-3s

356 3132 539 3189 Oderit
570 3134 860 3205 Hesperiae,
893 3139 1046 3207 faxo,
1078 3137 1194 3192 dua:
1220 3154 1419 3194 nomen
1449 3140 1644 3192 amata:
1904 3205 1935 3211 ῳ
2117 3139 2330 3196 Oscula
2360 3156 2486 3211 quae
2519 3136 2700 3194 solitae
2730 3135 2914 3192 sacris
2946 3132 3163 3190 sentire
3189 3129 3394 3187 litatis.

356 3222 652 3293 Improbus,
687 3205 945 3279 extremis
977 3229 1143 3283 terrea
1174 3227 1253 3283 vel
1281 3229 1465 3298 postas
1495 3228 1556 3281 in
1582 3226 1693 3280 oris
1721 3229 1739 3277 !
1893 3205 1916 3272 (

2116 3205 2696 3295 Ambrosius,auctor
2713 3222 2949 3280 sceleris
2981 3222 3285 3291 famesque
3306 3215 3628 3284 malorum,

358 3310 603 3366 Talibus
633 3311 893 3369 infessus
923 3316 1240 3371 metuenda
1270 3314 1420 3371 mole
1453 3319 1711 3370 catervas
1977 3316 2081 3373 140
2118 3316 2191 3372 Ut
2218 3316 2456 3371 tandem
2486 3314 2645 3368 videt
2672 3310 2931 3367 immites
2961 3306 3319 3365 dominarier
3341 3305 3543 3361 hostes

246 3400 322 3455 65
360 3399 684 3465 Praestruit,
723 3400 1060 3474 irarumque
1090 3420 1293 3475 graves
1313 3402 1529 3458 emittit
1573 3401 1867 3456 habenas:
2116 3404 2383 3471 Arcibus,
2416 3403 2704 3458 adscensu
2737 3398 2911 3456 celeri
2943 3397 3091 3471 petit
3119 3396 3303 3452 ardua
3328 3392 3530 3461 turris,

357 3487 647 3544 Eridanus
678 3487 877 3557 veluti,
912 3490 1143 3545 nivibus
1174 3491 1398 3546 fervore
1430 3490 1657 3558 solutis,
2120 3493 2210 3549 Nil
2240 3492 2351 3549 sibi
2382 3492 2492 3547 sub
2522 3493 2685 3546 tanto
2718 3488 2905 3544 ﬁdens
2946 3499 3251 3558 superesse
3276 3480 3513 3555 periclo,

361 3576 723 3648 Praeruptum
753 3576 870 3633 exit
898 3579 957 3633 in
991 3595 1127 3635 arva
1150 3580 1357 3649 ﬂuens,
1382 3595 1737 3651 camposque
1767 3595 1870 3650 per
2119 3582 2361 3637 jEdibus
2390 3577 2664 3652 ingenuis
2693 3576 2991 3649 quondam
3017 3574 3145 3646 jam
3174 3572 3288 3643 (86)
3318 3571 3503 3627 Mam
3532 3583 3625 3624 ισο-

1533 3669 1760 3739 [omnes
3312 3656 3518 3732 [fertis.

359 3755 504 3811 Cum
532 3754 783 3811 stabulis
814 3761 1081 3813 armenta
1110 3757 1250 3823 ruit,
1284 3757 1563 3813 radicitus
1595 3756 1760 3812 alnos
2123 3757 2359 3815 Pellitur
2390 3757 2524 3812 inde
2552 3759 2771 3823 tamen,
2801 3752 2972 3808 victis
3017 3749 3317 3807 accinctus
3365 3753 3421 3803 et
3449 3743 3633 3802 armis

363 3842 644 3899 Littoreas
676 3845 857 3900 ﬂuctu
889 3846 1184 3902 undarum
1216 3846 1446 3902 labente
1468 3846 1795 3902 resorbens.
1981 3851 2083 3905 115
2118 3846 2359 3903 Arnulfo
2393 3844 2682 3900 manibus
2709 3841 2964 3899 trahitur
2992 3841 3125 3913 post
3148 3841 3316 3910 terga
3334 3833 3631 3892 revinctis.

245 3934 322 3988 70
358 3931 609 4003 Jamque
639 3932 831 3989 solum
862 3938 1020 3990 tenet
1049 3936 1377 3991 Ausonium
1399 3936 1516 3990 dux
1544 3934 1643 3990 ille
1672 3950 1871 3990 veren-
2120 3937 2220 3993 Ille
2251 3935 2448 3991 calens
2480 3933 2586 4000 ira,
2620 3934 2872 3988 testatur
2902 3930 3115 3985 cuncta
3141 3927 3459 3990 creantem,

1468 4025 1605 4096 [dus
1636 4024 1796 4096 (84'),
2122 4025 2358 4081 Arboris
2382 4024 2540 4078 hunc
2574 4020 2755 4077 ramis
2787 4019 2983 4076 subito
3018 4013 3312 4072 demittier
3341 4011 3472 4070 altae

352 4111 499 4166 Cum
527 4111 795 4168 Widonis
821 4112 943 4168 abit
966 4130 1207 4169 rancore
1238 4113 1437 4170 soluta
1478 4113 1729 4185 superbo
2123 4114 2271 4170 Proh
2303 4129 2488 4186 genus
2521 4110 2777 4166 invisum
2806 4107 2932 4175 leti,
2963 4103 3327 4177 suspendam
3352 4099 3544 4157 ventis

363 4199 544 4254 Fama
572 4199 631 4254 in
662 4203 856 4256 castra
894 4201 995 4256 rei.
1050 4200 1258 4257 Sociiis
1306 4201 1597 4274 extemplo
1629 4201 1868 4269 vocatis,
2123 4201 2327 4259 Debita
2357 4199 2623 4256 membra
2651 4196 2773 4253 solo
2800 4195 2813 4250 ι
2850 4192 3198 4250 Mortalibus
3227 4189 3412 4246 altera
3434 4201 3635 4244 rerum

365 4287 531 4343 Tunc
589 4288 706 4343 ait:
760 4291 799 4345 0
844 4306 1117 4361 proceres,
1187 4292 1319 4362 quid
1374 4307 1506 4363 opus
1565 4291 1874 4362 depromere
2015 4295 2087 4348 20
2123 4292 2264 4347 Pars
2295 4291 2487 4357 datur,
2522 4304 2587 4343 ac
2618 4283 2901 4342 membris
2948 4280 3294 4356 prohibetur
3343 4276 3516 4352 gleba
3543 4290 3637 4331 ca-

1549 4380 1764 4446 [verbis,
3313 4364 3525 4434 [ducis.

367 4467 479 4535 Quo
510 4482 595 4522 res
624 4469 851 4539 imperii
883 4477 1177 4538 vergantur
1200 4469 1438 4541 pondere
1468 4468 1642 4523 belli?
2124 4468 2269 4523 Hinc
2300 4465 2778 4539 igiturjuvcnum
2804 4461 3114 4518 solvuntur
3142 4456 3356 4530 frigore
3385 4455 3637 4511 mentes:

253 4556 330 4611 75
368 4555 613 4612 Collectis
643 4557 857 4627 quando
875 4559 1054 4613 Hister
1082 4558 1236 4613 adest
1265 4558 1392 4613 hinc
1420 4556 1549 4613 inde
1578 4558 1801 4627 ﬂuentis
1900 4570 1946 4634 D
2126 4555 2380 4611 Urbibus
2411 4553 2722 4622 excedunt,
2754 4549 3022 4620 laxisque
3054 4544 3333 4634 repagula
3361 4543 3547 4634 portis

366 4644 591 4702 Excidio
620 4647 816 4701 nostri.
847 4646 1057 4715 Moneo,
1082 4651 1293 4703 servate
1322 4645 1573 4703 secundis
1900 4628 1938 4634 —
2118 4642 2518 4709 Disscindunt,
2552 4640 2870 4709 hostesque
2932 4636 3098 4690 feros
3155 4632 3217 4687 in
3273 4629 3486 4685 muenia
3525 4628 3646 4686 lin-

332 4733 508 4789 Rebus
537 4750 597 4789 eo
628 4739 851 4801 vosmet,
885 4739 1053 4791 tantis
1084 4753 1146 4791 ac
1172 4740 1384 4808 parcite
1414 4737 1589 4804 bellis,
3168 4720 3398 4808 lquunf‘
3424 4717 3561 4790 (87)·

368 4822 628 4879 Abscedat
652 4824 819 4880 donec
841 4827 1094 4897 proprios
1124 4805 1391 4897 Arnulfus
1421 4826 1491 4881 ad
1519 4840 1695 4896 agros.
2127 4820 2238 4876 Sed
2269 4818 2409 4891 quia
2440 4834 2556 4872 non
2588 4815 2708 4870 illis
2738 4812 2932 4885 praedo
2962 4806 3226 4897 tutacula
3247 4805 3421 4861 terris

445 4911 667 4985 Pingue
723 4893 914 4968 solum
942 4893 1177 4970 interea
1242 4893 1446 4986 regum
1488 4893 1630 4968 dum
1669 4911 1882 4967 lustrat
1990 4913 2094 4968 125
2130 4907 2412 4971 Obtinuit,
2446 4905 2639 4962 subito
2689 4903 2962 4959 Etruscas
3011 4896 3347 4986 procinctus
3396 4893 3472 4952 ad
3509 4910 3644 4952 oras

1479 5003 1770 5074 [uterque,
2132 4997 2317 5054 Vertit
2347 4996 2455 5051 iter
2484 4994 2647 5065 (87'),
2680 5006 2885 5063 regum
2936 4985 3185 5060 imperio
3238 4984 3503 5041 Romana
3537 4998 3645 5056 pe-

265 5090 339 5144 80
375 5089 642 5162 Pergami
673 5091 988 5147 adVeniunt
1020 5091 1246 5161 urbem,
1272 5108 1449 5164 quam
1481 5090 1701 5147 detinet
1731 5088 1881 5144 ultro
3308 5074 3566 5164 [ΨΜυηῖ

380 5178 666 5235 Munitam
690 5181 904 5251 jaculis
928 5181 1177 5235 nimium
1204 5158 1568 5252 sudibusque
1589 5178 1879 5251 praeustis,
2133 5177 2292 5232 Atria
2316 5194 2329 5243 ;
2365 5191 2436 5230 ne
2466 5186 2702 5228 summa
2731 5169 2928 5225 forsan
2960 5165 3101 5238 quia
3131 5160 3352 5219 mansit
3380 5160 3442 5217 in
3473 5158 3631 5228 aula,

331 5286 425 5345 83)
453 5288 605 5342 Intra
624 5289 833 5343 moenia
864 5289 1055 5342 Ticini.
1993 5286 2174 5342 Marte
2204 5280 2479 5347 resertis;
2515 5277 2794 5333 lenissimo
2846 5271 3084 5328 remedio
3120 5267 3363 5325 adhibito
3395 5265 3525 5338 jam
3552 5266 3643 5321 in-

230 5380 237 5386 -
309 5357 422 5430 (84)
454 5359 534 5430 σί.
572 5359 715 5430 Virg.
747 5361 873 5414 Αἰη.
904 5361 1003 5426 ιιι,
1036 5375 1087 5413 υ.
1118 5358 1243 5413 645.

1991 5357 2366 5430 ³⁸⁷Ἒίτ--..
2493 5421 2544 5430 .-
2827 5418 2837 5429 .
2937 5411 3189 5430 nemp..-

331 5286 425 5345 83)
453 5288 605 5342 Intra
624 5289 833 5343 mamia
864 5289 1055 5342 Ticini.

309 5286 422 5499 $84)
454 5359 534 5429 Cf.
572 5359 715 5441 Virg.
747 5361 873 5414 Ain.
904 5361 1003 5426 III,
1036 5375 1087 5413 υ.
1118 5358 1243 5413 645.

334 5428 451 5501 84ῗ)
484 5428 565 5501 Cf.
601 5429 746 5499 Virg.
780 5433 906 5485 ίΕη.
939 5432 993 5499 ν,
1026 5449 1077 5485 υ.
1112 5431 1199 5485 42.

2088 5286 2174 5366 rte
2204 5286 2479 5347 resertis;
2515 5286 2794 5333 lenissimo
2846 5286 3084 5328 remeam
3120 5286 3363 5325 autumo
3395 5286 3525 5338 ,ιω
3552 5286 3643 5321 m-

2086 5371 2305 5501 ἕέίμιὶο
2331 5421 2548 5501 Arnulfi
2576 5416 2783 5476 reditus
2813 5418 2875 5472 in
2932 5411 3284 5469 Germaniam
3332 5415 3384 5464 et
3407 5405 3646 5464 secunda

333 5498 425 5571 85)
455 5496 609 5556 Anno
639 5496 763 5557 894.
980 5496 986 5499 ⁷
1610 5570 1627 5571 7
1836 5568 1847 5571 _

1610 5570 1627 5571 ί
1836 5568 1847 5571 _
1988 5498 2269 5571 proiectio.
2284 5496 2629 5571 emanatur-

333 5503 425 5571 85)
455 5503 609 5556 Anno
639 5503 763 5557 894-
1988 5503 2254 5571 profectio
2284 5503 2630 5550 omittuntur.

309 5503 431 5643 E86);
459 5572 568 5627 νοω
621 5573 712 5628 hic
765 5572 1087 5642 exciderat;
1145 5572 1311 5629 eodem
1367 5571 1566 5627 habet:
1609 5568 1885 5643 Ingenuis
2066 5570 2203 5640 (87')
2236 5566 2387 5620 Anno
2416 5565 2542 5632 895,
2579 5561 2790 5619 Octobr.

237 5640 539 5714 quendam
568 5647 756 5701 morto
789 5644 993 5715 Marte,
1030 5640 1464 5717 Vales,ingeniis
1491 5640 1886 5715 quorumdam
