  <div class='ocr_page' id='page_1' title='image "/cluster/home/n/w/nwhite01/storage/ocr_20150623/151/umn.31951002477444s/785.png"; bbox 0 0 3950 6336; ppageno 0'>
   <div class='ocr_carea' id='block_1_1' title="bbox 359 317 1919 397">
    <p class='ocr_par' dir='ltr' id='par_1_1' title="bbox 359 320 1919 397">
     <span class='ocr_line' id='line_1_1' title="bbox 359 320 1919 397; baseline -0.003 -9"><span class='ocrx_word' id='word_1_1' title='bbox 359 321 520 392; x_wconf 71' lang='grc'><strong>1803</strong></span> <span class='ocrx_word' id='word_1_2' title='bbox 1158 379 1172 397; x_wconf 88' lang='grc'>,</span> <span class='ocrx_word' id='word_1_3' title='bbox 1639 320 1919 384; x_wconf 82' lang='lat' dir='ltr'><strong>APPEN]</strong></span> 
     </span>
    </p>
   </div>
   <div class='ocr_carea' id='block_1_2' title="bbox 2233 317 3793 397">
    <p class='ocr_par' dir='ltr' id='par_1_2' title="bbox 2233 317 3793 387">
     <span class='ocr_line' id='line_1_2' title="bbox 2233 317 3793 387; baseline 0.001 -2"><span class='ocrx_word' id='word_1_4' title='bbox 2233 317 2359 385; x_wconf 71' lang='grc' dir='ltr'><strong>[ΕΟ.</strong></span> <span class='ocrx_word' id='word_1_5' title='bbox 2405 319 2483 385; x_wconf 69' lang='grc' dir='ltr'><strong>Χ.</strong></span> <span class='ocrx_word' id='word_1_6' title='bbox 3609 319 3793 387; x_wconf 68' lang='grc' dir='ltr'><strong>ωσι</strong></span> 
     </span>
    </p>
   </div>
   <div class='ocr_carea' id='block_1_3' title="bbox 501 453 3786 530">
    <p class='ocr_par' dir='ltr' id='par_1_3' title="bbox 501 453 3786 530">
     <span class='ocr_line' id='line_1_3' title="bbox 501 453 3786 530; baseline -0.002 -14"><span class='ocrx_word' id='word_1_7' title='bbox 501 455 1332 530; x_wconf 81' lang='lat' dir='ltr'><strong>HaudlatuissequeatGallus</strong></span> <span class='ocrx_word' id='word_1_8' title='bbox 1355 457 1638 522; x_wconf 83' lang='lat' dir='ltr'><strong>sedicere,</strong></span> <span class='ocrx_word' id='word_1_9' title='bbox 1656 459 1969 528; x_wconf 88' lang='lat' dir='ltr'><strong>postquam</strong></span> <span class='ocrx_word' id='word_1_10' title='bbox 2033 455 2092 521; x_wconf 75' lang='grc' dir='ltr'><strong>Α</strong></span> <span class='ocrx_word' id='word_1_11' title='bbox 2257 453 2405 512; x_wconf 87' lang='lat' dir='ltr'><strong>Cum</strong></span> <span class='ocrx_word' id='word_1_12' title='bbox 2432 457 2599 511; x_wconf 86' lang='lat' dir='ltr'><strong>vocat</strong></span> <span class='ocrx_word' id='word_1_13' title='bbox 2625 453 2723 511; x_wconf 89' lang='lat' dir='ltr'><strong>hic</strong></span> <span class='ocrx_word' id='word_1_14' title='bbox 2771 458 2976 520; x_wconf 80' lang='lat' dir='ltr'><strong>natum</strong></span> <span class='ocrx_word' id='word_1_15' title='bbox 3021 458 3185 515; x_wconf 75' lang='lat' dir='ltr'><strong>tanto</strong></span> <span class='ocrx_word' id='word_1_16' title='bbox 3235 471 3341 528; x_wconf 83' lang='lat' dir='ltr'><strong>pro</strong></span> <span class='ocrx_word' id='word_1_17' title='bbox 3387 454 3597 516; x_wconf 73' lang='lat' dir='ltr'><strong>funere</strong></span> <span class='ocrx_word' id='word_1_18' title='bbox 3627 471 3786 510; x_wconf 61' lang='lat' dir='ltr'><strong>me-</strong></span> 
     </span>
    </p>
   </div>
   <div class='ocr_carea' id='block_1_4' title="bbox 319 536 3703 621">
    <p class='ocr_par' dir='ltr' id='par_1_4' title="bbox 319 536 3703 621">
     <span class='ocr_line' id='line_1_4' title="bbox 319 536 3703 621; baseline -0.002 -15"><span class='ocrx_word' id='word_1_19' title='bbox 319 605 326 612; x_wconf 89' lang='lat'><em>_</em></span> <span class='ocrx_word' id='word_1_20' title='bbox 437 619 442 621; x_wconf 92' lang='lat'>_</span> <span class='ocrx_word' id='word_1_21' title='bbox 491 536 866 621; x_wconf 66' lang='lat' dir='ltr'><strong>l‘luctivagas</strong></span> <span class='ocrx_word' id='word_1_22' title='bbox 888 545 1728 604; x_wconf 84' lang='lat' dir='ltr'><strong>RheniArnulfusremearitad</strong></span> <span class='ocrx_word' id='word_1_23' title='bbox 1751 544 1960 600; x_wconf 86' lang='lat' dir='ltr'><strong>undas.</strong></span> <span class='ocrx_word' id='word_1_24' title='bbox 3489 547 3703 617; x_wconf 57' lang='grc' dir='ltr'><strong>βψω,</strong></span> 
     </span>
    </p>
   </div>
   <div class='ocr_carea' id='block_1_5' title="bbox 363 619 3792 710">
    <p class='ocr_par' dir='ltr' id='par_1_5' title="bbox 363 619 3792 710">
     <span class='ocr_line' id='line_1_5' title="bbox 363 619 3792 710; baseline -0.002 -14"><span class='ocrx_word' id='word_1_25' title='bbox 363 619 468 696; x_wconf 82' lang='grc'><strong>130</strong></span> <span class='ocrx_word' id='word_1_26' title='bbox 504 619 879 710; x_wconf 34' lang='lat' dir='ltr'><strong>Fugerat&#39;hic</strong></span> <span class='ocrx_word' id='word_1_27' title='bbox 894 635 1326 692; x_wconf 86' lang='lat' dir='ltr'><strong>Romanavafer</strong></span> <span class='ocrx_word' id='word_1_28' title='bbox 1341 635 1440 692; x_wconf 90' lang='lat' dir='ltr'><strong>sed</strong></span> <span class='ocrx_word' id='word_1_29' title='bbox 1461 633 1721 690; x_wconf 88' lang='lat' dir='ltr'><strong>culmina</strong></span> <span class='ocrx_word' id='word_1_30' title='bbox 1741 633 2002 700; x_wconf 83' lang='lat' dir='ltr'><strong>tandem,</strong></span> <span class='ocrx_word' id='word_1_31' title='bbox 2113 631 2218 687; x_wconf 84' lang='grc'><strong>180</strong></span> <span class='ocrx_word' id='word_1_32' title='bbox 2255 631 2385 688; x_wconf 66' lang='lat' dir='ltr'><strong>Haec</strong></span> <span class='ocrx_word' id='word_1_33' title='bbox 2418 633 2639 690; x_wconf 86' lang='lat' dir='ltr'><strong>monita</strong></span> <span class='ocrx_word' id='word_1_34' title='bbox 2688 633 2887 690; x_wconf 87' lang='lat' dir='ltr'><strong>fractis</strong></span> <span class='ocrx_word' id='word_1_35' title='bbox 2935 649 3219 706; x_wconf 75' lang='lat' dir='ltr'><strong>promens</strong></span> <span class='ocrx_word' id='word_1_36' title='bbox 3276 633 3666 694; x_wconf 84' lang='lat' dir='ltr'><strong>memoranda</strong></span> <span class='ocrx_word' id='word_1_37' title='bbox 3695 633 3792 690; x_wconf 92' lang='lat' dir='ltr'><strong>lo-</strong></span> 
     </span>
    </p>
   </div>
   <div class='ocr_carea' id='block_1_6' title="bbox 503 721 3666 798">
    <p class='ocr_par' dir='ltr' id='par_1_6' title="bbox 503 721 3666 798">
     <span class='ocr_line' id='line_1_6' title="bbox 503 721 3666 798; baseline -0.002 -14"><span class='ocrx_word' id='word_1_38' title='bbox 503 727 586 784; x_wconf 89' lang='lat' dir='ltr'><strong>Ne</strong></span> <span class='ocrx_word' id='word_1_39' title='bbox 597 724 823 798; x_wconf 87' lang='lat' dir='ltr'><strong>lepidos</strong></span> <span class='ocrx_word' id='word_1_40' title='bbox 843 729 1117 796; x_wconf 81' lang='lat' dir='ltr'><strong>caperent</strong></span> <span class='ocrx_word' id='word_1_41' title='bbox 1133 723 1440 798; x_wconf 86' lang='lat' dir='ltr'><strong>liquid(88)</strong></span> <span class='ocrx_word' id='word_1_42' title='bbox 1474 724 1684 779; x_wconf 75' lang='lat' dir='ltr'><strong>fmdata</strong></span> <span class='ocrx_word' id='word_1_43' title='bbox 1699 727 2002 795; x_wconf 80' lang='lat' dir='ltr'><strong>tyrannos.</strong></span> <span class='ocrx_word' id='word_1_44' title='bbox 3405 721 3626 794; x_wconf 89' lang='lat' dir='ltr'><strong>[quelis</strong></span> <span class='ocrx_word' id='word_1_45' title='bbox 3649 739 3666 778; x_wconf 89' lang='lat'><strong>:</strong></span> 
     </span>
    </p>
   </div>
   <div class='ocr_carea' id='block_1_7' title="bbox 505 809 3777 884">
    <p class='ocr_par' dir='ltr' id='par_1_7' title="bbox 505 809 3777 884">
     <span class='ocr_line' id='line_1_7' title="bbox 505 809 3777 884; baseline -0.002 -14"><span class='ocrx_word' id='word_1_46' title='bbox 505 813 576 870; x_wconf 89' lang='lat' dir='ltr'><strong>Hi</strong></span> <span class='ocrx_word' id='word_1_47' title='bbox 601 817 797 872; x_wconf 85' lang='lat' dir='ltr'><strong>tamen</strong></span> <span class='ocrx_word' id='word_1_48' title='bbox 829 813 1028 870; x_wconf 81' lang='lat' dir='ltr'><strong>accitis</strong></span> <span class='ocrx_word' id='word_1_49' title='bbox 1057 812 1296 870; x_wconf 87' lang='lat' dir='ltr'><strong>hostilia</strong></span> <span class='ocrx_word' id='word_1_50' title='bbox 1323 812 1571 868; x_wconf 89' lang='lat' dir='ltr'><strong>crimina</strong></span> <span class='ocrx_word' id='word_1_51' title='bbox 1600 811 1866 884; x_wconf 89' lang='lat' dir='ltr'><strong>pandunt</strong></span> <span class='ocrx_word' id='word_1_52' title='bbox 2255 811 2413 878; x_wconf 88' lang='lat' dir='ltr'><strong>Nate,</strong></span> <span class='ocrx_word' id='word_1_53' title='bbox 2444 809 2611 878; x_wconf 81' lang='lat' dir='ltr'><strong>vides,</strong></span> <span class='ocrx_word' id='word_1_54' title='bbox 2641 826 2808 882; x_wconf 87' lang='lat' dir='ltr'><strong>quam</strong></span> <span class='ocrx_word' id='word_1_55' title='bbox 2853 811 2994 868; x_wconf 85' lang='lat' dir='ltr'><strong>dura</strong></span> <span class='ocrx_word' id='word_1_56' title='bbox 3035 813 3290 883; x_wconf 83' lang='lat' dir='ltr'><strong>premant</strong></span> <span class='ocrx_word' id='word_1_57' title='bbox 3341 810 3631 883; x_wconf 80' lang='lat' dir='ltr'><strong>dispendia</strong></span> <span class='ocrx_word' id='word_1_58' title='bbox 3675 811 3777 865; x_wconf 87' lang='grc' dir='ltr'><strong>υἰ-</strong></span> 
     </span>
    </p>
   </div>
   <div class='ocr_carea' id='block_1_8' title="bbox 504 895 3707 976">
    <p class='ocr_par' dir='ltr' id='par_1_8' title="bbox 504 895 3707 976">
     <span class='ocr_line' id='line_1_8' title="bbox 504 895 3707 976; baseline -0.002 -16"><span class='ocrx_word' id='word_1_59' title='bbox 504 901 808 976; x_wconf 87' lang='lat' dir='ltr'><strong>Signiferis</strong></span> <span class='ocrx_word' id='word_1_60' title='bbox 843 945 857 970; x_wconf 96' lang='lat'><strong>,</strong></span> <span class='ocrx_word' id='word_1_61' title='bbox 924 901 1132 958; x_wconf 82' lang='lat' dir='ltr'><strong>vexilla</strong></span> <span class='ocrx_word' id='word_1_62' title='bbox 1191 901 1518 972; x_wconf 89' lang='lat' dir='ltr'><strong>jubentque</strong></span> <span class='ocrx_word' id='word_1_63' title='bbox 1583 900 1829 957; x_wconf 85' lang='lat' dir='ltr'><strong>educere</strong></span> <span class='ocrx_word' id='word_1_64' title='bbox 1911 914 2005 954; x_wconf 88' lang='lat' dir='ltr'><strong>ca-</strong></span> <span class='ocrx_word' id='word_1_65' title='bbox 2305 957 2310 962; x_wconf 49' lang='grc'><strong><em>,</em></strong></span> <span class='ocrx_word' id='word_1_66' title='bbox 2497 895 2520 914; x_wconf 81' lang='grc'><strong>⁸</strong></span> <span class='ocrx_word' id='word_1_67' title='bbox 3539 899 3707 970; x_wconf 79' lang='lat' dir='ltr'><strong>[tam,</strong></span> 
     </span>
    </p>
   </div>
   <div class='ocr_carea' id='block_1_9' title="bbox 1583 987 3794 1062">
    <p class='ocr_par' dir='ltr' id='par_1_9' title="bbox 1583 987 3794 1062">
     <span class='ocr_line' id='line_1_9' title="bbox 1583 987 3794 1062; baseline -0.001 -16"><span class='ocrx_word' id='word_1_68' title='bbox 1583 989 1744 1062; x_wconf 82' lang='lat' dir='ltr'><strong>[stris</strong></span> <span class='ocrx_word' id='word_1_69' title='bbox 1775 988 1934 1060; x_wconf 75' lang='lat'><strong>(88&#39;),</strong></span> <span class='ocrx_word' id='word_1_70' title='bbox 2257 987 2392 1056; x_wconf 60' lang='lat' dir='ltr'><strong>Quw</strong></span> <span class='ocrx_word' id='word_1_71' title='bbox 2416 988 2580 1044; x_wconf 80' lang='lat' dir='ltr'><strong>Pater</strong></span> <span class='ocrx_word' id='word_1_72' title='bbox 2607 989 2704 1044; x_wconf 87' lang='lat' dir='ltr'><strong>ille</strong></span> <span class='ocrx_word' id='word_1_73' title='bbox 2728 990 3013 1044; x_wconf 79' lang='lat' dir='ltr'><strong>hominum</strong></span> <span class='ocrx_word' id='word_1_74' title='bbox 3041 991 3197 1046; x_wconf 84' lang='lat' dir='ltr'><strong>vetiti</strong></span> <span class='ocrx_word' id='word_1_75' title='bbox 3233 1003 3332 1060; x_wconf 88' lang='lat' dir='ltr'><strong>pro</strong></span> <span class='ocrx_word' id='word_1_76' title='bbox 3359 990 3594 1045; x_wconf 84' lang='lat' dir='ltr'><strong>crimine</strong></span> <span class='ocrx_word' id='word_1_77' title='bbox 3621 988 3794 1061; x_wconf 88' lang='lat' dir='ltr'><strong>pomi</strong></span> 
     </span>
    </p>
   </div>
   <div class='ocr_carea' id='block_1_10' title="bbox 501 1076 3580 1150">
    <p class='ocr_par' dir='ltr' id='par_1_10' title="bbox 501 1076 3580 1150">
     <span class='ocr_line' id='line_1_10' title="bbox 501 1076 3580 1150; baseline -0.001 -15"><span class='ocrx_word' id='word_1_78' title='bbox 501 1081 743 1138; x_wconf 81' lang='lat' dir='ltr'><strong>Viribus</strong></span> <span class='ocrx_word' id='word_1_79' title='bbox 771 1097 838 1138; x_wconf 86' lang='lat' dir='ltr'><strong>ac</strong></span> <span class='ocrx_word' id='word_1_80' title='bbox 867 1080 1007 1136; x_wconf 91' lang='lat' dir='ltr'><strong>totis</strong></span> <span class='ocrx_word' id='word_1_81' title='bbox 1035 1095 1245 1136; x_wconf 87' lang='lat' dir='ltr'><strong>causas</strong></span> <span class='ocrx_word' id='word_1_82' title='bbox 1276 1078 1545 1135; x_wconf 84' lang='lat' dir='ltr'><strong>insistere</strong></span> <span class='ocrx_word' id='word_1_83' title='bbox 1575 1081 1794 1150; x_wconf 88' lang='lat' dir='ltr'><strong>portas,</strong></span> <span class='ocrx_word' id='word_1_84' title='bbox 2256 1076 2466 1142; x_wconf 84' lang='lat' dir='ltr'><strong>Intulit,</strong></span> <span class='ocrx_word' id='word_1_85' title='bbox 2492 1080 2544 1132; x_wconf 85' lang='lat' dir='ltr'><strong>et</strong></span> <span class='ocrx_word' id='word_1_86' title='bbox 2572 1082 2729 1148; x_wconf 85' lang='lat' dir='ltr'><strong>rupto</strong></span> <span class='ocrx_word' id='word_1_87' title='bbox 2757 1077 3057 1132; x_wconf 81' lang='lat' dir='ltr'><strong>macularit</strong></span> <span class='ocrx_word' id='word_1_88' title='bbox 3085 1077 3289 1149; x_wconf 73' lang='lat' dir='ltr'><strong>[cedere</strong></span> <span class='ocrx_word' id='word_1_89' title='bbox 3315 1093 3580 1134; x_wconf 79' lang='lat' dir='ltr'><strong>massam.</strong></span> 
     </span>
    </p>
   </div>
   <div class='ocr_carea' id='block_1_11' title="bbox 366 1164 3464 1237">
    <p class='ocr_par' dir='ltr' id='par_1_11' title="bbox 366 1164 3464 1237">
     <span class='ocr_line' id='line_1_11' title="bbox 366 1164 3464 1237; baseline -0.002 -9"><span class='ocrx_word' id='word_1_90' title='bbox 366 1172 472 1229; x_wconf 88' lang='lat'><strong>135</strong></span> <span class='ocrx_word' id='word_1_91' title='bbox 505 1170 576 1226; x_wconf 87' lang='lat' dir='ltr'><strong>Vi</strong></span> <span class='ocrx_word' id='word_1_92' title='bbox 607 1169 817 1228; x_wconf 81' lang='lat' dir='ltr'><strong>saltem</strong></span> <span class='ocrx_word' id='word_1_93' title='bbox 850 1169 1164 1225; x_wconf 88' lang='lat' dir='ltr'><strong>reserantis</strong></span> <span class='ocrx_word' id='word_1_94' title='bbox 1205 1168 1365 1224; x_wconf 90' lang='lat' dir='ltr'><strong>adire</strong></span> <span class='ocrx_word' id='word_1_95' title='bbox 1396 1171 1462 1224; x_wconf 91' lang='lat' dir='ltr'><strong>ut</strong></span> <span class='ocrx_word' id='word_1_96' title='bbox 1490 1166 1697 1223; x_wconf 81' lang='lat' dir='ltr'><strong>limina</strong></span> <span class='ocrx_word' id='word_1_97' title='bbox 1726 1164 1938 1222; x_wconf 78' lang='lat' dir='ltr'><strong>cmlum</strong></span> <span class='ocrx_word' id='word_1_98' title='bbox 2257 1165 2362 1220; x_wconf 88' lang='lat' dir='ltr'><strong>Nec</strong></span> <span class='ocrx_word' id='word_1_99' title='bbox 2389 1165 2537 1220; x_wconf 87' lang='lat' dir='ltr'><strong>ultra</strong></span> <span class='ocrx_word' id='word_1_100' title='bbox 2554 1167 2758 1236; x_wconf 81' lang='lat' dir='ltr'><strong>patriis</strong></span> <span class='ocrx_word' id='word_1_101' title='bbox 2783 1167 2995 1237; x_wconf 70' lang='lat' dir='ltr'><strong>poteris</strong></span> <span class='ocrx_word' id='word_1_102' title='bbox 3011 1167 3247 1222; x_wconf 74' lang='lat' dir='ltr'><strong>tutarier</strong></span> <span class='ocrx_word' id='word_1_103' title='bbox 3267 1167 3464 1235; x_wconf 79' lang='lat' dir='ltr'><strong>armis,</strong></span> 
     </span>
    </p>
   </div>
   <div class='ocr_carea' id='block_1_12' title="bbox 509 1253 3786 1332">
    <p class='ocr_par' dir='ltr' id='par_1_12' title="bbox 509 1253 3786 1332">
     <span class='ocr_line' id='line_1_12' title="bbox 509 1253 3786 1332; baseline -0.002 -16"><span class='ocrx_word' id='word_1_104' title='bbox 509 1258 796 1332; x_wconf 83' lang='lat' dir='ltr'><strong>Principis</strong></span> <span class='ocrx_word' id='word_1_105' title='bbox 823 1257 1078 1314; x_wconf 73' lang='lat' dir='ltr'><strong>ecclesia:</strong></span> <span class='ocrx_word' id='word_1_106' title='bbox 1108 1257 1298 1325; x_wconf 87' lang='lat' dir='ltr'><strong>liceat,</strong></span> <span class='ocrx_word' id='word_1_107' title='bbox 1332 1273 1404 1312; x_wconf 89' lang='lat' dir='ltr'><strong>ne</strong></span> <span class='ocrx_word' id='word_1_108' title='bbox 1435 1255 1637 1312; x_wconf 83' lang='lat' dir='ltr'><strong>trivole</strong></span> <span class='ocrx_word' id='word_1_109' title='bbox 1668 1259 1860 1312; x_wconf 88' lang='lat' dir='ltr'><strong>tantos</strong></span> <span class='ocrx_word' id='word_1_110' title='bbox 2119 1253 2224 1310; x_wconf 92' lang='grc'><strong>185</strong></span> <span class='ocrx_word' id='word_1_111' title='bbox 2257 1257 2506 1325; x_wconf 80' lang='lat' dir='ltr'><strong>Namque</strong></span> <span class='ocrx_word' id='word_1_112' title='bbox 2535 1255 2688 1326; x_wconf 96' lang='lat' dir='ltr'><strong>rapit</strong></span> <span class='ocrx_word' id='word_1_113' title='bbox 2714 1261 2918 1310; x_wconf 85' lang='lat' dir='ltr'><strong>natura</strong></span> <span class='ocrx_word' id='word_1_114' title='bbox 2961 1253 3110 1310; x_wconf 86' lang='lat' dir='ltr'><strong>diem</strong></span> <span class='ocrx_word' id='word_1_115' title='bbox 3147 1265 3508 1326; x_wconf 69' lang='lat' dir='ltr'><strong>somnumque</strong></span> <span class='ocrx_word' id='word_1_116' title='bbox 3534 1254 3786 1311; x_wconf 83' lang='lat' dir='ltr'><strong>reducit.</strong></span> 
     </span>
    </p>
   </div>
   <div class='ocr_carea' id='block_1_13' title="bbox 506 1342 3630 1421">
    <p class='ocr_par' dir='ltr' id='par_1_13' title="bbox 506 1342 3630 1421">
     <span class='ocr_line' id='line_1_13' title="bbox 506 1342 3630 1421; baseline -0.002 -16"><span class='ocrx_word' id='word_1_117' title='bbox 506 1347 845 1421; x_wconf 80' lang='lat' dir='ltr'><strong>Pmpellant</strong></span> <span class='ocrx_word' id='word_1_118' title='bbox 873 1347 1154 1419; x_wconf 82' lang='lat' dir='ltr'><strong>ﬁgmenta</strong></span> <span class='ocrx_word' id='word_1_119' title='bbox 1182 1345 1340 1402; x_wconf 92' lang='lat' dir='ltr'><strong>viros</strong></span> <span class='ocrx_word' id='word_1_120' title='bbox 1369 1350 1427 1402; x_wconf 88' lang='lat' dir='ltr'><strong>et</strong></span> <span class='ocrx_word' id='word_1_121' title='bbox 1453 1350 1590 1400; x_wconf 86' lang='lat' dir='ltr'><strong>vota</strong></span> <span class='ocrx_word' id='word_1_122' title='bbox 1618 1344 1913 1400; x_wconf 84' lang='lat' dir='ltr'><strong>retardent</strong></span> <span class='ocrx_word' id='word_1_123' title='bbox 2257 1342 2484 1413; x_wconf 86' lang='lat' dir='ltr'><strong>Percipe</strong></span> <span class='ocrx_word' id='word_1_124' title='bbox 2510 1342 2676 1398; x_wconf 81' lang='lat' dir='ltr'><strong>verba</strong></span> <span class='ocrx_word' id='word_1_125' title='bbox 2706 1346 2892 1399; x_wconf 85' lang='lat' dir='ltr'><strong>tamen</strong></span> <span class='ocrx_word' id='word_1_126' title='bbox 2914 1344 3082 1414; x_wconf 84' lang='lat' dir='ltr'><strong>positi</strong></span> <span class='ocrx_word' id='word_1_127' title='bbox 3103 1344 3206 1400; x_wconf 84' lang='lat' dir='ltr'><strong>sub</strong></span> <span class='ocrx_word' id='word_1_128' title='bbox 3233 1343 3342 1413; x_wconf 80' lang='lat' dir='ltr'><strong>ﬁne</strong></span> <span class='ocrx_word' id='word_1_129' title='bbox 3362 1345 3630 1416; x_wconf 81' lang='lat' dir='ltr'><strong>parentis,</strong></span> 
     </span>
    </p>
   </div>
   <div class='ocr_carea' id='block_1_14' title="bbox 508 1431 3593 1509">
    <p class='ocr_par' dir='ltr' id='par_1_14' title="bbox 508 1431 3593 1509">
     <span class='ocr_line' id='line_1_14' title="bbox 508 1431 3593 1509; baseline -0.003 -13"><span class='ocrx_word' id='word_1_130' title='bbox 508 1436 784 1496; x_wconf 66' lang='lat' dir='ltr'><strong>Praesenti</strong></span> <span class='ocrx_word' id='word_1_131' title='bbox 815 1435 1106 1509; x_wconf 90' lang='lat' dir='ltr'><strong>promissa</strong></span> <span class='ocrx_word' id='word_1_132' title='bbox 1134 1434 1262 1491; x_wconf 90' lang='lat' dir='ltr'><strong>loco</strong></span> <span class='ocrx_word' id='word_1_133' title='bbox 1291 1433 1644 1507; x_wconf 87' lang='lat' dir='ltr'><strong>templisque</strong></span> <span class='ocrx_word' id='word_1_134' title='bbox 1673 1431 1901 1488; x_wconf 84' lang='lat' dir='ltr'><strong>dicatis.</strong></span> <span class='ocrx_word' id='word_1_135' title='bbox 2260 1431 2326 1486; x_wconf 85' lang='lat' dir='ltr'><strong>Et</strong></span> <span class='ocrx_word' id='word_1_136' title='bbox 2350 1433 2566 1487; x_wconf 77' lang='lat' dir='ltr'><strong>ratione</strong></span> <span class='ocrx_word' id='word_1_137' title='bbox 2593 1432 2739 1486; x_wconf 87' lang='lat' dir='ltr'><strong>vales</strong></span> <span class='ocrx_word' id='word_1_138' title='bbox 2769 1445 3109 1504; x_wconf 80' lang='lat' dir='ltr'><strong>quacunque,</strong></span> <span class='ocrx_word' id='word_1_139' title='bbox 3134 1431 3432 1492; x_wconf 73' lang='lat' dir='ltr'><strong>adsciscere</strong></span> <span class='ocrx_word' id='word_1_140' title='bbox 3456 1433 3593 1503; x_wconf 78' lang='lat' dir='ltr'><strong>forti</strong></span> 
     </span>
    </p>
   </div>
   <div class='ocr_carea' id='block_1_15' title="bbox 493 1519 3677 1603">
    <p class='ocr_par' dir='ltr' id='par_1_15' title="bbox 493 1519 3677 1603">
     <span class='ocr_line' id='line_1_15' title="bbox 493 1519 3677 1603; baseline -0.004 -18"><span class='ocrx_word' id='word_1_141' title='bbox 493 1525 751 1603; x_wconf 36' lang='lat' dir='ltr'><strong>.Talibus</strong></span> <span class='ocrx_word' id='word_1_142' title='bbox 781 1525 1044 1598; x_wconf 90' lang='lat' dir='ltr'><strong>imperiis</strong></span> <span class='ocrx_word' id='word_1_143' title='bbox 1074 1523 1296 1596; x_wconf 84' lang='lat' dir='ltr'><strong>talique</strong></span> <span class='ocrx_word' id='word_1_144' title='bbox 1324 1523 1654 1579; x_wconf 78' lang='lat' dir='ltr'><strong>hortamine</strong></span> <span class='ocrx_word' id='word_1_145' title='bbox 1680 1537 1886 1594; x_wconf 90' lang='lat' dir='ltr'><strong>regum</strong></span> <span class='ocrx_word' id='word_1_146' title='bbox 2260 1519 2578 1591; x_wconf 86' lang='lat' dir='ltr'><strong>Brengario.</strong></span> <span class='ocrx_word' id='word_1_147' title='bbox 2612 1521 2767 1576; x_wconf 85' lang='lat' dir='ltr'><strong>Hunc</strong></span> <span class='ocrx_word' id='word_1_148' title='bbox 2795 1521 2997 1576; x_wconf 84' lang='lat' dir='ltr'><strong>etenim</strong></span> <span class='ocrx_word' id='word_1_149' title='bbox 3025 1522 3142 1591; x_wconf 84' lang='lat' dir='ltr'><strong>fato</strong></span> <span class='ocrx_word' id='word_1_150' title='bbox 3167 1521 3398 1578; x_wconf 82' lang='lat' dir='ltr'><strong>meliore</strong></span> <span class='ocrx_word' id='word_1_151' title='bbox 3424 1527 3677 1593; x_wconf 79' lang='lat' dir='ltr'><strong>sequetur</strong></span> 
     </span>
    </p>
   </div>
   <div class='ocr_carea' id='block_1_16' title="bbox 364 1608 3661 1687">
    <p class='ocr_par' dir='ltr' id='par_1_16' title="bbox 364 1608 3661 1687">
     <span class='ocr_line' id='line_1_16' title="bbox 364 1608 3661 1687; baseline -0.004 -11"><span class='ocrx_word' id='word_1_152' title='bbox 364 1617 474 1676; x_wconf 68' lang='lat' dir='ltr'><strong>HO</strong></span> <span class='ocrx_word' id='word_1_153' title='bbox 511 1615 784 1676; x_wconf 80' lang='lat' dir='ltr'><strong>Induviae</strong></span> <span class='ocrx_word' id='word_1_154' title='bbox 815 1614 1053 1687; x_wconf 87' lang='lat' dir='ltr'><strong>rapiunt</strong></span> <span class='ocrx_word' id='word_1_155' title='bbox 1080 1613 1274 1670; x_wconf 88' lang='lat' dir='ltr'><strong>cuncti</strong></span> <span class='ocrx_word' id='word_1_156' title='bbox 1307 1612 1579 1669; x_wconf 89' lang='lat' dir='ltr'><strong>Mavertis</strong></span> <span class='ocrx_word' id='word_1_157' title='bbox 1607 1609 1824 1677; x_wconf 79' lang='lat' dir='ltr'><strong>anheli,</strong></span> <span class='ocrx_word' id='word_1_158' title='bbox 2261 1608 2545 1679; x_wconf 85' lang='lat' dir='ltr'><strong>Hesperia,</strong></span> <span class='ocrx_word' id='word_1_159' title='bbox 2576 1616 2627 1664; x_wconf 86' lang='lat' dir='ltr'><strong>et</strong></span> <span class='ocrx_word' id='word_1_160' title='bbox 2648 1610 2849 1666; x_wconf 78' lang='lat' dir='ltr'><strong>nostris</strong></span> <span class='ocrx_word' id='word_1_161' title='bbox 2879 1610 3051 1665; x_wconf 88' lang='lat' dir='ltr'><strong>etiam</strong></span> <span class='ocrx_word' id='word_1_162' title='bbox 3078 1608 3456 1666; x_wconf 76' lang='lat' dir='ltr'><strong>dominabitur</strong></span> <span class='ocrx_word' id='word_1_163' title='bbox 3483 1610 3661 1668; x_wconf 80' lang='lat' dir='ltr'><strong>arcis.</strong></span> 
     </span>
    </p>
   </div>
   <div class='ocr_carea' id='block_1_17' title="bbox 484 1695 3636 1775">
    <p class='ocr_par' dir='ltr' id='par_1_17' title="bbox 484 1695 3636 1775">
     <span class='ocr_line' id='line_1_17' title="bbox 484 1695 3636 1775; baseline -0.003 -12"><span class='ocrx_word' id='word_1_164' title='bbox 484 1705 866 1763; x_wconf 85' lang='lat' dir='ltr'><strong>&#39;Gommissas</strong></span> <span class='ocrx_word' id='word_1_165' title='bbox 893 1702 1046 1760; x_wconf 89' lang='lat' dir='ltr'><strong>avidi</strong></span> <span class='ocrx_word' id='word_1_166' title='bbox 1077 1699 1228 1760; x_wconf 83' lang='lat' dir='ltr'><strong>ferro</strong></span> <span class='ocrx_word' id='word_1_167' title='bbox 1261 1701 1635 1775; x_wconf 87' lang='lat' dir='ltr'><strong>proscindere</strong></span> <span class='ocrx_word' id='word_1_168' title='bbox 1663 1703 1884 1772; x_wconf 88' lang='lat' dir='ltr'><strong>portas.</strong></span> <span class='ocrx_word' id='word_1_169' title='bbox 2125 1695 2228 1750; x_wconf 86' lang='lat'><strong>190</strong></span> <span class='ocrx_word' id='word_1_170' title='bbox 2264 1695 2379 1752; x_wconf 80' lang='lat' dir='ltr'><strong>Nec</strong></span> <span class='ocrx_word' id='word_1_171' title='bbox 2404 1696 2576 1768; x_wconf 84' lang='lat' dir='ltr'><strong>plura</strong></span> <span class='ocrx_word' id='word_1_172' title='bbox 2603 1697 2834 1766; x_wconf 72' lang='lat' dir='ltr'><strong>effatus,</strong></span> <span class='ocrx_word' id='word_1_173' title='bbox 2871 1697 3064 1754; x_wconf 90' lang='lat' dir='ltr'><strong>medio</strong></span> <span class='ocrx_word' id='word_1_174' title='bbox 3093 1709 3368 1758; x_wconf 81' lang='lat' dir='ltr'><strong>sermone</strong></span> <span class='ocrx_word' id='word_1_175' title='bbox 3393 1696 3636 1761; x_wconf 74' lang='lat' dir='ltr'><strong>resistit.</strong></span> 
     </span>
    </p>
   </div>
   <div class='ocr_carea' id='block_1_18' title="bbox 507 1783 3658 1866">
    <p class='ocr_par' dir='ltr' id='par_1_18' title="bbox 507 1783 3658 1866">
     <span class='ocr_line' id='line_1_18' title="bbox 507 1783 3658 1866; baseline -0.004 -14"><span class='ocrx_word' id='word_1_176' title='bbox 507 1795 639 1853; x_wconf 82' lang='lat' dir='ltr'><strong>Jam</strong></span> <span class='ocrx_word' id='word_1_177' title='bbox 669 1793 811 1866; x_wconf 89' lang='lat' dir='ltr'><strong>quia</strong></span> <span class='ocrx_word' id='word_1_178' title='bbox 829 1797 997 1866; x_wconf 89' lang='lat' dir='ltr'><strong>parta</strong></span> <span class='ocrx_word' id='word_1_179' title='bbox 1013 1791 1126 1848; x_wconf 89' lang='lat' dir='ltr'><strong>sibi</strong></span> <span class='ocrx_word' id='word_1_180' title='bbox 1151 1789 1534 1864; x_wconf 80' lang='lat' dir='ltr'><strong>speculantur</strong></span> <span class='ocrx_word' id='word_1_181' title='bbox 1553 1789 1721 1862; x_wconf 86' lang='lat' dir='ltr'><strong>nigra</strong></span> <span class='ocrx_word' id='word_1_182' title='bbox 1741 1785 2012 1852; x_wconf 85' lang='lat' dir='ltr'><strong>Quirites,</strong></span> <span class='ocrx_word' id='word_1_183' title='bbox 2031 1823 2093 1866; x_wconf 65' lang='grc' dir='ltr'><strong>,η</strong></span> <span class='ocrx_word' id='word_1_184' title='bbox 2263 1784 2334 1840; x_wconf 85' lang='lat' dir='ltr'><strong>Bt</strong></span> <span class='ocrx_word' id='word_1_185' title='bbox 2361 1783 2537 1841; x_wconf 88' lang='lat' dir='ltr'><strong>vitam</strong></span> <span class='ocrx_word' id='word_1_186' title='bbox 2570 1785 2789 1858; x_wconf 86' lang='lat' dir='ltr'><strong>pariter</strong></span> <span class='ocrx_word' id='word_1_187' title='bbox 2817 1786 3071 1843; x_wconf 89' lang='lat' dir='ltr'><strong>moriens</strong></span> <span class='ocrx_word' id='word_1_188' title='bbox 3100 1789 3160 1842; x_wconf 89' lang='lat' dir='ltr'><strong>et</strong></span> <span class='ocrx_word' id='word_1_189' title='bbox 3187 1786 3412 1844; x_wconf 80' lang='lat' dir='ltr'><strong>famine</strong></span> <span class='ocrx_word' id='word_1_190' title='bbox 3435 1785 3658 1858; x_wconf 80' lang='lat' dir='ltr'><strong>linquit</strong></span> 
     </span>
    </p>
   </div>
   <div class='ocr_carea' id='block_1_19' title="bbox 508 1873 3786 1956">
    <p class='ocr_par' dir='ltr' id='par_1_19' title="bbox 508 1873 3786 1956">
     <span class='ocr_line' id='line_1_19' title="bbox 508 1873 3786 1956; baseline -0.004 -14"><span class='ocrx_word' id='word_1_191' title='bbox 508 1885 778 1956; x_wconf 84' lang='lat' dir='ltr'><strong>Undique</strong></span> <span class='ocrx_word' id='word_1_192' title='bbox 805 1881 1052 1940; x_wconf 88' lang='lat' dir='ltr'><strong>dissutis</strong></span> <span class='ocrx_word' id='word_1_193' title='bbox 1072 1883 1337 1937; x_wconf 89' lang='lat' dir='ltr'><strong>reserant</strong></span> <span class='ocrx_word' id='word_1_194' title='bbox 1357 1878 1759 1952; x_wconf 84' lang='lat' dir='ltr'><strong>penetralibus</strong></span> <span class='ocrx_word' id='word_1_195' title='bbox 1779 1874 2013 1942; x_wconf 88' lang='lat' dir='ltr'><strong>Urbem,</strong></span> <span class='ocrx_word' id='word_1_196' title='bbox 2046 1873 2093 1888; x_wconf 79' lang='lat'><strong>&quot;</strong></span> <span class='ocrx_word' id='word_1_197' title='bbox 2277 1873 2572 1930; x_wconf 75' lang='lat' dir='ltr'><strong>Laatantur</strong></span> <span class='ocrx_word' id='word_1_198' title='bbox 2599 1875 2820 1947; x_wconf 85' lang='lat' dir='ltr'><strong>populi,</strong></span> <span class='ocrx_word' id='word_1_199' title='bbox 2853 1875 3058 1934; x_wconf 87' lang='lat' dir='ltr'><strong>mortis</strong></span> <span class='ocrx_word' id='word_1_200' title='bbox 3089 1873 3363 1932; x_wconf 81' lang='lat' dir='ltr'><strong>cecidisse</strong></span> <span class='ocrx_word' id='word_1_201' title='bbox 3411 1873 3786 1942; x_wconf 76' lang='lat' dir='ltr'><strong>ministrum,</strong></span> 
     </span>
    </p>
   </div>
   <div class='ocr_carea' id='block_1_20' title="bbox 507 1961 3666 2042">
    <p class='ocr_par' dir='ltr' id='par_1_20' title="bbox 507 1961 3666 2042">
     <span class='ocr_line' id='line_1_20' title="bbox 507 1961 3666 2042; baseline -0.004 -11"><span class='ocrx_word' id='word_1_202' title='bbox 507 1974 955 2042; x_wconf 79' lang='lat' dir='ltr'><strong>Admittuntque</strong></span> <span class='ocrx_word' id='word_1_203' title='bbox 967 1967 1562 2026; x_wconf 88' lang='lat' dir='ltr'><strong>ducesvenerandaad</strong></span> <span class='ocrx_word' id='word_1_204' title='bbox 1577 1961 2024 2022; x_wconf 89' lang='lat' dir='ltr'><strong>delubramites.</strong></span> <span class='ocrx_word' id='word_1_205' title='bbox 2275 1962 2347 2018; x_wconf 91' lang='lat' dir='ltr'><strong>Et</strong></span> <span class='ocrx_word' id='word_1_206' title='bbox 2367 1962 2526 2020; x_wconf 89' lang='lat' dir='ltr'><strong>curis</strong></span> <span class='ocrx_word' id='word_1_207' title='bbox 2556 1963 2790 2020; x_wconf 87' lang='lat' dir='ltr'><strong>solvunt</strong></span> <span class='ocrx_word' id='word_1_208' title='bbox 2818 1964 3049 2020; x_wconf 86' lang='lat' dir='ltr'><strong>animos</strong></span> <span class='ocrx_word' id='word_1_209' title='bbox 3077 1979 3144 2020; x_wconf 85' lang='lat' dir='ltr'><strong>ac</strong></span> <span class='ocrx_word' id='word_1_210' title='bbox 3175 1963 3358 2022; x_wconf 85' lang='lat' dir='ltr'><strong>Marte</strong></span> <span class='ocrx_word' id='word_1_211' title='bbox 3388 1963 3666 2022; x_wconf 77' lang='lat' dir='ltr'><strong>lacertos:</strong></span> 
     </span>
    </p>
   </div>
   <div class='ocr_carea' id='block_1_21' title="bbox 381 2049 3786 2133">
    <p class='ocr_par' dir='ltr' id='par_1_21' title="bbox 381 2049 3786 2133">
     <span class='ocr_line' id='line_1_21' title="bbox 381 2049 3786 2133; baseline -0.004 -13"><span class='ocrx_word' id='word_1_212' title='bbox 381 2065 490 2122; x_wconf 71' lang='lat'><strong>1&#39;45</strong></span> <span class='ocrx_word' id='word_1_213' title='bbox 510 2063 629 2120; x_wconf 81' lang='lat' dir='ltr'><strong>&#39;Hic</strong></span> <span class='ocrx_word' id='word_1_214' title='bbox 659 2061 760 2118; x_wconf 87' lang='lat' dir='ltr'><strong>ubi</strong></span> <span class='ocrx_word' id='word_1_215' title='bbox 791 2057 1061 2133; x_wconf 83' lang='lat' dir='ltr'><strong>perfectis</strong></span> <span class='ocrx_word' id='word_1_216' title='bbox 1091 2058 1318 2114; x_wconf 89' lang='lat' dir='ltr'><strong>nituere</strong></span> <span class='ocrx_word' id='word_1_217' title='bbox 1348 2055 1558 2112; x_wconf 89' lang='lat' dir='ltr'><strong>altaria</strong></span> <span class='ocrx_word' id='word_1_218' title='bbox 1584 2055 1758 2122; x_wconf 90' lang='lat' dir='ltr'><strong>votis,</strong></span> <span class='ocrx_word' id='word_1_219' title='bbox 2277 2051 2349 2106; x_wconf 89' lang='lat' dir='ltr'><strong>Ut</strong></span> <span class='ocrx_word' id='word_1_220' title='bbox 2373 2052 2484 2123; x_wconf 86' lang='lat'><strong>(92)</strong></span> <span class='ocrx_word' id='word_1_221' title='bbox 2497 2069 2630 2110; x_wconf 87' lang='lat' dir='ltr'><strong>cum</strong></span> <span class='ocrx_word' id='word_1_222' title='bbox 2662 2050 2784 2110; x_wconf 89' lang='lat' dir='ltr'><strong>sole</strong></span> <span class='ocrx_word' id='word_1_223' title='bbox 2814 2051 2969 2110; x_wconf 77' lang='lat' dir='ltr'><strong>malo</strong></span> <span class='ocrx_word' id='word_1_224' title='bbox 2988 2051 3263 2124; x_wconf 85' lang='lat' dir='ltr'><strong>tristique</strong></span> <span class='ocrx_word' id='word_1_225' title='bbox 3293 2051 3516 2111; x_wconf 76' lang='lat' dir='ltr'><strong>rosaria</strong></span> <span class='ocrx_word' id='word_1_226' title='bbox 3532 2049 3786 2124; x_wconf 83' lang='lat' dir='ltr'><strong>pallent,</strong></span> 
     </span>
    </p>
   </div>
   <div class='ocr_carea' id='block_1_22' title="bbox 511 2139 3661 2222">
    <p class='ocr_par' dir='ltr' id='par_1_22' title="bbox 511 2139 3661 2222">
     <span class='ocr_line' id='line_1_22' title="bbox 511 2139 3661 2222; baseline -0.004 -13"><span class='ocrx_word' id='word_1_227' title='bbox 511 2152 690 2209; x_wconf 82' lang='lat' dir='ltr'><strong>Ardet</strong></span> <span class='ocrx_word' id='word_1_228' title='bbox 718 2148 1076 2222; x_wconf 66' lang='lat' dir='ltr'><strong>incapletum</strong></span> <span class='ocrx_word' id='word_1_229' title='bbox 1108 2148 1322 2204; x_wconf 85' lang='lat' dir='ltr'><strong>ductor</strong></span> <span class='ocrx_word' id='word_1_230' title='bbox 1350 2145 1610 2219; x_wconf 84' lang='lat' dir='ltr'><strong>proferre</strong></span> <span class='ocrx_word' id='word_1_231' title='bbox 1641 2144 1896 2200; x_wconf 88' lang='lat' dir='ltr'><strong>furorem</strong></span> <span class='ocrx_word' id='word_1_232' title='bbox 2133 2140 2238 2196; x_wconf 83' lang='grc'><strong>195</strong></span> <span class='ocrx_word' id='word_1_233' title='bbox 2275 2139 2417 2198; x_wconf 87' lang='lat' dir='ltr'><strong>Usta</strong></span> <span class='ocrx_word' id='word_1_234' title='bbox 2443 2144 2618 2210; x_wconf 89' lang='lat' dir='ltr'><strong>noto;</strong></span> <span class='ocrx_word' id='word_1_235' title='bbox 2651 2140 2700 2198; x_wconf 88' lang='lat' dir='ltr'><strong>si</strong></span> <span class='ocrx_word' id='word_1_236' title='bbox 2734 2139 2896 2198; x_wconf 86' lang='lat' dir='ltr'><strong>clara</strong></span> <span class='ocrx_word' id='word_1_237' title='bbox 2923 2140 3050 2196; x_wconf 87' lang='lat' dir='ltr'><strong>dies</strong></span> <span class='ocrx_word' id='word_1_238' title='bbox 3073 2140 3425 2214; x_wconf 76' lang='lat' dir='ltr'><strong>zephyrique</strong></span> <span class='ocrx_word' id='word_1_239' title='bbox 3455 2139 3661 2198; x_wconf 78' lang='lat' dir='ltr'><strong>refecit</strong></span> 
     </span>
    </p>
   </div>
   <div class='ocr_carea' id='block_1_23' title="bbox 513 2226 3790 2303">
    <p class='ocr_par' dir='ltr' id='par_1_23' title="bbox 513 2226 3790 2303">
     <span class='ocr_line' id='line_1_23' title="bbox 513 2226 3790 2303; baseline -0.004 -6"><span class='ocrx_word' id='word_1_240' title='bbox 513 2239 827 2297; x_wconf 80' lang='lat' dir='ltr'><strong>Barbarus.</strong></span> <span class='ocrx_word' id='word_1_241' title='bbox 859 2237 1120 2296; x_wconf 86' lang='lat' dir='ltr'><strong>Infrenes</strong></span> <span class='ocrx_word' id='word_1_242' title='bbox 1151 2234 1382 2292; x_wconf 90' lang='lat' dir='ltr'><strong>animos</strong></span> <span class='ocrx_word' id='word_1_243' title='bbox 1412 2233 1495 2288; x_wconf 91' lang='lat' dir='ltr'><strong>sic</strong></span> <span class='ocrx_word' id='word_1_244' title='bbox 1527 2231 1613 2288; x_wconf 90' lang='lat' dir='ltr'><strong>ira</strong></span> <span class='ocrx_word' id='word_1_245' title='bbox 1643 2231 1864 2303; x_wconf 82' lang='lat' dir='ltr'><strong>fatigat.</strong></span> <span class='ocrx_word' id='word_1_246' title='bbox 2273 2230 2431 2284; x_wconf 83' lang='lat' dir='ltr'><strong>Aura</strong></span> <span class='ocrx_word' id='word_1_247' title='bbox 2459 2226 2681 2301; x_wconf 90' lang='lat' dir='ltr'><strong>polum,</strong></span> <span class='ocrx_word' id='word_1_248' title='bbox 2715 2228 2866 2286; x_wconf 89' lang='lat' dir='ltr'><strong>redit</strong></span> <span class='ocrx_word' id='word_1_249' title='bbox 2893 2228 3088 2285; x_wconf 89' lang='lat' dir='ltr'><strong>omnis</strong></span> <span class='ocrx_word' id='word_1_250' title='bbox 3117 2228 3668 2300; x_wconf 84' lang='lat' dir='ltr'><strong>honos,emissaque</strong></span> <span class='ocrx_word' id='word_1_251' title='bbox 3693 2227 3790 2284; x_wconf 82' lang='lat' dir='ltr'><strong>lu-</strong></span> 
     </span>
    </p>
   </div>
   <div class='ocr_carea' id='block_1_24' title="bbox 514 2318 3713 2399">
    <p class='ocr_par' dir='ltr' id='par_1_24' title="bbox 514 2318 3713 2399">
     <span class='ocr_line' id='line_1_24' title="bbox 514 2318 3713 2399; baseline -0.004 -13"><span class='ocrx_word' id='word_1_252' title='bbox 514 2328 662 2395; x_wconf 83' lang='lat' dir='ltr'><strong>Quid</strong></span> <span class='ocrx_word' id='word_1_253' title='bbox 691 2327 884 2395; x_wconf 82' lang='lat' dir='ltr'><strong>faciat,</strong></span> <span class='ocrx_word' id='word_1_254' title='bbox 918 2342 1034 2399; x_wconf 89' lang='lat' dir='ltr'><strong>quo</strong></span> <span class='ocrx_word' id='word_1_255' title='bbox 1066 2337 1130 2382; x_wconf 85' lang='lat' dir='ltr'><strong>se</strong></span> <span class='ocrx_word' id='word_1_256' title='bbox 1178 2326 1389 2390; x_wconf 89' lang='lat' dir='ltr'><strong>vertat,</strong></span> <span class='ocrx_word' id='word_1_257' title='bbox 1416 2337 1545 2394; x_wconf 82' lang='lat' dir='ltr'><strong>quae</strong></span> <span class='ocrx_word' id='word_1_258' title='bbox 1593 2320 1809 2378; x_wconf 86' lang='lat' dir='ltr'><strong>moenia</strong></span> <span class='ocrx_word' id='word_1_259' title='bbox 1850 2320 2019 2386; x_wconf 86' lang='lat' dir='ltr'><strong>visat,</strong></span> <span class='ocrx_word' id='word_1_260' title='bbox 3553 2318 3713 2388; x_wconf 86' lang='lat' dir='ltr'><strong>[cent</strong></span> 
     </span>
    </p>
   </div>
   <div class='ocr_carea' id='block_1_25' title="bbox 512 2404 3784 2493">
    <p class='ocr_par' dir='ltr' id='par_1_25' title="bbox 512 2404 3784 2493">
     <span class='ocr_line' id='line_1_25' title="bbox 512 2404 3784 2493; baseline -0.005 -16"><span class='ocrx_word' id='word_1_261' title='bbox 512 2418 754 2493; x_wconf 78' lang='lat' dir='ltr'><strong>ignorat</strong></span> <span class='ocrx_word' id='word_1_262' title='bbox 781 2415 1029 2473; x_wconf 82' lang='lat' dir='ltr'><strong>rationis</strong></span> <span class='ocrx_word' id='word_1_263' title='bbox 1069 2413 1260 2485; x_wconf 90' lang='lat' dir='ltr'><strong>inops.</strong></span> <span class='ocrx_word' id='word_1_264' title='bbox 1291 2411 1438 2468; x_wconf 88' lang='lat' dir='ltr'><strong>Nam</strong></span> <span class='ocrx_word' id='word_1_265' title='bbox 1489 2426 1724 2468; x_wconf 89' lang='lat' dir='ltr'><strong>summa</strong></span> <span class='ocrx_word' id='word_1_266' title='bbox 1766 2409 2020 2475; x_wconf 88' lang='lat' dir='ltr'><strong>tenebat,</strong></span> <span class='ocrx_word' id='word_1_267' title='bbox 2272 2405 2567 2478; x_wconf 86' lang='lat' dir='ltr'><strong>Germina,</strong></span> <span class='ocrx_word' id='word_1_268' title='bbox 2601 2409 2658 2462; x_wconf 88' lang='lat' dir='ltr'><strong>et</strong></span> <span class='ocrx_word' id='word_1_269' title='bbox 2686 2406 2964 2464; x_wconf 82' lang='lat' dir='ltr'><strong>informes</strong></span> <span class='ocrx_word' id='word_1_270' title='bbox 3005 2410 3176 2464; x_wconf 83' lang='lat' dir='ltr'><strong>ornat</strong></span> <span class='ocrx_word' id='word_1_271' title='bbox 3205 2421 3318 2463; x_wconf 86' lang='lat' dir='ltr'><strong>sua</strong></span> <span class='ocrx_word' id='word_1_272' title='bbox 3343 2404 3531 2479; x_wconf 82' lang='lat' dir='ltr'><strong>gloria</strong></span> <span class='ocrx_word' id='word_1_273' title='bbox 3557 2406 3784 2480; x_wconf 83' lang='lat' dir='ltr'><strong>virgas.</strong></span> 
     </span>
    </p>
   </div>
   <div class='ocr_carea' id='block_1_26' title="bbox 375 2493 3786 2582">
    <p class='ocr_par' dir='ltr' id='par_1_26' title="bbox 375 2493 3786 2582">
     <span class='ocr_line' id='line_1_26' title="bbox 375 2493 3786 2582; baseline -0.006 -16"><span class='ocrx_word' id='word_1_274' title='bbox 375 2509 481 2566; x_wconf 81' lang='lat'><strong>160</strong></span> <span class='ocrx_word' id='word_1_275' title='bbox 513 2509 664 2582; x_wconf 85' lang='lat' dir='ltr'><strong>Spes</strong></span> <span class='ocrx_word' id='word_1_276' title='bbox 689 2507 790 2564; x_wconf 89' lang='lat' dir='ltr'><strong>ubi</strong></span> <span class='ocrx_word' id='word_1_277' title='bbox 810 2502 1102 2578; x_wconf 78' lang='lat' dir='ltr'><strong>pestiferis</strong></span> <span class='ocrx_word' id='word_1_278' title='bbox 1131 2501 1390 2562; x_wconf 84' lang='lat' dir='ltr'><strong>restabat</strong></span> <span class='ocrx_word' id='word_1_279' title='bbox 1418 2503 1653 2573; x_wconf 87' lang='lat' dir='ltr'><strong>postera</strong></span> <span class='ocrx_word' id='word_1_280' title='bbox 1683 2499 1888 2556; x_wconf 86' lang='lat' dir='ltr'><strong>Gallis.</strong></span> <span class='ocrx_word' id='word_1_281' title='bbox 2343 2499 2487 2551; x_wconf 86' lang='lat' dir='ltr'><strong>Pars</strong></span> <span class='ocrx_word' id='word_1_282' title='bbox 2516 2511 2752 2568; x_wconf 90' lang='lat' dir='ltr'><strong>quoque</strong></span> <span class='ocrx_word' id='word_1_283' title='bbox 2779 2511 2996 2569; x_wconf 86' lang='lat' dir='ltr'><strong>magna</strong></span> <span class='ocrx_word' id='word_1_284' title='bbox 3043 2495 3236 2555; x_wconf 85' lang='lat' dir='ltr'><strong>virum</strong></span> <span class='ocrx_word' id='word_1_285' title='bbox 3284 2497 3623 2567; x_wconf 72' lang='lat' dir='ltr'><strong>properant,</strong></span> <span class='ocrx_word' id='word_1_286' title='bbox 3651 2493 3786 2550; x_wconf 77' lang='lat' dir='ltr'><strong>Wi-</strong></span> 
     </span>
    </p>
   </div>
   <div class='ocr_carea' id='block_1_27' title="bbox 509 2583 3706 2663">
    <p class='ocr_par' dir='ltr' id='par_1_27' title="bbox 509 2583 3706 2663">
     <span class='ocr_line' id='line_1_27' title="bbox 509 2583 3706 2663; baseline -0.005 -9"><span class='ocrx_word' id='word_1_287' title='bbox 509 2599 586 2654; x_wconf 73' lang='lat' dir='ltr'><strong>At</strong></span> <span class='ocrx_word' id='word_1_288' title='bbox 612 2597 818 2653; x_wconf 86' lang='lat' dir='ltr'><strong>ductor</strong></span> <span class='ocrx_word' id='word_1_289' title='bbox 846 2591 994 2650; x_wconf 87' lang='lat' dir='ltr'><strong>Latii</strong></span> <span class='ocrx_word' id='word_1_290' title='bbox 1026 2591 1252 2648; x_wconf 89' lang='lat' dir='ltr'><strong>socium</strong></span> <span class='ocrx_word' id='word_1_291' title='bbox 1283 2589 1410 2647; x_wconf 87' lang='lat' dir='ltr'><strong>sine</strong></span> <span class='ocrx_word' id='word_1_292' title='bbox 1443 2606 1602 2646; x_wconf 90' lang='lat' dir='ltr'><strong>more</strong></span> <span class='ocrx_word' id='word_1_293' title='bbox 1631 2593 1948 2663; x_wconf 84' lang='lat' dir='ltr'><strong>tyrannum</strong></span> <span class='ocrx_word' id='word_1_294' title='bbox 3245 2583 3419 2656; x_wconf 85' lang='lat' dir='ltr'><strong>[done</strong></span> <span class='ocrx_word' id='word_1_295' title='bbox 3449 2583 3706 2656; x_wconf 72' lang='lat' dir='ltr'><strong>sepulto,</strong></span> 
     </span>
    </p>
   </div>
   <div class='ocr_carea' id='block_1_28' title="bbox 514 2671 3592 2755">
    <p class='ocr_par' dir='ltr' id='par_1_28' title="bbox 514 2671 3592 2755">
     <span class='ocr_line' id='line_1_28' title="bbox 514 2671 3592 2755; baseline -0.005 -11"><span class='ocrx_word' id='word_1_296' title='bbox 514 2687 592 2744; x_wconf 91' lang='lat' dir='ltr'><strong>Ut</strong></span> <span class='ocrx_word' id='word_1_297' title='bbox 619 2684 776 2742; x_wconf 82' lang='lat' dir='ltr'><strong>videt</strong></span> <span class='ocrx_word' id='word_1_298' title='bbox 801 2681 1094 2755; x_wconf 84' lang='lat' dir='ltr'><strong>ingruere,</strong></span> <span class='ocrx_word' id='word_1_299' title='bbox 1151 2679 1342 2753; x_wconf 83' lang='lat' dir='ltr'><strong>placid</strong></span> <span class='ocrx_word' id='word_1_300' title='bbox 1408 2679 1493 2736; x_wconf 89' lang='lat' dir='ltr'><strong>sic</strong></span> <span class='ocrx_word' id='word_1_301' title='bbox 1550 2682 1780 2751; x_wconf 88' lang='lat' dir='ltr'><strong>pectore</strong></span> <span class='ocrx_word' id='word_1_302' title='bbox 1807 2677 2017 2750; x_wconf 84' lang='lat' dir='ltr'><strong>coepit:</strong></span> <span class='ocrx_word' id='word_1_303' title='bbox 2270 2673 2513 2730; x_wconf 85' lang='lat' dir='ltr'><strong>Orantes</strong></span> <span class='ocrx_word' id='word_1_304' title='bbox 2542 2673 2773 2731; x_wconf 86' lang='lat' dir='ltr'><strong>veniam</strong></span> <span class='ocrx_word' id='word_1_305' title='bbox 2805 2671 2952 2730; x_wconf 87' lang='lat' dir='ltr'><strong>Latii</strong></span> <span class='ocrx_word' id='word_1_306' title='bbox 2979 2671 3238 2730; x_wconf 86' lang='lat' dir='ltr'><strong>ductoris</strong></span> <span class='ocrx_word' id='word_1_307' title='bbox 3263 2671 3342 2728; x_wconf 76' lang='lat' dir='ltr'><strong>ad</strong></span> <span class='ocrx_word' id='word_1_308' title='bbox 3371 2671 3592 2730; x_wconf 84' lang='lat' dir='ltr'><strong>aulam.</strong></span> 
     </span>
    </p>
   </div>
   <div class='ocr_carea' id='block_1_29' title="bbox 516 2759 3783 2841">
    <p class='ocr_par' dir='ltr' id='par_1_29' title="bbox 516 2759 3783 2841">
     <span class='ocr_line' id='line_1_29' title="bbox 516 2759 3783 2841; baseline -0.005 -9"><span class='ocrx_word' id='word_1_309' title='bbox 516 2775 732 2841; x_wconf 81' lang='lat' dir='ltr'><strong>Desine,</strong></span> <span class='ocrx_word' id='word_1_310' title='bbox 762 2786 865 2828; x_wconf 79' lang='lat' dir='ltr'><strong>rea:</strong></span> <span class='ocrx_word' id='word_1_311' title='bbox 890 2769 1196 2826; x_wconf 78' lang='lat' dir='ltr'><strong>venerande</strong></span> <span class='ocrx_word' id='word_1_312' title='bbox 1211 2788 1234 2835; x_wconf 85' lang='lat'><strong>,-</strong></span> <span class='ocrx_word' id='word_1_313' title='bbox 1261 2773 1394 2824; x_wconf 78' lang='lat' dir='ltr'><strong>satis</strong></span> <span class='ocrx_word' id='word_1_314' title='bbox 1421 2769 1620 2824; x_wconf 82' lang='lat' dir='ltr'><strong>virtute</strong></span> <span class='ocrx_word' id='word_1_315' title='bbox 1644 2774 1946 2840; x_wconf 86' lang='lat' dir='ltr'><strong>peractum,</strong></span> <span class='ocrx_word' id='word_1_316' title='bbox 2126 2763 2234 2818; x_wconf 89' lang='lat'><strong>200</strong></span> <span class='ocrx_word' id='word_1_317' title='bbox 2269 2762 2420 2820; x_wconf 88' lang='lat' dir='ltr'><strong>Dum</strong></span> <span class='ocrx_word' id='word_1_318' title='bbox 2447 2762 2699 2820; x_wconf 90' lang='lat' dir='ltr'><strong>Widone</strong></span> <span class='ocrx_word' id='word_1_319' title='bbox 2727 2767 2945 2830; x_wconf 87' lang='lat' dir='ltr'><strong>satum,</strong></span> <span class='ocrx_word' id='word_1_320' title='bbox 2982 2760 3234 2818; x_wconf 87' lang='lat' dir='ltr'><strong>invalido</strong></span> <span class='ocrx_word' id='word_1_321' title='bbox 3264 2759 3581 2818; x_wconf 82' lang='lat' dir='ltr'><strong>comitante</strong></span> <span class='ocrx_word' id='word_1_322' title='bbox 3602 2761 3783 2817; x_wconf 84' lang='lat' dir='ltr'><strong>mini-</strong></span> 
     </span>
    </p>
   </div>
   <div class='ocr_carea' id='block_1_30' title="bbox 514 2847 3706 2922">
    <p class='ocr_par' dir='ltr' id='par_1_30' title="bbox 514 2847 3706 2922">
     <span class='ocr_line' id='line_1_30' title="bbox 514 2847 3706 2922; baseline -0.004 -10"><span class='ocrx_word' id='word_1_323' title='bbox 514 2860 620 2914; x_wconf 83' lang='lat' dir='ltr'><strong>Nec</strong></span> <span class='ocrx_word' id='word_1_324' title='bbox 647 2853 795 2910; x_wconf 85' lang='lat' dir='ltr'><strong>decet</strong></span> <span class='ocrx_word' id='word_1_325' title='bbox 821 2851 1052 2907; x_wconf 65' lang='lat' dir='ltr'><strong>ulterius</strong></span> <span class='ocrx_word' id='word_1_326' title='bbox 1079 2849 1246 2906; x_wconf 88' lang='lat' dir='ltr'><strong>socios</strong></span> <span class='ocrx_word' id='word_1_327' title='bbox 1273 2848 1530 2904; x_wconf 78' lang='lat' dir='ltr'><strong>deducere</strong></span> <span class='ocrx_word' id='word_1_328' title='bbox 1568 2847 1802 2903; x_wconf 84' lang='lat' dir='ltr'><strong>Rhenos.</strong></span> <span class='ocrx_word' id='word_1_329' title='bbox 3395 2851 3540 2922; x_wconf 74' lang='lat' dir='ltr'><strong>[atro</strong></span> <span class='ocrx_word' id='word_1_330' title='bbox 3566 2849 3706 2922; x_wconf 77' lang='grc'>(93),</span> 
     </span>
    </p>
   </div>
   <div class='ocr_carea' id='block_1_31' title="bbox 381 2936 3778 3011">
    <p class='ocr_par' dir='ltr' id='par_1_31' title="bbox 381 2936 3778 3011">
     <span class='ocr_line' id='line_1_31' title="bbox 381 2936 3778 3011; baseline -0.002 -11"><span class='ocrx_word' id='word_1_331' title='bbox 381 2943 485 3002; x_wconf 80' lang='grc'><strong>155</strong></span> <span class='ocrx_word' id='word_1_332' title='bbox 519 2943 660 3000; x_wconf 84' lang='lat' dir='ltr'><strong>Nam</strong></span> <span class='ocrx_word' id='word_1_333' title='bbox 685 2941 738 2996; x_wconf 92' lang='lat' dir='ltr'><strong>si</strong></span> <span class='ocrx_word' id='word_1_334' title='bbox 764 2937 956 2994; x_wconf 82' lang='lat' dir='ltr'><strong>itidem</strong></span> <span class='ocrx_word' id='word_1_335' title='bbox 993 2937 1139 2993; x_wconf 81' lang='lat' dir='ltr'><strong>Wido</strong></span> <span class='ocrx_word' id='word_1_336' title='bbox 1167 2938 1326 2993; x_wconf 85' lang='lat' dir='ltr'><strong>victis</strong></span> <span class='ocrx_word' id='word_1_337' title='bbox 1353 2952 1504 3009; x_wconf 89' lang='lat' dir='ltr'><strong>spem</strong></span> <span class='ocrx_word' id='word_1_338' title='bbox 1548 2937 1705 3008; x_wconf 86' lang='lat' dir='ltr'><strong>ponit</strong></span> <span class='ocrx_word' id='word_1_339' title='bbox 1735 2937 1794 2990; x_wconf 83' lang='lat' dir='ltr'><strong>in</strong></span> <span class='ocrx_word' id='word_1_340' title='bbox 1821 2938 2016 3000; x_wconf 87' lang='lat' dir='ltr'><strong>armis,</strong></span> <span class='ocrx_word' id='word_1_341' title='bbox 2268 2937 2800 3011; x_wconf 83' lang='lat' dir='ltr'><strong>Deﬁciunt,duplici</strong></span> <span class='ocrx_word' id='word_1_342' title='bbox 2833 2937 3086 2995; x_wconf 86' lang='lat' dir='ltr'><strong>nimium</strong></span> <span class='ocrx_word' id='word_1_343' title='bbox 3115 2936 3456 3000; x_wconf 85' lang='lat' dir='ltr'><strong>discrimine</strong></span> <span class='ocrx_word' id='word_1_344' title='bbox 3477 2942 3778 3007; x_wconf 64' lang='lat' dir='ltr'><strong>maestum,</strong></span> 
     </span>
    </p>
   </div>
   <div class='ocr_carea' id='block_1_32' title="bbox 510 3025 3781 3101">
    <p class='ocr_par' dir='ltr' id='par_1_32' title="bbox 510 3025 3781 3101">
     <span class='ocr_line' id='line_1_32' title="bbox 510 3025 3781 3101; baseline -0 -16"><span class='ocrx_word' id='word_1_345' title='bbox 510 3029 776 3086; x_wconf 77' lang='lat' dir='ltr'><strong>Adveniet</strong></span> <span class='ocrx_word' id='word_1_346' title='bbox 815 3027 1076 3094; x_wconf 87' lang='lat' dir='ltr'><strong>tumidus,</strong></span> <span class='ocrx_word' id='word_1_347' title='bbox 1125 3026 1320 3082; x_wconf 73' lang='lat' dir='ltr'><strong>dextra</strong></span> <span class='ocrx_word' id='word_1_348' title='bbox 1350 3025 1470 3092; x_wconf 88' lang='lat' dir='ltr'><strong>hac,</strong></span> <span class='ocrx_word' id='word_1_349' title='bbox 1525 3026 1661 3091; x_wconf 87' lang='lat' dir='ltr'><strong>sine,</strong></span> <span class='ocrx_word' id='word_1_350' title='bbox 1715 3041 1876 3097; x_wconf 87' lang='lat' dir='ltr'><strong>posco</strong></span> <span class='ocrx_word' id='word_1_351' title='bbox 1929 3025 2020 3082; x_wconf 86' lang='lat' dir='ltr'><strong>do-</strong></span> <span class='ocrx_word' id='word_1_352' title='bbox 2269 3029 2451 3086; x_wconf 89' lang='lat' dir='ltr'><strong>Morte</strong></span> <span class='ocrx_word' id='word_1_353' title='bbox 2481 3028 2663 3101; x_wconf 87' lang='lat' dir='ltr'><strong>patris</strong></span> <span class='ocrx_word' id='word_1_354' title='bbox 2693 3027 2870 3084; x_wconf 87' lang='lat' dir='ltr'><strong>simul</strong></span> <span class='ocrx_word' id='word_1_355' title='bbox 2901 3044 2969 3084; x_wconf 87' lang='lat' dir='ltr'><strong>ac</strong></span> <span class='ocrx_word' id='word_1_356' title='bbox 2992 3027 3154 3085; x_wconf 83' lang='lat' dir='ltr'><strong>notis</strong></span> <span class='ocrx_word' id='word_1_357' title='bbox 3183 3026 3540 3086; x_wconf 82' lang='lat' dir='ltr'><strong>abeuntibus</strong></span> <span class='ocrx_word' id='word_1_358' title='bbox 3570 3026 3781 3084; x_wconf 88' lang='lat' dir='ltr'><strong>armis.</strong></span> 
     </span>
    </p>
   </div>
   <div class='ocr_carea' id='block_1_33' title="bbox 1633 3115 3779 3189">
    <p class='ocr_par' dir='ltr' id='par_1_33' title="bbox 1633 3115 3779 3189">
     <span class='ocr_line' id='line_1_33' title="bbox 1633 3115 3779 3189; baseline 0 -20"><span class='ocrx_word' id='word_1_359' title='bbox 1633 3115 1906 3186; x_wconf 64' lang='lat' dir='ltr'><strong>[mandas</strong></span> <span class='ocrx_word' id='word_1_360' title='bbox 2067 3188 2070 3189; x_wconf 15' lang='grc' dir='ltr'><em>ν</em></span> <span class='ocrx_word' id='word_1_361' title='bbox 2267 3117 2341 3172; x_wconf 90' lang='lat' dir='ltr'><strong>At</strong></span> <span class='ocrx_word' id='word_1_362' title='bbox 2369 3116 2628 3174; x_wconf 88' lang='lat' dir='ltr'><strong>recolens</strong></span> <span class='ocrx_word' id='word_1_363' title='bbox 2657 3120 2946 3189; x_wconf 62' lang='lat' dir='ltr'><strong>praecepta</strong></span> <span class='ocrx_word' id='word_1_364' title='bbox 2973 3115 3346 3189; x_wconf 85' lang='lat' dir='ltr'><strong>patris,jubet</strong></span> <span class='ocrx_word' id='word_1_365' title='bbox 3373 3116 3457 3174; x_wconf 88' lang='lat' dir='ltr'><strong>ire</strong></span> <span class='ocrx_word' id='word_1_366' title='bbox 3485 3115 3779 3184; x_wconf 81' lang='lat' dir='ltr'><strong>sodalem,</strong></span> 
     </span>
    </p>
   </div>
   <div class='ocr_carea' id='block_1_34' title="bbox 520 3188 3776 3280">
    <p class='ocr_par' dir='ltr' id='par_1_34' title="bbox 520 3188 3776 3280">
     <span class='ocr_line' id='line_1_34' title="bbox 520 3188 3776 3280; baseline -0.002 -14"><span class='ocrx_word' id='word_1_367' title='bbox 520 3208 584 3266; x_wconf 81' lang='lat' dir='ltr'><strong>Te</strong></span> <span class='ocrx_word' id='word_1_368' title='bbox 609 3207 924 3264; x_wconf 84' lang='lat' dir='ltr'><strong>dominante</strong></span> <span class='ocrx_word' id='word_1_369' title='bbox 950 3206 1086 3261; x_wconf 87' lang='lat' dir='ltr'><strong>viris</strong></span> <span class='ocrx_word' id='word_1_370' title='bbox 1113 3205 1336 3276; x_wconf 89' lang='lat' dir='ltr'><strong>antiquo</strong></span> <span class='ocrx_word' id='word_1_371' title='bbox 1362 3203 1568 3276; x_wconf 68' lang='lat' dir='ltr'><strong>[aedere</strong></span> <span class='ocrx_word' id='word_1_372' title='bbox 1584 3204 1817 3276; x_wconf 78' lang='lat' dir='ltr'><strong>junctis.</strong></span> <span class='ocrx_word' id='word_1_373' title='bbox 2043 3188 2092 3256; x_wconf 85' lang='lat' dir='ltr'><strong>C</strong></span> <span class='ocrx_word' id='word_1_374' title='bbox 2270 3205 2378 3272; x_wconf 85' lang='lat' dir='ltr'><strong>Qui</strong></span> <span class='ocrx_word' id='word_1_375' title='bbox 2399 3222 2602 3278; x_wconf 88' lang='lat' dir='ltr'><strong>pacem</strong></span> <span class='ocrx_word' id='word_1_376' title='bbox 2629 3188 2790 3278; x_wconf 80' lang='lat' dir='ltr'><strong>petat</strong></span> <span class='ocrx_word' id='word_1_377' title='bbox 2817 3188 2885 3262; x_wconf 82' lang='lat' dir='ltr'><strong>ac</strong></span> <span class='ocrx_word' id='word_1_378' title='bbox 2917 3188 3112 3280; x_wconf 80' lang='lat' dir='ltr'><strong>regem</strong></span> <span class='ocrx_word' id='word_1_379' title='bbox 3139 3188 3502 3265; x_wconf 82' lang='lat' dir='ltr'><strong>summissus</strong></span> <span class='ocrx_word' id='word_1_380' title='bbox 3532 3205 3736 3264; x_wconf 83' lang='lat' dir='ltr'><strong>adoret</strong></span> <span class='ocrx_word' id='word_1_381' title='bbox 3762 3224 3776 3262; x_wconf 87' lang='lat'>:</span> 
     </span>
    </p>
   </div>
   <div class='ocr_carea' id='block_1_35' title="bbox 517 3291 3780 3368">
    <p class='ocr_par' dir='ltr' id='par_1_35' title="bbox 517 3291 3780 3368">
     <span class='ocr_line' id='line_1_35' title="bbox 517 3291 3780 3368; baseline -0.001 -14"><span class='ocrx_word' id='word_1_382' title='bbox 517 3295 715 3354; x_wconf 83' lang='lat' dir='ltr'><strong>Mitior</strong></span> <span class='ocrx_word' id='word_1_383' title='bbox 741 3295 837 3352; x_wconf 90' lang='lat' dir='ltr'><strong>hic</strong></span> <span class='ocrx_word' id='word_1_384' title='bbox 863 3293 1058 3362; x_wconf 85' lang='lat' dir='ltr'><strong>dictis,</strong></span> <span class='ocrx_word' id='word_1_385' title='bbox 1091 3293 1334 3366; x_wconf 90' lang='lat' dir='ltr'><strong>patitur,</strong></span> <span class='ocrx_word' id='word_1_386' title='bbox 1367 3293 1648 3365; x_wconf 86' lang='lat' dir='ltr'><strong>repedare</strong></span> <span class='ocrx_word' id='word_1_387' title='bbox 1673 3291 1934 3350; x_wconf 88' lang='lat' dir='ltr'><strong>volentes</strong></span> <span class='ocrx_word' id='word_1_388' title='bbox 2125 3295 2234 3350; x_wconf 86' lang='lat'><strong>205</strong></span> <span class='ocrx_word' id='word_1_389' title='bbox 2267 3293 2348 3350; x_wconf 92' lang='lat' dir='ltr'><strong>Ne</strong></span> <span class='ocrx_word' id='word_1_390' title='bbox 2378 3312 2602 3352; x_wconf 88' lang='lat' dir='ltr'><strong>memor</strong></span> <span class='ocrx_word' id='word_1_391' title='bbox 2631 3311 2761 3352; x_wconf 88' lang='lat' dir='ltr'><strong>esse</strong></span> <span class='ocrx_word' id='word_1_392' title='bbox 2788 3294 2926 3352; x_wconf 87' lang='lat' dir='ltr'><strong>velit</strong></span> <span class='ocrx_word' id='word_1_393' title='bbox 2967 3294 3248 3368; x_wconf 86' lang='lat' dir='ltr'><strong>genitoris</strong></span> <span class='ocrx_word' id='word_1_394' title='bbox 3297 3293 3449 3352; x_wconf 86' lang='lat' dir='ltr'><strong>bella</strong></span> <span class='ocrx_word' id='word_1_395' title='bbox 3492 3293 3780 3367; x_wconf 84' lang='lat' dir='ltr'><strong>gerentis,</strong></span> 
     </span>
    </p>
   </div>
   <div class='ocr_carea' id='block_1_36' title="bbox 516 3380 3781 3457">
    <p class='ocr_par' dir='ltr' id='par_1_36' title="bbox 516 3380 3781 3457">
     <span class='ocr_line' id='line_1_36' title="bbox 516 3380 3781 3457; baseline -0.002 -13"><span class='ocrx_word' id='word_1_396' title='bbox 516 3383 1156 3456; x_wconf 80' lang='lat' dir='ltr'><strong>Barbaricosproceres</strong></span> <span class='ocrx_word' id='word_1_397' title='bbox 1192 3383 1420 3438; x_wconf 90' lang='lat' dir='ltr'><strong>diverso</strong></span> <span class='ocrx_word' id='word_1_398' title='bbox 1476 3382 1550 3437; x_wconf 89' lang='lat' dir='ltr'><strong>ab</strong></span> <span class='ocrx_word' id='word_1_399' title='bbox 1599 3380 1786 3438; x_wconf 87' lang='lat' dir='ltr'><strong>limite</strong></span> <span class='ocrx_word' id='word_1_400' title='bbox 1816 3381 2016 3452; x_wconf 85' lang='lat' dir='ltr'><strong>lectos,</strong></span> <span class='ocrx_word' id='word_1_401' title='bbox 2269 3383 2382 3440; x_wconf 88' lang='lat' dir='ltr'><strong>Sed</strong></span> <span class='ocrx_word' id='word_1_402' title='bbox 2413 3383 2570 3456; x_wconf 90' lang='lat' dir='ltr'><strong>legat</strong></span> <span class='ocrx_word' id='word_1_403' title='bbox 2599 3383 2660 3438; x_wconf 92' lang='lat' dir='ltr'><strong>in</strong></span> <span class='ocrx_word' id='word_1_404' title='bbox 2690 3397 2939 3457; x_wconf 85' lang='lat' dir='ltr'><strong>regnum</strong></span> <span class='ocrx_word' id='word_1_405' title='bbox 2979 3382 3184 3440; x_wconf 87' lang='lat' dir='ltr'><strong>sociali</strong></span> <span class='ocrx_word' id='word_1_406' title='bbox 3231 3383 3446 3442; x_wconf 69' lang='lat' dir='ltr'><strong>foedere</strong></span> <span class='ocrx_word' id='word_1_407' title='bbox 3493 3382 3781 3452; x_wconf 83' lang='lat' dir='ltr'><strong>amicum,</strong></span> 
     </span>
    </p>
   </div>
   <div class='ocr_carea' id='block_1_37' title="bbox 385 3467 3780 3544">
    <p class='ocr_par' dir='ltr' id='par_1_37' title="bbox 385 3467 3780 3544">
     <span class='ocr_line' id='line_1_37' title="bbox 385 3467 3780 3544; baseline -0.001 -14"><span class='ocrx_word' id='word_1_408' title='bbox 385 3473 821 3532; x_wconf 73' lang='lat' dir='ltr'><strong>lOO&#39;Germanae</strong></span> <span class='ocrx_word' id='word_1_409' title='bbox 851 3471 1124 3544; x_wconf 89' lang='lat' dir='ltr'><strong>princeps</strong></span> <span class='ocrx_word' id='word_1_410' title='bbox 1154 3469 1508 3526; x_wconf 90' lang='lat' dir='ltr'><strong>metuendus</strong></span> <span class='ocrx_word' id='word_1_411' title='bbox 1527 3473 1584 3524; x_wconf 88' lang='lat' dir='ltr'><strong>et</strong></span> <span class='ocrx_word' id='word_1_412' title='bbox 1603 3467 1820 3525; x_wconf 88' lang='lat' dir='ltr'><strong>arbiter</strong></span> <span class='ocrx_word' id='word_1_413' title='bbox 1847 3467 2014 3524; x_wconf 82' lang='lat' dir='ltr'><strong>aulae.</strong></span> <span class='ocrx_word' id='word_1_414' title='bbox 2269 3471 2603 3544; x_wconf 66' lang='lat' dir='ltr'><strong>Militiaque</strong></span> <span class='ocrx_word' id='word_1_415' title='bbox 2631 3471 2806 3528; x_wconf 86' lang='lat' dir='ltr'><strong>etiam</strong></span> <span class='ocrx_word' id='word_1_416' title='bbox 2831 3472 3058 3529; x_wconf 83' lang='lat' dir='ltr'><strong>Mavors</strong></span> <span class='ocrx_word' id='word_1_417' title='bbox 3089 3471 3138 3528; x_wconf 84' lang='lat' dir='ltr'><strong>si</strong></span> <span class='ocrx_word' id='word_1_418' title='bbox 3169 3471 3406 3544; x_wconf 83' lang='lat' dir='ltr'><strong>quando</strong></span> <span class='ocrx_word' id='word_1_419' title='bbox 3438 3470 3780 3528; x_wconf 84' lang='lat' dir='ltr'><strong>ministrum</strong></span> 
     </span>
    </p>
   </div>
   <div class='ocr_carea' id='block_1_38' title="bbox 587 3556 3528 3634">
    <p class='ocr_par' dir='ltr' id='par_1_38' title="bbox 587 3556 3528 3634">
     <span class='ocr_line' id='line_1_38' title="bbox 587 3556 3528 3634; baseline -0.001 -16"><span class='ocrx_word' id='word_1_420' title='bbox 587 3561 700 3618; x_wconf 80' lang='lat' dir='ltr'><strong>Vix</strong></span> <span class='ocrx_word' id='word_1_421' title='bbox 725 3559 992 3634; x_wconf 85' lang='lat' dir='ltr'><strong>proprios</strong></span> <span class='ocrx_word' id='word_1_422' title='bbox 1017 3559 1210 3631; x_wconf 85' lang='lat' dir='ltr'><strong>tetigit</strong></span> <span class='ocrx_word' id='word_1_423' title='bbox 1237 3559 1385 3614; x_wconf 83' lang='lat' dir='ltr'><strong>fines</strong></span> <span class='ocrx_word' id='word_1_424' title='bbox 1414 3573 1514 3613; x_wconf 83' lang='lat' dir='ltr'><strong>rex</strong></span> <span class='ocrx_word' id='word_1_425' title='bbox 1549 3556 1649 3614; x_wconf 88' lang='lat' dir='ltr'><strong>ille</strong></span> <span class='ocrx_word' id='word_1_426' title='bbox 1687 3557 2013 3614; x_wconf 89' lang='lat' dir='ltr'><strong>verendus:</strong></span> <span class='ocrx_word' id='word_1_427' title='bbox 2273 3559 2434 3616; x_wconf 88' lang='lat' dir='ltr'><strong>Bella</strong></span> <span class='ocrx_word' id='word_1_428' title='bbox 2460 3560 2592 3617; x_wconf 88' lang='lat' dir='ltr'><strong>ciet.</strong></span> <span class='ocrx_word' id='word_1_429' title='bbox 2625 3561 2752 3618; x_wconf 83' lang='lat' dir='ltr'><strong>Dux</strong></span> <span class='ocrx_word' id='word_1_430' title='bbox 2780 3561 3002 3618; x_wconf 87' lang='lat' dir='ltr'><strong>interea</strong></span> <span class='ocrx_word' id='word_1_431' title='bbox 3028 3559 3380 3618; x_wconf 86' lang='lat' dir='ltr'><strong>venerabilis</strong></span> <span class='ocrx_word' id='word_1_432' title='bbox 3409 3576 3528 3618; x_wconf 68' lang='lat' dir='ltr'><strong>avo</strong></span> 
     </span>
    </p>
   </div>
   <div class='ocr_carea' id='block_1_39' title="bbox 519 3645 3773 3724">
    <p class='ocr_par' dir='ltr' id='par_1_39' title="bbox 519 3645 3773 3724">
     <span class='ocr_line' id='line_1_39' title="bbox 519 3645 3773 3724; baseline -0.002 -14"><span class='ocrx_word' id='word_1_433' title='bbox 519 3649 824 3724; x_wconf 71' lang='lat' dir='ltr'><strong>Lagirupis</strong></span> <span class='ocrx_word' id='word_1_434' title='bbox 853 3664 925 3705; x_wconf 91' lang='lat' dir='ltr'><strong>en</strong></span> <span class='ocrx_word' id='word_1_435' title='bbox 955 3648 1124 3705; x_wconf 86' lang='lat' dir='ltr'><strong>Wido</strong></span> <span class='ocrx_word' id='word_1_436' title='bbox 1155 3646 1268 3719; x_wconf 89' lang='lat'><strong>(89)</strong></span> <span class='ocrx_word' id='word_1_437' title='bbox 1296 3645 1456 3702; x_wconf 89' lang='lat' dir='ltr'><strong>tubis</strong></span> <span class='ocrx_word' id='word_1_438' title='bbox 1491 3645 1744 3702; x_wconf 90' lang='lat' dir='ltr'><strong>rediviva</strong></span> <span class='ocrx_word' id='word_1_439' title='bbox 1772 3646 2019 3702; x_wconf 90' lang='lat' dir='ltr'><strong>resumit</strong></span> <span class='ocrx_word' id='word_1_440' title='bbox 2267 3649 2400 3705; x_wconf 89' lang='lat' dir='ltr'><strong>Fert</strong></span> <span class='ocrx_word' id='word_1_441' title='bbox 2431 3647 2662 3721; x_wconf 91' lang='lat' dir='ltr'><strong>pietatis</strong></span> <span class='ocrx_word' id='word_1_442' title='bbox 2693 3666 2864 3722; x_wconf 90' lang='lat' dir='ltr'><strong>opem</strong></span> <span class='ocrx_word' id='word_1_443' title='bbox 2888 3647 3257 3705; x_wconf 88' lang='lat' dir='ltr'><strong>venientibus</strong></span> <span class='ocrx_word' id='word_1_444' title='bbox 3287 3647 3438 3704; x_wconf 90' lang='lat' dir='ltr'><strong>ultro</strong></span> <span class='ocrx_word' id='word_1_445' title='bbox 3469 3648 3773 3721; x_wconf 89' lang='lat' dir='ltr'><strong>maniplis,</strong></span> 
     </span>
    </p>
   </div>
   <div class='ocr_carea' id='block_1_40' title="bbox 510 3734 3772 3812">
    <p class='ocr_par' dir='ltr' id='par_1_40' title="bbox 510 3734 3772 3812">
     <span class='ocr_line' id='line_1_40' title="bbox 510 3734 3772 3812; baseline -0 -17"><span class='ocrx_word' id='word_1_446' title='bbox 510 3737 927 3812; x_wconf 83' lang='lat' dir='ltr'><strong>Agmina,item</strong></span> <span class='ocrx_word' id='word_1_447' title='bbox 949 3735 1155 3793; x_wconf 84' lang='lat' dir='ltr'><strong>vetitos</strong></span> <span class='ocrx_word' id='word_1_448' title='bbox 1175 3735 1418 3806; x_wconf 91' lang='lat' dir='ltr'><strong>cupiens</strong></span> <span class='ocrx_word' id='word_1_449' title='bbox 1429 3734 2012 3806; x_wconf 86' lang='lat' dir='ltr'><strong>pervaderccampos.</strong></span> <span class='ocrx_word' id='word_1_450' title='bbox 2123 3737 2231 3794; x_wconf 77' lang='grc'><strong>210</strong></span> <span class='ocrx_word' id='word_1_451' title='bbox 2268 3738 2381 3794; x_wconf 90' lang='lat' dir='ltr'><strong>Nec</strong></span> <span class='ocrx_word' id='word_1_452' title='bbox 2411 3737 2608 3796; x_wconf 87' lang='lat' dir='ltr'><strong>Gallos</strong></span> <span class='ocrx_word' id='word_1_453' title='bbox 2637 3737 2836 3806; x_wconf 83' lang='lat' dir='ltr'><strong>abicit,</strong></span> <span class='ocrx_word' id='word_1_454' title='bbox 2871 3754 2977 3794; x_wconf 87' lang='lat' dir='ltr'><strong>nec</strong></span> <span class='ocrx_word' id='word_1_455' title='bbox 3005 3738 3256 3794; x_wconf 88' lang='lat' dir='ltr'><strong>crimina</strong></span> <span class='ocrx_word' id='word_1_456' title='bbox 3295 3737 3462 3810; x_wconf 87' lang='lat' dir='ltr'><strong>ponit</strong></span> <span class='ocrx_word' id='word_1_457' title='bbox 3488 3737 3772 3805; x_wconf 83' lang='lat' dir='ltr'><strong>Etruscis,</strong></span> 
     </span>
    </p>
   </div>
   <div class='ocr_carea' id='block_1_41' title="bbox 500 3821 3664 3899">
    <p class='ocr_par' dir='ltr' id='par_1_41' title="bbox 500 3821 3664 3899">
     <span class='ocr_line' id='line_1_41' title="bbox 500 3821 3664 3899; baseline -0.001 -15"><span class='ocrx_word' id='word_1_458' title='bbox 500 3827 721 3884; x_wconf 69' lang='lat' dir='ltr'><strong>Saevior</strong></span> <span class='ocrx_word' id='word_1_459' title='bbox 747 3825 876 3898; x_wconf 88' lang='lat' dir='ltr'><strong>ipse</strong></span> <span class='ocrx_word' id='word_1_460' title='bbox 903 3825 1082 3880; x_wconf 87' lang='lat' dir='ltr'><strong>etiam</strong></span> <span class='ocrx_word' id='word_1_461' title='bbox 1112 3822 1276 3895; x_wconf 90' lang='lat' dir='ltr'><strong>regni</strong></span> <span class='ocrx_word' id='word_1_462' title='bbox 1306 3826 1470 3894; x_wconf 89' lang='lat' dir='ltr'><strong>pater</strong></span> <span class='ocrx_word' id='word_1_463' title='bbox 1501 3821 1769 3879; x_wconf 89' lang='lat' dir='ltr'><strong>hostibus</strong></span> <span class='ocrx_word' id='word_1_464' title='bbox 1799 3839 1965 3878; x_wconf 90' lang='lat' dir='ltr'><strong>arma</strong></span> <span class='ocrx_word' id='word_1_465' title='bbox 2259 3826 2568 3882; x_wconf 68' lang='lat' dir='ltr'><strong>Pristendit</strong></span> <span class='ocrx_word' id='word_1_466' title='bbox 2597 3825 2766 3884; x_wconf 88' lang='lat' dir='ltr'><strong>solito</strong></span> <span class='ocrx_word' id='word_1_467' title='bbox 2794 3843 2996 3884; x_wconf 90' lang='lat' dir='ltr'><strong>verum</strong></span> <span class='ocrx_word' id='word_1_468' title='bbox 3030 3827 3127 3899; x_wconf 89' lang='lat' dir='ltr'><strong>pia</strong></span> <span class='ocrx_word' id='word_1_469' title='bbox 3159 3825 3383 3884; x_wconf 87' lang='lat' dir='ltr'><strong>viscera</strong></span> <span class='ocrx_word' id='word_1_470' title='bbox 3412 3825 3664 3884; x_wconf 84' lang='lat' dir='ltr'><strong>cunctis.</strong></span> 
     </span>
    </p>
   </div>
   <div class='ocr_carea' id='block_1_42' title="bbox 364 3909 3774 3983">
    <p class='ocr_par' dir='ltr' id='par_1_42' title="bbox 364 3909 3774 3983">
     <span class='ocr_line' id='line_1_42' title="bbox 364 3909 3774 3983; baseline -0 -12"><span class='ocrx_word' id='word_1_471' title='bbox 364 3915 472 3971; x_wconf 87' lang='lat'><strong>165</strong></span> <span class='ocrx_word' id='word_1_472' title='bbox 506 3913 764 3981; x_wconf 78' lang='lat' dir='ltr'><strong>Metitur,</strong></span> <span class='ocrx_word' id='word_1_473' title='bbox 796 3915 992 3970; x_wconf 85' lang='lat' dir='ltr'><strong>tantos</strong></span> <span class='ocrx_word' id='word_1_474' title='bbox 1023 3910 1229 3967; x_wconf 88' lang='lat' dir='ltr'><strong>avidus</strong></span> <span class='ocrx_word' id='word_1_475' title='bbox 1257 3911 1368 3983; x_wconf 91' lang='lat'><strong>(90)</strong></span> <span class='ocrx_word' id='word_1_476' title='bbox 1401 3909 1568 3966; x_wconf 87' lang='lat' dir='ltr'><strong>finire</strong></span> <span class='ocrx_word' id='word_1_477' title='bbox 1597 3911 1848 3967; x_wconf 88' lang='lat' dir='ltr'><strong>labores.</strong></span> <span class='ocrx_word' id='word_1_478' title='bbox 2265 3914 2523 3972; x_wconf 88' lang='lat' dir='ltr'><strong>Nuntius</strong></span> <span class='ocrx_word' id='word_1_479' title='bbox 2555 3915 2614 3970; x_wconf 89' lang='lat' dir='ltr'><strong>in</strong></span> <span class='ocrx_word' id='word_1_480' title='bbox 2645 3913 2836 3972; x_wconf 87' lang='lat' dir='ltr'><strong>medio</strong></span> <span class='ocrx_word' id='word_1_481' title='bbox 2865 3916 3103 3975; x_wconf 88' lang='lat' dir='ltr'><strong>demum</strong></span> <span class='ocrx_word' id='word_1_482' title='bbox 3137 3919 3203 3972; x_wconf 91' lang='lat' dir='ltr'><strong>ut</strong></span> <span class='ocrx_word' id='word_1_483' title='bbox 3232 3913 3636 3975; x_wconf 81' lang='lat' dir='ltr'><strong>Lamberticus</strong></span> <span class='ocrx_word' id='word_1_484' title='bbox 3667 3915 3774 3974; x_wconf 86' lang='lat' dir='ltr'><strong>ad-</strong></span> 
     </span>
    </p>
   </div>
   <div class='ocr_carea' id='block_1_43' title="bbox 498 3999 3697 4073">
    <p class='ocr_par' dir='ltr' id='par_1_43' title="bbox 498 3999 3697 4073">
     <span class='ocr_line' id='line_1_43' title="bbox 498 3999 3697 4073; baseline -0 -14"><span class='ocrx_word' id='word_1_485' title='bbox 498 4005 727 4060; x_wconf 87' lang='lat' dir='ltr'><strong>lnterea</strong></span> <span class='ocrx_word' id='word_1_486' title='bbox 754 4014 883 4058; x_wconf 83' lang='lat' dir='ltr'><strong>sors</strong></span> <span class='ocrx_word' id='word_1_487' title='bbox 914 4001 1027 4072; x_wconf 79' lang='lat'><strong>(91)</strong></span> <span class='ocrx_word' id='word_1_488' title='bbox 1055 3999 1206 4056; x_wconf 87' lang='lat' dir='ltr'><strong>lecta</strong></span> <span class='ocrx_word' id='word_1_489' title='bbox 1242 3999 1364 4067; x_wconf 90' lang='lat' dir='ltr'><strong>Dei,</strong></span> <span class='ocrx_word' id='word_1_490' title='bbox 1397 4001 1758 4057; x_wconf 87' lang='lat' dir='ltr'><strong>circumdata</strong></span> <span class='ocrx_word' id='word_1_491' title='bbox 1804 4001 2010 4069; x_wconf 87' lang='lat' dir='ltr'><strong>saccis,</strong></span> <span class='ocrx_word' id='word_1_492' title='bbox 3537 4006 3697 4073; x_wconf 87' lang='lat' dir='ltr'><strong>[stat,</strong></span> 
     </span>
    </p>
   </div>
   <div class='ocr_carea' id='block_1_44' title="bbox 508 4087 3628 4164">
    <p class='ocr_par' dir='ltr' id='par_1_44' title="bbox 508 4087 3628 4164">
     <span class='ocr_line' id='line_1_44' title="bbox 508 4087 3628 4164; baseline 0.001 -18"><span class='ocrx_word' id='word_1_493' title='bbox 508 4092 657 4148; x_wconf 86' lang='lat' dir='ltr'><strong>Vota</strong></span> <span class='ocrx_word' id='word_1_494' title='bbox 687 4089 844 4156; x_wconf 80' lang='lat' dir='ltr'><strong>facit,</strong></span> <span class='ocrx_word' id='word_1_495' title='bbox 875 4087 1102 4145; x_wconf 83' lang='lat' dir='ltr'><strong>vultum</strong></span> <span class='ocrx_word' id='word_1_496' title='bbox 1131 4087 1391 4144; x_wconf 90' lang='lat' dir='ltr'><strong>lacrimis</strong></span> <span class='ocrx_word' id='word_1_497' title='bbox 1423 4089 1632 4145; x_wconf 88' lang='lat' dir='ltr'><strong>altaria</strong></span> <span class='ocrx_word' id='word_1_498' title='bbox 1661 4089 1882 4144; x_wconf 90' lang='lat' dir='ltr'><strong>circum</strong></span> <span class='ocrx_word' id='word_1_499' title='bbox 2262 4093 2334 4148; x_wconf 89' lang='lat' dir='ltr'><strong>Et</strong></span> <span class='ocrx_word' id='word_1_500' title='bbox 2361 4109 2488 4164; x_wconf 68' lang='lat' dir='ltr'><strong>qua:</strong></span> <span class='ocrx_word' id='word_1_501' title='bbox 2519 4092 2597 4150; x_wconf 88' lang='lat' dir='ltr'><strong>sit</strong></span> <span class='ocrx_word' id='word_1_502' title='bbox 2627 4093 2860 4148; x_wconf 84' lang='lat' dir='ltr'><strong>fortuna</strong></span> <span class='ocrx_word' id='word_1_503' title='bbox 2887 4092 3008 4148; x_wconf 89' lang='lat' dir='ltr'><strong>viro</strong></span> <span class='ocrx_word' id='word_1_504' title='bbox 3039 4091 3316 4164; x_wconf 85' lang='lat' dir='ltr'><strong>pacisque</strong></span> <span class='ocrx_word' id='word_1_505' title='bbox 3357 4090 3628 4151; x_wconf 84' lang='lat' dir='ltr'><strong>voluntas</strong></span> 
     </span>
    </p>
   </div>
   <div class='ocr_carea' id='block_1_45' title="bbox 509 4175 3678 4254">
    <p class='ocr_par' dir='ltr' id='par_1_45' title="bbox 509 4175 3678 4254">
     <span class='ocr_line' id='line_1_45' title="bbox 509 4175 3678 4254; baseline 0 -19"><span class='ocrx_word' id='word_1_506' title='bbox 509 4178 764 4246; x_wconf 78' lang='lat' dir='ltr'><strong>Suﬁ&#39;usa,</strong></span> <span class='ocrx_word' id='word_1_507' title='bbox 796 4176 905 4234; x_wconf 83' lang='lat' dir='ltr'><strong>has</strong></span> <span class='ocrx_word' id='word_1_508' title='bbox 935 4176 1060 4232; x_wconf 87' lang='lat' dir='ltr'><strong>imo</strong></span> <span class='ocrx_word' id='word_1_509' title='bbox 1081 4175 1368 4233; x_wconf 82' lang='lat' dir='ltr'><strong>referebat</strong></span> <span class='ocrx_word' id='word_1_510' title='bbox 1399 4181 1626 4250; x_wconf 89' lang='lat' dir='ltr'><strong>pectore</strong></span> <span class='ocrx_word' id='word_1_511' title='bbox 1655 4193 1859 4234; x_wconf 89' lang='lat' dir='ltr'><strong>voces:</strong></span> <span class='ocrx_word' id='word_1_512' title='bbox 2259 4181 2493 4249; x_wconf 88' lang='lat' dir='ltr'><strong>Edocet,</strong></span> <span class='ocrx_word' id='word_1_513' title='bbox 2526 4181 2652 4254; x_wconf 88' lang='lat' dir='ltr'><strong>ipse</strong></span> <span class='ocrx_word' id='word_1_514' title='bbox 2681 4185 2846 4254; x_wconf 85' lang='lat' dir='ltr'><strong>pater</strong></span> <span class='ocrx_word' id='word_1_515' title='bbox 2877 4181 3036 4238; x_wconf 88' lang='lat' dir='ltr'><strong>mitis</strong></span> <span class='ocrx_word' id='word_1_516' title='bbox 3068 4181 3151 4237; x_wconf 89' lang='lat' dir='ltr'><strong>sic</strong></span> <span class='ocrx_word' id='word_1_517' title='bbox 3183 4185 3418 4253; x_wconf 86' lang='lat' dir='ltr'><strong>pectore</strong></span> <span class='ocrx_word' id='word_1_518' title='bbox 3445 4180 3636 4240; x_wconf 87' lang='lat' dir='ltr'><strong>reddit</strong></span> <span class='ocrx_word' id='word_1_519' title='bbox 3664 4199 3678 4236; x_wconf 91' lang='lat'>:</span> 
     </span>
    </p>
   </div>
   <div class='ocr_carea' id='block_1_46' title="bbox 511 4265 3768 4341">
    <p class='ocr_par' dir='ltr' id='par_1_46' title="bbox 511 4265 3768 4341">
     <span class='ocr_line' id='line_1_46' title="bbox 511 4265 3768 4341; baseline 0.001 -18"><span class='ocrx_word' id='word_1_520' title='bbox 511 4267 557 4324; x_wconf 89' lang='lat'><em>0</em></span> <span class='ocrx_word' id='word_1_521' title='bbox 581 4282 772 4322; x_wconf 86' lang='lat' dir='ltr'><strong>rerum</strong></span> <span class='ocrx_word' id='word_1_522' title='bbox 798 4266 1035 4335; x_wconf 84' lang='lat' dir='ltr'><strong>genitor,</strong></span> <span class='ocrx_word' id='word_1_523' title='bbox 1063 4267 1270 4322; x_wconf 74' lang='lat' dir='ltr'><strong>ametis</strong></span> <span class='ocrx_word' id='word_1_524' title='bbox 1297 4265 1584 4322; x_wconf 84' lang='lat' dir='ltr'><strong>metuenda</strong></span> <span class='ocrx_word' id='word_1_525' title='bbox 1607 4269 1857 4337; x_wconf 86' lang='lat' dir='ltr'><strong>potestas.</strong></span> <span class='ocrx_word' id='word_1_526' title='bbox 2118 4269 2224 4324; x_wconf 86' lang='lat'><strong>215</strong></span> <span class='ocrx_word' id='word_1_527' title='bbox 2261 4271 2437 4339; x_wconf 65' lang='lat' dir='ltr'><strong>quua</strong></span> <span class='ocrx_word' id='word_1_528' title='bbox 2466 4271 2672 4340; x_wconf 80' lang='lat' dir='ltr'><strong>referre</strong></span> <span class='ocrx_word' id='word_1_529' title='bbox 2699 4271 2866 4325; x_wconf 78' lang='lat' dir='ltr'><strong>malis</strong></span> <span class='ocrx_word' id='word_1_530' title='bbox 2892 4271 3134 4326; x_wconf 83' lang='lat' dir='ltr'><strong>nimium</strong></span> <span class='ocrx_word' id='word_1_531' title='bbox 3163 4282 3322 4326; x_wconf 87' lang='lat' dir='ltr'><strong>sacra</strong></span> <span class='ocrx_word' id='word_1_532' title='bbox 3341 4269 3476 4341; x_wconf 82' lang='lat' dir='ltr'><strong>jura</strong></span> <span class='ocrx_word' id='word_1_533' title='bbox 3495 4273 3768 4326; x_wconf 75' lang='lat' dir='ltr'><strong>recusant.</strong></span> 
     </span>
    </p>
   </div>
   <div class='ocr_carea' id='block_1_47' title="bbox 369 4353 3766 4431">
    <p class='ocr_par' dir='ltr' id='par_1_47' title="bbox 369 4353 3766 4431">
     <span class='ocr_line' id='line_1_47' title="bbox 369 4353 3766 4431; baseline 0.001 -20"><span class='ocrx_word' id='word_1_534' title='bbox 369 4355 493 4412; x_wconf 84' lang='lat'><strong>170‘</strong></span> <span class='ocrx_word' id='word_1_535' title='bbox 512 4356 749 4426; x_wconf 70' lang='lat' dir='ltr'><strong>[Inperio</strong></span> <span class='ocrx_word' id='word_1_536' title='bbox 777 4355 874 4426; x_wconf 88' lang='lat' dir='ltr'><strong>qui</strong></span> <span class='ocrx_word' id='word_1_537' title='bbox 901 4353 1043 4410; x_wconf 75' lang='lat' dir='ltr'><strong>bella</strong></span> <span class='ocrx_word' id='word_1_538' title='bbox 1071 4355 1214 4425; x_wconf 82' lang='lat' dir='ltr'><strong>regis</strong></span> <span class='ocrx_word' id='word_1_539' title='bbox 1236 4370 1531 4427; x_wconf 83' lang='lat' dir='ltr'><strong>pacemque</strong></span> <span class='ocrx_word' id='word_1_540' title='bbox 1554 4357 1804 4425; x_wconf 86' lang='lat' dir='ltr'><strong>perenni,</strong></span> <span class='ocrx_word' id='word_1_541' title='bbox 2260 4362 2506 4431; x_wconf 88' lang='lat' dir='ltr'><strong>Namque</strong></span> <span class='ocrx_word' id='word_1_542' title='bbox 2523 4359 2640 4430; x_wconf 85' lang='lat' dir='ltr'><strong>poli</strong></span> <span class='ocrx_word' id='word_1_543' title='bbox 2659 4359 2991 4430; x_wconf 72' lang='lat' dir='ltr'><strong>sensum(94)</strong></span> <span class='ocrx_word' id='word_1_544' title='bbox 3015 4359 3310 4414; x_wconf 84' lang='lat' dir='ltr'><strong>demissum</strong></span> <span class='ocrx_word' id='word_1_545' title='bbox 3325 4359 3600 4414; x_wconf 79' lang='lat' dir='ltr'><strong>traximus</strong></span> <span class='ocrx_word' id='word_1_546' title='bbox 3615 4374 3766 4429; x_wconf 85' lang='lat' dir='ltr'><strong>arce,</strong></span> 
     </span>
    </p>
   </div>
   <div class='ocr_carea' id='block_1_48' title="bbox 510 4441 3701 4518">
    <p class='ocr_par' dir='ltr' id='par_1_48' title="bbox 510 4441 3701 4518">
     <span class='ocr_line' id='line_1_48' title="bbox 510 4441 3701 4518; baseline 0.001 -18"><span class='ocrx_word' id='word_1_547' title='bbox 510 4443 590 4500; x_wconf 84' lang='lat' dir='ltr'><strong>Da</strong></span> <span class='ocrx_word' id='word_1_548' title='bbox 616 4445 798 4510; x_wconf 77' lang='lat' dir='ltr'><strong>tantos</strong></span> <span class='ocrx_word' id='word_1_549' title='bbox 821 4457 1028 4500; x_wconf 84' lang='lat' dir='ltr'><strong>cessare</strong></span> <span class='ocrx_word' id='word_1_550' title='bbox 1050 4442 1199 4498; x_wconf 86' lang='lat' dir='ltr'><strong>dolos</strong></span> <span class='ocrx_word' id='word_1_551' title='bbox 1221 4461 1240 4496; x_wconf 89' lang='lat'><strong><em>:</em></strong></span> <span class='ocrx_word' id='word_1_552' title='bbox 1271 4441 1343 4498; x_wconf 84' lang='lat' dir='ltr'><strong>da</strong></span> <span class='ocrx_word' id='word_1_553' title='bbox 1368 4443 1622 4498; x_wconf 87' lang='lat' dir='ltr'><strong>criminis</strong></span> <span class='ocrx_word' id='word_1_554' title='bbox 1645 4447 1834 4499; x_wconf 88' lang='lat' dir='ltr'><strong>auctor</strong></span> <span class='ocrx_word' id='word_1_555' title='bbox 2261 4447 2428 4507; x_wconf 84' lang='lat' dir='ltr'><strong>Cuius</strong></span> <span class='ocrx_word' id='word_1_556' title='bbox 2456 4449 2614 4518; x_wconf 85' lang='lat' dir='ltr'><strong>egent</strong></span> <span class='ocrx_word' id='word_1_557' title='bbox 2634 4463 2815 4518; x_wconf 88' lang='lat' dir='ltr'><strong>prona</strong></span> <span class='ocrx_word' id='word_1_558' title='bbox 2841 4455 2893 4503; x_wconf 89' lang='lat' dir='ltr'><strong>et</strong></span> <span class='ocrx_word' id='word_1_559' title='bbox 2919 4450 3128 4503; x_wconf 86' lang='lat' dir='ltr'><strong>terram</strong></span> <span class='ocrx_word' id='word_1_560' title='bbox 3153 4448 3479 4518; x_wconf 82' lang='lat' dir='ltr'><strong>spectantia.</strong></span> <span class='ocrx_word' id='word_1_561' title='bbox 3509 4445 3701 4504; x_wconf 66' lang='lat' dir='ltr'><strong>Mundi</strong></span> 
     </span>
    </p>
   </div>
   <div class='ocr_carea' id='block_1_49' title="bbox 517 4531 3555 4620">
    <p class='ocr_par' dir='ltr' id='par_1_49' title="bbox 517 4531 3555 4620">
     <span class='ocr_line' id='line_1_49' title="bbox 517 4531 3555 4620; baseline 0.001 -31"><span class='ocrx_word' id='word_1_562' title='bbox 517 4531 692 4590; x_wconf 85' lang='lat' dir='ltr'><strong>Veloci</strong></span> <span class='ocrx_word' id='word_1_563' title='bbox 714 4535 901 4606; x_wconf 82' lang='lat' dir='ltr'><strong>pereat</strong></span> <span class='ocrx_word' id='word_1_564' title='bbox 929 4532 1032 4588; x_wconf 88' lang='lat' dir='ltr'><strong>leto</strong></span> <span class='ocrx_word' id='word_1_565' title='bbox 1058 4549 1078 4586; x_wconf 90' lang='lat'><strong><em>:</em></strong></span> <span class='ocrx_word' id='word_1_566' title='bbox 1106 4531 1178 4587; x_wconf 87' lang='lat' dir='ltr'><strong>da</strong></span> <span class='ocrx_word' id='word_1_567' title='bbox 1205 4538 1446 4602; x_wconf 86' lang='lat' dir='ltr'><strong>tempora</strong></span> <span class='ocrx_word' id='word_1_568' title='bbox 1472 4536 1655 4588; x_wconf 88' lang='lat' dir='ltr'><strong>nostro</strong></span> <span class='ocrx_word' id='word_1_569' title='bbox 2037 4556 2086 4620; x_wconf 69' lang='grc' dir='ltr'>Β</span> <span class='ocrx_word' id='word_1_570' title='bbox 2257 4537 2542 4608; x_wconf 87' lang='lat' dir='ltr'><strong>Principio</strong></span> <span class='ocrx_word' id='word_1_571' title='bbox 2572 4535 2806 4592; x_wconf 85' lang='lat' dir='ltr'><strong>indulsit</strong></span> <span class='ocrx_word' id='word_1_572' title='bbox 2832 4536 3137 4592; x_wconf 83' lang='lat' dir='ltr'><strong>communis</strong></span> <span class='ocrx_word' id='word_1_573' title='bbox 3165 4534 3408 4591; x_wconf 85' lang='lat' dir='ltr'><strong>conditor</strong></span> <span class='ocrx_word' id='word_1_574' title='bbox 3438 4536 3555 4591; x_wconf 83' lang='lat' dir='ltr'><strong>illis</strong></span> 
     </span>
    </p>
   </div>
   <div class='ocr_carea' id='block_1_50' title="bbox 507 4620 3768 4696">
    <p class='ocr_par' dir='ltr' id='par_1_50' title="bbox 507 4620 3768 4696">
     <span class='ocr_line' id='line_1_50' title="bbox 507 4620 3768 4696; baseline 0 -18"><span class='ocrx_word' id='word_1_575' title='bbox 507 4623 692 4694; x_wconf 82' lang='lat' dir='ltr'><strong>Longa</strong></span> <span class='ocrx_word' id='word_1_576' title='bbox 719 4620 866 4687; x_wconf 85' lang='lat' dir='ltr'><strong>duci,</strong></span> <span class='ocrx_word' id='word_1_577' title='bbox 897 4620 1111 4694; x_wconf 76' lang='lat' dir='ltr'><strong>quando</strong></span> <span class='ocrx_word' id='word_1_578' title='bbox 1139 4621 1360 4692; x_wconf 87' lang='lat' dir='ltr'><strong>gemina</strong></span> <span class='ocrx_word' id='word_1_579' title='bbox 1403 4623 1512 4693; x_wconf 80' lang='lat' dir='ltr'><strong>fert</strong></span> <span class='ocrx_word' id='word_1_580' title='bbox 1541 4622 1700 4679; x_wconf 89' lang='lat' dir='ltr'><strong>laude</strong></span> <span class='ocrx_word' id='word_1_581' title='bbox 1726 4639 2003 4691; x_wconf 86' lang='lat' dir='ltr'><strong>coronam,</strong></span> <span class='ocrx_word' id='word_1_582' title='bbox 2259 4625 2488 4680; x_wconf 86' lang='lat' dir='ltr'><strong>Tantum</strong></span> <span class='ocrx_word' id='word_1_583' title='bbox 2511 4626 2783 4694; x_wconf 82' lang='lat' dir='ltr'><strong>animum,</strong></span> <span class='ocrx_word' id='word_1_584' title='bbox 2814 4625 2972 4682; x_wconf 89' lang='lat' dir='ltr'><strong>nobis</strong></span> <span class='ocrx_word' id='word_1_585' title='bbox 3019 4625 3273 4681; x_wconf 79' lang='lat' dir='ltr'><strong>animum</strong></span> <span class='ocrx_word' id='word_1_586' title='bbox 3309 4639 3520 4696; x_wconf 82' lang='lat' dir='ltr'><strong>quoque</strong></span> <span class='ocrx_word' id='word_1_587' title='bbox 3541 4628 3768 4679; x_wconf 84' lang='lat' dir='ltr'><strong>mutuus</strong></span> 
     </span>
    </p>
   </div>
   <div class='ocr_carea' id='block_1_51' title="bbox 417 4709 3696 4786">
    <p class='ocr_par' dir='ltr' id='par_1_51' title="bbox 417 4709 3696 4786">
     <span class='ocr_line' id='line_1_51' title="bbox 417 4709 3696 4786; baseline 0 -18"><span class='ocrx_word' id='word_1_588' title='bbox 417 4781 422 4786; x_wconf 24' lang='lat'><strong>.</strong></span> <span class='ocrx_word' id='word_1_589' title='bbox 509 4711 740 4768; x_wconf 82' lang='lat' dir='ltr'><strong>Virtutis</strong></span> <span class='ocrx_word' id='word_1_590' title='bbox 759 4710 982 4776; x_wconf 84' lang='lat' dir='ltr'><strong>merito,</strong></span> <span class='ocrx_word' id='word_1_591' title='bbox 1015 4711 1065 4765; x_wconf 88' lang='lat' dir='ltr'><strong>et</strong></span> <span class='ocrx_word' id='word_1_592' title='bbox 1093 4711 1310 4778; x_wconf 85' lang='lat' dir='ltr'><strong>generis</strong></span> <span class='ocrx_word' id='word_1_593' title='bbox 1350 4709 1494 4781; x_wconf 87' lang='lat' dir='ltr'><strong>quod</strong></span> <span class='ocrx_word' id='word_1_594' title='bbox 1521 4719 1800 4768; x_wconf 79' lang='lat' dir='ltr'><strong>stemmate</strong></span> <span class='ocrx_word' id='word_1_595' title='bbox 1820 4713 2006 4784; x_wconf 87' lang='lat' dir='ltr'><strong>pollet.</strong></span> <span class='ocrx_word' id='word_1_596' title='bbox 3455 4751 3459 4756; x_wconf 61' lang='grc' dir='ltr'><em>ι</em></span> <span class='ocrx_word' id='word_1_597' title='bbox 3485 4712 3570 4784; x_wconf 82' lang='lat' dir='ltr'><strong>[ut</strong></span> <span class='ocrx_word' id='word_1_598' title='bbox 3597 4727 3696 4768; x_wconf 82' lang='lat' dir='ltr'><strong>nos</strong></span> 
     </span>
    </p>
   </div>
   <div class='ocr_carea' id='block_1_52' title="bbox 367 4797 3644 4874">
    <p class='ocr_par' dir='ltr' id='par_1_52' title="bbox 367 4797 3644 4874">
     <span class='ocr_line' id='line_1_52' title="bbox 367 4797 3644 4874; baseline 0.001 -21"><span class='ocrx_word' id='word_1_599' title='bbox 367 4800 470 4855; x_wconf 88' lang='grc'><strong>175</strong></span> <span class='ocrx_word' id='word_1_600' title='bbox 503 4798 704 4858; x_wconf 83' lang='lat' dir='ltr'><strong>Audiit</strong></span> <span class='ocrx_word' id='word_1_601' title='bbox 732 4799 848 4854; x_wconf 90' lang='lat' dir='ltr'><strong>ista</strong></span> <span class='ocrx_word' id='word_1_602' title='bbox 875 4801 1054 4865; x_wconf 87' lang='lat' dir='ltr'><strong>sator,</strong></span> <span class='ocrx_word' id='word_1_603' title='bbox 1076 4801 1264 4853; x_wconf 87' lang='lat' dir='ltr'><strong>totum</strong></span> <span class='ocrx_word' id='word_1_604' title='bbox 1295 4797 1395 4870; x_wconf 86' lang='lat' dir='ltr'><strong>qui</strong></span> <span class='ocrx_word' id='word_1_605' title='bbox 1425 4805 1625 4856; x_wconf 90' lang='lat' dir='ltr'><strong>curvat</strong></span> <span class='ocrx_word' id='word_1_606' title='bbox 1653 4800 1964 4873; x_wconf 83' lang='lat' dir='ltr'><strong>Olympum</strong></span> <span class='ocrx_word' id='word_1_607' title='bbox 1993 4819 2008 4870; x_wconf 88' lang='lat'><strong>;</strong></span> <span class='ocrx_word' id='word_1_608' title='bbox 2118 4801 2226 4854; x_wconf 87' lang='lat'><strong>220</strong></span> <span class='ocrx_word' id='word_1_609' title='bbox 2261 4800 2496 4872; x_wconf 72' lang='lat' dir='ltr'><strong>Aﬁ&#39;ectus</strong></span> <span class='ocrx_word' id='word_1_610' title='bbox 2521 4805 2702 4874; x_wconf 88' lang='lat' dir='ltr'><strong>petere</strong></span> <span class='ocrx_word' id='word_1_611' title='bbox 2730 4803 3014 4859; x_wconf 74' lang='lat' dir='ltr'><strong>auxilium</strong></span> <span class='ocrx_word' id='word_1_612' title='bbox 3039 4805 3094 4857; x_wconf 88' lang='lat' dir='ltr'><strong>et</strong></span> <span class='ocrx_word' id='word_1_613' title='bbox 3117 4805 3389 4874; x_wconf 54' lang='lat' dir='ltr'><strong>praetore</strong></span> <span class='ocrx_word' id='word_1_614' title='bbox 3405 4801 3644 4872; x_wconf 82' lang='lat' dir='ltr'><strong>juberet.</strong></span> 
     </span>
    </p>
   </div>
   <div class='ocr_carea' id='block_1_53' title="bbox 504 4885 3762 4964">
    <p class='ocr_par' dir='ltr' id='par_1_53' title="bbox 504 4885 3762 4964">
     <span class='ocr_line' id='line_1_53' title="bbox 504 4885 3762 4964; baseline 0 -20"><span class='ocrx_word' id='word_1_615' title='bbox 504 4885 710 4944; x_wconf 86' lang='lat' dir='ltr'><strong>Mortis</strong></span> <span class='ocrx_word' id='word_1_616' title='bbox 741 4885 947 4943; x_wconf 88' lang='lat' dir='ltr'><strong>adesse</strong></span> <span class='ocrx_word' id='word_1_617' title='bbox 977 4885 1130 4942; x_wconf 91' lang='lat' dir='ltr'><strong>diem</strong></span> <span class='ocrx_word' id='word_1_618' title='bbox 1161 4887 1316 4960; x_wconf 89' lang='lat' dir='ltr'><strong>cogit</strong></span> <span class='ocrx_word' id='word_1_619' title='bbox 1363 4887 1485 4944; x_wconf 87' lang='lat' dir='ltr'><strong>fera</strong></span> <span class='ocrx_word' id='word_1_620' title='bbox 1541 4887 1696 4944; x_wconf 88' lang='lat' dir='ltr'><strong>bella</strong></span> <span class='ocrx_word' id='word_1_621' title='bbox 1738 4889 2010 4958; x_wconf 87' lang='lat' dir='ltr'><strong>moventi,</strong></span> <span class='ocrx_word' id='word_1_622' title='bbox 2261 4891 2367 4945; x_wconf 86' lang='lat' dir='ltr'><strong>Nec</strong></span> <span class='ocrx_word' id='word_1_623' title='bbox 2387 4890 2598 4961; x_wconf 86' lang='lat' dir='ltr'><strong>genitus</strong></span> <span class='ocrx_word' id='word_1_624' title='bbox 2627 4893 2903 4963; x_wconf 83' lang='lat' dir='ltr'><strong>gignentis</strong></span> <span class='ocrx_word' id='word_1_625' title='bbox 2931 4891 3089 4947; x_wconf 81' lang='lat' dir='ltr'><strong>habet</strong></span> <span class='ocrx_word' id='word_1_626' title='bbox 3113 4906 3216 4964; x_wconf 88' lang='lat' dir='ltr'><strong>pro</strong></span> <span class='ocrx_word' id='word_1_627' title='bbox 3271 4891 3505 4947; x_wconf 86' lang='lat' dir='ltr'><strong>crimine</strong></span> <span class='ocrx_word' id='word_1_628' title='bbox 3539 4905 3762 4958; x_wconf 71' lang='lat' dir='ltr'><strong>noxam,</strong></span> 
     </span>
    </p>
   </div>
   <div class='ocr_carea' id='block_1_54' title="bbox 508 4974 3622 5052">
    <p class='ocr_par' dir='ltr' id='par_1_54' title="bbox 508 4974 3622 5052">
     <span class='ocr_line' id='line_1_54' title="bbox 508 4974 3622 5052; baseline 0 -20"><span class='ocrx_word' id='word_1_629' title='bbox 508 4975 606 5032; x_wconf 84' lang='lat' dir='ltr'><strong>Sic</strong></span> <span class='ocrx_word' id='word_1_630' title='bbox 637 4977 833 5032; x_wconf 85' lang='lat' dir='ltr'><strong>tamen</strong></span> <span class='ocrx_word' id='word_1_631' title='bbox 867 4977 931 5030; x_wconf 91' lang='lat' dir='ltr'><strong>ut</strong></span> <span class='ocrx_word' id='word_1_632' title='bbox 961 4974 1193 5048; x_wconf 89' lang='lat' dir='ltr'><strong>proprio</strong></span> <span class='ocrx_word' id='word_1_633' title='bbox 1231 4980 1546 5048; x_wconf 88' lang='lat' dir='ltr'><strong>componat</strong></span> <span class='ocrx_word' id='word_1_634' title='bbox 1585 4975 1814 5030; x_wconf 90' lang='lat' dir='ltr'><strong>lumina</strong></span> <span class='ocrx_word' id='word_1_635' title='bbox 1842 4975 2009 5033; x_wconf 85' lang='lat' dir='ltr'><strong>lecto.</strong></span> <span class='ocrx_word' id='word_1_636' title='bbox 2264 4978 2508 5036; x_wconf 82' lang='lat' dir='ltr'><strong>Veridico</strong></span> <span class='ocrx_word' id='word_1_637' title='bbox 2537 4983 2732 5036; x_wconf 88' lang='lat' dir='ltr'><strong>cecinit</strong></span> <span class='ocrx_word' id='word_1_638' title='bbox 2761 4980 3034 5052; x_wconf 82' lang='lat' dir='ltr'><strong>quondam</strong></span> <span class='ocrx_word' id='word_1_639' title='bbox 3061 4979 3212 5035; x_wconf 85' lang='lat' dir='ltr'><strong>velut</strong></span> <span class='ocrx_word' id='word_1_640' title='bbox 3239 4994 3332 5034; x_wconf 90' lang='lat' dir='ltr'><strong>ore</strong></span> <span class='ocrx_word' id='word_1_641' title='bbox 3357 4977 3622 5050; x_wconf 78' lang='lat' dir='ltr'><strong>propheta</strong></span> 
     </span>
    </p>
   </div>
   <div class='ocr_carea' id='block_1_55' title="bbox 511 5061 3691 5140">
    <p class='ocr_par' dir='ltr' id='par_1_55' title="bbox 511 5061 3691 5140">
     <span class='ocr_line' id='line_1_55' title="bbox 511 5061 3691 5140; baseline 0.001 -21"><span class='ocrx_word' id='word_1_642' title='bbox 511 5061 728 5120; x_wconf 80' lang='lat' dir='ltr'><strong>Ultima</strong></span> <span class='ocrx_word' id='word_1_643' title='bbox 750 5061 850 5118; x_wconf 88' lang='lat' dir='ltr'><strong>lux</strong></span> <span class='ocrx_word' id='word_1_644' title='bbox 879 5062 1077 5132; x_wconf 89' lang='lat' dir='ltr'><strong>instat,</strong></span> <span class='ocrx_word' id='word_1_645' title='bbox 1108 5081 1214 5122; x_wconf 90' lang='lat' dir='ltr'><strong>nec</strong></span> <span class='ocrx_word' id='word_1_646' title='bbox 1235 5066 1362 5136; x_wconf 90' lang='lat' dir='ltr'><strong>jam</strong></span> <span class='ocrx_word' id='word_1_647' title='bbox 1393 5080 1527 5136; x_wconf 82' lang='lat' dir='ltr'><strong>epes</strong></span> <span class='ocrx_word' id='word_1_648' title='bbox 1562 5062 1683 5118; x_wconf 89' lang='lat' dir='ltr'><strong>ulla</strong></span> <span class='ocrx_word' id='word_1_649' title='bbox 1710 5063 1844 5119; x_wconf 91' lang='lat' dir='ltr'><strong>diei.</strong></span> <span class='ocrx_word' id='word_1_650' title='bbox 3105 5067 3126 5140; x_wconf 62' lang='grc' dir='ltr'>ί</span> <span class='ocrx_word' id='word_1_651' title='bbox 3155 5065 3383 5138; x_wconf 80' lang='lat' dir='ltr'><strong>(Ezech.</strong></span> <span class='ocrx_word' id='word_1_652' title='bbox 3415 5066 3691 5137; x_wconf 82' lang='lat' dir='ltr'><strong>xvm,20}.</strong></span> 
     </span>
    </p>
   </div>
   <div class='ocr_carea' id='block_1_56' title="bbox 459 5238 2019 5381">
    <p class='ocr_par' dir='ltr' id='par_1_56' title="bbox 459 5238 1600 5381">
     <span class='ocr_line' id='line_1_56' title="bbox 459 5238 1600 5381; baseline -0.002 -85"><span class='ocrx_word' id='word_1_653' title='bbox 459 5238 979 5381; x_wconf 52' lang='grc' dir='ltr'><strong>33))Ιλὲἕοίὲὁιὲιίι,</strong></span> <span class='ocrx_word' id='word_1_654' title='bbox 1003 5269 1072 5280; x_wconf 92' lang='grc'><strong><em>-</em></strong></span> <span class='ocrx_word' id='word_1_655' title='bbox 1103 5239 1394 5312; x_wconf 89' lang='lat' dir='ltr'><strong>siquidem</strong></span> <span class='ocrx_word' id='word_1_656' title='bbox 1429 5238 1600 5296; x_wconf 80' lang='lat' dir='ltr'><strong>Vales.</strong></span> 
     </span>
    </p>
   </div>
   <div class='ocr_carea' id='block_1_57' title="bbox 2197 5238 3757 5381">
    <p class='ocr_par' dir='ltr' id='par_1_57' title="bbox 2197 5242 3757 5370">
     <span class='ocr_line' id='line_1_57' title="bbox 2197 5242 3757 5370; baseline 0 -69"><span class='ocrx_word' id='word_1_657' title='bbox 2197 5242 2300 5370; x_wconf 64' lang='lat'><strong>[592)</strong></span> <span class='ocrx_word' id='word_1_658' title='bbox 2333 5245 2386 5300; x_wconf 80' lang='grc' dir='ltr'><strong>ν.</strong></span> <span class='ocrx_word' id='word_1_659' title='bbox 2449 5245 2686 5302; x_wconf 82' lang='lat'><strong>194-197</strong></span> <span class='ocrx_word' id='word_1_660' title='bbox 2748 5262 2819 5302; x_wconf 75' lang='lat' dir='ltr'><strong>ex</strong></span> <span class='ocrx_word' id='word_1_661' title='bbox 2883 5245 3049 5302; x_wconf 82' lang='lat' dir='ltr'><strong>Statii</strong></span> <span class='ocrx_word' id='word_1_662' title='bbox 3116 5244 3271 5302; x_wconf 82' lang='lat' dir='ltr'><strong><em>Theb.</em></strong></span> <span class='ocrx_word' id='word_1_663' title='bbox 3342 5245 3450 5314; x_wconf 80' lang='lat' dir='ltr'><strong>VII,</strong></span> <span class='ocrx_word' id='word_1_664' title='bbox 3505 5260 3561 5300; x_wconf 90' lang='grc' dir='ltr'><strong>υ.</strong></span> <span class='ocrx_word' id='word_1_665' title='bbox 3627 5246 3757 5302; x_wconf 82' lang='lat'><strong>223-</strong></span> 
     </span>
    </p>
   </div>
   <div class='ocr_carea' id='block_1_58' title="bbox 649 5325 2243 5369">
    <p class='ocr_par' dir='ltr' id='par_1_58' title="bbox 649 5325 2243 5369">
     <span class='ocr_line' id='line_1_58' title="bbox 649 5325 2243 5369; baseline 0.003 -4"><span class='ocrx_word' id='word_1_666' title='bbox 649 5325 760 5366; x_wconf 89' lang='lat' dir='ltr'><strong>nno</strong></span> <span class='ocrx_word' id='word_1_667' title='bbox 785 5325 910 5366; x_wconf 68' lang='lat'><strong>690.</strong></span> <span class='ocrx_word' id='word_1_668' title='bbox 2115 5325 2243 5369; x_wconf 73' lang='grc'><strong>226.</strong></span> 
     </span>
    </p>
   </div>
   <div class='ocr_carea' id='block_1_59' title="bbox 434 5239 3752 5464">
    <p class='ocr_par' dir='ltr' id='par_1_59' title="bbox 434 5239 3752 5464">
     <span class='ocr_line' id='line_1_59' title="bbox 434 5239 3752 5454; baseline 0.002 -158"><span class='ocrx_word' id='word_1_669' title='bbox 434 5239 1072 5454; x_wconf 52' lang='grc' dir='ltr'><strong>Ξξξ))1λὲἕοίὲὁιὲιίι,-</strong></span> <span class='ocrx_word' id='word_1_670' title='bbox 1103 5239 1394 5312; x_wconf 89' lang='lat' dir='ltr'><strong>siquidem</strong></span> <span class='ocrx_word' id='word_1_671' title='bbox 1429 5239 1600 5296; x_wconf 80' lang='lat' dir='ltr'><strong>Vales.</strong></span> <span class='ocrx_word' id='word_1_672' title='bbox 2115 5242 2300 5370; x_wconf 49' lang='grc' dir='ltr'><strong>22ἓ92)</strong></span> <span class='ocrx_word' id='word_1_673' title='bbox 2333 5245 2386 5300; x_wconf 88' lang='lat' dir='ltr'><strong>V.</strong></span> <span class='ocrx_word' id='word_1_674' title='bbox 2449 5245 2686 5302; x_wconf 79' lang='lat'><strong>194-197</strong></span> <span class='ocrx_word' id='word_1_675' title='bbox 2748 5262 2819 5302; x_wconf 75' lang='lat' dir='ltr'><strong>ex</strong></span> <span class='ocrx_word' id='word_1_676' title='bbox 2883 5245 3049 5302; x_wconf 85' lang='lat' dir='ltr'><strong>Statii</strong></span> <span class='ocrx_word' id='word_1_677' title='bbox 3116 5244 3271 5302; x_wconf 86' lang='lat' dir='ltr'><strong><em>Theb.</em></strong></span> <span class='ocrx_word' id='word_1_678' title='bbox 3342 5245 3450 5314; x_wconf 84' lang='lat' dir='ltr'><strong>VII,</strong></span> <span class='ocrx_word' id='word_1_679' title='bbox 3505 5260 3561 5300; x_wconf 90' lang='grc' dir='ltr'><strong>υ.</strong></span> <span class='ocrx_word' id='word_1_680' title='bbox 3627 5246 3752 5302; x_wconf 85' lang='grc'><strong>223-</strong></span> 
     </span>
     <span class='ocr_line' id='line_1_60' title="bbox 460 5380 3752 5464; baseline 0.002 -26"><span class='ocrx_word' id='word_1_681' title='bbox 460 5381 551 5454; x_wconf 87' lang='grc'>89)</span> <span class='ocrx_word' id='word_1_682' title='bbox 592 5381 740 5464; x_wconf 67' lang='lat' dir='ltr'><strong>Wido</strong></span> <span class='ocrx_word' id='word_1_683' title='bbox 759 5382 1067 5464; x_wconf 53' lang='lat' dir='ltr'><strong>jammante</strong></span> <span class='ocrx_word' id='word_1_684' title='bbox 1094 5381 1354 5464; x_wconf 76' lang='lat' dir='ltr'><strong>primum</strong></span> <span class='ocrx_word' id='word_1_685' title='bbox 1403 5380 1621 5452; x_wconf 81' lang='lat' dir='ltr'><strong>Arnulﬁ</strong></span> <span class='ocrx_word' id='word_1_686' title='bbox 1678 5382 1918 5440; x_wconf 86' lang='lat' dir='ltr'><strong>reditum</strong></span> <span class='ocrx_word' id='word_1_687' title='bbox 1947 5385 2008 5440; x_wconf 83' lang='lat' dir='ltr'><strong>in</strong></span> <span class='ocrx_word' id='word_1_688' title='bbox 2113 5385 2404 5464; x_wconf 62' lang='lat' dir='ltr'><strong>__(93)Sc.</strong></span> <span class='ocrx_word' id='word_1_689' title='bbox 2445 5387 2721 5445; x_wconf 86' lang='lat' dir='ltr'><strong>Lamberti</strong></span> <span class='ocrx_word' id='word_1_690' title='bbox 2775 5395 2953 5444; x_wconf 84' lang='lat' dir='ltr'><strong>matre</strong></span> <span class='ocrx_word' id='word_1_691' title='bbox 3005 5387 3322 5457; x_wconf 82' lang='lat' dir='ltr'><strong>Ageltruda,</strong></span> <span class='ocrx_word' id='word_1_692' title='bbox 3379 5385 3488 5457; x_wconf 82' lang='lat' dir='ltr'><strong>ﬁlii</strong></span> <span class='ocrx_word' id='word_1_693' title='bbox 3541 5389 3752 5444; x_wconf 81' lang='lat' dir='ltr'><strong>tutrice.</strong></span> 
     </span>
    </p>
   </div>
   <div class='ocr_carea' id='block_1_60' title="bbox 369 5451 1929 5518">
    <p class='ocr_par' dir='ltr' id='par_1_60' title="bbox 369 5451 1587 5518">
     <span class='ocr_line' id='line_1_61' title="bbox 369 5451 1587 5518; baseline -0.007 -7"><span class='ocrx_word' id='word_1_694' title='bbox 369 5451 738 5518; x_wconf 80' lang='lat' dir='ltr'><strong>Germaniam,</strong></span> <span class='ocrx_word' id='word_1_695' title='bbox 761 5451 823 5507; x_wconf 19' lang='lat' dir='ltr'><strong>Va.</strong></span> <span class='ocrx_word' id='word_1_696' title='bbox 856 5452 980 5517; x_wconf 90' lang='lat'><strong>894,</strong></span> <span class='ocrx_word' id='word_1_697' title='bbox 1016 5451 1238 5507; x_wconf 82' lang='lat' dir='ltr'><strong>obierat.</strong></span> <span class='ocrx_word' id='word_1_698' title='bbox 1582 5451 1587 5452; x_wconf 56' lang='lat'><em>&#39;</em></span> 
     </span>
    </p>
   </div>
   <div class='ocr_carea' id='block_1_61' title="bbox 743 5451 2303 5518">
    <p class='ocr_par' dir='ltr' id='par_1_61' title="bbox 761 5451 2303 5517">
     <span class='ocr_line' id='line_1_62' title="bbox 761 5451 2303 5517; baseline 0.003 -11"><span class='ocrx_word' id='word_1_699' title='bbox 761 5451 823 5507; x_wconf 83' lang='lat' dir='ltr'><strong>a.</strong></span> <span class='ocrx_word' id='word_1_700' title='bbox 856 5452 980 5517; x_wconf 91' lang='lat'><strong>894,</strong></span> <span class='ocrx_word' id='word_1_701' title='bbox 1016 5451 1238 5507; x_wconf 84' lang='lat' dir='ltr'><strong>obierat.</strong></span> <span class='ocrx_word' id='word_1_702' title='bbox 1582 5451 1587 5452; x_wconf 49' lang='grc'><strong>“</strong></span> <span class='ocrx_word' id='word_1_703' title='bbox 2113 5451 2303 5512; x_wconf 78' lang='lat' dir='ltr'><strong>Vales.</strong></span> 
     </span>
    </p>
   </div>
   <div class='ocr_carea' id='block_1_62' title="bbox 457 5454 3750 5600">
    <p class='ocr_par' dir='ltr' id='par_1_62' title="bbox 457 5454 3750 5600">
     <span class='ocr_line' id='line_1_63' title="bbox 457 5454 3387 5518; baseline 0.003 -13"><span class='ocrx_word' id='word_1_704' title='bbox 457 5454 738 5518; x_wconf 81' lang='lat' dir='ltr'><strong>maniam,</strong></span> <span class='ocrx_word' id='word_1_705' title='bbox 770 5469 823 5507; x_wconf 90' lang='lat' dir='ltr'><strong>a.</strong></span> <span class='ocrx_word' id='word_1_706' title='bbox 856 5454 980 5517; x_wconf 90' lang='lat'><strong>894,</strong></span> <span class='ocrx_word' id='word_1_707' title='bbox 1016 5454 1238 5507; x_wconf 85' lang='lat' dir='ltr'><strong>obierat.</strong></span> <span class='ocrx_word' id='word_1_708' title='bbox 2113 5454 2304 5512; x_wconf 80' lang='lat' dir='ltr'><strong>Vales.</strong></span> <span class='ocrx_word' id='word_1_709' title='bbox 3053 5454 3068 5457; x_wconf 66' lang='grc'>⁷</span> <span class='ocrx_word' id='word_1_710' title='bbox 3379 5454 3387 5457; x_wconf 76' lang='grc'><em>’</em></span> 
     </span>
     <span class='ocr_line' id='line_1_64' title="bbox 457 5521 3750 5600; baseline 0.003 -25"><span class='ocrx_word' id='word_1_711' title='bbox 457 5523 550 5600; x_wconf 70' lang='grc'><strong>90)</strong></span> <span class='ocrx_word' id='word_1_712' title='bbox 581 5523 806 5600; x_wconf 48' lang='lat' dir='ltr'><strong>avidos</strong></span> <span class='ocrx_word' id='word_1_713' title='bbox 823 5538 965 5578; x_wconf 90' lang='lat' dir='ltr'><strong>corr.</strong></span> <span class='ocrx_word' id='word_1_714' title='bbox 997 5521 1204 5576; x_wconf 89' lang='lat' dir='ltr'><strong>avidus</strong></span> <span class='ocrx_word' id='word_1_715' title='bbox 1231 5537 1279 5575; x_wconf 79' lang='grc' dir='ltr'><strong>ι’.</strong></span> <span class='ocrx_word' id='word_1_716' title='bbox 2124 5594 2137 5600; x_wconf 88' lang='lat'>_</span> <span class='ocrx_word' id='word_1_717' title='bbox 2161 5527 2298 5600; x_wconf 71' lang='lat'><strong>_(94_)</strong></span> <span class='ocrx_word' id='word_1_718' title='bbox 2329 5527 2579 5600; x_wconf 86' lang='lat' dir='ltr'><strong>Sensum</strong></span> <span class='ocrx_word' id='word_1_719' title='bbox 2627 5559 2697 5570; x_wconf 90' lang='lat'><strong>—-</strong></span> <span class='ocrx_word' id='word_1_720' title='bbox 2727 5546 2776 5584; x_wconf 90' lang='grc' dir='ltr'><strong>υ.</strong></span> <span class='ocrx_word' id='word_1_721' title='bbox 2835 5529 2942 5584; x_wconf 88' lang='grc'><strong>220</strong></span> <span class='ocrx_word' id='word_1_722' title='bbox 2980 5545 3049 5585; x_wconf 74' lang='lat' dir='ltr'><strong>ex</strong></span> <span class='ocrx_word' id='word_1_723' title='bbox 3103 5530 3348 5587; x_wconf 84' lang='lat' dir='ltr'><strong>Juvenal.</strong></span> <span class='ocrx_word' id='word_1_724' title='bbox 3406 5525 3520 5586; x_wconf 83' lang='lat' dir='ltr'><strong>Sat.</strong></span> <span class='ocrx_word' id='word_1_725' title='bbox 3584 5529 3670 5600; x_wconf 77' lang='lat'><strong>15,</strong></span> <span class='ocrx_word' id='word_1_726' title='bbox 3701 5548 3750 5586; x_wconf 85' lang='grc' dir='ltr'><strong>υ.</strong></span> 
     </span>
    </p>
   </div>
   <div class='ocr_carea' id='block_1_63' title="bbox 436 5524 1996 5667">
    <p class='ocr_par' dir='ltr' id='par_1_63' title="bbox 436 5524 1279 5667">
     <span class='ocr_line' id='line_1_65' title="bbox 457 5524 1279 5578; baseline -0.002 -1"><span class='ocrx_word' id='word_1_727' title='bbox 457 5524 530 5577; x_wconf 89' lang='grc'>90</span> <span class='ocrx_word' id='word_1_728' title='bbox 581 5524 795 5578; x_wconf 84' lang='lat' dir='ltr'><strong>Avidos</strong></span> <span class='ocrx_word' id='word_1_729' title='bbox 823 5538 965 5578; x_wconf 91' lang='lat' dir='ltr'><strong>corr.</strong></span> <span class='ocrx_word' id='word_1_730' title='bbox 997 5524 1204 5576; x_wconf 89' lang='lat' dir='ltr'><strong>avidus</strong></span> <span class='ocrx_word' id='word_1_731' title='bbox 1231 5537 1279 5575; x_wconf 89' lang='lat' dir='ltr'><strong>c.</strong></span> 
     </span>
     <span class='ocr_line' id='line_1_66' title="bbox 436 5524 968 5667; baseline 0 -19"><span class='ocrx_word' id='word_1_732' title='bbox 436 5524 550 5667; x_wconf 48' lang='grc' dir='ltr'><strong>ξω)</strong></span> <span class='ocrx_word' id='word_1_733' title='bbox 581 5593 622 5647; x_wconf 89' lang='grc'><strong>1.</strong></span> <span class='ocrx_word' id='word_1_734' title='bbox 655 5609 728 5663; x_wconf 89' lang='lat' dir='ltr'><strong>e.,</strong></span> <span class='ocrx_word' id='word_1_735' title='bbox 760 5592 968 5648; x_wconf 89' lang='lat' dir='ltr'><strong>clerus.</strong></span> 
     </span>
    </p>
   </div>
   <div class='ocr_carea' id='block_1_64' title="bbox 1337 5524 2897 5667">
    <p class='ocr_par' dir='ltr' id='par_1_64' title="bbox 2112 5527 2897 5654">
     <span class='ocr_line' id='line_1_67' title="bbox 2112 5527 2897 5654; baseline 0.005 -74"><span class='ocrx_word' id='word_1_736' title='bbox 2112 5527 2579 5654; x_wconf 39' lang='lat' dir='ltr'><strong>“gmiggensum</strong></span> <span class='ocrx_word' id='word_1_737' title='bbox 2627 5559 2697 5570; x_wconf 90' lang='lat'><strong>—-</strong></span> <span class='ocrx_word' id='word_1_738' title='bbox 2727 5546 2776 5584; x_wconf 90' lang='grc' dir='ltr'><strong>υ.</strong></span> <span class='ocrx_word' id='word_1_739' title='bbox 2835 5531 2897 5584; x_wconf 82' lang='lat'><strong>22</strong></span> 
     </span>
    </p>
   </div>
  </div>
