  <div class='ocr_page' id='page_1' title='image "/cluster/home/n/w/nwhite01/storage/ocr_20150623/151/umn.31951002477444s/786.png"; bbox 0 0 3950 6434; ppageno 0'>
   <div class='ocr_carea' id='block_1_1' title="bbox 165 356 3556 484">
    <p class='ocr_par' dir='ltr' id='par_1_1' title="bbox 165 356 3556 484">
     <span class='ocr_line' id='line_1_1' title="bbox 165 356 3556 484; baseline -0.003 -2"><span class='ocrx_word' id='word_1_1' title='bbox 165 416 316 484; x_wconf 66' lang='lat' dir='ltr'>sses</span> <span class='ocrx_word' id='word_1_2' title='bbox 986 414 1349 479; x_wconf 83' lang='lat' dir='ltr'>ANONYMI</span> <span class='ocrx_word' id='word_1_3' title='bbox 1392 411 1790 476; x_wconf 68' lang='lat' dir='ltr'>passove;</span> <span class='ocrx_word' id='word_1_4' title='bbox 1836 408 2175 473; x_wconf 80' lang='lat' dir='ltr'>BERENG.</span> <span class='ocrx_word' id='word_1_5' title='bbox 2207 407 2382 471; x_wconf 83' lang='lat' dir='ltr'>‘IMP.</span> <span class='ocrx_word' id='word_1_6' title='bbox 2428 406 2577 471; x_wconf 92' lang='lat' dir='ltr'>LIB.</span> <span class='ocrx_word' id='word_1_7' title='bbox 2620 407 2728 472; x_wconf 89' lang='lat' dir='ltr'>Iv.</span> <span class='ocrx_word' id='word_1_8' title='bbox 3398 356 3556 473; x_wconf 57' lang='lat' dir='ltr'>43a;</span> 
     </span>
    </p>
   </div>
   <div class='ocr_carea' id='block_1_2' title="bbox 304 542 3556 627">
    <p class='ocr_par' dir='ltr' id='par_1_2' title="bbox 304 542 3556 627">
     <span class='ocr_line' id='line_1_2' title="bbox 304 542 3556 627; baseline -0.003 -16"><span class='ocrx_word' id='word_1_9' title='bbox 304 555 637 627; x_wconf 75' lang='lat' dir='ltr'>Quaprbpter</span> <span class='ocrx_word' id='word_1_10' title='bbox 663 553 866 621; x_wconf 74' lang='lat' dir='ltr'>veniat,</span> <span class='ocrx_word' id='word_1_11' title='bbox 898 559 1081 608; x_wconf 85' lang='lat' dir='ltr'>noster</span> <span class='ocrx_word' id='word_1_12' title='bbox 1107 549 1362 606; x_wconf 84' lang='lat' dir='ltr'>dicendus</span> <span class='ocrx_word' id='word_1_13' title='bbox 1391 549 1599 604; x_wconf 84' lang='lat' dir='ltr'>amicus</span> <span class='ocrx_word' id='word_1_14' title='bbox 1830 549 1887 613; x_wconf 83' lang='grc' dir='ltr'><strong>Α</strong></span> <span class='ocrx_word' id='word_1_15' title='bbox 1911 545 2020 599; x_wconf 85' lang='grc'>260</span> <span class='ocrx_word' id='word_1_16' title='bbox 2057 542 2277 598; x_wconf 91' lang='lat' dir='ltr'>Bucina</span> <span class='ocrx_word' id='word_1_17' title='bbox 2302 542 2468 598; x_wconf 80' lang='lat' dir='ltr'>triste</span> <span class='ocrx_word' id='word_1_18' title='bbox 2500 558 2716 599; x_wconf 90' lang='lat' dir='ltr'>canens</span> <span class='ocrx_word' id='word_1_19' title='bbox 2745 542 3068 616; x_wconf 81' lang='lat' dir='ltr'>disjunctos</span> <span class='ocrx_word' id='word_1_20' title='bbox 3111 562 3298 619; x_wconf 90' lang='lat' dir='ltr'>usque</span> <span class='ocrx_word' id='word_1_21' title='bbox 3328 545 3556 603; x_wconf 81' lang='lat' dir='ltr'>sodales</span> 
     </span>
    </p>
   </div>
   <div class='ocr_carea' id='block_1_3' title="bbox 303 631 3481 713">
    <p class='ocr_par' dir='ltr' id='par_1_3' title="bbox 303 631 3481 713">
     <span class='ocr_line' id='line_1_3' title="bbox 303 631 3481 713; baseline -0.001 -19"><span class='ocrx_word' id='word_1_22' title='bbox 303 645 413 699; x_wconf 75' lang='lat' dir='ltr'>Hac</span> <span class='ocrx_word' id='word_1_23' title='bbox 438 644 673 707; x_wconf 77' lang='lat' dir='ltr'>ratione,</span> <span class='ocrx_word' id='word_1_24' title='bbox 707 642 815 713; x_wconf 79' lang='lat' dir='ltr'>ﬁde</span> <span class='ocrx_word' id='word_1_25' title='bbox 836 641 998 697; x_wconf 79' lang='lat' dir='ltr'>violet</span> <span class='ocrx_word' id='word_1_26' title='bbox 1024 655 1094 695; x_wconf 86' lang='lat' dir='ltr'>ne</span> <span class='ocrx_word' id='word_1_27' title='bbox 1114 640 1250 711; x_wconf 85' lang='lat' dir='ltr'><strong><em>jura</em></strong></span> <span class='ocrx_word' id='word_1_28' title='bbox 1276 640 1578 710; x_wconf 84' lang='lat' dir='ltr'>protervus,</span> <span class='ocrx_word' id='word_1_29' title='bbox 2053 635 2355 697; x_wconf 86' lang='lat' dir='ltr'>Convocat,</span> <span class='ocrx_word' id='word_1_30' title='bbox 2391 647 2457 687; x_wconf 89' lang='lat' dir='ltr'>ac</span> <span class='ocrx_word' id='word_1_31' title='bbox 2483 631 2705 687; x_wconf 88' lang='lat' dir='ltr'>domini</span> <span class='ocrx_word' id='word_1_32' title='bbox 2732 632 2913 689; x_wconf 89' lang='lat' dir='ltr'>letum</span> <span class='ocrx_word' id='word_1_33' title='bbox 2942 634 3175 690; x_wconf 88' lang='lat' dir='ltr'>crudele</span> <span class='ocrx_word' id='word_1_34' title='bbox 3205 634 3481 709; x_wconf 81' lang='lat' dir='ltr'>resignat.</span> 
     </span>
    </p>
   </div>
   <div class='ocr_carea' id='block_1_4' title="bbox 170 719 3560 801">
    <p class='ocr_par' dir='ltr' id='par_1_4' title="bbox 170 719 3560 801">
     <span class='ocr_line' id='line_1_4' title="bbox 170 719 3560 801; baseline -0.003 -12"><span class='ocrx_word' id='word_1_35' title='bbox 170 733 273 789; x_wconf 86' lang='grc'><strong>225</strong></span> <span class='ocrx_word' id='word_1_36' title='bbox 305 734 368 788; x_wconf 85' lang='grc' dir='ltr'><em>1η</em></span> <span class='ocrx_word' id='word_1_37' title='bbox 396 732 502 788; x_wconf 80' lang='lat' dir='ltr'>levi</span> <span class='ocrx_word' id='word_1_38' title='bbox 529 731 817 787; x_wconf 65' lang='lat' dir='ltr'>cumulatis</span> <span class='ocrx_word' id='word_1_39' title='bbox 844 730 1108 801; x_wconf 72' lang='lat' dir='ltr'>genitoris</span> <span class='ocrx_word' id='word_1_40' title='bbox 1136 730 1345 799; x_wconf 82' lang='lat' dir='ltr'>pectore</span> <span class='ocrx_word' id='word_1_41' title='bbox 1375 727 1644 782; x_wconf 73' lang='lat' dir='ltr'>technam.</span> <span class='ocrx_word' id='word_1_42' title='bbox 2059 720 2175 776; x_wconf 87' lang='lat' dir='ltr'>Hoc</span> <span class='ocrx_word' id='word_1_43' title='bbox 2207 719 2401 775; x_wconf 87' lang='lat' dir='ltr'>sonitu</span> <span class='ocrx_word' id='word_1_44' title='bbox 2435 736 2643 775; x_wconf 89' lang='lat' dir='ltr'>nemus</span> <span class='ocrx_word' id='word_1_45' title='bbox 2664 737 2834 777; x_wconf 88' lang='lat' dir='ltr'>omne</span> <span class='ocrx_word' id='word_1_46' title='bbox 2854 722 3072 792; x_wconf 86' lang='lat' dir='ltr'>tremit,</span> <span class='ocrx_word' id='word_1_47' title='bbox 3099 723 3447 797; x_wconf 87' lang='lat' dir='ltr'>fugiuntque</span> <span class='ocrx_word' id='word_1_48' title='bbox 3467 741 3560 781; x_wconf 86' lang='lat' dir='ltr'>vo-</span> 
     </span>
    </p>
   </div>
   <div class='ocr_carea' id='block_1_5' title="bbox 210 812 3489 891">
    <p class='ocr_par' dir='ltr' id='par_1_5' title="bbox 210 812 3489 891">
     <span class='ocr_line' id='line_1_5' title="bbox 210 812 3489 891; baseline -0.002 -16"><span class='ocrx_word' id='word_1_49' title='bbox 210 884 219 891; x_wconf 43' lang='grc'>,</span> <span class='ocrx_word' id='word_1_50' title='bbox 304 820 405 876; x_wconf 76' lang='lat' dir='ltr'>Sin</span> <span class='ocrx_word' id='word_1_51' title='bbox 427 825 569 877; x_wconf 83' lang='lat' dir='ltr'>tenet</span> <span class='ocrx_word' id='word_1_52' title='bbox 596 820 695 875; x_wconf 84' lang='lat' dir='ltr'>ille</span> <span class='ocrx_word' id='word_1_53' title='bbox 717 820 921 875; x_wconf 82' lang='lat' dir='ltr'>donum</span> <span class='ocrx_word' id='word_1_54' title='bbox 942 819 1183 891; x_wconf 81' lang='lat' dir='ltr'>juvenili</span> <span class='ocrx_word' id='word_1_55' title='bbox 1210 824 1390 872; x_wconf 80' lang='lat' dir='ltr'><strong><em>mente</em></strong></span> <span class='ocrx_word' id='word_1_56' title='bbox 1418 823 1734 883; x_wconf 84' lang='lat' dir='ltr'>resumtum,</span> <span class='ocrx_word' id='word_1_57' title='bbox 3276 812 3489 876; x_wconf 85' lang='lat' dir='ltr'>[lucres</span> 
     </span>
    </p>
   </div>
   <div class='ocr_carea' id='block_1_6' title="bbox 305 897 3473 979">
    <p class='ocr_par' dir='ltr' id='par_1_6' title="bbox 305 897 3473 979">
     <span class='ocr_line' id='line_1_6' title="bbox 305 897 3473 979; baseline -0.003 -13"><span class='ocrx_word' id='word_1_58' title='bbox 305 910 539 978; x_wconf 73' lang='lat' dir='ltr'>Colligat</span> <span class='ocrx_word' id='word_1_59' title='bbox 566 925 726 964; x_wconf 88' lang='lat' dir='ltr'>arma</span> <span class='ocrx_word' id='word_1_60' title='bbox 753 910 877 976; x_wconf 86' lang='lat' dir='ltr'>cito,</span> <span class='ocrx_word' id='word_1_61' title='bbox 905 909 1164 979; x_wconf 74' lang='lat' dir='ltr'>patrique</span> <span class='ocrx_word' id='word_1_62' title='bbox 1191 906 1513 960; x_wconf 82' lang='lat' dir='ltr'>simillimus</span> <span class='ocrx_word' id='word_1_63' title='bbox 1542 905 1687 958; x_wconf 81' lang='lat' dir='ltr'>ultro</span> <span class='ocrx_word' id='word_1_64' title='bbox 2059 897 2280 969; x_wconf 75' lang='lat' dir='ltr'>Elapsus</span> <span class='ocrx_word' id='word_1_65' title='bbox 2311 898 2539 969; x_wconf 91' lang='lat' dir='ltr'>pennis,</span> <span class='ocrx_word' id='word_1_66' title='bbox 2565 915 2948 973; x_wconf 80' lang='lat' dir='ltr'>possessaque</span> <span class='ocrx_word' id='word_1_67' title='bbox 2977 900 3163 957; x_wconf 86' lang='lat' dir='ltr'>lustra</span> <span class='ocrx_word' id='word_1_68' title='bbox 3192 902 3473 975; x_wconf 82' lang='lat' dir='ltr'>relinquit</span> 
     </span>
    </p>
   </div>
   <div class='ocr_carea' id='block_1_7' title="bbox 304 987 3559 1069">
    <p class='ocr_par' dir='ltr' id='par_1_7' title="bbox 304 987 3559 1069">
     <span class='ocr_line' id='line_1_7' title="bbox 304 987 3559 1069; baseline -0.002 -14"><span class='ocrx_word' id='word_1_69' title='bbox 304 1001 573 1055; x_wconf 69' lang='lat' dir='ltr'>Exercens</span> <span class='ocrx_word' id='word_1_70' title='bbox 599 997 866 1065; x_wconf 83' lang='lat' dir='ltr'>studium,</span> <span class='ocrx_word' id='word_1_71' title='bbox 897 997 1044 1069; x_wconf 69' lang='lat' dir='ltr'>faxit</span> <span class='ocrx_word' id='word_1_72' title='bbox 1068 1012 1169 1067; x_wconf 83' lang='lat' dir='ltr'>per</span> <span class='ocrx_word' id='word_1_73' title='bbox 1199 995 1342 1050; x_wconf 87' lang='lat' dir='ltr'>bella</span> <span class='ocrx_word' id='word_1_74' title='bbox 1365 994 1653 1066; x_wconf 81' lang='lat' dir='ltr'>periclum.</span> <span class='ocrx_word' id='word_1_75' title='bbox 2062 987 2244 1042; x_wconf 85' lang='lat' dir='ltr'>Omne</span> <span class='ocrx_word' id='word_1_76' title='bbox 2274 1003 2473 1058; x_wconf 89' lang='lat' dir='ltr'>pecus.</span> <span class='ocrx_word' id='word_1_77' title='bbox 2504 987 2689 1044; x_wconf 89' lang='lat' dir='ltr'>Tanto</span> <span class='ocrx_word' id='word_1_78' title='bbox 2730 989 2923 1044; x_wconf 84' lang='lat' dir='ltr'>sonitu</span> <span class='ocrx_word' id='word_1_79' title='bbox 2966 989 3324 1062; x_wconf 80' lang='lat' dir='ltr'>glomeratur</span> <span class='ocrx_word' id='word_1_80' title='bbox 3350 992 3559 1047; x_wconf 90' lang='lat' dir='ltr'>utrim-</span> 
     </span>
    </p>
   </div>
   <div class='ocr_carea' id='block_1_8' title="bbox 188 1080 3491 1159">
    <p class='ocr_par' dir='ltr' id='par_1_8' title="bbox 188 1080 3491 1159">
     <span class='ocr_line' id='line_1_8' title="bbox 188 1080 3491 1159; baseline -0.003 -16"><span class='ocrx_word' id='word_1_81' title='bbox 188 1097 193 1101; x_wconf 73' lang='lat'><em>‘</em></span> <span class='ocrx_word' id='word_1_82' title='bbox 308 1086 557 1159; x_wconf 77' lang='lat' dir='ltr'>Percipit</span> <span class='ocrx_word' id='word_1_83' title='bbox 586 1086 710 1141; x_wconf 72' lang='lat' dir='ltr'>haec</span> <span class='ocrx_word' id='word_1_84' title='bbox 738 1084 943 1141; x_wconf 83' lang='lat' dir='ltr'>hilaris</span> <span class='ocrx_word' id='word_1_85' title='bbox 974 1088 1282 1156; x_wconf 80' lang='lat' dir='ltr'>postquam</span> <span class='ocrx_word' id='word_1_86' title='bbox 1313 1081 1592 1154; x_wconf 86' lang='lat' dir='ltr'>juvenilis</span> <span class='ocrx_word' id='word_1_87' title='bbox 1623 1080 1809 1135; x_wconf 87' lang='lat' dir='ltr'>alum-</span> <span class='ocrx_word' id='word_1_88' title='bbox 3357 1090 3491 1154; x_wconf 79' lang='lat' dir='ltr'>[que</span> 
     </span>
    </p>
   </div>
   <div class='ocr_carea' id='block_1_9' title="bbox 1595 1165 3562 1242">
    <p class='ocr_par' dir='ltr' id='par_1_9' title="bbox 1595 1165 3562 1242">
     <span class='ocr_line' id='line_1_9' title="bbox 1595 1165 3562 1242; baseline -0.001 -17"><span class='ocrx_word' id='word_1_89' title='bbox 1595 1170 1752 1242; x_wconf 87' lang='lat' dir='ltr'>[nus,</span> <span class='ocrx_word' id='word_1_90' title='bbox 1917 1165 2026 1220; x_wconf 84' lang='lat'>265</span> <span class='ocrx_word' id='word_1_91' title='bbox 2064 1169 2232 1220; x_wconf 82' lang='lat' dir='ltr'>Lecta</span> <span class='ocrx_word' id='word_1_92' title='bbox 2252 1182 2461 1221; x_wconf 88' lang='lat' dir='ltr'>manus</span> <span class='ocrx_word' id='word_1_93' title='bbox 2488 1165 2789 1235; x_wconf 82' lang='lat' dir='ltr'>comitum,</span> <span class='ocrx_word' id='word_1_94' title='bbox 2818 1167 3083 1240; x_wconf 86' lang='lat' dir='ltr'>disrupto</span> <span class='ocrx_word' id='word_1_95' title='bbox 3106 1172 3161 1223; x_wconf 90' lang='lat' dir='ltr'>et</span> <span class='ocrx_word' id='word_1_96' title='bbox 3180 1172 3414 1241; x_wconf 82' lang='lat' dir='ltr'>gutture</span> <span class='ocrx_word' id='word_1_97' title='bbox 3436 1186 3562 1224; x_wconf 90' lang='lat' dir='ltr'>mu-</span> 
     </span>
    </p>
   </div>
   <div class='ocr_carea' id='block_1_10' title="bbox 166 1259 3490 1335">
    <p class='ocr_par' dir='ltr' id='par_1_10' title="bbox 166 1259 3490 1335">
     <span class='ocr_line' id='line_1_10' title="bbox 166 1259 3490 1335; baseline -0.002 -14"><span class='ocrx_word' id='word_1_98' title='bbox 166 1266 278 1321; x_wconf 77' lang='grc'>230</span> <span class='ocrx_word' id='word_1_99' title='bbox 306 1263 586 1331; x_wconf 70' lang='grc' dir='ltr'>Ῥωσίἀίῐ,</span> <span class='ocrx_word' id='word_1_100' title='bbox 618 1267 679 1319; x_wconf 91' lang='lat' dir='ltr'>et</span> <span class='ocrx_word' id='word_1_101' title='bbox 708 1262 956 1335; x_wconf 82' lang='lat' dir='ltr'>supplex</span> <span class='ocrx_word' id='word_1_102' title='bbox 982 1262 1126 1334; x_wconf 89' lang='lat' dir='ltr'>regi,</span> <span class='ocrx_word' id='word_1_103' title='bbox 1158 1265 1467 1317; x_wconf 88' lang='lat' dir='ltr'>veneratur</span> <span class='ocrx_word' id='word_1_104' title='bbox 1495 1276 1773 1326; x_wconf 88' lang='lat' dir='ltr'>amorem,</span> <span class='ocrx_word' id='word_1_105' title='bbox 3347 1259 3490 1323; x_wconf 90' lang='lat' dir='ltr'>[tum</span> 
     </span>
    </p>
   </div>
   <div class='ocr_carea' id='block_1_11' title="bbox 310 1342 3467 1425">
    <p class='ocr_par' dir='ltr' id='par_1_11' title="bbox 310 1342 3467 1425">
     <span class='ocr_line' id='line_1_11' title="bbox 310 1342 3467 1425; baseline -0.002 -16"><span class='ocrx_word' id='word_1_106' title='bbox 310 1351 660 1421; x_wconf 77' lang='lat' dir='ltr'>Quotellus,</span> <span class='ocrx_word' id='word_1_107' title='bbox 693 1352 935 1425; x_wconf 84' lang='lat' dir='ltr'>pelagus</span> <span class='ocrx_word' id='word_1_108' title='bbox 968 1354 1203 1407; x_wconf 86' lang='lat' dir='ltr'>servant</span> <span class='ocrx_word' id='word_1_109' title='bbox 1240 1355 1415 1421; x_wconf 90' lang='lat' dir='ltr'>atque</span> <span class='ocrx_word' id='word_1_110' title='bbox 1458 1354 1618 1405; x_wconf 90' lang='lat' dir='ltr'>astra</span> <span class='ocrx_word' id='word_1_111' title='bbox 1645 1352 1813 1404; x_wconf 89' lang='lat' dir='ltr'>teno-</span> <span class='ocrx_word' id='word_1_112' title='bbox 2065 1342 2385 1399; x_wconf 87' lang='lat' dir='ltr'>Flebilibus</span> <span class='ocrx_word' id='word_1_113' title='bbox 2406 1344 2681 1415; x_wconf 88' lang='lat' dir='ltr'>juvenem</span> <span class='ocrx_word' id='word_1_114' title='bbox 2711 1346 2928 1403; x_wconf 89' lang='lat' dir='ltr'>vocitat</span> <span class='ocrx_word' id='word_1_115' title='bbox 2957 1345 3332 1404; x_wconf 88' lang='lat' dir='ltr'>clamoribus.</span> <span class='ocrx_word' id='word_1_116' title='bbox 3367 1347 3467 1403; x_wconf 89' lang='lat' dir='ltr'>Ille</span> 
     </span>
    </p>
   </div>
   <div class='ocr_carea' id='block_1_12' title="bbox 372 1431 3358 1508">
    <p class='ocr_par' dir='ltr' id='par_1_12' title="bbox 372 1431 3358 1508">
     <span class='ocr_line' id='line_1_12' title="bbox 372 1431 3358 1508; baseline 0.007 -35"><span class='ocrx_word' id='word_1_117' title='bbox 372 1472 375 1473; x_wconf 30' lang='grc' dir='ltr'><em>ν</em></span> <span class='ocrx_word' id='word_1_118' title='bbox 1574 1439 1739 1508; x_wconf 90' lang='lat' dir='ltr'>[rem,</span> <span class='ocrx_word' id='word_1_119' title='bbox 2064 1432 2281 1486; x_wconf 83' lang='lat' dir='ltr'>Nititur</span> <span class='ocrx_word' id='word_1_120' title='bbox 2308 1431 2511 1488; x_wconf 81' lang='lat' dir='ltr'>infelix</span> <span class='ocrx_word' id='word_1_121' title='bbox 2540 1433 2752 1490; x_wconf 89' lang='lat' dir='ltr'>fractas</span> <span class='ocrx_word' id='word_1_122' title='bbox 2783 1436 3037 1506; x_wconf 89' lang='lat' dir='ltr'>proferre</span> <span class='ocrx_word' id='word_1_123' title='bbox 3068 1435 3358 1508; x_wconf 86' lang='lat' dir='ltr'>loquelas;</span> 
     </span>
    </p>
   </div>
   <div class='ocr_carea' id='block_1_13' title="bbox 310 1521 3490 1602">
    <p class='ocr_par' dir='ltr' id='par_1_13' title="bbox 310 1521 3490 1602">
     <span class='ocr_line' id='line_1_13' title="bbox 310 1521 3490 1602; baseline -0.001 -18"><span class='ocrx_word' id='word_1_124' title='bbox 310 1529 395 1586; x_wconf 77' lang='lat' dir='ltr'>Ne</span> <span class='ocrx_word' id='word_1_125' title='bbox 424 1532 638 1602; x_wconf 87' lang='lat' dir='ltr'>pontus</span> <span class='ocrx_word' id='word_1_126' title='bbox 667 1528 907 1601; x_wconf 87' lang='lat' dir='ltr'>liquidis</span> <span class='ocrx_word' id='word_1_127' title='bbox 926 1545 1141 1584; x_wconf 79' lang='lat' dir='ltr'>arvum</span> <span class='ocrx_word' id='word_1_128' title='bbox 1174 1527 1470 1584; x_wconf 77' lang='lat' dir='ltr'>subvertet</span> <span class='ocrx_word' id='word_1_129' title='bbox 1498 1526 1744 1582; x_wconf 89' lang='lat' dir='ltr'>habenis</span> <span class='ocrx_word' id='word_1_130' title='bbox 2065 1521 2328 1576; x_wconf 88' lang='lat' dir='ltr'>Succidit</span> <span class='ocrx_word' id='word_1_131' title='bbox 2357 1521 2415 1578; x_wconf 93' lang='lat' dir='ltr'>in</span> <span class='ocrx_word' id='word_1_132' title='bbox 2445 1522 2654 1578; x_wconf 89' lang='lat' dir='ltr'>mediis</span> <span class='ocrx_word' id='word_1_133' title='bbox 2683 1525 2954 1595; x_wconf 89' lang='lat' dir='ltr'>equidem</span> <span class='ocrx_word' id='word_1_134' title='bbox 2984 1526 3292 1581; x_wconf 79' lang='lat' dir='ltr'>conatibus</span> <span class='ocrx_word' id='word_1_135' title='bbox 3321 1543 3490 1599; x_wconf 71' lang='lat' dir='ltr'>aeger,</span> 
     </span>
    </p>
   </div>
   <div class='ocr_carea' id='block_1_14' title="bbox 312 1609 3566 1691">
    <p class='ocr_par' dir='ltr' id='par_1_14' title="bbox 312 1609 3566 1691">
     <span class='ocr_line' id='line_1_14' title="bbox 312 1609 3566 1691; baseline -0.001 -17"><span class='ocrx_word' id='word_1_136' title='bbox 312 1620 428 1674; x_wconf 79' lang='lat' dir='ltr'>Aut</span> <span class='ocrx_word' id='word_1_137' title='bbox 456 1619 643 1691; x_wconf 86' lang='lat' dir='ltr'>ignita</span> <span class='ocrx_word' id='word_1_138' title='bbox 672 1617 790 1690; x_wconf 91' lang='lat' dir='ltr'>poli</span> <span class='ocrx_word' id='word_1_139' title='bbox 823 1621 1164 1689; x_wconf 88' lang='lat' dir='ltr'>mergantur</span> <span class='ocrx_word' id='word_1_140' title='bbox 1193 1616 1385 1672; x_wconf 89' lang='lat' dir='ltr'>sidera</span> <span class='ocrx_word' id='word_1_141' title='bbox 1414 1615 1689 1689; x_wconf 77' lang='lat' dir='ltr'>lymphis.</span> <span class='ocrx_word' id='word_1_142' title='bbox 2070 1609 2322 1667; x_wconf 87' lang='lat' dir='ltr'>Ulterius</span> <span class='ocrx_word' id='word_1_143' title='bbox 2351 1627 2455 1666; x_wconf 89' lang='lat' dir='ltr'>nec</span> <span class='ocrx_word' id='word_1_144' title='bbox 2501 1612 2703 1685; x_wconf 85' lang='lat' dir='ltr'>lingua</span> <span class='ocrx_word' id='word_1_145' title='bbox 2748 1612 2917 1683; x_wconf 85' lang='lat' dir='ltr'>valet,</span> <span class='ocrx_word' id='word_1_146' title='bbox 2951 1630 3056 1670; x_wconf 90' lang='lat' dir='ltr'>nec</span> <span class='ocrx_word' id='word_1_147' title='bbox 3086 1616 3259 1670; x_wconf 88' lang='lat' dir='ltr'>verba</span> <span class='ocrx_word' id='word_1_148' title='bbox 3307 1631 3566 1688; x_wconf 90' lang='lat' dir='ltr'>sequun-</span> 
     </span>
    </p>
   </div>
   <div class='ocr_carea' id='block_1_15' title="bbox 315 1703 3492 1779">
    <p class='ocr_par' dir='ltr' id='par_1_15' title="bbox 315 1703 3492 1779">
     <span class='ocr_line' id='line_1_15' title="bbox 315 1703 3492 1779; baseline -0.001 -17"><span class='ocrx_word' id='word_1_149' title='bbox 315 1707 462 1764; x_wconf 75' lang='lat' dir='ltr'>Hinc</span> <span class='ocrx_word' id='word_1_150' title='bbox 493 1722 783 1776; x_wconf 80' lang='lat' dir='ltr'>remeans,</span> <span class='ocrx_word' id='word_1_151' title='bbox 806 1705 1010 1778; x_wconf 84' lang='lat' dir='ltr'>juveni</span> <span class='ocrx_word' id='word_1_152' title='bbox 1040 1705 1223 1761; x_wconf 83' lang='lat' dir='ltr'>defert</span> <span class='ocrx_word' id='word_1_153' title='bbox 1251 1722 1357 1761; x_wconf 89' lang='lat' dir='ltr'>sua</span> <span class='ocrx_word' id='word_1_154' title='bbox 1387 1705 1592 1760; x_wconf 87' lang='lat' dir='ltr'>nuntia</span> <span class='ocrx_word' id='word_1_155' title='bbox 1620 1703 1755 1770; x_wconf 78' lang='lat' dir='ltr'>voti,</span> <span class='ocrx_word' id='word_1_156' title='bbox 1874 1770 1877 1773; x_wconf 22' lang='grc' dir='ltr'><strong><em>ν</em></strong></span> <span class='ocrx_word' id='word_1_157' title='bbox 3211 1710 3330 1779; x_wconf 75' lang='lat' dir='ltr'>[tur</span> <span class='ocrx_word' id='word_1_158' title='bbox 3359 1705 3492 1777; x_wconf 89' lang='lat'>(97).</span> 
     </span>
    </p>
   </div>
   <div class='ocr_carea' id='block_1_16' title="bbox 156 1786 3567 1864">
    <p class='ocr_par' dir='ltr' id='par_1_16' title="bbox 156 1786 3567 1864">
     <span class='ocr_line' id='line_1_16' title="bbox 156 1786 3567 1864; baseline -0.001 -11"><span class='ocrx_word' id='word_1_159' title='bbox 156 1796 282 1853; x_wconf 20' lang='lat' dir='ltr'>e235</span> <span class='ocrx_word' id='word_1_160' title='bbox 317 1796 531 1853; x_wconf 79' lang='lat' dir='ltr'>Ordine</span> <span class='ocrx_word' id='word_1_161' title='bbox 569 1798 779 1851; x_wconf 89' lang='lat' dir='ltr'>cuncta</span> <span class='ocrx_word' id='word_1_162' title='bbox 826 1810 1095 1850; x_wconf 89' lang='lat' dir='ltr'>monens.</span> <span class='ocrx_word' id='word_1_163' title='bbox 1128 1792 1386 1848; x_wconf 87' lang='lat' dir='ltr'>Tandem</span> <span class='ocrx_word' id='word_1_164' title='bbox 1417 1809 1514 1848; x_wconf 86' lang='lat' dir='ltr'>rex</span> <span class='ocrx_word' id='word_1_165' title='bbox 1559 1792 1818 1864; x_wconf 86' lang='lat' dir='ltr'>optimus</span> <span class='ocrx_word' id='word_1_166' title='bbox 1924 1786 2034 1843; x_wconf 87' lang='lat'>270</span> <span class='ocrx_word' id='word_1_167' title='bbox 2072 1788 2233 1843; x_wconf 88' lang='lat' dir='ltr'>Haud</span> <span class='ocrx_word' id='word_1_168' title='bbox 2268 1790 2379 1859; x_wconf 87' lang='lat'>(98)</span> <span class='ocrx_word' id='word_1_169' title='bbox 2401 1806 2608 1862; x_wconf 83' lang='lat' dir='ltr'>segnes</span> <span class='ocrx_word' id='word_1_170' title='bbox 2630 1791 2768 1846; x_wconf 89' lang='lat' dir='ltr'>socii</span> <span class='ocrx_word' id='word_1_171' title='bbox 2798 1795 2985 1848; x_wconf 87' lang='lat' dir='ltr'>crates</span> <span class='ocrx_word' id='word_1_172' title='bbox 3011 1797 3068 1848; x_wconf 88' lang='lat' dir='ltr'>et</span> <span class='ocrx_word' id='word_1_173' title='bbox 3092 1792 3268 1849; x_wconf 90' lang='lat' dir='ltr'>molle</span> <span class='ocrx_word' id='word_1_174' title='bbox 3293 1794 3567 1850; x_wconf 85' lang='lat' dir='ltr'>feretrum</span> 
     </span>
    </p>
   </div>
   <div class='ocr_carea' id='block_1_17' title="bbox 375 1878 3392 1978">
    <p class='ocr_par' dir='ltr' id='par_1_17' title="bbox 375 1878 3392 1978">
     <span class='ocr_line' id='line_1_17' title="bbox 375 1878 3392 1978; baseline 0.001 -43"><span class='ocrx_word' id='word_1_175' title='bbox 375 1899 381 1904; x_wconf 76' lang='grc'><strong>’</strong></span> <span class='ocrx_word' id='word_1_176' title='bbox 1551 1884 1750 1953; x_wconf 72' lang='lat' dir='ltr'>[atque</span> <span class='ocrx_word' id='word_1_177' title='bbox 1849 1913 1897 1978; x_wconf 80' lang='grc' dir='ltr'>Β</span> <span class='ocrx_word' id='word_1_178' title='bbox 2066 1878 2339 1978; x_wconf 35' lang='lat' dir='ltr'>arbuteis</span> <span class='ocrx_word' id='word_1_179' title='bbox 2368 1883 2570 1935; x_wconf 85' lang='lat' dir='ltr'>texunt</span> <span class='ocrx_word' id='word_1_180' title='bbox 2597 1880 2776 1954; x_wconf 87' lang='lat' dir='ltr'>virgis</span> <span class='ocrx_word' id='word_1_181' title='bbox 2807 1898 2873 1937; x_wconf 91' lang='lat' dir='ltr'>ac</span> <span class='ocrx_word' id='word_1_182' title='bbox 2903 1882 3118 1937; x_wconf 89' lang='lat' dir='ltr'>vimine</span> <span class='ocrx_word' id='word_1_183' title='bbox 3149 1898 3392 1954; x_wconf 89' lang='lat' dir='ltr'>querno,</span> 
     </span>
    </p>
   </div>
   <div class='ocr_carea' id='block_1_18' title="bbox 318 1967 3571 2045">
    <p class='ocr_par' dir='ltr' id='par_1_18' title="bbox 318 1967 3571 2045">
     <span class='ocr_line' id='line_1_18' title="bbox 318 1967 3571 2045; baseline -0.001 -15"><span class='ocrx_word' id='word_1_184' title='bbox 318 1974 665 2030; x_wconf 83' lang='lat' dir='ltr'>Lambertus</span> <span class='ocrx_word' id='word_1_185' title='bbox 694 1974 1025 2045; x_wconf 88' lang='lat' dir='ltr'>properant,</span> <span class='ocrx_word' id='word_1_186' title='bbox 1056 1970 1156 2026; x_wconf 91' lang='lat' dir='ltr'>ubi</span> <span class='ocrx_word' id='word_1_187' title='bbox 1187 1969 1394 2025; x_wconf 86' lang='lat' dir='ltr'>fertilis</span> <span class='ocrx_word' id='word_1_188' title='bbox 1427 1970 1585 2025; x_wconf 88' lang='lat' dir='ltr'>unda</span> <span class='ocrx_word' id='word_1_189' title='bbox 1611 1970 1815 2026; x_wconf 91' lang='lat' dir='ltr'>Ticini.</span> <span class='ocrx_word' id='word_1_190' title='bbox 1853 1967 1895 1978; x_wconf 71' lang='lat'><strong>&quot;</strong></span> <span class='ocrx_word' id='word_1_191' title='bbox 2072 1967 2523 2039; x_wconf 85' lang='lat' dir='ltr'>Exstructosque</span> <span class='ocrx_word' id='word_1_192' title='bbox 2540 1972 2697 2024; x_wconf 89' lang='lat' dir='ltr'>toros</span> <span class='ocrx_word' id='word_1_193' title='bbox 2714 1970 2955 2025; x_wconf 88' lang='lat' dir='ltr'>obtentu</span> <span class='ocrx_word' id='word_1_194' title='bbox 2974 1971 3571 2027; x_wconf 87' lang='lat' dir='ltr'>frondisinumbrant.</span> 
     </span>
    </p>
   </div>
   <div class='ocr_carea' id='block_1_19' title="bbox 316 2055 3578 2135">
    <p class='ocr_par' dir='ltr' id='par_1_19' title="bbox 316 2055 3578 2135">
     <span class='ocr_line' id='line_1_19' title="bbox 316 2055 3578 2135; baseline -0 -17"><span class='ocrx_word' id='word_1_195' title='bbox 316 2061 498 2118; x_wconf 75' lang='lat' dir='ltr'>Alluit</span> <span class='ocrx_word' id='word_1_196' title='bbox 527 2062 819 2135; x_wconf 85' lang='lat' dir='ltr'>egregiam</span> <span class='ocrx_word' id='word_1_197' title='bbox 852 2059 1011 2114; x_wconf 85' lang='lat' dir='ltr'>ﬂuvii</span> <span class='ocrx_word' id='word_1_198' title='bbox 1042 2058 1388 2130; x_wconf 88' lang='lat' dir='ltr'>cognomine</span> <span class='ocrx_word' id='word_1_199' title='bbox 1419 2059 1633 2114; x_wconf 89' lang='lat' dir='ltr'>dictam</span> <span class='ocrx_word' id='word_1_200' title='bbox 2075 2055 2176 2110; x_wconf 89' lang='lat' dir='ltr'>Hic</span> <span class='ocrx_word' id='word_1_201' title='bbox 2199 2057 2477 2127; x_wconf 88' lang='lat' dir='ltr'>juvenem</span> <span class='ocrx_word' id='word_1_202' title='bbox 2506 2058 2720 2129; x_wconf 90' lang='lat' dir='ltr'>agresti</span> <span class='ocrx_word' id='word_1_203' title='bbox 2743 2058 3057 2115; x_wconf 89' lang='lat' dir='ltr'>sublimem</span> <span class='ocrx_word' id='word_1_204' title='bbox 3091 2059 3148 2114; x_wconf 91' lang='lat' dir='ltr'>in</span> <span class='ocrx_word' id='word_1_205' title='bbox 3172 2060 3454 2117; x_wconf 83' lang='lat' dir='ltr'>stramine</span> <span class='ocrx_word' id='word_1_206' title='bbox 3482 2078 3578 2134; x_wconf 88' lang='lat' dir='ltr'>po-</span> 
     </span>
    </p>
   </div>
   <div class='ocr_carea' id='block_1_20' title="bbox 317 2147 3501 2222">
    <p class='ocr_par' dir='ltr' id='par_1_20' title="bbox 317 2147 3501 2222">
     <span class='ocr_line' id='line_1_20' title="bbox 317 2147 3501 2222; baseline -0 -15"><span class='ocrx_word' id='word_1_207' title='bbox 317 2151 555 2220; x_wconf 70' lang='lat' dir='ltr'>Urbem,</span> <span class='ocrx_word' id='word_1_208' title='bbox 589 2150 650 2205; x_wconf 91' lang='lat' dir='ltr'>in</span> <span class='ocrx_word' id='word_1_209' title='bbox 681 2166 799 2222; x_wconf 84' lang='lat' dir='ltr'>qua</span> <span class='ocrx_word' id='word_1_210' title='bbox 824 2148 981 2205; x_wconf 82' lang='lat' dir='ltr'>soliti</span> <span class='ocrx_word' id='word_1_211' title='bbox 1008 2163 1207 2220; x_wconf 87' lang='lat' dir='ltr'>regem</span> <span class='ocrx_word' id='word_1_212' title='bbox 1238 2152 1499 2220; x_wconf 88' lang='lat' dir='ltr'>spectare</span> <span class='ocrx_word' id='word_1_213' title='bbox 1530 2147 1740 2219; x_wconf 87' lang='lat' dir='ltr'>Latini,</span> <span class='ocrx_word' id='word_1_214' title='bbox 3312 2152 3501 2221; x_wconf 89' lang='lat' dir='ltr'>[nunt.</span> 
     </span>
    </p>
   </div>
   <div class='ocr_carea' id='block_1_21' title="bbox 297 2233 3444 2311">
    <p class='ocr_par' dir='ltr' id='par_1_21' title="bbox 297 2233 3444 2311">
     <span class='ocr_line' id='line_1_21' title="bbox 297 2233 3444 2311; baseline 0 -16"><span class='ocrx_word' id='word_1_215' title='bbox 297 2239 521 2295; x_wconf 76' lang='lat' dir='ltr'>Mutua</span> <span class='ocrx_word' id='word_1_216' title='bbox 544 2238 724 2294; x_wconf 81' lang='lat' dir='ltr'>verba</span> <span class='ocrx_word' id='word_1_217' title='bbox 753 2242 975 2306; x_wconf 88' lang='lat' dir='ltr'>serunt,</span> <span class='ocrx_word' id='word_1_218' title='bbox 1008 2239 1316 2309; x_wconf 80' lang='lat' dir='ltr'>postquam</span> <span class='ocrx_word' id='word_1_219' title='bbox 1348 2236 1635 2308; x_wconf 85' lang='lat' dir='ltr'>promittit</span> <span class='ocrx_word' id='word_1_220' title='bbox 1664 2242 1819 2293; x_wconf 89' lang='lat' dir='ltr'>uter-</span> <span class='ocrx_word' id='word_1_221' title='bbox 2075 2233 2317 2300; x_wconf 89' lang='lat' dir='ltr'>Qualem</span> <span class='ocrx_word' id='word_1_222' title='bbox 2349 2235 2607 2308; x_wconf 89' lang='lat' dir='ltr'>virgineo</span> <span class='ocrx_word' id='word_1_223' title='bbox 2639 2237 2974 2293; x_wconf 89' lang='lat' dir='ltr'>demessum</span> <span class='ocrx_word' id='word_1_224' title='bbox 3004 2237 3211 2311; x_wconf 89' lang='lat' dir='ltr'>pollice</span> <span class='ocrx_word' id='word_1_225' title='bbox 3242 2239 3444 2296; x_wconf 89' lang='lat' dir='ltr'>ﬂorem</span> 
     </span>
    </p>
   </div>
   <div class='ocr_carea' id='block_1_22' title="bbox 1617 2323 3454 2400">
    <p class='ocr_par' dir='ltr' id='par_1_22' title="bbox 1617 2323 3454 2400">
     <span class='ocr_line' id='line_1_22' title="bbox 1617 2323 3454 2400; baseline 0.001 -18"><span class='ocrx_word' id='word_1_226' title='bbox 1617 2327 1754 2398; x_wconf 76' lang='lat' dir='ltr'>Lque</span> <span class='ocrx_word' id='word_1_227' title='bbox 1930 2323 2040 2377; x_wconf 87' lang='lat'>275</span> <span class='ocrx_word' id='word_1_228' title='bbox 2077 2323 2188 2378; x_wconf 89' lang='lat' dir='ltr'>Seu</span> <span class='ocrx_word' id='word_1_229' title='bbox 2224 2323 2417 2378; x_wconf 90' lang='lat' dir='ltr'>mollis</span> <span class='ocrx_word' id='word_1_230' title='bbox 2447 2323 2608 2380; x_wconf 72' lang='lat' dir='ltr'>violae</span> <span class='ocrx_word' id='word_1_231' title='bbox 2637 2342 2738 2382; x_wconf 90' lang='lat' dir='ltr'>seu</span> <span class='ocrx_word' id='word_1_232' title='bbox 2770 2325 3103 2399; x_wconf 86' lang='lat' dir='ltr'>languentis</span> <span class='ocrx_word' id='word_1_233' title='bbox 3136 2327 3454 2400; x_wconf 86' lang='lat' dir='ltr'>hyacinthi,</span> 
     </span>
    </p>
   </div>
   <div class='ocr_carea' id='block_1_23' title="bbox 177 2411 3580 2487">
    <p class='ocr_par' dir='ltr' id='par_1_23' title="bbox 177 2411 3580 2487">
     <span class='ocr_line' id='line_1_23' title="bbox 177 2411 3580 2487; baseline -0.001 -12"><span class='ocrx_word' id='word_1_234' title='bbox 177 2417 667 2475; x_wconf 73' lang='lat' dir='ltr'>240&#39;Msnsurum</span> <span class='ocrx_word' id='word_1_235' title='bbox 712 2416 921 2483; x_wconf 78' lang='lat' dir='ltr'>fmdus,</span> <span class='ocrx_word' id='word_1_236' title='bbox 953 2414 1138 2471; x_wconf 90' lang='lat' dir='ltr'>roseis</span> <span class='ocrx_word' id='word_1_237' title='bbox 1184 2414 1327 2469; x_wconf 88' lang='lat' dir='ltr'>dum</span> <span class='ocrx_word' id='word_1_238' title='bbox 1373 2419 1536 2471; x_wconf 85' lang='lat' dir='ltr'>vecta</span> <span class='ocrx_word' id='word_1_239' title='bbox 1582 2415 1824 2487; x_wconf 88' lang='lat' dir='ltr'>quadri-</span> <span class='ocrx_word' id='word_1_240' title='bbox 2075 2411 2177 2467; x_wconf 89' lang='lat' dir='ltr'>Cui</span> <span class='ocrx_word' id='word_1_241' title='bbox 2211 2428 2398 2484; x_wconf 90' lang='lat' dir='ltr'>neque</span> <span class='ocrx_word' id='word_1_242' title='bbox 2430 2412 2621 2486; x_wconf 89' lang='lat' dir='ltr'>fulgor</span> <span class='ocrx_word' id='word_1_243' title='bbox 2644 2414 2834 2471; x_wconf 87' lang='lat' dir='ltr'>adhuc</span> <span class='ocrx_word' id='word_1_244' title='bbox 2866 2416 3117 2472; x_wconf 90' lang='lat' dir='ltr'>necdum</span> <span class='ocrx_word' id='word_1_245' title='bbox 3145 2434 3253 2473; x_wconf 86' lang='lat' dir='ltr'>sua</span> <span class='ocrx_word' id='word_1_246' title='bbox 3281 2417 3468 2473; x_wconf 87' lang='lat' dir='ltr'>forma</span> <span class='ocrx_word' id='word_1_247' title='bbox 3497 2434 3580 2473; x_wconf 90' lang='lat' dir='ltr'>re-</span> 
     </span>
    </p>
   </div>
   <div class='ocr_carea' id='block_1_24' title="bbox 1491 2505 3502 2577">
    <p class='ocr_par' dir='ltr' id='par_1_24' title="bbox 1491 2505 3502 2577">
     <span class='ocr_line' id='line_1_24' title="bbox 1491 2505 3502 2577; baseline 0.001 -19"><span class='ocrx_word' id='word_1_248' title='bbox 1491 2505 1604 2577; x_wconf 88' lang='lat' dir='ltr'>[gis</span> <span class='ocrx_word' id='word_1_249' title='bbox 1641 2505 1753 2576; x_wconf 90' lang='lat'>(95)</span> <span class='ocrx_word' id='word_1_250' title='bbox 3287 2510 3306 2574; x_wconf 73' lang='grc' dir='ltr'>Γ</span> <span class='ocrx_word' id='word_1_251' title='bbox 3309 2507 3502 2563; x_wconf 82' lang='lat' dir='ltr'>cessit.</span> 
     </span>
    </p>
   </div>
   <div class='ocr_carea' id='block_1_25' title="bbox 322 2591 3549 2667">
    <p class='ocr_par' dir='ltr' id='par_1_25' title="bbox 322 2591 3549 2667">
     <span class='ocr_line' id='line_1_25' title="bbox 322 2591 3549 2667; baseline -0 -16"><span class='ocrx_word' id='word_1_252' title='bbox 322 2594 627 2652; x_wconf 83' lang='lat' dir='ltr'>Fluctibus</span> <span class='ocrx_word' id='word_1_253' title='bbox 655 2593 865 2650; x_wconf 85' lang='lat' dir='ltr'>Oceani</span> <span class='ocrx_word' id='word_1_254' title='bbox 902 2593 1273 2666; x_wconf 87' lang='lat' dir='ltr'>perfunditur</span> <span class='ocrx_word' id='word_1_255' title='bbox 1311 2593 1500 2649; x_wconf 88' lang='lat' dir='ltr'>orbita</span> <span class='ocrx_word' id='word_1_256' title='bbox 1529 2593 1752 2659; x_wconf 85' lang='lat' dir='ltr'>Phoebi,</span> <span class='ocrx_word' id='word_1_257' title='bbox 2077 2591 2201 2645; x_wconf 91' lang='lat' dir='ltr'>Non</span> <span class='ocrx_word' id='word_1_258' title='bbox 2225 2592 2353 2662; x_wconf 91' lang='lat' dir='ltr'>jam</span> <span class='ocrx_word' id='word_1_259' title='bbox 2384 2596 2571 2648; x_wconf 90' lang='lat' dir='ltr'>mater</span> <span class='ocrx_word' id='word_1_260' title='bbox 2601 2591 2705 2648; x_wconf 82' lang='lat' dir='ltr'>alit</span> <span class='ocrx_word' id='word_1_261' title='bbox 2734 2593 2909 2650; x_wconf 88' lang='lat' dir='ltr'>tellus</span> <span class='ocrx_word' id='word_1_262' title='bbox 2935 2594 3203 2667; x_wconf 86' lang='lat' dir='ltr'>viresque</span> <span class='ocrx_word' id='word_1_263' title='bbox 3232 2595 3549 2651; x_wconf 90' lang='lat' dir='ltr'>ministrat.</span> 
     </span>
    </p>
   </div>
   <div class='ocr_carea' id='block_1_26' title="bbox 321 2680 3577 2757">
    <p class='ocr_par' dir='ltr' id='par_1_26' title="bbox 321 2680 3577 2757">
     <span class='ocr_line' id='line_1_26' title="bbox 321 2680 3577 2757; baseline -0 -17"><span class='ocrx_word' id='word_1_264' title='bbox 321 2686 437 2740; x_wconf 87' lang='lat' dir='ltr'>Aut</span> <span class='ocrx_word' id='word_1_265' title='bbox 461 2682 638 2740; x_wconf 83' lang='lat' dir='ltr'>tellus</span> <span class='ocrx_word' id='word_1_266' title='bbox 664 2683 911 2738; x_wconf 89' lang='lat' dir='ltr'>immota</span> <span class='ocrx_word' id='word_1_267' title='bbox 938 2687 1155 2751; x_wconf 84' lang='lat' dir='ltr'>manet,</span> <span class='ocrx_word' id='word_1_268' title='bbox 1187 2699 1293 2738; x_wconf 89' lang='lat' dir='ltr'>nec</span> <span class='ocrx_word' id='word_1_269' title='bbox 1331 2682 1585 2750; x_wconf 87' lang='lat' dir='ltr'>pondere</span> <span class='ocrx_word' id='word_1_270' title='bbox 1615 2683 1787 2750; x_wconf 86' lang='lat' dir='ltr'>cedit,</span> <span class='ocrx_word' id='word_1_271' title='bbox 2075 2680 2313 2737; x_wconf 89' lang='lat' dir='ltr'>Talibus</span> <span class='ocrx_word' id='word_1_272' title='bbox 2347 2686 2651 2754; x_wconf 81' lang='lat' dir='ltr'>expostum</span> <span class='ocrx_word' id='word_1_273' title='bbox 2679 2683 2891 2738; x_wconf 86' lang='lat' dir='ltr'>studiis</span> <span class='ocrx_word' id='word_1_274' title='bbox 2916 2684 2989 2738; x_wconf 89' lang='lat' dir='ltr'>ad</span> <span class='ocrx_word' id='word_1_275' title='bbox 3013 2684 3233 2756; x_wconf 88' lang='lat' dir='ltr'>templa</span> <span class='ocrx_word' id='word_1_276' title='bbox 3262 2688 3577 2757; x_wconf 87' lang='lat' dir='ltr'>reportant,</span> 
     </span>
    </p>
   </div>
   <div class='ocr_carea' id='block_1_27' title="bbox 323 2771 3577 2847">
    <p class='ocr_par' dir='ltr' id='par_1_27' title="bbox 323 2771 3577 2847">
     <span class='ocr_line' id='line_1_27' title="bbox 323 2771 3577 2847; baseline -0.001 -16"><span class='ocrx_word' id='word_1_277' title='bbox 323 2772 593 2845; x_wconf 82' lang='lat' dir='ltr'>Undique</span> <span class='ocrx_word' id='word_1_278' title='bbox 622 2772 827 2846; x_wconf 87' lang='lat' dir='ltr'>pulcra</span> <span class='ocrx_word' id='word_1_279' title='bbox 866 2776 1038 2829; x_wconf 88' lang='lat' dir='ltr'>tuens</span> <span class='ocrx_word' id='word_1_280' title='bbox 1080 2775 1399 2828; x_wconf 85' lang='lat' dir='ltr'>vertentem</span> <span class='ocrx_word' id='word_1_281' title='bbox 1433 2772 1623 2828; x_wconf 88' lang='lat' dir='ltr'>sidera</span> <span class='ocrx_word' id='word_1_282' title='bbox 1654 2789 1825 2828; x_wconf 92' lang='lat' dir='ltr'>mun-</span> <span class='ocrx_word' id='word_1_283' title='bbox 2086 2771 2157 2828; x_wconf 87' lang='lat' dir='ltr'>Ut</span> <span class='ocrx_word' id='word_1_284' title='bbox 2186 2771 2442 2826; x_wconf 88' lang='lat' dir='ltr'>condant</span> <span class='ocrx_word' id='word_1_285' title='bbox 2469 2771 2646 2842; x_wconf 90' lang='lat' dir='ltr'>digno</span> <span class='ocrx_word' id='word_1_286' title='bbox 2681 2771 2961 2842; x_wconf 81' lang='lat' dir='ltr'>juvenilia</span> <span class='ocrx_word' id='word_1_287' title='bbox 2997 2774 3262 2829; x_wconf 87' lang='lat' dir='ltr'>membra</span> <span class='ocrx_word' id='word_1_288' title='bbox 3290 2773 3577 2847; x_wconf 89' lang='lat' dir='ltr'>sepulcro.</span> 
     </span>
    </p>
   </div>
   <div class='ocr_carea' id='block_1_28' title="bbox 1570 2859 3334 2933">
    <p class='ocr_par' dir='ltr' id='par_1_28' title="bbox 1570 2859 3334 2933">
     <span class='ocr_line' id='line_1_28' title="bbox 1570 2859 3334 2933; baseline 0 -17"><span class='ocrx_word' id='word_1_289' title='bbox 1570 2862 1754 2930; x_wconf 91' lang='lat' dir='ltr'>[dum,</span> <span class='ocrx_word' id='word_1_290' title='bbox 1935 2861 2042 2915; x_wconf 86' lang='lat'>280</span> <span class='ocrx_word' id='word_1_291' title='bbox 2080 2859 2185 2916; x_wconf 87' lang='lat' dir='ltr'>Hic</span> <span class='ocrx_word' id='word_1_292' title='bbox 2214 2859 2315 2914; x_wconf 91' lang='lat' dir='ltr'>ubi</span> <span class='ocrx_word' id='word_1_293' title='bbox 2344 2859 2603 2916; x_wconf 89' lang='lat' dir='ltr'>ductoris</span> <span class='ocrx_word' id='word_1_294' title='bbox 2634 2860 2878 2933; x_wconf 88' lang='lat' dir='ltr'>replevit</span> <span class='ocrx_word' id='word_1_295' title='bbox 2904 2860 3151 2917; x_wconf 89' lang='lat' dir='ltr'>nuntius</span> <span class='ocrx_word' id='word_1_296' title='bbox 3176 2861 3334 2917; x_wconf 88' lang='lat' dir='ltr'>auris</span> 
     </span>
    </p>
   </div>
   <div class='ocr_carea' id='block_1_29' title="bbox 318 2949 3513 3023">
    <p class='ocr_par' dir='ltr' id='par_1_29' title="bbox 318 2949 3513 3023">
     <span class='ocr_line' id='line_1_29' title="bbox 318 2949 3513 3023; baseline 0 -17"><span class='ocrx_word' id='word_1_297' title='bbox 318 2951 383 3006; x_wconf 79' lang='lat' dir='ltr'>Si</span> <span class='ocrx_word' id='word_1_298' title='bbox 409 2953 499 3007; x_wconf 86' lang='lat' dir='ltr'>tot</span> <span class='ocrx_word' id='word_1_299' title='bbox 523 2949 644 3007; x_wconf 89' lang='lat' dir='ltr'>vita</span> <span class='ocrx_word' id='word_1_300' title='bbox 669 2949 862 3006; x_wconf 88' lang='lat' dir='ltr'>virum</span> <span class='ocrx_word' id='word_1_301' title='bbox 894 2956 1092 3023; x_wconf 84' lang='lat' dir='ltr'>posset</span> <span class='ocrx_word' id='word_1_302' title='bbox 1121 2950 1333 3006; x_wconf 88' lang='lat' dir='ltr'>durare</span> <span class='ocrx_word' id='word_1_303' title='bbox 1362 2967 1466 3023; x_wconf 88' lang='lat' dir='ltr'>per</span> <span class='ocrx_word' id='word_1_304' title='bbox 1496 2967 1701 3007; x_wconf 89' lang='lat' dir='ltr'>annos.</span> <span class='ocrx_word' id='word_1_305' title='bbox 2082 2949 2404 3023; x_wconf 87' lang='lat' dir='ltr'>Brengarii,</span> <span class='ocrx_word' id='word_1_306' title='bbox 2435 2949 2683 3006; x_wconf 86' lang='lat' dir='ltr'>Widone</span> <span class='ocrx_word' id='word_1_307' title='bbox 2713 2953 2908 3006; x_wconf 88' lang='lat' dir='ltr'>satum</span> <span class='ocrx_word' id='word_1_308' title='bbox 2940 2950 3219 3007; x_wconf 89' lang='lat' dir='ltr'>cecidisse</span> <span class='ocrx_word' id='word_1_309' title='bbox 3249 2955 3513 3007; x_wconf 88' lang='lat' dir='ltr'>coactum</span> 
     </span>
    </p>
   </div>
   <div class='ocr_carea' id='block_1_30' title="bbox 178 3038 3581 3113">
    <p class='ocr_par' dir='ltr' id='par_1_30' title="bbox 178 3038 3581 3113">
     <span class='ocr_line' id='line_1_30' title="bbox 178 3038 3581 3113; baseline -0 -16"><span class='ocrx_word' id='word_1_310' title='bbox 178 3041 291 3097; x_wconf 66' lang='grc'>245</span> <span class='ocrx_word' id='word_1_311' title='bbox 324 3040 371 3097; x_wconf 83' lang='grc'>0</span> <span class='ocrx_word' id='word_1_312' title='bbox 391 3038 668 3112; x_wconf 80' lang='lat' dir='ltr'>juvenale</span> <span class='ocrx_word' id='word_1_313' title='bbox 695 3040 896 3106; x_wconf 86' lang='lat' dir='ltr'>decus,</span> <span class='ocrx_word' id='word_1_314' title='bbox 925 3039 973 3095; x_wconf 89' lang='lat' dir='ltr'>si</span> <span class='ocrx_word' id='word_1_315' title='bbox 1004 3055 1171 3095; x_wconf 86' lang='lat' dir='ltr'>mens</span> <span class='ocrx_word' id='word_1_316' title='bbox 1202 3054 1318 3095; x_wconf 91' lang='lat' dir='ltr'>non</span> <span class='ocrx_word' id='word_1_317' title='bbox 1348 3039 1490 3095; x_wconf 67' lang='lat' dir='ltr'>laeva</span> <span class='ocrx_word' id='word_1_318' title='bbox 1517 3040 1755 3096; x_wconf 80' lang='lat' dir='ltr'>luisset!</span> <span class='ocrx_word' id='word_1_319' title='bbox 2079 3038 2422 3111; x_wconf 86' lang='lat' dir='ltr'>Cornipedis</span> <span class='ocrx_word' id='word_1_320' title='bbox 2452 3042 2634 3111; x_wconf 87' lang='lat' dir='ltr'>tergo,</span> <span class='ocrx_word' id='word_1_321' title='bbox 2666 3038 2847 3095; x_wconf 89' lang='lat' dir='ltr'>trahit</span> <span class='ocrx_word' id='word_1_322' title='bbox 2874 3040 2981 3096; x_wconf 87' lang='lat' dir='ltr'>has</span> <span class='ocrx_word' id='word_1_323' title='bbox 3011 3039 3082 3096; x_wconf 91' lang='lat' dir='ltr'>de</span> <span class='ocrx_word' id='word_1_324' title='bbox 3112 3045 3341 3113; x_wconf 90' lang='lat' dir='ltr'>pectore</span> <span class='ocrx_word' id='word_1_325' title='bbox 3365 3057 3534 3097; x_wconf 88' lang='lat' dir='ltr'>voces</span> <span class='ocrx_word' id='word_1_326' title='bbox 3568 3058 3581 3096; x_wconf 88' lang='lat'><strong>:</strong></span> 
     </span>
    </p>
   </div>
   <div class='ocr_carea' id='block_1_31' title="bbox 315 3126 3516 3202">
    <p class='ocr_par' dir='ltr' id='par_1_31' title="bbox 315 3126 3516 3202">
     <span class='ocr_line' id='line_1_31' title="bbox 315 3126 3516 3202; baseline 0 -16"><span class='ocrx_word' id='word_1_327' title='bbox 315 3129 489 3202; x_wconf 65' lang='lat' dir='ltr'>Saepe</span> <span class='ocrx_word' id='word_1_328' title='bbox 518 3128 688 3184; x_wconf 85' lang='lat' dir='ltr'>datas</span> <span class='ocrx_word' id='word_1_329' title='bbox 716 3126 895 3185; x_wconf 80' lang='lat' dir='ltr'>velvit</span> <span class='ocrx_word' id='word_1_330' title='bbox 919 3129 1081 3200; x_wconf 86' lang='lat' dir='ltr'>pacis</span> <span class='ocrx_word' id='word_1_331' title='bbox 1110 3127 1441 3184; x_wconf 88' lang='lat' dir='ltr'>rescindere</span> <span class='ocrx_word' id='word_1_332' title='bbox 1471 3129 1702 3185; x_wconf 81' lang='lat' dir='ltr'>dextras</span> <span class='ocrx_word' id='word_1_333' title='bbox 2084 3134 2205 3184; x_wconf 85' lang='lat' dir='ltr'>Heu</span> <span class='ocrx_word' id='word_1_334' title='bbox 2230 3131 2425 3184; x_wconf 86' lang='lat' dir='ltr'>mortis</span> <span class='ocrx_word' id='word_1_335' title='bbox 2451 3129 2743 3184; x_wconf 80' lang='lat' dir='ltr'>metuenda</span> <span class='ocrx_word' id='word_1_336' title='bbox 2775 3132 2908 3197; x_wconf 82' lang='lat' dir='ltr'>lues,</span> <span class='ocrx_word' id='word_1_337' title='bbox 2931 3144 3056 3202; x_wconf 72' lang='lat' dir='ltr'>quae</span> <span class='ocrx_word' id='word_1_338' title='bbox 3082 3129 3331 3185; x_wconf 80' lang='lat' dir='ltr'>dulcibus</span> <span class='ocrx_word' id='word_1_339' title='bbox 3353 3133 3516 3187; x_wconf 84' lang='lat' dir='ltr'>annis</span> 
     </span>
    </p>
   </div>
   <div class='ocr_carea' id='block_1_32' title="bbox 323 3216 3412 3290">
    <p class='ocr_par' dir='ltr' id='par_1_32' title="bbox 323 3216 3412 3290">
     <span class='ocr_line' id='line_1_32' title="bbox 323 3216 3412 3290; baseline -0.001 -15"><span class='ocrx_word' id='word_1_340' title='bbox 323 3217 653 3275; x_wconf 82' lang='lat' dir='ltr'>Fraudibus</span> <span class='ocrx_word' id='word_1_341' title='bbox 682 3216 953 3273; x_wconf 90' lang='lat' dir='ltr'>inventis.</span> <span class='ocrx_word' id='word_1_342' title='bbox 983 3218 1094 3274; x_wconf 89' lang='lat' dir='ltr'>Sed</span> <span class='ocrx_word' id='word_1_343' title='bbox 1120 3217 1276 3272; x_wconf 90' lang='lat' dir='ltr'>enim</span> <span class='ocrx_word' id='word_1_344' title='bbox 1309 3217 1534 3273; x_wconf 89' lang='lat' dir='ltr'>ratione</span> <span class='ocrx_word' id='word_1_345' title='bbox 1565 3218 1759 3290; x_wconf 88' lang='lat' dir='ltr'>sagaci</span> <span class='ocrx_word' id='word_1_346' title='bbox 1867 3278 1902 3290; x_wconf 46' lang='grc' dir='ltr'><strong>Α</strong></span> <span class='ocrx_word' id='word_1_347' title='bbox 2083 3219 2367 3286; x_wconf 81' lang='lat' dir='ltr'>Inseritur,</span> <span class='ocrx_word' id='word_1_348' title='bbox 2397 3221 2682 3290; x_wconf 71' lang='lat' dir='ltr'>tristesque</span> <span class='ocrx_word' id='word_1_349' title='bbox 2710 3223 2871 3289; x_wconf 84' lang='lat' dir='ltr'>negat</span> <span class='ocrx_word' id='word_1_350' title='bbox 2897 3234 3212 3289; x_wconf 78' lang='lat' dir='ltr'>componere</span> <span class='ocrx_word' id='word_1_351' title='bbox 3239 3220 3412 3274; x_wconf 83' lang='lat' dir='ltr'>soles!</span> 
     </span>
    </p>
   </div>
   <div class='ocr_carea' id='block_1_33' title="bbox 304 3278 3410 3380">
    <p class='ocr_par' dir='ltr' id='par_1_33' title="bbox 304 3278 3410 3380">
     <span class='ocr_line' id='line_1_33' title="bbox 304 3278 3410 3380; baseline -0.001 -17"><span class='ocrx_word' id='word_1_352' title='bbox 304 3305 670 3380; x_wconf 63' lang='lat' dir='ltr'>Iﬂeprendis,</span> <span class='ocrx_word' id='word_1_353' title='bbox 704 3309 865 3378; x_wconf 87' lang='lat' dir='ltr'>pater</span> <span class='ocrx_word' id='word_1_354' title='bbox 893 3305 1048 3361; x_wconf 90' lang='lat' dir='ltr'>alme</span> <span class='ocrx_word' id='word_1_355' title='bbox 1077 3305 1205 3378; x_wconf 89' lang='lat'>(96),</span> <span class='ocrx_word' id='word_1_356' title='bbox 1239 3304 1403 3363; x_wconf 88' lang='lat' dir='ltr'>dolos</span> <span class='ocrx_word' id='word_1_357' title='bbox 1434 3320 1501 3362; x_wconf 87' lang='lat' dir='ltr'>ac</span> <span class='ocrx_word' id='word_1_358' title='bbox 1527 3278 1832 3362; x_wconf 60' lang='lat' dir='ltr'>murmura</span> <span class='ocrx_word' id='word_1_359' title='bbox 1861 3278 1904 3345; x_wconf 67' lang='grc' dir='ltr'><strong>θ</strong></span> <span class='ocrx_word' id='word_1_360' title='bbox 1942 3307 2049 3361; x_wconf 85' lang='lat'>285</span> <span class='ocrx_word' id='word_1_361' title='bbox 2084 3308 2312 3378; x_wconf 85' lang='lat' dir='ltr'>Dignior</span> <span class='ocrx_word' id='word_1_362' title='bbox 2340 3278 2430 3362; x_wconf 66' lang='lat' dir='ltr'>llic</span> <span class='ocrx_word' id='word_1_363' title='bbox 2456 3278 2699 3376; x_wconf 73' lang='lat' dir='ltr'>genitore</span> <span class='ocrx_word' id='word_1_364' title='bbox 2724 3278 2884 3378; x_wconf 66' lang='lat' dir='ltr'>foret,</span> <span class='ocrx_word' id='word_1_365' title='bbox 2915 3278 3282 3378; x_wconf 67' lang='lat' dir='ltr'>coniplun&#39;bus</span> <span class='ocrx_word' id='word_1_366' title='bbox 3316 3307 3410 3362; x_wconf 87' lang='lat' dir='ltr'>ille</span> 
     </span>
    </p>
   </div>
   <div class='ocr_carea' id='block_1_34' title="bbox 1502 3395 3442 3467">
    <p class='ocr_par' dir='ltr' id='par_1_34' title="bbox 1502 3395 3442 3467">
     <span class='ocr_line' id='line_1_34' title="bbox 1502 3395 3442 3467; baseline -0.001 -16"><span class='ocrx_word' id='word_1_367' title='bbox 1502 3395 1756 3467; x_wconf 88' lang='lat' dir='ltr'>[temnis.</span> <span class='ocrx_word' id='word_1_368' title='bbox 2086 3396 2294 3451; x_wconf 69' lang='lat' dir='ltr'>Vixerit</span> <span class='ocrx_word' id='word_1_369' title='bbox 2323 3412 2388 3451; x_wconf 86' lang='lat' dir='ltr'>ac</span> <span class='ocrx_word' id='word_1_370' title='bbox 2409 3396 2631 3452; x_wconf 88' lang='lat' dir='ltr'>Latium</span> <span class='ocrx_word' id='word_1_371' title='bbox 2659 3397 2904 3466; x_wconf 82' lang='lat' dir='ltr'>quamvis</span> <span class='ocrx_word' id='word_1_372' title='bbox 2930 3395 3230 3450; x_wconf 76' lang='lat' dir='ltr'>turbaverit</span> <span class='ocrx_word' id='word_1_373' title='bbox 3257 3396 3442 3450; x_wconf 84' lang='lat' dir='ltr'>annis.</span> 
     </span>
    </p>
   </div>
   <div class='ocr_carea' id='block_1_35' title="bbox 390 3482 3587 3557">
    <p class='ocr_par' dir='ltr' id='par_1_35' title="bbox 390 3482 3587 3557">
     <span class='ocr_line' id='line_1_35' title="bbox 390 3482 3587 3557; baseline 0 -17"><span class='ocrx_word' id='word_1_374' title='bbox 390 3484 597 3541; x_wconf 71' lang='lat' dir='ltr'>Tertia</span> <span class='ocrx_word' id='word_1_375' title='bbox 635 3499 771 3541; x_wconf 81' lang='lat' dir='ltr'>mox</span> <span class='ocrx_word' id='word_1_376' title='bbox 818 3487 1014 3540; x_wconf 85' lang='lat' dir='ltr'>tamen</span> <span class='ocrx_word' id='word_1_377' title='bbox 1064 3484 1220 3540; x_wconf 88' lang='lat' dir='ltr'>hunc</span> <span class='ocrx_word' id='word_1_378' title='bbox 1270 3485 1433 3541; x_wconf 90' lang='lat' dir='ltr'>Latio</span> <span class='ocrx_word' id='word_1_379' title='bbox 1482 3486 1834 3557; x_wconf 86' lang='lat' dir='ltr'>produxerat</span> <span class='ocrx_word' id='word_1_380' title='bbox 2085 3484 2354 3556; x_wconf 90' lang='lat' dir='ltr'>Undique</span> <span class='ocrx_word' id='word_1_381' title='bbox 2393 3489 2517 3541; x_wconf 90' lang='lat' dir='ltr'>tota</span> <span class='ocrx_word' id='word_1_382' title='bbox 2546 3484 2755 3541; x_wconf 86' lang='lat' dir='ltr'>cohors</span> <span class='ocrx_word' id='word_1_383' title='bbox 2794 3484 2954 3557; x_wconf 90' lang='lat' dir='ltr'>regni</span> <span class='ocrx_word' id='word_1_384' title='bbox 2986 3482 3281 3539; x_wconf 86' lang='lat' dir='ltr'>concurrit</span> <span class='ocrx_word' id='word_1_385' title='bbox 3311 3483 3371 3538; x_wconf 93' lang='lat' dir='ltr'>in</span> <span class='ocrx_word' id='word_1_386' title='bbox 3403 3499 3587 3540; x_wconf 89' lang='lat' dir='ltr'>unum</span> 
     </span>
    </p>
   </div>
   <div class='ocr_carea' id='block_1_36' title="bbox 1399 3573 3479 3647">
    <p class='ocr_par' dir='ltr' id='par_1_36' title="bbox 1399 3573 3479 3647">
     <span class='ocr_line' id='line_1_36' title="bbox 1399 3573 3479 3647; baseline -0 -18"><span class='ocrx_word' id='word_1_387' title='bbox 1399 3576 1588 3646; x_wconf 85' lang='lat' dir='ltr'>[aestas</span> <span class='ocrx_word' id='word_1_388' title='bbox 1620 3575 1757 3647; x_wconf 84' lang='lat'>(96‘)</span> <span class='ocrx_word' id='word_1_389' title='bbox 2084 3574 2419 3630; x_wconf 87' lang='lat' dir='ltr'>Vociferans</span> <span class='ocrx_word' id='word_1_390' title='bbox 2449 3591 2463 3630; x_wconf 89' lang='lat'><strong>:</strong></span> <span class='ocrx_word' id='word_1_391' title='bbox 2495 3575 2592 3629; x_wconf 83' lang='lat' dir='ltr'>Pie</span> <span class='ocrx_word' id='word_1_392' title='bbox 2622 3590 2743 3640; x_wconf 76' lang='lat' dir='ltr'>rex,</span> <span class='ocrx_word' id='word_1_393' title='bbox 2772 3574 2946 3629; x_wconf 82' lang='lat' dir='ltr'>nostri</span> <span class='ocrx_word' id='word_1_394' title='bbox 2971 3574 3227 3628; x_wconf 85' lang='lat' dir='ltr'>miserere</span> <span class='ocrx_word' id='word_1_395' title='bbox 3256 3573 3479 3639; x_wconf 86' lang='lat' dir='ltr'>laboris,</span> 
     </span>
    </p>
   </div>
   <div class='ocr_carea' id='block_1_37' title="bbox 176 3660 3457 3735">
    <p class='ocr_par' dir='ltr' id='par_1_37' title="bbox 176 3660 3457 3735">
     <span class='ocr_line' id='line_1_37' title="bbox 176 3660 3457 3735; baseline -0.001 -14"><span class='ocrx_word' id='word_1_396' title='bbox 176 3663 295 3721; x_wconf 76' lang='lat'>250</span> <span class='ocrx_word' id='word_1_397' title='bbox 333 3661 521 3719; x_wconf 79' lang='lat' dir='ltr'>Ubere</span> <span class='ocrx_word' id='word_1_398' title='bbox 547 3660 773 3718; x_wconf 83' lang='lat' dir='ltr'>telluris</span> <span class='ocrx_word' id='word_1_399' title='bbox 804 3661 1118 3733; x_wconf 82' lang='lat' dir='ltr'>potientem</span> <span class='ocrx_word' id='word_1_400' title='bbox 1149 3678 1290 3734; x_wconf 87' lang='lat' dir='ltr'>pace</span> <span class='ocrx_word' id='word_1_401' title='bbox 1315 3668 1619 3735; x_wconf 88' lang='lat' dir='ltr'>sequestra</span> <span class='ocrx_word' id='word_1_402' title='bbox 1653 3683 1665 3720; x_wconf 91' lang='lat'>:</span> <span class='ocrx_word' id='word_1_403' title='bbox 2083 3663 2159 3718; x_wconf 88' lang='lat' dir='ltr'>Ne</span> <span class='ocrx_word' id='word_1_404' title='bbox 2185 3665 2419 3734; x_wconf 85' lang='lat' dir='ltr'>geminis</span> <span class='ocrx_word' id='word_1_405' title='bbox 2441 3663 2664 3735; x_wconf 82' lang='lat' dir='ltr'>posthac</span> <span class='ocrx_word' id='word_1_406' title='bbox 2693 3678 2951 3733; x_wconf 85' lang='lat' dir='ltr'>cogamur</span> <span class='ocrx_word' id='word_1_407' title='bbox 2973 3661 3153 3717; x_wconf 85' lang='lat' dir='ltr'>adesse</span> <span class='ocrx_word' id='word_1_408' title='bbox 3182 3664 3457 3733; x_wconf 82' lang='lat' dir='ltr'>tyrannis,</span> 
     </span>
    </p>
   </div>
   <div class='ocr_carea' id='block_1_38' title="bbox 204 3748 3373 3823">
    <p class='ocr_par' dir='ltr' id='par_1_38' title="bbox 204 3748 3373 3823">
     <span class='ocr_line' id='line_1_38' title="bbox 204 3748 3373 3823; baseline -0.001 -16"><span class='ocrx_word' id='word_1_409' title='bbox 204 3794 209 3797; x_wconf 82' lang='grc'><strong><em>-</em></strong></span> <span class='ocrx_word' id='word_1_410' title='bbox 322 3748 475 3808; x_wconf 81' lang='lat' dir='ltr'>Ecce</span> <span class='ocrx_word' id='word_1_411' title='bbox 506 3750 631 3807; x_wconf 84' lang='lat' dir='ltr'>dies</span> <span class='ocrx_word' id='word_1_412' title='bbox 662 3751 844 3807; x_wconf 81' lang='lat' dir='ltr'>instat</span> <span class='ocrx_word' id='word_1_413' title='bbox 866 3750 1230 3822; x_wconf 84' lang='lat' dir='ltr'>juvenilibus</span> <span class='ocrx_word' id='word_1_414' title='bbox 1260 3751 1471 3807; x_wconf 78' lang='lat' dir='ltr'>aemula</span> <span class='ocrx_word' id='word_1_415' title='bbox 1501 3753 1688 3820; x_wconf 87' lang='lat' dir='ltr'>factis,</span> <span class='ocrx_word' id='word_1_416' title='bbox 1942 3753 2048 3807; x_wconf 87' lang='lat'>290</span> <span class='ocrx_word' id='word_1_417' title='bbox 2087 3753 2221 3807; x_wconf 83' lang='lat' dir='ltr'>Cum</span> <span class='ocrx_word' id='word_1_418' title='bbox 2244 3753 2388 3808; x_wconf 81' lang='lat' dir='ltr'>solus</span> <span class='ocrx_word' id='word_1_419' title='bbox 2412 3752 2630 3823; x_wconf 80' lang='lat' dir='ltr'>placeas</span> <span class='ocrx_word' id='word_1_420' title='bbox 2657 3752 2817 3806; x_wconf 84' lang='lat' dir='ltr'>rebus</span> <span class='ocrx_word' id='word_1_421' title='bbox 2838 3766 3114 3821; x_wconf 83' lang='lat' dir='ltr'>superesse</span> <span class='ocrx_word' id='word_1_422' title='bbox 3140 3748 3373 3805; x_wconf 80' lang='lat' dir='ltr'>Latinis.</span> 
     </span>
    </p>
   </div>
   <div class='ocr_carea' id='block_1_39' title="bbox 312 3837 3450 3912">
    <p class='ocr_par' dir='ltr' id='par_1_39' title="bbox 312 3837 3450 3912">
     <span class='ocr_line' id='line_1_39' title="bbox 312 3837 3450 3912; baseline -0.001 -15"><span class='ocrx_word' id='word_1_423' title='bbox 312 3839 532 3897; x_wconf 74' lang='lat' dir='ltr'>Mortis</span> <span class='ocrx_word' id='word_1_424' title='bbox 561 3841 772 3895; x_wconf 83' lang='lat' dir='ltr'>acerba</span> <span class='ocrx_word' id='word_1_425' title='bbox 797 3840 1011 3896; x_wconf 79' lang='lat' dir='ltr'>ferens.</span> <span class='ocrx_word' id='word_1_426' title='bbox 1030 3839 1234 3895; x_wconf 88' lang='lat' dir='ltr'>Studio</span> <span class='ocrx_word' id='word_1_427' title='bbox 1258 3840 1383 3910; x_wconf 89' lang='lat' dir='ltr'>jam</span> <span class='ocrx_word' id='word_1_428' title='bbox 1411 3842 1570 3896; x_wconf 88' lang='lat' dir='ltr'>vadit</span> <span class='ocrx_word' id='word_1_429' title='bbox 1600 3842 1658 3896; x_wconf 92' lang='lat' dir='ltr'>in</span> <span class='ocrx_word' id='word_1_430' title='bbox 1687 3842 1834 3898; x_wconf 87' lang='lat' dir='ltr'>altos</span> <span class='ocrx_word' id='word_1_431' title='bbox 2084 3842 2158 3897; x_wconf 88' lang='lat' dir='ltr'>Ut</span> <span class='ocrx_word' id='word_1_432' title='bbox 2190 3842 2400 3896; x_wconf 69' lang='lat' dir='ltr'>Phoebo</span> <span class='ocrx_word' id='word_1_433' title='bbox 2435 3839 2616 3896; x_wconf 89' lang='lat' dir='ltr'>roseis</span> <span class='ocrx_word' id='word_1_434' title='bbox 2648 3856 2852 3895; x_wconf 88' lang='lat' dir='ltr'>arvum</span> <span class='ocrx_word' id='word_1_435' title='bbox 2884 3838 3117 3894; x_wconf 81' lang='lat' dir='ltr'>laxante</span> <span class='ocrx_word' id='word_1_436' title='bbox 3146 3837 3450 3912; x_wconf 84' lang='lat' dir='ltr'>quadrigis</span> 
     </span>
    </p>
   </div>
   <div class='ocr_carea' id='block_1_40' title="bbox 322 3925 3587 4003">
    <p class='ocr_par' dir='ltr' id='par_1_40' title="bbox 322 3925 3587 4003">
     <span class='ocr_line' id='line_1_40' title="bbox 322 3925 3587 4003; baseline 0.001 -22"><span class='ocrx_word' id='word_1_437' title='bbox 322 3926 590 3983; x_wconf 79' lang='lat' dir='ltr'>Venandi</span> <span class='ocrx_word' id='word_1_438' title='bbox 620 3925 804 3994; x_wconf 81' lang='lat' dir='ltr'>lucos,</span> <span class='ocrx_word' id='word_1_439' title='bbox 839 3926 1081 3998; x_wconf 90' lang='lat' dir='ltr'>cupiens</span> <span class='ocrx_word' id='word_1_440' title='bbox 1114 3926 1223 3982; x_wconf 88' lang='lat' dir='ltr'>sibi</span> <span class='ocrx_word' id='word_1_441' title='bbox 1255 3927 1474 3984; x_wconf 86' lang='lat' dir='ltr'>mittier</span> <span class='ocrx_word' id='word_1_442' title='bbox 1502 3946 1731 4000; x_wconf 90' lang='lat' dir='ltr'>aprum,</span> <span class='ocrx_word' id='word_1_443' title='bbox 2083 3931 2228 3986; x_wconf 86' lang='lat' dir='ltr'>Vere</span> <span class='ocrx_word' id='word_1_444' title='bbox 2246 3930 2685 4003; x_wconf 82' lang='lat' dir='ltr'>novo,gaudent</span> <span class='ocrx_word' id='word_1_445' title='bbox 2701 3928 2952 4003; x_wconf 88' lang='lat' dir='ltr'>pecudes</span> <span class='ocrx_word' id='word_1_446' title='bbox 2975 3928 3231 4000; x_wconf 74' lang='lat' dir='ltr'>fmtuque</span> <span class='ocrx_word' id='word_1_447' title='bbox 3252 3931 3587 4000; x_wconf 85' lang='lat' dir='ltr'>gravantur,</span> 
     </span>
    </p>
   </div>
   <div class='ocr_carea' id='block_1_41' title="bbox 296 4001 3524 4087">
    <p class='ocr_par' dir='ltr' id='par_1_41' title="bbox 296 4001 3524 4087">
     <span class='ocr_line' id='line_1_41' title="bbox 296 4001 3524 4087; baseline 0 -15"><span class='ocrx_word' id='word_1_448' title='bbox 296 4016 642 4073; x_wconf 70' lang='lat' dir='ltr'>-lnformem</span> <span class='ocrx_word' id='word_1_449' title='bbox 671 4020 775 4072; x_wconf 79' lang='lat' dir='ltr'>aut</span> <span class='ocrx_word' id='word_1_450' title='bbox 813 4015 1034 4087; x_wconf 87' lang='lat' dir='ltr'>rapidis</span> <span class='ocrx_word' id='word_1_451' title='bbox 1077 4031 1379 4072; x_wconf 88' lang='lat' dir='ltr'>occurrere</span> <span class='ocrx_word' id='word_1_452' title='bbox 1428 4018 1687 4074; x_wconf 89' lang='lat' dir='ltr'>motibus</span> <span class='ocrx_word' id='word_1_453' title='bbox 1739 4038 1831 4075; x_wconf 92' lang='lat' dir='ltr'>ur-</span> <span class='ocrx_word' id='word_1_454' title='bbox 2084 4023 2308 4073; x_wconf 89' lang='lat' dir='ltr'>Humor</span> <span class='ocrx_word' id='word_1_455' title='bbox 2339 4001 2505 4073; x_wconf 79' lang='lat' dir='ltr'>adest</span> <span class='ocrx_word' id='word_1_456' title='bbox 2535 4016 2732 4072; x_wconf 89' lang='lat' dir='ltr'>herbis</span> <span class='ocrx_word' id='word_1_457' title='bbox 2763 4001 2829 4072; x_wconf 78' lang='lat' dir='ltr'>ac</span> <span class='ocrx_word' id='word_1_458' title='bbox 2857 4015 3036 4072; x_wconf 87' lang='lat' dir='ltr'>vastis</span> <span class='ocrx_word' id='word_1_459' title='bbox 3068 4016 3295 4072; x_wconf 86' lang='lat' dir='ltr'>semina</span> <span class='ocrx_word' id='word_1_460' title='bbox 3324 4015 3524 4083; x_wconf 88' lang='lat' dir='ltr'>sulcis,</span> 
     </span>
    </p>
   </div>
   <div class='ocr_carea' id='block_1_42' title="bbox 1568 4104 3586 4179">
    <p class='ocr_par' dir='ltr' id='par_1_42' title="bbox 1568 4104 3586 4179">
     <span class='ocr_line' id='line_1_42' title="bbox 1568 4104 3586 4179; baseline -0.001 -16"><span class='ocrx_word' id='word_1_461' title='bbox 1568 4110 1743 4179; x_wconf 90' lang='lat' dir='ltr'>[sum.</span> <span class='ocrx_word' id='word_1_462' title='bbox 2084 4108 2297 4164; x_wconf 84' lang='lat' dir='ltr'>Gratus</span> <span class='ocrx_word' id='word_1_463' title='bbox 2329 4124 2427 4162; x_wconf 90' lang='lat' dir='ltr'>aer</span> <span class='ocrx_word' id='word_1_464' title='bbox 2466 4107 2694 4179; x_wconf 89' lang='lat' dir='ltr'>pennis,</span> <span class='ocrx_word' id='word_1_465' title='bbox 2727 4122 3041 4178; x_wconf 69' lang='lat' dir='ltr'>aequorque</span> <span class='ocrx_word' id='word_1_466' title='bbox 3082 4104 3330 4161; x_wconf 87' lang='lat' dir='ltr'>meabile</span> <span class='ocrx_word' id='word_1_467' title='bbox 3363 4106 3586 4174; x_wconf 85' lang='lat' dir='ltr'>nautis;</span> 
     </span>
    </p>
   </div>
   <div class='ocr_carea' id='block_1_43' title="bbox 128 4193 3552 4270">
    <p class='ocr_par' dir='ltr' id='par_1_43' title="bbox 128 4193 3552 4270">
     <span class='ocr_line' id='line_1_43' title="bbox 128 4193 3552 4270; baseline -0.002 -16"><span class='ocrx_word' id='word_1_468' title='bbox 330 4194 477 4253; x_wconf 78' lang='lat' dir='ltr'>Avia</span> <span class='ocrx_word' id='word_1_469' title='bbox 505 4194 606 4251; x_wconf 78' lang='lat' dir='ltr'>sed</span> <span class='ocrx_word' id='word_1_470' title='bbox 638 4197 951 4266; x_wconf 79' lang='lat' dir='ltr'>postquam</span> <span class='ocrx_word' id='word_1_471' title='bbox 988 4194 1172 4254; x_wconf 85' lang='lat' dir='ltr'>nimio</span> <span class='ocrx_word' id='word_1_472' title='bbox 1202 4194 1455 4251; x_wconf 89' lang='lat' dir='ltr'>clamore</span> <span class='ocrx_word' id='word_1_473' title='bbox 1484 4197 1731 4270; x_wconf 87' lang='lat' dir='ltr'>fatigant</span> <span class='ocrx_word' id='word_1_474' title='bbox 1944 4199 2050 4255; x_wconf 87' lang='grc'>295</span> <span class='ocrx_word' id='word_1_475' title='bbox 2086 4200 2308 4254; x_wconf 88' lang='lat' dir='ltr'>Cuncta</span> <span class='ocrx_word' id='word_1_476' title='bbox 2336 4195 2548 4265; x_wconf 88' lang='lat' dir='ltr'>nitent;</span> <span class='ocrx_word' id='word_1_477' title='bbox 2574 4195 2834 4251; x_wconf 79' lang='lat' dir='ltr'>succedit</span> <span class='ocrx_word' id='word_1_478' title='bbox 2863 4194 3020 4250; x_wconf 90' lang='lat' dir='ltr'>enim</span> <span class='ocrx_word' id='word_1_479' title='bbox 3046 4198 3256 4250; x_wconf 89' lang='lat' dir='ltr'>natura</span> <span class='ocrx_word' id='word_1_480' title='bbox 3282 4193 3552 4261; x_wconf 88' lang='lat' dir='ltr'>creatrix,</span> 
     </span>
    </p>
   </div>
   <div class='ocr_carea' id='block_1_44' title="bbox 328 4276 3552 4359">
    <p class='ocr_par' dir='ltr' id='par_1_44' title="bbox 328 4276 3552 4359">
     <span class='ocr_line' id='line_1_44' title="bbox 328 4276 3552 4359; baseline -0.001 -19"><span class='ocrx_word' id='word_1_481' title='bbox 328 4283 663 4357; x_wconf 69' lang='lat' dir='ltr'>Praecipites</span> <span class='ocrx_word' id='word_1_482' title='bbox 695 4281 855 4352; x_wconf 90' lang='lat' dir='ltr'>socii,</span> <span class='ocrx_word' id='word_1_483' title='bbox 885 4282 1008 4355; x_wconf 90' lang='lat' dir='ltr'>ipse</span> <span class='ocrx_word' id='word_1_484' title='bbox 1040 4301 1154 4339; x_wconf 91' lang='lat' dir='ltr'>uno</span> <span class='ocrx_word' id='word_1_485' title='bbox 1187 4286 1499 4342; x_wconf 87' lang='lat' dir='ltr'>comitante</span> <span class='ocrx_word' id='word_1_486' title='bbox 1530 4287 1800 4343; x_wconf 88' lang='lat' dir='ltr'>ministro</span> <span class='ocrx_word' id='word_1_487' title='bbox 2088 4289 2155 4343; x_wconf 89' lang='lat' dir='ltr'>Et</span> <span class='ocrx_word' id='word_1_488' title='bbox 2186 4287 2360 4342; x_wconf 88' lang='lat' dir='ltr'>rebus</span> <span class='ocrx_word' id='word_1_489' title='bbox 2391 4276 2656 4359; x_wconf 84' lang='lat' dir='ltr'>prOprias</span> <span class='ocrx_word' id='word_1_490' title='bbox 2688 4289 2843 4341; x_wconf 88' lang='lat' dir='ltr'>certo</span> <span class='ocrx_word' id='word_1_491' title='bbox 2874 4284 2973 4340; x_wconf 89' lang='lat' dir='ltr'>dat</span> <span class='ocrx_word' id='word_1_492' title='bbox 2998 4287 3260 4354; x_wconf 88' lang='lat' dir='ltr'>tempore</span> <span class='ocrx_word' id='word_1_493' title='bbox 3289 4282 3507 4338; x_wconf 77' lang='lat' dir='ltr'>formas</span> <span class='ocrx_word' id='word_1_494' title='bbox 3540 4300 3552 4338; x_wconf 92' lang='lat'><strong>:</strong></span> 
     </span>
    </p>
   </div>
   <div class='ocr_carea' id='block_1_45' title="bbox 318 4368 3526 4447">
    <p class='ocr_par' dir='ltr' id='par_1_45' title="bbox 318 4368 3526 4447">
     <span class='ocr_line' id='line_1_45' title="bbox 318 4368 3526 4447; baseline -0.001 -17"><span class='ocrx_word' id='word_1_495' title='bbox 318 4368 963 4444; x_wconf 14' lang='lat' dir='ltr'>D&#39;umisternacis&#39;equi</span> <span class='ocrx_word' id='word_1_496' title='bbox 998 4372 1223 4429; x_wconf 85' lang='lat' dir='ltr'>foderet</span> <span class='ocrx_word' id='word_1_497' title='bbox 1261 4373 1587 4431; x_wconf 87' lang='lat' dir='ltr'>calcaribus</span> <span class='ocrx_word' id='word_1_498' title='bbox 1617 4392 1831 4444; x_wconf 85' lang='lat' dir='ltr'>armos,</span> <span class='ocrx_word' id='word_1_499' title='bbox 2088 4377 2251 4431; x_wconf 92' lang='lat' dir='ltr'>Haud</span> <span class='ocrx_word' id='word_1_500' title='bbox 2285 4391 2455 4431; x_wconf 90' lang='lat' dir='ltr'>secus</span> <span class='ocrx_word' id='word_1_501' title='bbox 2488 4374 2660 4430; x_wconf 64' lang='lat' dir='ltr'>Italiae</span> <span class='ocrx_word' id='word_1_502' title='bbox 2693 4373 2870 4447; x_wconf 88' lang='lat' dir='ltr'>gestit</span> <span class='ocrx_word' id='word_1_503' title='bbox 2899 4373 3009 4429; x_wconf 91' lang='lat' dir='ltr'>sub</span> <span class='ocrx_word' id='word_1_504' title='bbox 3041 4371 3302 4445; x_wconf 89' lang='lat' dir='ltr'>principe</span> <span class='ocrx_word' id='word_1_505' title='bbox 3330 4369 3526 4439; x_wconf 89' lang='lat' dir='ltr'>tellus,</span> 
     </span>
    </p>
   </div>
   <div class='ocr_carea' id='block_1_46' title="bbox 300 4459 3534 4536">
    <p class='ocr_par' dir='ltr' id='par_1_46' title="bbox 300 4459 3534 4536">
     <span class='ocr_line' id='line_1_46' title="bbox 300 4459 3534 4536; baseline -0.001 -18"><span class='ocrx_word' id='word_1_506' title='bbox 300 4500 305 4509; x_wconf 62' lang='grc' dir='ltr'><em>ι</em></span> <span class='ocrx_word' id='word_1_507' title='bbox 332 4461 660 4535; x_wconf 77' lang='lat' dir='ltr'>Implicitas</span> <span class='ocrx_word' id='word_1_508' title='bbox 689 4459 895 4516; x_wconf 90' lang='lat' dir='ltr'>cecidit</span> <span class='ocrx_word' id='word_1_509' title='bbox 924 4459 1162 4516; x_wconf 89' lang='lat' dir='ltr'>sibimet</span> <span class='ocrx_word' id='word_1_510' title='bbox 1191 4462 1300 4517; x_wconf 91' lang='lat' dir='ltr'>sub</span> <span class='ocrx_word' id='word_1_511' title='bbox 1334 4466 1563 4534; x_wconf 89' lang='lat' dir='ltr'>pectore</span> <span class='ocrx_word' id='word_1_512' title='bbox 1595 4464 1833 4531; x_wconf 89' lang='lat' dir='ltr'>collum,</span> <span class='ocrx_word' id='word_1_513' title='bbox 2088 4465 2420 4536; x_wconf 86' lang='lat' dir='ltr'>Impacatus</span> <span class='ocrx_word' id='word_1_514' title='bbox 2451 4464 2551 4518; x_wconf 90' lang='lat' dir='ltr'>ubi</span> <span class='ocrx_word' id='word_1_515' title='bbox 2583 4464 2653 4518; x_wconf 93' lang='lat' dir='ltr'>ab</span> <span class='ocrx_word' id='word_1_516' title='bbox 2681 4462 2909 4535; x_wconf 88' lang='lat' dir='ltr'>superis</span> <span class='ocrx_word' id='word_1_517' title='bbox 2940 4479 3073 4517; x_wconf 90' lang='lat' dir='ltr'>cum</span> <span class='ocrx_word' id='word_1_518' title='bbox 3108 4460 3267 4535; x_wconf 88' lang='lat' dir='ltr'>prole</span> <span class='ocrx_word' id='word_1_519' title='bbox 3296 4460 3534 4517; x_wconf 86' lang='lat' dir='ltr'>recessit</span> 
     </span>
    </p>
   </div>
   <div class='ocr_carea' id='block_1_47' title="bbox 320 4541 3586 4624">
    <p class='ocr_par' dir='ltr' id='par_1_47' title="bbox 320 4541 3586 4624">
     <span class='ocr_line' id='line_1_47' title="bbox 320 4541 3586 4624; baseline -0.001 -18"><span class='ocrx_word' id='word_1_520' title='bbox 320 4551 702 4623; x_wconf 53' lang='lat' dir='ltr'>Abrumpens</span> <span class='ocrx_word' id='word_1_521' title='bbox 730 4553 992 4605; x_wconf 82' lang='lat' dir='ltr'>teneram</span> <span class='ocrx_word' id='word_1_522' title='bbox 1021 4548 1226 4606; x_wconf 88' lang='lat' dir='ltr'>colliso</span> <span class='ocrx_word' id='word_1_523' title='bbox 1251 4554 1485 4624; x_wconf 89' lang='lat' dir='ltr'>gutture</span> <span class='ocrx_word' id='word_1_524' title='bbox 1514 4552 1712 4619; x_wconf 89' lang='lat' dir='ltr'>vitam,</span> <span class='ocrx_word' id='word_1_525' title='bbox 1866 4541 1912 4603; x_wconf 88' lang='lat' dir='ltr'><strong>D</strong></span> <span class='ocrx_word' id='word_1_526' title='bbox 2087 4553 2277 4607; x_wconf 87' lang='lat' dir='ltr'>Guido</span> <span class='ocrx_word' id='word_1_527' title='bbox 2312 4553 2493 4620; x_wconf 86' lang='lat' dir='ltr'>ferus,</span> <span class='ocrx_word' id='word_1_528' title='bbox 2523 4553 2825 4624; x_wconf 72' lang='lat' dir='ltr'>{astusque</span> <span class='ocrx_word' id='word_1_529' title='bbox 2856 4552 2971 4606; x_wconf 88' lang='lat' dir='ltr'>odii</span> <span class='ocrx_word' id='word_1_530' title='bbox 3004 4550 3302 4606; x_wconf 89' lang='lat' dir='ltr'>moriendo</span> <span class='ocrx_word' id='word_1_531' title='bbox 3336 4548 3586 4607; x_wconf 89' lang='lat' dir='ltr'>resolvit.</span> 
     </span>
    </p>
   </div>
   <div class='ocr_carea' id='block_1_48' title="bbox 1535 4702 2239 4760">
    <p class='ocr_par' dir='ltr' id='par_1_48' title="bbox 1535 4702 2239 4760">
     <span class='ocr_line' id='line_1_48' title="bbox 1535 4702 2239 4760; baseline -0.001 -2"><span class='ocrx_word' id='word_1_532' title='bbox 1535 4702 1854 4759; x_wconf 85' lang='lat' dir='ltr'>EXPLICIT</span> <span class='ocrx_word' id='word_1_533' title='bbox 1897 4704 2106 4760; x_wconf 88' lang='lat' dir='ltr'>LIBER</span> <span class='ocrx_word' id='word_1_534' title='bbox 2144 4703 2239 4758; x_wconf 92' lang='lat' dir='ltr'>III.</span> 
     </span>
    </p>
   </div>
   <div class='ocr_carea' id='block_1_49' title="bbox 1101 4844 2679 4968">
    <p class='ocr_par' dir='ltr' id='par_1_49' title="bbox 1101 4844 2679 4968">
     <span class='ocr_line' id='line_1_49' title="bbox 1101 4844 2679 4968; baseline 0.001 -23"><span class='ocrx_word' id='word_1_535' title='bbox 1101 4853 1566 4947; x_wconf 86' lang='lat' dir='ltr'>INCIPIT</span> <span class='ocrx_word' id='word_1_536' title='bbox 1633 4856 2008 4952; x_wconf 83' lang='lat' dir='ltr'>LIBER</span> <span class='ocrx_word' id='word_1_537' title='bbox 2077 4844 2679 4968; x_wconf 76' lang='lat' dir='ltr'>QUARTUS.</span> 
     </span>
    </p>
   </div>
   <div class='ocr_carea' id='block_1_50' title="bbox 394 5055 3593 5131">
    <p class='ocr_par' dir='ltr' id='par_1_50' title="bbox 394 5055 3593 5131">
     <span class='ocr_line' id='line_1_50' title="bbox 394 5055 3593 5131; baseline 0.002 -19"><span class='ocrx_word' id='word_1_538' title='bbox 394 5055 618 5121; x_wconf 80' lang='lat' dir='ltr'>Quarta</span> <span class='ocrx_word' id='word_1_539' title='bbox 665 5056 780 5129; x_wconf 89' lang='lat'>(99)</span> <span class='ocrx_word' id='word_1_540' title='bbox 832 5056 1010 5130; x_wconf 89' lang='lat' dir='ltr'>igitur</span> <span class='ocrx_word' id='word_1_541' title='bbox 1040 5056 1202 5113; x_wconf 90' lang='lat' dir='ltr'>Latio</span> <span class='ocrx_word' id='word_1_542' title='bbox 1253 5057 1489 5113; x_wconf 82' lang='lat' dir='ltr'>vixdum</span> <span class='ocrx_word' id='word_1_543' title='bbox 1550 5059 1838 5116; x_wconf 84' lang='lat' dir='ltr'>deferbuit</span> <span class='ocrx_word' id='word_1_544' title='bbox 2086 5060 2374 5118; x_wconf 87' lang='lat' dir='ltr'>Sollicitat</span> <span class='ocrx_word' id='word_1_545' title='bbox 2403 5058 2667 5115; x_wconf 81' lang='lat' dir='ltr'>Rhodani</span> <span class='ocrx_word' id='word_1_546' title='bbox 2693 5060 3073 5131; x_wconf 87' lang='lat' dir='ltr'>gentem;cui</span> <span class='ocrx_word' id='word_1_547' title='bbox 3105 5059 3372 5116; x_wconf 89' lang='lat' dir='ltr'>moribus</span> <span class='ocrx_word' id='word_1_548' title='bbox 3391 5064 3593 5118; x_wconf 91' lang='lat' dir='ltr'>auctor</span> 
     </span>
    </p>
   </div>
   <div class='ocr_carea' id='block_1_51' title="bbox 1379 5148 3593 5225">
    <p class='ocr_par' dir='ltr' id='par_1_51' title="bbox 1379 5148 3593 5225">
     <span class='ocr_line' id='line_1_51' title="bbox 1379 5148 3593 5225; baseline 0.002 -22"><span class='ocrx_word' id='word_1_549' title='bbox 1379 5148 1572 5210; x_wconf 65' lang='lat' dir='ltr'>[aestas</span> <span class='ocrx_word' id='word_1_550' title='bbox 1602 5150 1762 5222; x_wconf 80' lang='lat'>(99&#39;),</span> <span class='ocrx_word' id='word_1_551' title='bbox 1942 5152 1978 5206; x_wconf 88' lang='lat'>5</span> <span class='ocrx_word' id='word_1_552' title='bbox 2122 5151 2499 5207; x_wconf 90' lang='lat' dir='ltr'>Temnendus</span> <span class='ocrx_word' id='word_1_553' title='bbox 2528 5148 2858 5205; x_wconf 89' lang='lat' dir='ltr'>Ludovicus</span> <span class='ocrx_word' id='word_1_554' title='bbox 2887 5153 3030 5216; x_wconf 88' lang='lat' dir='ltr'>erat,</span> <span class='ocrx_word' id='word_1_555' title='bbox 3059 5150 3158 5205; x_wconf 90' lang='lat' dir='ltr'>sed</span> <span class='ocrx_word' id='word_1_556' title='bbox 3190 5150 3371 5223; x_wconf 88' lang='lat' dir='ltr'>stirpe</span> <span class='ocrx_word' id='word_1_557' title='bbox 3400 5150 3593 5225; x_wconf 89' lang='lat' dir='ltr'>legen-</span> 
     </span>
    </p>
   </div>
   <div class='ocr_carea' id='block_1_52' title="bbox 326 5232 3516 5310">
    <p class='ocr_par' dir='ltr' id='par_1_52' title="bbox 326 5232 3516 5310">
     <span class='ocr_line' id='line_1_52' title="bbox 326 5232 3516 5310; baseline 0.002 -21"><span class='ocrx_word' id='word_1_558' title='bbox 326 5236 451 5290; x_wconf 81' lang='lat' dir='ltr'>Hac</span> <span class='ocrx_word' id='word_1_559' title='bbox 478 5232 703 5291; x_wconf 80' lang='lat' dir='ltr'>ratione</span> <span class='ocrx_word' id='word_1_560' title='bbox 730 5236 943 5291; x_wconf 89' lang='lat' dir='ltr'>iterum</span> <span class='ocrx_word' id='word_1_561' title='bbox 974 5234 1142 5291; x_wconf 90' lang='lat' dir='ltr'>solito</span> <span class='ocrx_word' id='word_1_562' title='bbox 1174 5234 1407 5290; x_wconf 87' lang='lat' dir='ltr'>sublata</span> <span class='ocrx_word' id='word_1_563' title='bbox 1436 5253 1656 5293; x_wconf 84' lang='lat' dir='ltr'>veneno</span> <span class='ocrx_word' id='word_1_564' title='bbox 3363 5240 3516 5310; x_wconf 90' lang='lat' dir='ltr'>[dus,</span> 
     </span>
    </p>
   </div>
   <div class='ocr_carea' id='block_1_53' title="bbox 328 5321 3550 5401">
    <p class='ocr_par' dir='ltr' id='par_1_53' title="bbox 328 5321 3550 5401">
     <span class='ocr_line' id='line_1_53' title="bbox 328 5321 3550 5401; baseline 0.001 -22"><span class='ocrx_word' id='word_1_565' title='bbox 328 5321 551 5395; x_wconf 88' lang='lat' dir='ltr'>Bellua,</span> <span class='ocrx_word' id='word_1_566' title='bbox 571 5324 888 5396; x_wconf 81' lang='lat' dir='ltr'>Tyrrhenis</span> <span class='ocrx_word' id='word_1_567' title='bbox 915 5324 1167 5380; x_wconf 87' lang='lat' dir='ltr'>fundens</span> <span class='ocrx_word' id='word_1_568' title='bbox 1199 5324 1321 5379; x_wconf 87' lang='lat' dir='ltr'>fera</span> <span class='ocrx_word' id='word_1_569' title='bbox 1350 5324 1523 5380; x_wconf 90' lang='lat' dir='ltr'>sibila</span> <span class='ocrx_word' id='word_1_570' title='bbox 1554 5327 1627 5381; x_wconf 88' lang='lat' dir='ltr'>ab</span> <span class='ocrx_word' id='word_1_571' title='bbox 1659 5328 1795 5397; x_wconf 91' lang='lat' dir='ltr'>oris,</span> <span class='ocrx_word' id='word_1_572' title='bbox 2087 5328 2401 5400; x_wconf 87' lang='lat' dir='ltr'>Brengario</span> <span class='ocrx_word' id='word_1_573' title='bbox 2431 5328 2627 5401; x_wconf 90' lang='lat' dir='ltr'>genesi</span> <span class='ocrx_word' id='word_1_574' title='bbox 2651 5327 2999 5399; x_wconf 89' lang='lat' dir='ltr'>conjunctus</span> <span class='ocrx_word' id='word_1_575' title='bbox 3031 5328 3247 5400; x_wconf 90' lang='lat' dir='ltr'>quippe</span> <span class='ocrx_word' id='word_1_576' title='bbox 3278 5329 3550 5400; x_wconf 86' lang='lat' dir='ltr'>superba.</span> 
     </span>
    </p>
   </div>
   <div class='ocr_carea' id='block_1_54' title="bbox 249 5414 1809 5634">
    <p class='ocr_par' dir='ltr' id='par_1_54' title="bbox 249 5462 1193 5634">
     <span class='ocr_line' id='line_1_54' title="bbox 249 5462 1193 5539; baseline 0 -18"><span class='ocrx_word' id='word_1_577' title='bbox 249 5462 355 5536; x_wconf 83' lang='lat'>(95</span> <span class='ocrx_word' id='word_1_578' title='bbox 407 5466 489 5537; x_wconf 81' lang='lat' dir='ltr'>Cf.</span> <span class='ocrx_word' id='word_1_579' title='bbox 530 5467 671 5539; x_wconf 83' lang='lat' dir='ltr'>Virg.</span> <span class='ocrx_word' id='word_1_580' title='bbox 705 5469 831 5524; x_wconf 65' lang='grc' dir='ltr'>κΕη.</span> <span class='ocrx_word' id='word_1_581' title='bbox 874 5469 952 5534; x_wconf 84' lang='lat' dir='ltr'>VI,</span> <span class='ocrx_word' id='word_1_582' title='bbox 984 5485 1033 5523; x_wconf 91' lang='grc' dir='ltr'>υ.</span> <span class='ocrx_word' id='word_1_583' title='bbox 1068 5467 1193 5523; x_wconf 86' lang='grc'><strong>535.</strong></span> 
     </span>
     <span class='ocr_line' id='line_1_55' title="bbox 249 5465 724 5634; baseline 0 0"><span class='ocrx_word' id='word_1_584' title='bbox 249 5465 724 5634; x_wconf 52' lang='grc' dir='ltr'>ίὲἓέςθῖζῖθῖθὲξέ</span> 
     </span>
    </p>
   </div>
   <div class='ocr_carea' id='block_1_55' title="bbox 1810 5414 3370 5634">
    <p class='ocr_par' dir='ltr' id='par_1_55' title="bbox 2014 5471 3370 5634">
     <span class='ocr_line' id='line_1_56' title="bbox 2036 5471 3370 5538; baseline -0.001 -13"><span class='ocrx_word' id='word_1_585' title='bbox 2036 5473 2105 5526; x_wconf 77' lang='lat'>98</span> <span class='ocrx_word' id='word_1_586' title='bbox 2164 5473 2216 5529; x_wconf 73' lang='grc' dir='ltr'>ν.</span> <span class='ocrx_word' id='word_1_587' title='bbox 2244 5472 2506 5538; x_wconf 82' lang='grc'>270·277,</span> <span class='ocrx_word' id='word_1_588' title='bbox 2541 5487 2609 5525; x_wconf 59' lang='lat' dir='ltr'>(tl?</span> <span class='ocrx_word' id='word_1_589' title='bbox 2644 5472 2789 5538; x_wconf 64' lang='lat' dir='ltr'>Virg.</span> <span class='ocrx_word' id='word_1_590' title='bbox 2822 5473 2946 5526; x_wconf 63' lang='grc' dir='ltr'>[Εη.</span> <span class='ocrx_word' id='word_1_591' title='bbox 2982 5471 3062 5537; x_wconf 78' lang='lat' dir='ltr'>XI,</span> <span class='ocrx_word' id='word_1_592' title='bbox 3098 5487 3146 5525; x_wconf 83' lang='grc' dir='ltr'>υ.</span> <span class='ocrx_word' id='word_1_593' title='bbox 3180 5472 3370 5526; x_wconf 76' lang='grc'>64-71.</span> 
     </span>
     <span class='ocr_line' id='line_1_57' title="bbox 2014 5472 3370 5634; baseline 0.006 -8"><span class='ocrx_word' id='word_1_594' title='bbox 2014 5472 2806 5634; x_wconf 46' lang='grc' dir='ltr'>ἕω),ξετέέςηιξιδ,τέλξπξεᾳςςρ</span> <span class='ocrx_word' id='word_1_595' title='bbox 2851 5542 3202 5634; x_wconf 55' lang='lat' dir='ltr'>eaeam</span> <span class='ocrx_word' id='word_1_596' title='bbox 3259 5543 3370 5597; x_wconf 61' lang='lat' dir='ltr'>Ben</span> 
     </span>
    </p>
   </div>
   <div class='ocr_carea' id='block_1_56' title="bbox 200 5472 1760 5614">
    <p class='ocr_par' dir='ltr' id='par_1_56' title="bbox 200 5472 1193 5614">
     <span class='ocr_line' id='line_1_58' title="bbox 249 5472 1193 5539; baseline 0 -18"><span class='ocrx_word' id='word_1_597' title='bbox 249 5472 355 5536; x_wconf 82' lang='lat'>(95</span> <span class='ocrx_word' id='word_1_598' title='bbox 407 5472 489 5537; x_wconf 80' lang='lat' dir='ltr'>Cf.</span> <span class='ocrx_word' id='word_1_599' title='bbox 530 5472 671 5539; x_wconf 82' lang='lat' dir='ltr'>Virg.</span> <span class='ocrx_word' id='word_1_600' title='bbox 705 5472 831 5524; x_wconf 65' lang='grc' dir='ltr'>κΕη.</span> <span class='ocrx_word' id='word_1_601' title='bbox 874 5472 952 5534; x_wconf 83' lang='lat' dir='ltr'>VI,</span> <span class='ocrx_word' id='word_1_602' title='bbox 984 5485 1033 5523; x_wconf 91' lang='grc' dir='ltr'>υ.</span> <span class='ocrx_word' id='word_1_603' title='bbox 1068 5472 1193 5523; x_wconf 85' lang='grc'><strong>535.</strong></span> 
     </span>
     <span class='ocr_line' id='line_1_59' title="bbox 200 5472 724 5614; baseline 0 0"><span class='ocrx_word' id='word_1_604' title='bbox 200 5560 209 5581; x_wconf 67' lang='grc' dir='ltr'><em>τ</em></span> <span class='ocrx_word' id='word_1_605' title='bbox 244 5472 724 5614; x_wconf 57' lang='lat' dir='ltr'>(Qeingmreré-</span> 
     </span>
    </p>
   </div>
   <div class='ocr_carea' id='block_1_57' title="bbox 2026 5472 3586 5614">
    <p class='ocr_par' dir='ltr' id='par_1_57' title="bbox 2026 5472 3586 5614">
     <span class='ocr_line' id='line_1_60' title="bbox 2026 5472 3371 5538; baseline -0.001 -13"><span class='ocrx_word' id='word_1_606' title='bbox 2026 5473 2105 5526; x_wconf 68' lang='lat'>&#39;98</span> <span class='ocrx_word' id='word_1_607' title='bbox 2164 5473 2216 5529; x_wconf 84' lang='lat' dir='ltr'>V.</span> <span class='ocrx_word' id='word_1_608' title='bbox 2244 5472 2506 5538; x_wconf 83' lang='lat'>270-277,</span> <span class='ocrx_word' id='word_1_609' title='bbox 2541 5487 2609 5525; x_wconf 72' lang='lat' dir='ltr'>cat</span> <span class='ocrx_word' id='word_1_610' title='bbox 2644 5472 2789 5538; x_wconf 60' lang='lat' dir='ltr'>Virg.</span> <span class='ocrx_word' id='word_1_611' title='bbox 2822 5473 2946 5526; x_wconf 65' lang='grc' dir='ltr'>[Εη.</span> <span class='ocrx_word' id='word_1_612' title='bbox 2982 5472 3062 5537; x_wconf 82' lang='lat' dir='ltr'>XI,</span> <span class='ocrx_word' id='word_1_613' title='bbox 3098 5487 3146 5525; x_wconf 84' lang='grc' dir='ltr'>υ.</span> <span class='ocrx_word' id='word_1_614' title='bbox 3180 5472 3371 5526; x_wconf 77' lang='grc'>64-71.</span> 
     </span>
     <span class='ocr_line' id='line_1_61' title="bbox 2026 5472 3586 5614; baseline 0 -17"><span class='ocrx_word' id='word_1_615' title='bbox 2159 5542 2287 5598; x_wconf 84' lang='lat' dir='ltr'>Inde</span> <span class='ocrx_word' id='word_1_616' title='bbox 2329 5543 2397 5596; x_wconf 92' lang='lat' dir='ltr'>ab</span> <span class='ocrx_word' id='word_1_617' title='bbox 2449 5559 2500 5597; x_wconf 89' lang='lat' dir='ltr'>a.</span> <span class='ocrx_word' id='word_1_618' title='bbox 2535 5544 2661 5603; x_wconf 67' lang='lat'>696,</span> <span class='ocrx_word' id='word_1_619' title='bbox 2698 5559 2800 5612; x_wconf 85' lang='lat' dir='ltr'>quo</span> <span class='ocrx_word' id='word_1_620' title='bbox 2858 5542 3202 5598; x_wconf 82' lang='lat' dir='ltr'>Lambertum</span> <span class='ocrx_word' id='word_1_621' title='bbox 3259 5543 3586 5611; x_wconf 76' lang='lat' dir='ltr'>Berengario</span> 
     </span>
    </p>
   </div>
   <div class='ocr_carea' id='block_1_58' title="bbox 244 5537 3122 5754">
    <p class='ocr_par' dir='ltr' id='par_1_58' title="bbox 244 5537 3122 5754">
     <span class='ocr_line' id='line_1_62' title="bbox 244 5537 3122 5754; baseline 0.001 -162"><span class='ocrx_word' id='word_1_622' title='bbox 244 5537 724 5754; x_wconf 50' lang='lat' dir='ltr'>gw).Bamgari.</span> <span class='ocrx_word' id='word_1_623' title='bbox 2014 5537 2127 5614; x_wconf 86' lang='lat'>(99)</span> <span class='ocrx_word' id='word_1_624' title='bbox 2146 5542 2287 5626; x_wconf 64' lang='lat' dir='ltr'>Inde</span> <span class='ocrx_word' id='word_1_625' title='bbox 2329 5543 2397 5596; x_wconf 92' lang='lat' dir='ltr'>ab</span> <span class='ocrx_word' id='word_1_626' title='bbox 2449 5537 2500 5597; x_wconf 88' lang='lat' dir='ltr'>a.</span> <span class='ocrx_word' id='word_1_627' title='bbox 2535 5544 2661 5603; x_wconf 67' lang='lat'>696,</span> <span class='ocrx_word' id='word_1_628' title='bbox 2698 5537 2800 5612; x_wconf 82' lang='lat' dir='ltr'>quo</span> <span class='ocrx_word' id='word_1_629' title='bbox 2858 5542 3122 5625; x_wconf 68' lang='lat' dir='ltr'>Lamberti</span> 
     </span>
     <span class='ocr_line' id='line_1_63' title="bbox 273 5606 3122 5677; baseline 0.001 -13"><span class='ocrx_word' id='word_1_630' title='bbox 273 5606 352 5664; x_wconf 87' lang='lat'>96</span> <span class='ocrx_word' id='word_1_631' title='bbox 378 5610 401 5677; x_wconf 94' lang='lat'>)</span> <span class='ocrx_word' id='word_1_632' title='bbox 430 5610 586 5665; x_wconf 82' lang='lat' dir='ltr'>Anno</span> <span class='ocrx_word' id='word_1_633' title='bbox 615 5609 740 5664; x_wconf 89' lang='lat'>898.</span> <span class='ocrx_word' id='word_1_634' title='bbox 1941 5615 2358 5671; x_wconf 51' lang='lat' dir='ltr'>reconczltat‘um</span> <span class='ocrx_word' id='word_1_635' title='bbox 2384 5621 2565 5668; x_wconf 83' lang='lat' dir='ltr'>nostro</span> <span class='ocrx_word' id='word_1_636' title='bbox 2590 5624 2807 5670; x_wconf 76' lang='lat' dir='ltr'>(motare</span> <span class='ocrx_word' id='word_1_637' title='bbox 2836 5614 3122 5671; x_wconf 76' lang='lat' dir='ltr'>credimus.</span> 
     </span>
     <span class='ocr_line' id='line_1_64' title="bbox 272 5679 2733 5754; baseline 0.003 -19"><span class='ocrx_word' id='word_1_638' title='bbox 272 5680 373 5751; x_wconf 88' lang='grc'>97)</span> <span class='ocrx_word' id='word_1_639' title='bbox 406 5679 487 5752; x_wconf 82' lang='lat' dir='ltr'>Cf.</span> <span class='ocrx_word' id='word_1_640' title='bbox 526 5682 668 5753; x_wconf 79' lang='lat' dir='ltr'>Virg.</span> <span class='ocrx_word' id='word_1_641' title='bbox 702 5683 828 5737; x_wconf 75' lang='grc' dir='ltr'>Αῑη.</span> <span class='ocrx_word' id='word_1_642' title='bbox 860 5681 969 5747; x_wconf 79' lang='grc' dir='ltr'>ΧΗ,</span> <span class='ocrx_word' id='word_1_643' title='bbox 1001 5698 1052 5736; x_wconf 83' lang='grc' dir='ltr'>υ.</span> <span class='ocrx_word' id='word_1_644' title='bbox 1082 5681 1207 5751; x_wconf 83' lang='lat'>912,</span> <span class='ocrx_word' id='word_1_645' title='bbox 1240 5680 1366 5737; x_wconf 89' lang='lat'>913.</span> <span class='ocrx_word' id='word_1_646' title='bbox 2015 5685 2153 5754; x_wconf 74' lang='lat'>(99&#39;)</span> <span class='ocrx_word' id='word_1_647' title='bbox 2185 5686 2339 5740; x_wconf 84' lang='lat' dir='ltr'>Anno</span> <span class='ocrx_word' id='word_1_648' title='bbox 2368 5682 2494 5754; x_wconf 91' lang='lat'>900,</span> <span class='ocrx_word' id='word_1_649' title='bbox 2526 5684 2733 5742; x_wconf 87' lang='lat' dir='ltr'>Octobr.</span> 
     </span>
    </p>
   </div>
   <div class='ocr_carea' id='block_1_59' title="bbox 272 5679 1832 5760">
    <p class='ocr_par' dir='ltr' id='par_1_59' title="bbox 272 5679 1366 5753">
     <span class='ocr_line' id='line_1_65' title="bbox 272 5679 1366 5753; baseline 0.002 -18"><span class='ocrx_word' id='word_1_650' title='bbox 272 5680 373 5751; x_wconf 82' lang='lat'>97)</span> <span class='ocrx_word' id='word_1_651' title='bbox 406 5679 487 5752; x_wconf 66' lang='lat' dir='ltr'>cr.</span> <span class='ocrx_word' id='word_1_652' title='bbox 526 5682 668 5753; x_wconf 79' lang='lat' dir='ltr'>Virg.</span> <span class='ocrx_word' id='word_1_653' title='bbox 702 5683 828 5737; x_wconf 71' lang='lat' dir='ltr'>Ain.</span> <span class='ocrx_word' id='word_1_654' title='bbox 860 5681 969 5747; x_wconf 81' lang='lat' dir='ltr'>xu,</span> <span class='ocrx_word' id='word_1_655' title='bbox 1001 5698 1052 5736; x_wconf 86' lang='lat' dir='ltr'>v.</span> <span class='ocrx_word' id='word_1_656' title='bbox 1082 5681 1207 5751; x_wconf 84' lang='lat'>912,</span> <span class='ocrx_word' id='word_1_657' title='bbox 1240 5680 1366 5737; x_wconf 81' lang='lat'>913.</span> 
     </span>
    </p>
   </div>
   <div class='ocr_carea' id='block_1_60' title="bbox 1172 5679 2732 5760">
    <p class='ocr_par' dir='ltr' id='par_1_60' title="bbox 1172 5680 2732 5760">
     <span class='ocr_line' id='line_1_66' title="bbox 1172 5680 2732 5760; baseline 0.004 -25"><span class='ocrx_word' id='word_1_658' title='bbox 1172 5684 1207 5751; x_wconf 69' lang='grc' dir='ltr'>Ξ,</span> <span class='ocrx_word' id='word_1_659' title='bbox 1240 5680 1366 5737; x_wconf 89' lang='lat'>913.</span> <span class='ocrx_word' id='word_1_660' title='bbox 2015 5685 2153 5760; x_wconf 74' lang='lat'>(99&#39;)</span> <span class='ocrx_word' id='word_1_661' title='bbox 2185 5686 2339 5740; x_wconf 84' lang='lat' dir='ltr'>Anno</span> <span class='ocrx_word' id='word_1_662' title='bbox 2368 5682 2494 5754; x_wconf 91' lang='lat'>900,</span> <span class='ocrx_word' id='word_1_663' title='bbox 2526 5684 2732 5742; x_wconf 87' lang='lat' dir='ltr'>Octobr.</span> 
     </span>
    </p>
   </div>
  </div>
