3950 6406
443 389 598 458 1307

448 885 510 940 10

442 1419 510 1474 15

432 2040 508 2096 20

1759 623 1982 689 [arvum
2001 636 2015 687 ;

517 696 520 698 ⁷
583 707 692 762 Sed
708 707 907 778 _vetuit
937 707 1188 764 fortuna.
1223 708 1392 764 Modo
1423 708 1563 780 quia
1592 707 1799 763 nuntia
1825 707 1974 763 votis

580 795 824 868 Accipit,
858 795 1120 868 exemplo
1152 795 1327 853 sociis
1358 797 1428 853 ad
1456 800 1608 852 tecta
1634 797 1854 853 vocatis

582 885 762 958 Regia
795 901 807 940 :
838 887 974 954 Quae
1003 887 1220 954 totiens,
1254 885 1469 958 inquit,
1497 887 1764 954 volvistis,
1789 887 1980 953 amici,

579 975 660 1029 En
685 974 945 1030 volvenda
971 975 1088 1030 dies
1117 975 1262 1030 ultro
1293 975 1516 1030 attulit!
1545 975 1670 1030 Este
1695 976 1900 1046 parati,

582 1062 999 1136 Praedulcesque
1038 1071 1288 1134 petamus
1335 1068 1532 1132 agros!
1571 1063 1709 1118 Nam
1753 1079 1886 1118 rure
1931 1079 2084 1119 voca-

1871 1164 2018 1225 [mur

587 1242 775 1297 Vicina
803 1241 1004 1298 Italiae.
1038 1243 1186 1297 Vires
1215 1242 1316 1296 huc
1341 1243 1484 1312 forte
1509 1241 1767 1313 superbas

579 1331 721 1386 Dum
751 1331 947 1399 tulero,
977 1331 1218 1402 propriis
1244 1329 1477 1385 discedet
1505 1329 1696 1386 ductor
1721 1331 1788 1385 ab
1818 1331 1950 1386 oris.

582 1419 627 1474 Ο
649 1417 830 1475 miser
847 1418 1025 1492 inque
1046 1419 1172 1475 dies
1193 1419 1392 1486 miser,
1415 1419 1774 1474 invictumne
1792 1419 2087 1475 lacessas?

577 1507 730 1564 Num
765 1511 822 1563 te
853 1508 1009 1564 fama
1037 1507 1204 1563 ducis
1233 1511 1422 1564 totum
1451 1506 1689 1580 vulgata
1720 1523 1821 1579 per
1850 1509 2049 1564 orbem

579 1596 882 1652 Praeterit?
911 1597 955 1652 Ο
989 1596 1228 1652 Genitor
1257 1613 1476 1662 rerum,
1498 1611 1802 1668 compesce
1824 1596 2079 1653 furores!

577 1685 785 1742 Nescio
847 1701 1122 1757 namque,
1183 1684 1322 1740 mali
1379 1685 1522 1756 quid
1579 1701 1746 1740 mens
1801 1690 2087 1758 praesaget

1807 1775 2008 1844 [eunti.

575 1863 828 1936 Jamque
857 1862 1058 1919 valens
1107 1863 1404 1918 modicum
1449 1863 1734 1920 invalidos
1781 1864 2084 1920 Provincia
2111 1895 2160 1959 B
2189 1861 2264 1916 65

1723 1953 2014 2030 [alumnos

581 2041 760 2113 Legat
789 2041 848 2095 in
880 2039 1169 2097 Ausonios
1199 2040 1436 2097 inimico
1466 2041 1703 2097 nomine
1734 2059 1990 2115 campos.

471 2199 474 2203 λ
577 2128 694 2184 Nee
723 2127 920 2184 Victor
949 2129 1127 2184 decus
1155 2132 1214 2184 et
1243 2129 1413 2196 Latii,
1445 2147 1579 2202 spes
1609 2131 1785 2188 unica
1813 2133 1996 2205 regni,

435 3016 508 3071 30

434 3989 513 4048 40

577 2218 742 2273 Tunc
772 2217 976 2274 Veneti
1006 2234 1236 2274 servare
1267 2217 1459 2274 solum
1491 2219 1562 2275 de
1597 2220 1833 2276 nomine
1861 2221 2082 2278 dictum

577 2306 934 2371 Quartanam
959 2305 1189 2379 patiens
1208 2310 1452 2379 poterat,
1478 2324 1583 2363 nec
1603 2309 1840 2366 tendere
1861 2309 2082 2366 bellum

577 2393 877 2463 Hostibus,
903 2395 1250 2452 immodicas
1277 2395 1474 2452 animo
1497 2397 1598 2452 sed
1628 2398 1900 2470 decoquit
1926 2399 2079 2455 iras:

579 2483 654 2539 Ut
683 2484 873 2539 caveis
903 2500 1037 2539 cum
1071 2483 1214 2540 forte
1251 2483 1340 2540 leo
1369 2484 1694 2558 vinclisque
1723 2491 1972 2558 tenetur,

575 2571 702 2628 Non
737 2575 901 2628 artus
930 2573 1072 2645 (100)
1102 2573 1322 2646 agitare
1359 2573 1532 2644 valet,
1580 2591 1694 2631 non
1746 2593 2082 2648 promovere

1813 2665 2005 2734 [vires,

575 2753 648 2806 At
677 2751 822 2807 duro
854 2749 1142 2822 premitur
1170 2755 1402 2807 tantum
1433 2755 1544 2808 sub
1573 2751 1700 2826 lege
1729 2755 2040 2828 magistro;

576 2840 743 2896 Forte
773 2837 971 2912 aliqua
999 2843 1199 2912 partos
1227 2839 1415 2896 valeat
1444 2841 1492 2897 si
1524 2859 1794 2915 rumpere
1825 2843 2031 2911 nodos,

573 2929 763 3001 Atque
791 2928 894 2984 diu
924 2928 1166 2985 desueta
1195 2945 1367 2985 cruor
1394 2931 1766 2987 madefecerit
1795 2949 1916 3001 ora,

579 3016 710 3088 Ipse
739 3017 894 3072 lacer
923 3019 1120 3072 custos
1150 3017 1268 3073 iras
1297 3017 1456 3090 prior
1483 3017 1726 3088 imbuet,
1758 3019 1893 3074 inde

580 3103 761 3161 Obvia
787 3105 963 3161 turba
989 3105 1180 3162 virum
1210 3122 1443 3163 morsus
1483 3108 1721 3164 satiabit
1751 3125 2003 3164 amaros.

647 3195 872 3250 Interea
902 3194 1228 3252 Ludovicus
1259 3199 1409 3268 ovat,
1441 3213 1806 3270 regnumque
1839 3197 2042 3270 fatigat

578 3283 870 3350 Fastibus,
898 3301 964 3339 ac
991 3287 1186 3349 tantos
1215 3261 1452 3341 sibimet
1477 3261 1778 3342 blanditur
1803 3261 2074 3354 honores,
2105 3261 2148 3329 θ·

575 3372 751 3430 Hoste
778 3372 936 3429 velut
957 3377 1124 3430 necto
1145 3374 1294 3445 (101)
1321 3373 1526 3447 spoliis
1555 3375 1812 3447 potiatur
1841 3375 2076 3448 opimis.

574 3461 872 3518 Infaustus
909 3461 1147 3518 Verona:
1197 3462 1374 3518 etiam
1421 3463 1720 3519 contendit
1768 3465 1840 3520 ad
1888 3481 2078 3520 arcem
2189 3463 2262 3517 8O

1809 3554 2004 3624 (ιον).

571 3640 729 3696 More
753 3639 837 3712 pii
866 3639 1020 3714 regis
1051 3643 1273 3705 tamen,
1305 3643 1370 3695 ut
1401 3641 1670 3697 subsedit
1697 3641 1916 3714 apertis

576 3727 887 3798 Moenibus,
907 3727 1182 3800 antiquos
1204 3727 1382 3784 sociis
1401 3728 1773 3786 disterminat
1801 3747 1992 3804 agros,

574 3815 668 3873 Nil
681 3817 931 3885 veritus;
952 3817 1269 3874 metuenda
1284 3817 1462 3873 nimis
1474 3818 1614 3889 quia
1630 3819 1872 3875 sustulit
1885 3819 2080 3892 ipsum

575 3905 774 3972 Fama,
797 3904 1216 3978 Berengarium
1245 3905 1344 3961 leti
1376 3905 1682 3979 dispendia
1709 3925 1951 3980 passum

575 3991 666 4046 Ah
699 3991 1100 4064 Latium,quis
1134 3997 1190 4049 te
1219 3993 1398 4051 tantis
1429 3994 1764 4051 defenderet
1793 3996 2012 4052 armis?

573 4082 724 4154 Ergo
753 4079 888 4152 pius
917 4081 1157 4137 Genitor
1181 4098 1398 4152 rerum,
1421 4087 1646 4140 servato
1670 4085 2042 4158 magistrum,

574 4170 658 4226 Ne
684 4173 926 4242 pereant
955 4186 1070 4224 uno
1103 4170 1347 4227 Latialia
1373 4172 1592 4245 gaudia
1621 4171 1736 4230 leto
1761 4174 1772 4229 !

575 4257 883 4315 Convaluit
910 4257 1050 4330 quia
1082 4263 1356 4332 regnator
1383 4263 1601 4329 tamen,
1626 4261 1886 4334 undique
1915 4263 2049 4321 lecti

577 4346 940 4402 Conveniunt
969 4364 1237 4420 proceres
1266 4348 1402 4420 laeti,
1434 4348 1758 4423 vexillaque
1789 4354 2000 4409 castris

580 4435 936 4508 Proripiunt,
968 4434 1302 4510 celeresque
1347 4437 1538 4496 Atesis
1587 4439 1659 4495 ad
1711 4443 1926 4498 muenia
1953 4445 2082 4498 ten-

1821 4531 2010 4603 [dunt,

575 4615 708 4670 Hinc
738 4613 924 4671 obiter
951 4615 1102 4672 comi
1131 4621 1457 4674 reserantes
1488 4617 1711 4674 famine.
1740 4619 1863 4693 regi
1889 4637 1903 4675 :

581 4705 647 4760 Te
667 4706 928 4776 petimus,
958 4707 1182 4778 pietatis
1204 4712 1396 4774 honor,
1429 4723 1528 4762 nec
1549 4723 1728 4779 parva
1748 4717 1978 4780 precatu

574 4793 859 4851 Credimus
888 4794 1032 4858 haec;
1059 4796 1252 4851 urbem
1275 4795 1518 4867 propriis
1543 4797 1594 4850 si
1620 4797 1826 4867 ceperis
1855 4800 2048 4865 armis,

575 4882 826 4938 Membra
854 4885 927 4938 vi!
943 4899 998 4938 os
1021 4884 1142 4938 sine
1164 4885 1398 4952 curtari,
1432 4885 1530 4954 qui
1555 4883 1759 4955 [hedera
1781 4887 1940 4956 regni

577 4971 911 5026 Proturbant
935 4973 1146 5037 totiens,
1177 4973 1440 5028 damnum
1461 4973 1682 5043 pietatis
1709 4975 1918 5046 iniqua:

579 5059 656 5113 Ne
697 5060 1022 5128 patiamur!
1052 5059 1136 5115 Ad
1184 5059 1306 5116 haec
1340 5077 1354 5116 :
1395 5061 1615 5116 Animis
1661 5061 1940 5134 advertite,
1971 5064 2080 5120 du-

1843 5155 2008 5227 [ctor,

585 5232 626 5290 Ο
649 5248 915 5305 proceres,
944 5235 1140 5308 inquit
1169 5237 1448 5306 monitus,
1482 5241 1533 5293 et
1555 5240 1794 5294 crimina
1821 5247 1976 5311 capto

512 5393 664 5466 (100)
690 5393 858 5450 Artes
889 5394 970 5450 ed.
1003 5399 1082 5450 c.?

511 5465 660 5544 (101)
690 5466 734 5521 Ι.
767 5480 826 5544 e._
866 5470 1100 5544 necato;
1147 5469 1312 5525 metri
1358 5485 1541 5538 causa,
1589 5471 1652 5524 ut
1708 5470 2078 5544 Brengarius,

441 5540 670 5615 partes
702 5541 1059 5615 Ροειιιξεεισυ

539 5608 664 5748 101;
691 5608 845 5666 Anno
874 5609 999 5666 905.

540 5679 644 5736 102
691 5679 865 5739 Mense
891 5682 999 5741 Jul:

540 5679 664 5741 102)
691 5679 865 5739 Mense
891 5682 1058 5741 Julia.

1716 393 2056 459 APPEND.
2102 395 2204 460 AD
2247 392 2438 462 SIEC.
2483 394 2560 460 X.

583 525 688 585 Hic
725 525 952 586 dudum
994 526 1319 586 Ausonium
1363 527 1614 604 cupidus
1661 545 1938 602 regnasse
1984 545 2088 602 per
2116 535 2170 599 Α

2197 709 2268 763 55

2193 1240 2265 1294 60

2188 2485 2260 2539 70

2185 2929 2258 2984 75

2190 3905 2262 3959 85

2191 4531 2262 4585 90

2113 4628 2162 4693 D

3691 391 3844 458 1308

2338 531 2414 586 Ne
2437 531 2672 602 conferte
2699 532 2839 599 viro,
2861 529 3075 602 generis
3099 529 3228 604 quia
3255 527 3524 603 sanguine
3545 530 3739 603 pollet,

2340 623 2415 675 Et
2443 622 2632 692 forsan
2659 622 2878 690 [acinus
2903 622 3143 679 maturis
3171 622 3374 678 deseret
3407 622 3590 677 annis.

2347 710 2581 766 Testetur
2602 711 2703 782 pia
2723 711 2859 782 jura
2882 712 3021 783 poti,
3043 715 3095 766 et
3121 710 3381 767 dimissus
3408 711 3574 766 abito.

2339 801 2458 853 Hoc
2503 797 2668 854 satis.
2701 799 2773 853 Hi
2823 803 3023 855 contra
3077 798 3292 856 celeres
3349 815 3484 855 eum
3541 812 3846 853 murmure

3511 895 3780 960 [gressus

2339 975 2672 1044 Intendunt,
2708 975 2943 1033 rabidas
2973 981 3248 1034 acuentes
3280 977 3528 1049 pectoris
3558 975 3708 1044 iras;

2339 1063 2430 1118 Nil
2462 1064 2604 1121 moti
2635 1064 2828 1134 dictis,
2863 1065 3060 1138 potius
3089 1067 3212 1122 fera
3240 1083 3544 1122 murmura
3568 1065 3813 1136 rodunt,

2337 1152 2460 1207 Non
2479 1169 2540 1208 se
2561 1169 2734 1225 posse
2751 1153 2974 1210 malum
2991 1153 3235 1227 posthac
3253 1154 3544 1210 dimittere
3561 1153 3845 1210 inultum.

2336 1239 2573 1296 Talibus
2615 1240 2934 1298 adveniunt
2982 1242 3208 1311 urbem,
3265 1258 3550 1316 muroque
3597 1243 3847 1314 propin-

3437 1334 3643 1404 [quant
3671 1331 3844 1402 (102).

2334 1417 2494 1474 Ilicet
2553 1419 2796 1475 admissi
2827 1423 3133 1492 penetrant
3169 1419 3503 1476 miserabile
3530 1419 3846 1492 templum,

2335 1507 2458 1570 Quo
2489 1507 2820 1563 Ludovicus
2849 1511 2992 1576 erat,
3026 1507 3220 1564 subito
3252 1507 3604 1580 rapiuntque
3633 1505 3850 1580 ligant-

3613 1607 3778 1669 ique.

2337 1685 2404 1739 Et
2431 1683 2713 1757 pulchros
2739 1685 3007 1742 adimunt
3037 1685 3256 1742 oculos.
3284 1690 3534 1743 Securus
3566 1685 3627 1739 in
3659 1681 3801 1740 aula

2337 1773 2504 1830 Forte
2535 1774 2776 1830 sedebat
2804 1775 2983 1841 enim,
3017 1775 3234 1831 idcirco
3261 1774 3359 1846 pia
3388 1789 3638 1829 munera
3665 1771 3824 1828 lucis

2336 1861 2612 1930 Perdidit,
2655 1863 2966 1920 obssessus
3011 1862 3270 1919 tenebris
3313 1877 3546 1934 quoque
3592 1859 3740 1917 solis
3790 1859 3848 1916 in

3591 1952 3774 2014 [ortu.

2335 2042 2422 2096 Tu
2453 2057 2677 2112 ponens
2707 2041 2884 2097 etiam
2923 2045 3158 2098 eurtum
3199 2039 3476 2097 femorale
3515 2038 3846 2104 Johannes,

2333 2129 2464 2185 Alta
2489 2133 2654 2186 tenes
2683 2130 2886 2198 turris,
2918 2130 2967 2186 si
2998 2129 3145 2186 forte
3173 2145 3470 2186 resumere
3496 2128 3682 2184 vitam

2335 2218 2428 2274 Sis
2459 2218 2640 2290 potis;
2687 2219 2824 2275 hinc
2871 2218 3120 2276 traheris
3167 2223 3363 2275 tamen
3393 2219 3467 2274 ad
3498 2215 3850 2274 discrimina

3519 2305 3776 2375 [mortis,

2334 2397 2402 2451 Et
2432 2396 2613 2452 miser
2639 2397 2698 2451 in
2732 2396 2923 2470 patria
2952 2397 3149 2452 nudus
3172 2395 3466 2452 truncaris
3496 2411 3698 2452 arena.

2333 2485 2588 2541 Nuntius
2609 2490 2670 2542 at
2691 2489 3002 2558 postquam
3031 2485 3325 2542 sociorum
3347 2483 3624 2540 allabitur
3649 2499 3848 2554 aures,

2333 2573 2641 2630 Praelatum
2675 2575 2953 2646 juvenem
2995 2573 3294 2629 communi
3326 2572 3551 2628 lumine
3581 2587 3846 2638 cassum,

2333 2661 2572 2718 Consilii
2606 2662 2841 2736 fugiunt
2869 2661 3093 2735 inopes,
3117 2661 3457 2735 passimque
3479 2661 3764 2717 recedunt
3797 2678 3812 2716 :

2334 2750 2533 2808 Flante
2561 2750 2722 2808 velut
2751 2750 3000 2824 zephyro
3030 2750 3362 2824 liquescunt
3389 2766 3556 2807 aeros
3585 2767 3746 2806 aura:

2330 2843 2476 2895 Vere
2496 2855 2664 2907 novo,
2680 2839 2973 2912 gremium
2995 2838 3230 2895 solvunt
3252 2855 3387 2896 cum
3409 2856 3548 2894 rura
3569 2842 3844 2897 coactum

2331 2928 2566 3002 Frigore
2596 2927 2849 2984 brumali
2881 2927 3100 2984 crebris
3130 2929 3434 3000 borezeque
3461 2927 3716 3000 pruinis.

2328 3017 2443 3072 Nec
2473 3033 2764 3073 removere
2790 3015 2946 3073 viros
2974 3019 3167 3072 cessat
3194 3017 3266 3072 de
3292 3019 3457 3089 parte
3487 3015 3780 3090 superbos

2328 3103 2512 3161 Fortis
2565 3104 2909 3162 Adalbertus
2966 3105 3136 3178 (102')
3186 3104 3550 3178 juvenilibus
3607 3103 3842 3161 obsitus

3546 3191 3770 3267 [annis,

2327 3282 2780 3356 Apenninicolas
2810 3283 3004 3339 fausta
3033 3282 3182 3356 (103)
3214 3282 3316 3356 qui
3345 3282 3584 3339 nomine
3607 3285 3848 3338 turmas

2330 3370 2520 3440 Elicit,
2544 3371 2775 3444 egregio
2809 3371 3059 3443 cupidus
3085 3371 3300 3426 servire
3331 3370 3632 3444 magistro.

2333 3459 2587 3516 Emicuit
2617 3459 2811 3516 subito
2842 3459 2903 3515 in
2935 3458 3146 3515 mediis
3174 3457 3276 3516 lux
3304 3457 3462 3514 alma
3489 3457 3780 3526 tenebris,

2333 3550 2400 3604 Et
2427 3548 2602 3605 rediit
2631 3566 2746 3622 pax
2775 3551 2946 3622 grata
2973 3547 3108 3620 piis,
3137 3547 3338 3621 procul
3369 3547 3607 3620 agmine
3630 3547 3798 3604 tristi

2333 3639 2630 3710 Exempto,
2663 3637 2982 3711 patriaeque
3010 3637 3156 3693 duce
3187 3653 3254 3693 ac
3294 3637 3556 3710 genitore
3587 3640 3848 3710 recepto.

2333 3727 2442 3794 Qui
2472 3726 2609 3784 licet
2639 3726 2855 3782 effusos
2880 3729 3002 3782 toto
3031 3725 3215 3800 egerit
3245 3725 3385 3781 orbe
3413 3725 3777 3797 triumphos,

2333 3815 2597 3872 Cluserat
2626 3814 2858 3888 imperii
2888 3814 3139 3870 necdum
3169 3814 3497 3870 diademate
3522 3813 3784 3879 vultum,

2335 3905 2597 3960 Romana
2627 3907 2866 3960 steterat
2896 3902 3110 3959 rutilus
3141 3919 3244 3958 nec
3274 3902 3536 3959 vestibus
3565 3901 3704 3958 aula

2336 3993 2823 4065 Induperatorum
2853 3989 3027 4047 solito
3057 3991 3128 4047 de
3158 4007 3319 4046 more
3349 3993 3682 4063 parentum.

2335 4080 2489 4136 Cur?
2519 4081 2645 4136 Nisi
2674 4081 2830 4153 quod
2858 4079 3070 4136 vicisse
3097 4079 3262 4136 dolos
3291 4079 3508 4136 virtute
3537 4079 3814 4148 decebat,

2335 4171 2422 4226 Ad
2454 4187 2755 4226 summum
2795 4169 3046 4226 transire
3093 4168 3362 4242 gradum,
3395 4168 3513 4226 nisi
3564 4185 3722 4242 saepe
3749 4185 3852 4226 vo-

3513 4257 3735 4329 [catum
3758 4260 3783 4312 ἓ

2335 4350 2618 4406 Summus
2635 4351 2760 4403 erat
2785 4350 2985 4420 pastor
2997 4351 3139 4404 tunc
3158 4345 3440 4418 temporis
3460 4345 3614 4403 Urbe
3633 4345 3856 4402 Johan-

3620 4433 3776 4508 [nes,

2335 4527 2538 4586 Ofﬁcio
2569 4525 2792 4582 aﬂ‘atim
2823 4523 3017 4582 clarus
3049 4523 3372 4596 sophiaque
3401 4521 3684 4596 repletus,

2333 4620 2521 4689 Atque
2551 4615 2653 4671 diu
2683 4612 2860 4670 talem
2893 4613 3100 4670 merito
3134 4616 3402 4669 servatus
3431 4612 3504 4668 ad
3537 4628 3740 4668 usum.

2335 4708 2634 4773 Quatenus
2683 4702 2822 4758 huic
2878 4702 3228 4776 prohibebat
3282 4718 3422 4774 opes
3475 4701 3673 4758 vicina
3701 4701 3857 4758 Cha-

3529 4789 3779 4864 [rybdis,

2335 4884 2600 4956 Purpura
2627 4897 2775 4954 quas
2814 4881 3056 4937 dederat
3093 4879 3386 4951 majOrum
3417 4881 3625 4952 sponte
3654 4879 3854 4964 beato,

2330 4971 2561 5030 Limina
2589 4969 2690 5042 qui
2723 4973 2944 5027 reserat
2973 4968 3152 5025 castis
3189 4967 3514 5035 rutilantia,
3543 4967 3744 5036 Petro,

2331 5064 2492 5118 Dona
2521 5059 2657 5114 duci
2691 5057 2875 5114 mittit
2905 5057 3091 5114 sacris
3123 5057 3368 5114 advecta
3395 5055 3716 5124 ministris,

2331 5152 2454 5216 Quo
2485 5164 2712 5204 memor
2739 5147 2982 5204 extremi
3014 5147 3236 5202 tribuat
3265 5161 3376 5202 sua
3397 5145 3538 5218 jura
3563 5144 3685 5201 diei

2331 5237 2629 5306 Romanis,
2655 5237 2808 5292 fovet
2830 5235 3119 5293 Ausonias
3149 5251 3266 5306 quo
3291 5233 3535 5290 numine
3560 5237 3777 5304 terras,

2261 5398 2436 5522 ξλιίίξᾶ
2463 5398 2738 5522 Ιῧιίονὲἕίκ
2763 5397 3030 5464 marchio,
3051 5395 3377 5466 Berengarii
3393 5409 3580 5466 gener.
3609 5393 3854 5468 Liudpr-

2189 5469 2331 5527 Ante
2371 5469 2454 5526 od.
2487 5469 2560 5538 Il,
2591 5469 2681 5524 33.

2255 5487 2402 5614 (101.33)
2418 5543 2476 5614 ΔΕ
2503 5539 2722 5614 vocibus
2751 5536 2898 5593 Adal
2924 5545 2979 5614 et
3004 5539 3132 5596 bert
3167 5537 3464 5612 potentiam
3497 5543 3549 5592 et
3580 5535 3838 5610 splendo.

2190 5609 2308 5671 rem
2336 5609 2710 5670 indicantibus
2737 5611 3046 5682 composito.
