3950 6358
110 315 262 378 1321

1363 318 1428 380 S.
1475 318 1904 381 MATHlLD’IS
1945 317 2259 380 REGINA.

3352 309 3510 377 1323'

108 448 389 518 audisset,
421 458 575 522 genu
606 448 666 505 in
688 453 902 506 terram
952 451 1117 518 ﬂexo,
1151 455 1439 507 catervam
1490 452 1606 507 Deo
1639 449 1756 508 illic
1782 453 1839 520 Α
1867 451 2058 507 verbis
2088 450 2422 523 increpans,
2456 447 2694 504 currum
2745 453 2900 504 stare
2922 449 3125 519 jussit,
3158 453 3215 504 et
3241 463 3376 504 eum
3407 448 3512 522 qui

111 539 494 596 servientium
541 554 888 606 convocans,
946 539 1243 595 imnidicis
1286 540 1471 595 Deum
1518 540 1760 596 laudare

100 629 290 700 jussit
316 628 596 700 signaque
629 627 887 682 ecclesiae
919 629 1252 696 consonari,
1283 633 1487 685 natum
1537 628 1754 684 caelesti

112 718 242 792 regi-
270 717 736 774 cOmmendando
766 716 1097 788 parvulum,
1132 721 1188 772 et
1218 718 1346 788 ejus
1388 718 1515 772 vitae
1548 722 1755 788 optans

105 807 551 879 prosperitatem
618 806 852 876 inquit:
887 807 985 860 Hic
1029 808 1238 861 exteris
1289 806 1559 860 illustrior
1605 808 1759 877 fama

106 897 265 952 nobis
283 895 501 968 aliquid
523 895 857 967 praebiturus
886 903 963 950 est
991 896 1210 965 insigne
1238 895 1572 966 parentibus.

185 987 268 1041 11.
301 985 465 1040 Nunc
485 985 611 1055 jam
644 987 1007 1038 revertamur
1036 984 1107 1038 ad
1131 984 1394 1053 ejusdem
1428 984 1571 1038 bene
1592 988 1756 1055 gesta

109 1073 464 1138 Machtildis,
505 1088 632 1144 qua:
664 1072 714 1126 si
764 1089 867 1144 per
914 1071 1148 1144 singula
1195 1077 1752 1139 transcurreremus,

105 1163 443 1218 inmensum
473 1161 802 1234 legentibus
833 1160 1222 1216 edidissemus
1249 1160 1542 1225 volumen,
1565 1178 1754 1233 neque

107 1251 263 1308 enim
293 1250 492 1306 omnia
506 1249 918 1321 comprehendi
939 1253 1206 1322 possunt,
1225 1266 1329 1304 nec
1359 1250 1557 1304 omnia
1577 1249 1755 1306 latere

108 1340 384 1412 patimur.
421 1339 565 1394 Nam
595 1339 724 1409 ejus
753 1338 989 1394 animus
1020 1338 1136 1393 Deo
1155 1337 1343 1410 magis
1373 1355 1440 1392 ac
1462 1338 1648 1410 magis
1671 1339 1755 1392 in-

109 1433 331 1496 tentus,
362 1431 418 1485 et
447 1428 519 1483 de
549 1427 763 1483 virtute
795 1427 1106 1498 proficiens
1137 1426 1196 1480 in
1227 1427 1525 1495 virtutem,
1560 1443 1756 1482 mona-

108 1516 286 1573 steria
298 1515 562 1588 augendo
574 1514 787 1570 Palithi
800 1515 1145 1570 clericorum
1161 1514 1420 1570 instituit
1442 1519 1749 1570 catervam.

107 1606 313 1662 Postea
340 1604 867 1676 Quidil'ingaburgh
885 1604 945 1658 in
978 1602 1148 1673 valle,
1178 1620 1245 1658 ea
1260 1603 1755 1674 disponente,alia

108 1693 389 1752 suecrevit
418 1693 665 1748 fratrum
699 1693 1102 1765 congregatio,
1137 1696 1194 1747 et
1223 1692 1281 1746 in
1313 1697 1511 1747 monte
1563 1708 1751 1747 coeno-

105 1784 270 1840 bium
295 1781 832 1838 sanctimonalium.
867 1781 978 1836 Sed
1029 1787 1087 1836 et
1118 1779 1278 1836 aliud
1310 1780 1370 1835 in
1425 1781 1752 1852 propinquo

105 1873 231 1929 loco
259 1871 561 1927 G'er'enrlod
593 1871 725 1942 (15),
760 1869 930 1942 plura
946 1885 1177 1941 quoque
1198 1870 1461 1925 cmnobia
1489 1875 1752 1924 constru-

105 1962 228 2028 xit;
259 1977 389 2033 qua
416 1977 530 2015 non
563 1959 754 2015 solum
785 1976 888 2030 per
935 1958 1312 2026 monasteria,
1359 1963 1424 2013 ut
1471 1957 1747 2025 diximus,

104 2051 223 2106 Deo
253 2048 663 2115 servientibus,
691 2049 792 2103 sed
817 2047 1046 2102 cunctis
1066 2047 1332 2103 extiterat
1363 2049 1458 2119 pia
1483 2047 1749 2120 indigen-

102 2140 290 2195 tibus.
316 2137 462 2194 Nam
494 2140 704 2210 prater
737 2135 1092 2190 cotidianam
1124 2153 1450 2208 pauperum
1485 2137 1747 2190 refectio-

103 2227 364 2298 nem,bis
393 2226 453 2281 in
484 2226 577 2282 die
603 2225 842 2281 collecta
859 2225 1254 2291 multitudine,
1284 2241 1430 2296 quos
1452 2223 1749 2296 regalibus

101 2316 397 2374 refovebat
425 2314 590 2383 cibis,
622 2330 855 2386 semper
881 2315 1092 2369 diebus
1121 2314 1498 2369 sabbatorum
1540 2312 1747 2368 balneo

104 2410 623 2480 parato‘pauper’es
653 2407 708 2459 et
761 2404 1099 2477 peregrinos
1160 2403 1401 2458 recreari
1452 2403 1608 2466 fecit,
1642 2401 1746 2457 ali-

104 2495 337 2566 quando
361 2495 490 2567 ipsa
518 2492 876 2566 ingrediens,
911 2492 1231 2565 aliquando
1280 2509 1414 2547 vero
1464 2491 1744 2564 populum

103 2584 412 2640 devitando
443 2582 992 2639 suosintromittens
1010 2598 1312 2653 sequaces,
1331 2582 1594 2636 membra
1617 2597 1744 2635 mu-

107 2673 321 2728 lierum
352 2669 1492 2744 singuladiluebat.Egredientibusinde
1526 2687 1640 2724 non
1659 2686 1749 2724 so-

103 2761 228 2817 lum
261 2777 426 2816 escas
457 2760 749 2832 praebebat
779 2758 1003 2826 solitas,
1037 2759 1135 2815 sed
1160 2760 1332 2814 etiam
1365 2759 1614 2814 vestium
1639 2756 1748 2812 mi-
1777 2819 1796 2830 _

104 2849 393 2906 nistrabat
423 2848 781 2919 adjumenta.
799 2848 1000 2918 Itaque
1021 2863 1136 2902 non
1161 2847 1356 2902 minus
1385 2850 1508 2902 erat
1529 2846 1751 2902 miseri-

107 2937 316 2994 cordiae
332 2947 496 3005 usus,
530 2953 707 3008 quam
727 2937 798 2991 de
813 2935 977 3007 plebe
991 2935 1380 3008 indigentium
1408 2951 1748 3002 concursus,

106 3045 215 3084 nec
245 3028 483 3084 deerant
514 3027 614 3098 qui
647 3029 929 3098 peterent,
965 3042 1067 3080 nec
1107 3025 1413 3081 deﬁciebat
1462 3025 1616 3096 quod
1649 3026 1749 3080 do-

1866 539 2176 597 transierat
2205 538 2528 594 revocando
2576 539 2928 608 procurabat
2973 534 3505 610 pauperem.';Quid

1865 628 2082 700 plura?
2133 627 2492 700 Virginalem
2551 628 2994 698 propemodum,
3041 627 3362 683 benefactis
3388 627 3507 682 illis

1865 717 2354 788 promerentibus,
2403 715 2762 787 adquisierat
2804 715 3082 787 palmam,
3130 715 3244 772 nisi
3273 719 3507 772 tantum

1865 804 2225 861 secularibus
2255 805 2504 860 vestium
2537 805 2864 860 ﬂoresceret
2884 805 3266 860 ornamentis.
3297 804 3508 861 Nullus

1864 895 2019 949 enim
2053 895 2196 961 dies,
2231 893 2394 948 nulla
2425 894 2605 948 ferme
2634 893 2779 948 hora
2809 909 2937 948 eam
2970 911 3003 948 a
3033 894 3204 949 bonis
3234 894 3358 950 ocio
3385 898 3522 950 tor-'

1863 989 2094 1054 pentem
2127 983 2454 1038 inveniebat
2482 982 2775 1054 operibus,
2831 983 2995 1038 festis
3025 998 3258 1054 quoque
3297 983 3505 1038 diebus

1862 1071 2092 1127 lectioni
2117 1089 2329 1128 vacans
2350 1089 2410 1128 se
2441 1071 2761 1142 occupabat
2773 1075 2874 1126 aut
2901 1070 3029 1142 ipsa
3058 1071 3300 1142 legendo
3318 1075 3420 1126 aut
3432 1071 3506 1126 ab

1862 1161 1993 1215 aliis
2012 1159 2636 1229 audiendo,cotidianis
2648 1177 2782 1216 vero
2805 1159 3031 1226 diebus,
3047 1159 3266 1230 quibus
3279 1155 3506 1230 operari

1860 1249 2014 1316 licet,
2031 1249 2276 1303 orationi
2293 1254 2394 1304 aut
2423 1247 2760 1320 psalmodiis
2775 1248 3165 1314 imcumbens,
3181 1252 3246 1303 ut
3277 1245 3509 1320 semper

1861 1337 2395 1404 solebat,manuum
2409 1342 2604 1394 tamen
2619 1337 2875 1393 instabat
2887 1337 3178 1408 operibus.
3199 1336 3258 1393 Si
3273 1336 3506 1409 quando

1862 1443 1964 1498 per
1992 1430 2179 1482 totum
2212 1427 2369 1481 diem
2430 1426 2674 1482 diversis
2715 1425 3508 1498 populorum‘jcircumclusa

1862 1515 2253 1582 sermonibus,
2285 1520 2350 1570 ut
2379 1515 2472 1571 his
2501 1516 2689 1570 evenit
2718 1515 2818 1587 qui
2852 1530 3030 1587 regno
3060 1514 3378 1586 praesident
3395 1513 3506 1571 ter-

1862 1621 2020 1671 reno,
2056 1604 2199 1659 liora
2229 1604 2435 1660 saltem
2481 1604 2812 1660 refectionis
2859 1608 3023 1660 stans
3055 1609 3188 1660 ante
3235 1619 3502 1660 mensam

1863 1693 2083 1766 aliquid
2107 1711 2254 1766 opus
2280 1693 2545 1760 faciebat,
2572 1693 2971 1765 priusquam“
3000 1709 3196 1748 escam
3217 1697 3502 1766 gustaret,

1862 1781 2005 1836 illud
2039 1799 2372 1838 memorans
2429 1799 2495 1838 ac
2525 1783 2763 1839 dicens:
2819 1784 2924 1851 Qui
2970 1798 3080 1838 non
3141 1783 3258 1838 vult
3287 1783 3508 1854 operari

1861 1888 1971 1927 non
1997 1871 2284 1927 manducet
2316 1857 2386 1942 (II
2418 1872 2592 1928 Thess.
2627 1887 2714 1940 III,
2749 1873 2861 1943 40).

1932 1962 2017 2014 12.
2053 1960 2395 2016 Hisactibus
2426 1960 2963 2032 beatisoccupatam
2997 1960 3056 2015 in
3070 1963 3300 2016 tantum
3314 1960 3511 2016 divina

1859 2049 2118 2120 provexit
2143 2048 2469 2114 clementia,
2501 2054 2565 2104 ut
2595 2049 2772 2105 etiam
2803 2049 3051 2105 Domino
3082 2048 3363 2123 largiente
3394 2050 3507 2106 mi-

1859 2137 2189 2193 raculorum
2208 2137 2576 2194 inclaruisset
2603 2138 2750 2194 luce.
2779 2139 2999 2194 Namin
3017 2137 3507 2210 Quidilingaburg

1859 2227 2091 2282 civitate
2111 2227 2205 2281 die
2237 2228 2490 2298 quadam
2524 2232 2688 2282 stans
2732 2243 2912 2298 supra
2960 2225 3180 2282 montis
3207 2226 3506 2297 verticem,

1858 2331 2180 2387 pauperum
2213 2316 2271 2369 in
2304 2315 2454 2370 valle
2500 2320 2832 2372 vescentem
2879 2315 3182 2388 conspexit
3223 2318 3506 2383 turmam,

1859 2404 2776 2477 ministrumqueintcrrogavit,si
2793 2405 2959 2476 panis
2971 2401 3515 2477 pauperibusdatus

1857 2499 2013 2548 esset
2043 2509 2175 2548 cum
2190 2493 2395 2550 ceteris
2409 2492 2721 2560 alimentis,
2738 2494 2923 2566 etﬂille
2956 2495 3317 2566 respondens
3329 2496 3476 2552 dixit
3497 2520 3515 2561 ι

1860 2584 2104 2638 Minime.
2140 2583 2285 2636 Hinc
2317 2583 2482 2654 quasi
2515 2583 2574 2637 in
2605 2582 3069 2655 dispensatorem
3101 2583 3272 2656 irata,
3313 2587 3508 2642 subito

1857 2689 2010 2743 pane
2040 2676 2260 2743 erepto,
2289 2671 2457 2742 signo
2489 2672 2678 2727 crucis
2708 2671 3229 2744 manu,impresso,
3271 2674 3508 2730 Domini

1857 2760 2122 2815 invocato
2155 2759 2408 2828 nomine,
2444 2765 2508 2816 ut
2529 2760 2600 2814 ad
2633 2761 2831 2816 omnia
2862 2759 3101 2827 solebat,
3136 2761 3206 2818 de
3232 2761 3347 2818 alto
3379 2779 3508 2836 pro-

1851 2848 1994 2920 jecit
2023 2849 2348 2916 cacumine,
2382 2849 2479 2920 qui
2505 2865 2606 2920 per
2636 2865 2776 2904 saxa
2803 2848 3098 2906 volutatus
3112 2854 3170 2906 et
3199 2853 3508 2924 sepem,in-

1860 2937 2108 2993 colurnis
2123 2938 2434 3009 cujusdam
2463 2938 2736 3010 pauperis
2765 2940 3094 3010 pervenitin
3109 2940 3326 3008 sinum,
3351 2941 3507 3012 quod

1862 3027 1961 3098 qui
1975 3028 2216 3082 aderant
2235 3027 2497 3081 videntes
2526 3027 2718 3082 mirati
2735 3031 2892 3095 sunt,
2909 3028 3176 3084 divinaid
3191 3030 3509 3102 contigisse

105 3119 290 3171 naret.
318 3116 464 3171 Cum
512 3119 709 3170 autem
760 3115 889 3186 ipsa
945 3131 1232 3187 pransura
1262 3118 1402 3182 erat,
1456 3118 1545 3169 ter
1575 3131 1752 3187 supra
1796 3186 1818 3188 ι
1860 3120 2141 3172 testantes
2170 3116 2400 3171 virtute.
2437 3114 2719 3188 Fulgebat
2740 3124 2796 3171 et
2823 3115 2936 3172 alio
2968 3117 3026 3172 in
3058 3118 3258 3174 eadem
3280 3119 3509 3175 civitate

105 3216 371 3261 mensam
405 3204 618 3259 cotidie
657 3186 1102 3276 omnigenorum
1153 3201 1346 3258 allatis
1398 3199 1749 3258 ferculorum
1781 3186 1823 3253 C
1863 3205 2166 3260 miraculo.
2201 3205 2347 3260 Nam
2379 3221 2512 3258 cum
2540 3186 2598 3258 in
2637 3205 2884 3260 ecclesia
2933 3207 3048 3261 Deo
3097 3206 3508 3263 holocaustum

105 3294 354 3362 deliciis,
383 3293 735 3349 monasterio
766 3294 815 3349 si
848 3293 1068 3360 aderat,
1101 3291 1328 3347 nullum
1368 3293 1642 3364 gustabat
1670 3291 1754 3346 ci-

104 3385 248 3440 bum
281 3383 626 3456 priusquam
644 3381 997 3437 christicolis
1025 3381 1223 3436 omnia
1246 3381 1442 3436 divisit
1466 3400 1477 3447 ;
1505 3381 1594 3436 sin
1621 3397 1754 3436 vero

107 3471 370 3528 coenobio
401 3471 608 3540 abluit,
641 3470 939 3542 languidis
971 3470 1304 3542 hospitibus
1357 3469 1585 3541 sibique
1629 3485 1754 3524 ser-

106 3560 551 3617 vientibus’haac
581 3559 854 3616 similiter
892 3560 1099 3630 jejuna
1148 3558 1420 3629 porrexit.
1475 3557 1616 3612 lllud
1651 3573 1757 3612 nec

107 3650 604 3723 praetereundum,
637 3653 702 3703 ut
731 3648 1185 3720 quibuscumque
1217 3650 1341 3702 erat
1387 3646 1552 3710 locis,
1603 3645 1756 3718 ignis

111 3757 228 3796 non
259 3739 566 3796 deficiebat
591 3755 694 3811 per
721 3741 971 3802 noctem,
1004 3753 1119 3791 non
1151 3735 1341 3790 solum
1374 3735 1430 3789 in
1462 3734 1627 3790 tectis
1657 3733 1757 3790 sed

111 3830 288 3885 etiam
320 3829 478 3884 nudo
537 3827 650 3884 sub
684 3843 814 3882 aere
858 3825 1132 3881 omnibus
1157 3825 1228 3880 ad
1279 3824 1588 3879 utilitatem
1639 3823 1758 3878 illic

112 3916 638 3975 commorantibus.
699 3915 875 3972 Moris
932 3930 1165 3986 quoque
1195 3912 1349 3969 soliti
1397 3912 1518 3967 haec
1559 3917 1761 3968 sancta

113 4008 365 4064 habebat
395 4007 630 4072 femina,
660 4004 1164 4077 quotienscunque
1185 4003 1422 4073 longum
1457 4019 1558 4057 seu
1591 4003 1761 4058 breve

114 4101 380 4170 pergeret
413 4096 540 4162 iter,
575 4093 847 4150 candelas
879 4109 1096 4170 secum,
1150 4091 1400 4164 singulis
1431 4095 1496 4146 ut
1541 4090 1763 4148 videret

113 4185 406 4254 oratoriis,
440 4189 496 4241 et
527 4184 747 4240 cibaria
769 4169 946 4255 juxta'
970 4197 1207 4238 currum
1239 4181 1462 4237 deferre
1493 4181 1555 4248 ⁸³,
1590 4180 1761 4236 utin-

113 4275 384 4349 digentes
413 4291 520 4347 per
544 4274 699 4329 viam
726 4273 987 4328 reficeret
1014 4270 1102 4325 vel
1127 4273 1391 4342 aegrotos.
1425 4269 1501 4338 Si,
1529 4271 1762 4342 quando

115 4379 357 4421 currum
389 4363 667 4419 insidenti
681 4360 1268 4432 somnusirrepserat,
1283 4364 1347 4414 ut
1377 4359 1618 4415 fortasse
1638 4377 1763 4431 quas

116 4453 311 4509 noctis
335 4450 566 4524 vigilias
599 4467 750 4523 saepe
780 4449 1076 4505 exsomnis
1090 4449 1308 4504 orando
1331 4448 1599 4514 ducebat,
1621 4447 1765 4502 indi-

1863 3291 2094 3346 olferret
2119 3291 2493 3346 devotissime
2526 3291 2588 3358 ¹⁶,
2624 3292 2892 3362 quaedam
2927 3292 3160 3348 cervula
3189 3294 3510 3349 domestica

1863 3380 2019 3434 intra
2041 3379 2363 3434 claustrum
2382 3379 2884 3446 edomita,occulte
2901 3381 3351 3453 ampullam,vas
3368 3397 3509 3454 que-

1866 3485 1979 3539 que
2009 3468 2223 3536 vini,ut
2244 3469 2465 3541 saepein
2483 3470 2855 3525 monasteriis
2873 3469 3107 3541 assolet,
3128 3471 3508 3543 subripiendo

1866 3557 2176 3623 devoravit,
2207 3575 2382 3629 quam
2415 3562 2731 3630 praesentes
2760 3559 3148 3632 obstupefacti
3181 3561 3364 3615 feram
3398 3578 3508 3616 ca:-

1867 3648 2076 3714 dendo,
2111 3645 2408 3712 minando,
2427 3649 2700 3704 manibus
2717 3648 3050 3719 plaudendo
3077 3649 3372 3722 requirere
3393 3666 3509 3705 non

1867 3735 2156 3803 valebant,
2189 3736 2370 3792 donec
2400 3737 2578 3808 digna
2603 3737 2718 3792 Deo
2750 3737 2952 3810 regina
2977 3737 3062 3793 ori
3092 3738 3292 3794 bestia
3329 3754 3506 3794 manu

1868 3829 2134 3898 porrecta
2181 3824 2411 3880 blandis
2441 3827 2630 3882 verbis
2685 3826 2964 3883 dixisset:
3014 3827 3221 3896 Redde,-
3264 3818 3513 3883 nostrain

1867 3922 1964 3980 est,
1997 3914 2136 3986 quod
2149 3915 2342 3970 tulisti.
2361 3913 2467 3969 Illa
2495 3913 2647 3970 dicto
2665 3916 2838 3971 citius
2850 3915 3000 3970 hanc
3025 3908 3209 3988 quam
3235 3916 3514 3972 hauserat

1871 4001 2509 4074 revomuitampullam.
2525 4003 2664 4067 Quis
2677 4003 2904 4060 dubitet
2916 4022 3237 4078 supernum
3255 4007 3518 4062 domina-

1871 4097 2057 4147 torem
2089 4092 2218 4163 ejus
2251 4092 2473 4147 meritis
2507 4091 2746 4149 feralem
2778 4093 2836 4148 in
2887 4094 3517 4150 humanum"vertisse

1873 4186 2150 4238 sensum?
2181 4181 2439 4236 Plurima
2457 4198 2590 4238 vero
2617 4182 2675 4236 in
2708 4199 2775 4238 ea
2794 4187 3068 4256 operatus
3099 4187 3188 4239 est
3208 4182 3514 4254 Dominus,

1872 4288 1999 4342 quae
2033 4269 2080 4324 si
2116 4287 2217 4343 per
2247 4272 2286 4305 ¹’¹
2319 4269 2551 4343 singula
2575 4271 2764 4327 notari
2791 4276 3050 4343 possent,
3082 4271 3352 4329 miranda
3369 4271 3523 4328 vide-

1874 4364 2114 4427 rentur;
2149 4361 2245 4415 sed
2301 4361 2653 4416 intrinsecus
2703 4361 2892 4434 magis
2939 4362 3152 4418 enituit
3179 4361 3520 4429 virtutibus,

1878 4465 2053 4519 quam
2088 4449 2414 4505 forinsecus
2445 4449 2861 4507 miraculorum
2887 4451 3092 4523 signis.

119 4541 386 4613 gentium
421 4539 737 4612 quisquam
755 4539 961 4594 obvius
992 4531 1182 4593 fa'ctus
1205 4537 1430 4603 fuisset,
1456 4536 1766 4592 sanctimo-
1797 4551 1844 4615 D
1951 4538 2037 4590 13.
2092 4538 2313 4592 Interea
2370 4554 2563 4611 regem
2612 4539 2878 4595 Ottonem
2937 4541 3230 4612 papa(l6)
3276 4541 3531 4595 Romam

117 4630 296 4686 nialis
328 4633 522 4685 autem
554 4633 686 4684 ante
707 4645 834 4684 eam
851 4627 1059 4683 sedens
1077 4627 1313 4682 nomine
1345 4626 1621 4698 Ricburg,
1643 4643 1772 4698 quae

119 4718 314 4792 ipsius
346 4717 401 4772 in
421 4716 814 4774 ministerium
860 4714 1164 4788 praelecta
1185 4719 1327 4782 erat,
1355 4715 1398 4770 si
1425 4716 1657 4770 incaute
1671 4718 1774 4770 aut

118 4805 628 4879 ipsa-dormitans,
661 4819 764 4861 seu
798 4803 1012 4860 librum
1046 4802 1652 4876 inspiciendolegeret,
1678 4821 1773 4859 cu-

124 4912 251 4951 ram
284 4893 536 4968 neglexit
564 4893 836 4967 pauperis
861 4895 920 4958 “,
956 4911 1082 4949 eam
1099 4910 1211 4948 non
1245 4892 1538 4960 excitaret,
1572 4894 1774 4965 regina

121 4984 330 5040 statim
385 4985 803 5056 expergefacta,
853 4982 1170 5038 salutiferis
1219 4999 1413 5037 caram
1463 4999 1771 5052 sequacem

1880 4629 2144 4692 vocante,
2161 4625 2618 4696 imperialem,ut
2639 4627 3062 4694 credimus,Dei
3074 4629 3250 4699 jussu
3265 4628 3527 4698 accipere

1881 4731 2178 4778 coronam,
2213 4713 2813 4784 Italiamjadipiscendi
2835 4716 3024 4787 gratia
3045 4715 3212 4787 petiit
3233 4717 3356 4787 (An.
3371 4717 3524 4787 960),

1882 4821 2060 4877 quam
2093 4803 2256 4876 prius
2288 4803 2487 4876 regina
2516 4803 2793 4859 Adelbeid
2827 4805 2885 4860 in
2919 4805 3111 4861 dotem
3161 4806 3522 4876 possederat.

1884 4893 2026 4949 Filio
2058 4893 2238 4966 igitur
2268 4909 2372 4947 suo
2403 4893 2596 4948 Ottoni
2631 4909 2808 4965 regno
2839 4895 3072 4964 tradito,
3115 4893 3239 4967 ipse
3287 4895 3527 4952 fortium

1881 4987 2114 5056 pectoru
2127 5000 2180 5038 m
2195 4981 2347 5036 viros
2377 4997 2573 5037 secum
2589 4980 2844 5039 tollendo
2859 4983 3090 5039 ivituna
3109 5001 3244 5040 cum
3257 4987 3529 5059 conjuge,

1456 5089 1693 5145 VARLE
1733 5091 2148 5146 LECTIONES.

194 5194 237 5269 ¹ῗ
267 5191 480 5269 deferri
538 5190 654 5247 eod.
693 5263 706 5269 _
734 5191 776 5226 ¹⁴
806 5190 1068 5269 excidisse
1097 5186 1311 5269 videtur
1339 5191 1434 5255 et;
1463 5187 1728 5259 perplexa
1754 5191 1828 5246 est
1857 5191 2148 5245 verborum
2176 5191 2520 5257 constructio,
2601 5189 2640 5224 ¹⁵
2675 5190 2753 5245 ita
2807 5189 3128 5263 legendum,-
3157 5191 3282 5250 cod.
3333 5210 3531 5269 quam.

124 5265 170 5301 ¹⁶
201 5263 583 5320 devotissima
610 5263 725 5319 cod.
807 5264 848 5298 ³⁷
874 5279 1050 5334 super
1078 5260 1192 5316 cod.

1721 5347 1954 5407 NOTZE.

201 5451 316 5525 (15)
351 5453 494 5507 Ann.
521 5449 942 5525 Quedlinburg.
977 5447 1049 5505 ad
1090 5447 1249 5525 {Oli},
1281 5450 1348 5525 et
1386 5445 1782 5517 Thietmarus,

127 5521 307 5589 ιῐ,’13’
331 5523 671 5580 monasterii
704 5521 1064 5579 conditorem
1099 5521 1282 5576 fuisse
1312 5521 1593 5575 Geronem
1629 5535 1785 5574 mar-

127 5595 405 5658 chionem
435 5595 696 5665 tradunt,
738 5610 927 5667 neque
958 5593 1124 5662 alias,
1177 5591 1332 5668 quod
1365 5590 1546 5650 sciam
1578 5591 1647 5650 de
1676 5590 1786 5652 hac

456 5719 722 5790 Parnm.
765 5718 911 5786 GLI.

1897 5447 2235 5522 fundatione
2268 5448 2568 5522 Mathildis
2598 5447 2828 5522 legitur.

1968 5518 2079 5594 (46)
2109 5520 2335 5576 Joanne
2366 5520 2489 5580 XII.

3141 5727 3226 5800 ιι
