3950 6400
941 24 964 29 "'
973 24 1087 38 ‘73—..-
1098 28 1103 40 Ι

400 348 558 416 1323

1666 343 2023 414 .APPEND.
2067 346 2170 414 AD
2215 345 2404 414 SIEC.
2446 343 2522 414 Χ..

3651 346 3815 414 1324

397 487 455 542 et
485 483 878 541 Christoduce
891 481 1856 541 excellentissimusvictorLatium
1871 501 2042 557 expu-
2070 483 2127 553 Α
2159 484 2216 540 in
2249 483 2344 540 his
2375 483 2718 540 morabatur
2748 480 3088 557 regionibus
3110 482 3232 558 (An.
3254 482 3403 558 966).
3437 483 3692 544 Romam
3715 489 3814 544 de-

397 573 615 647 gnavit,
647 572 1200 647 Berengariumque,
1251 574 1352 646 qui
1400 589 1647 647 regnum
1699 573 2042 629 Latinorum

393 667 798 736 usurpaverat,
832 663 1013 719 armis
1071 679 1365 734 premens,
1416 663 1711 736 captivum
1757 679 1891 718 cum
1923 667 2045 718 tota

397 750 622 808 familia
650 751 710 810 in
727 752 1128 808 Bawariorum
1143 739 1438 825 regionem
1452 753 1662 824 ducere
1667 751 1864 824 jussit.
1877 751 2042 806 Dein-

396 841 470 896 de
481 843 768 914 augustus
781 841 970 897 sancti
996 841 1147 896 Petri
1165 841 1238 897 ad
1252 841 1588 897 cathedram
1611 857 1744 896 cum
1759 857 1935 896 uxore
1948 857 2013 895 co
2023 871 2041 879 -

396 933 640 988 renatus
669 929 794 1001 (An.
826 929 978 1001 954),
1006 930 1337 986 Romanum
1355 933 1564 985 tenens
1582 929 1920 1002 imperium,
1944 946 2049 1000 per

396 1017 690 1076 Ausonias
710 1018 886 1076 urbes
900 1035 1136 1076 summa
1147 1023 1431 1092 potestate
1462 1017 1872 1092 regnabat.His
1893 1022 2046 1073 certe

402 1106 612 1164 diebus
634 1107 853 1180 quibus
873 1123 973 1164 rex
985 1107 1243 1180 primum
1261 1107 1518 1163 adiverat
1531 1105 1756 1162 Italiam
1781 1107 1902 1177 (An.
1918 1108 2044 1171 962,

402 1197 555 1252 Febr.
589 1195 666 1269 2),
699 1196 830 1268 ipsa
857 1197 986 1268 ejus
1015 1196 1265 1270 genitrix
1292 1214 1394 1268 spe
1411 1196 1736 1268 timoreque
1762 1199 2046 1267 correpta,

403 1285 662 1342 assiduis
690 1285 888 1342 Deum‘
907 1303 1012 1358 pro
1039 1285 1156 1342 ﬁlio
1181 1283 1588 1358 interpellabat
1617 1283 1907 1356 precibus,
1932 1300 2047 1355 quo

403 1372 640 1430 interim
669 1390 774 1447 pro
805 1373 925 1430 nati
956 1374 1196 1430 victoria
1219 1372 1504 1447 singulari
1537 1371 1820 1429 sacriﬁcio
1855 1371 2048 1427 fortis-

407 1461 625 1520 simum
656 1461 913 1535 placaret
931 1462 1292 1520 bellatorem.

419 1591 433 1599 -
475 1553 563 1608 14.
595 1551 727 1608 Hec
756 1551 952 1609 animo
979 1551 1268 1608 sententia
1313 1551 1588 1606 tractanti
1638 1549 1789 1606 sedit
1819 1550 1878 1604 in
1909 1549 2048 1604 imo.

403 1641 738 1700 Construxit
767 1641 944 1698 etiam
973 1641 1033 1697 in
1065 1641 1398 1697 Northusen
1431 1639 1783 1707 caenobium,
1818 1655 2053 1711 congre-

405 1747 552 1804 gans
577 1747 844 1788 sororum
878 1733 1167 1787 catervam
1198 1747 1303 1803 pro
1335 1747 1443 1787 sua
1473 1743 1832 1800 suorumque
1864 1729 2051 1782 salute

2154 591 2271 629 nuo
2304 575 2346 609 ¹⁹
2378 573 2562 645 petiit,
2594 572 2712 628 ﬁlio
2745 572 2924 629 simul
2955 578 3240 630 assumto.

2228 663 2312 716 15.
2344 661 2868 734 Adpropinquabat
2907 666 3106 719 autem
3149 663 3313 729 hora,
3357 681 3491 744 cum
3522 665 3817 722 Dominus

2154 749 2348 806 electae
2370 767 2487 806 suae
2505 749 2738 806 famula
2761 751 3060 808 Machtildi
3093 753 3509 825 temporalium
3539 753 3819 810 laborum

2156 840 2485 895 mercedem
2518 840 2757 896 reddere
2808 841 3222 898 destinaverat.
3273 843 3583 916 [Egrotans
3634 843 3822 917 igitur

2156 945 2259 999 per
2289 929 2424 983 anni
2484 928 2788 998 circulum,
2841 946 3008 986 casas
3039 933 3098 986 et
3154 930 3396 987 castella
3440 933 3818 1006 peragrabat,

2154 1015 2212 1070 in
2223 1017 2254 1071 ﬁ
2264 1017 2557 1072 rmitatem
2571 1021 2746 1089 prout
2762 1019 2955 1090 potuit
2968 1018 3232 1075 occultan
3243 1019 3632 1077 s.Northusen
3649 1020 3822 1090 adiit,

2159 1109 2216 1160 et
2247 1105 2538 1178 Ricburga
2562 1106 2844 1162 ﬁdelisua
2855 1123 3050 1164 coram
3069 1113 3438 1180 prasentata,
3473 1126 3653 1182 quam
3675 1127 3824 1183 pra:-

2156 1193 2275 1250 fato
2306 1195 2568 1250 cmnobio
2641 1195 3001 1252 abbatissam
3033 1213 3286 1270 praeesse
3312 1198 3544 1265 fecerat,
3572 1203 3824 1272 speratae

2156 1299 2337 1338 causa
2357 1283 2492 1339 ﬁdei
2519 1284 2936 1356 pauperculam
2950 1285 3096 1342 bene
3117 1287 3467 1358 procurandi
3491 1293 3822 1357 catervam,

2158 1371 2240 1426 ait
2270 1372 2341 1426 ad
2373 1371 2534 1426 illam
2563 1389 2576 1427 :
2611 1373 2797 1428 Sentio
2828 1389 2912 1430 me
2951 1375 3139 1431 morbo
3186 1380 3456 1432 crescente
3491 1379 3618 1450 jam
3645 1393 3827 1434 reces-

2159 1477 2369 1531 suram,
2401 1469 2452 1516 et
2471 1462 2664 1517 vellem
2691 1463 2790 1516 hoc
2817 1462 2931 1518 loco
2960 1465 3202 1534 sepeliri,
3227 1471 3288 1520 ut
3311 1465 3421 1534 ﬁlii
3447 1467 3558 1522 mei
3579 1481 3719 1536 erga
3733 1482 3829 1523 vos

2159 1549 2340 1620 major
2366 1558 2502 1604 esset
2555 1553 2872 1620 procuratio
2887 1569 2909 1612 ;
2965 1552 3058 1606 sed
3085 1554 3194 1608 scio
3224 1555 3270 1588 ²⁰
3297 1555 3396 1610 hoc
3450 1555 3607 1611 nullo
3660 1555 3832 1612 modo

2159 1639 2478 1705 consentiri,
2509 1656 2644 1692 nam
2697 1638 2950 1696 dominus
2977 1645 3162 1698 noster
3213 1642 3674 1716 Quidilingaburg
3726 1661 3832 1702 re-

2161 1728 2389 1796 quiescit
2419 1727 2703 1782 Henricus.
2741 1729 2854 1797 Quo
2880 1745 3008 1798 ergo
3029 1746 3148 1802 spes
3191 1735 3370 1788 vestra
3420 1733 3695 1789 tendenda
3726 1738 3830 1800 est,

407 1819 739 1876 animarum
769 1823 826 1875 et
845 1836 1176 1892 corporum,
1199 1820 1292 1875 sui
1317 1835 1551 1891 quoque
1579 1817 1806 1890 nepotis
1823 1816 2051 1872 Ottonis
2083 1854 2131 1919 B
2160 1830 2265 1886 quo
2297 1817 2516 1872 animus
2545 1816 2865 1888 dirigendus
2888 1821 2910 1874 Ρ
2931 1817 3004 1873 ad
3035 1821 3230 1874 Deum'
3255 1837 3514 1892 namque.
3564 1821 3836 1879 Plurima

403 1908 661 1980 jnnioris
690 1925 998 1966 consensu.
1025 1909 1186 1974 Quod
1211 1925 1246 1964 a
1274 1909 1656 1963 fundamento
1688 1910 2052 1975 construens,

413 1995 576 2054 illius
606 1997 922 2054 maximam
981 2014 1214 2071 semper
1261 2001 1522 2052 materne
1573 1995 1812 2069 gerebat
1860 2010 2062 2050 curam

415 2085 808 2160 impendendo
827 2103 997 2144 omne
1015 2086 1294 2159 quicquid
1326 2089 1451 2141 erat
1479 2082 1900 2151 necessarium,
1921 2083 2062 2139 dum

413 2175 475 2231 in
505 2175 624 2232 vita
639 2174 853 2233 viveret
889 2175 1180 2248 praesnti.
1200 2175 1465 2246 Cumque
1495 2172 1812 2245 imperator
1842 2172 2062 2228 devicto

414 2265 579 2322 Latio
610 2264 670 2321 in
697 2265 944 2338 patriam
976 2280 1246 2321 reversus
1277 2265 1453 2332 esset,
1505 2261 1806 2318 Coloniam
1858 2262 2064 2316 urbem

415 2357 620 2426 petens
649 2354 784 2427 (17),
814 2353 916 2410 ubi
948 2354 1127 2409 frater
1155 2354 1284 2425 ejus
1335 2352 1528 2407 Bruno
1586 2349 2064 2423 archiepiscopus

416 2443 786 2515 praesidebat,
819 2445 1070 2499 matrem
1100 2440 1241 2497 illuc
1271 2457 1404 2496 cum
1438 2455 1574 2514 rege
1606 2439 1726 2495 ﬁlio
1759 2439 1978 2511 pariter
2011 2442 2070 2494 et

415 2530 664 2606 pulchra
689 2531 914 2604 virgine
944 2531 1054 2603 (18)
1105 2529 1334 2585 obviam
1384 2528 1497 2585 sibi
1526 2527 1719 2584 vocari
1770 2527 2066 2600 praecepit.

422 2621 597 2678 Venit
651 2625 708 2677 et
768 2619 970 2692 regina
1047 2619 1328 2692 Gerburg,
1405 2634 1568 2674 soror
1625 2617 1775 2688 ejus,
1835 2621 1892 2671 et
1948 2619 2071 2671 tota

430 2709 645 2782 regalis
719 2707 1028 2778 utriusque
1101 2723 1272 2762 sexus
1347 2705 1676 2779 progenies,
1755 2721 1952 2760 amore
2007 2719 2070 2760 se

423 2797 680 2854 invicem
739 2796 973 2852 videndi
1045 2799 1412 2869 congregata,
1491 2793 1706 2862 divina,
1769 2797 1834 2848 ut
1889 2793 2068 2848 conﬁ-

427 2886 652 2953 dimus,
681 2885 766 2942 ita
799 2885 1141 2957 disponente
1189 2883 1532 2952 clementia;
1586 2899 1723 2938 nam
1770 2885 1905 2954 post
1950 2880 2071 2936 haec

435 2974 618 3032 simul
669 2991 732 3030 se
787 2991 905 3030 non
960 2974 1255 3041 videbant,
1319 2988 1426 3027 nec
1474 2968 1720 3026 ulterius
1778 2973 2068 3042 tempora-

431 3061 569 3118 liter
620 3062 986 3119 videbantur.
1047 3061 1159 3118 Sed
1215 3065 1273 3116 et
1301 3059 1402 3116 illa
1457 3059 1659 3114 inclita
1717 3062 1902 3114 mater
1951 3058 2070 3113 Ma-

432 3149 672 3208 chtildis
701 3151 923 3224 regina,
980 3153 1278 3206 tantorum
1332 3149 1466 3205 felix
1514 3164 1821 3220 procerum
1875 3151 2071 3219 partu,

429 3239 690 3314 primum
721 3222 1010 3312 aciesare,
1037 3239 1246 3295 deinde
1272 3239 1342 3294 ab
1373 3237 1648 3294 omnibus
1678 3235 1926 3310 posteris
1958 3235 2069 3290 ho-
2099 3222 2142 3288 C

408 3318 664 3388 ‘noriﬁce
715 3333 1005 3402 suscepta,
1057 3345 1195 3385 suos
1241 3328 1542 3400 complexa
1577 3326 1808 3382 laetatur
1851 3324 2068 3381 vidisse

423 3419 1014 3492 nepotes,etmaxime
1043 3416 1597 3474 ﬁliumincolumem
1611 3415 1716 3472 tali
1747 3419 2065 3487 augustum

419 3507 651 3564 venisse
673 3507 733 3564 in
762 3507 949 3582 gloria
978 3506 1198 3564 exultat
1238 3507 1354 3562 Deo
1413 3506 1632 3579 gratias
1686 3503 1928 3576 agendo.
1961 3501 2063 3558 Cui

421 3600 630 3654 cuncta
658 3613 785 3670 quas
813 3597 882 3654 de
931 3597 1289 3654 monasterio
1335 3595 1557 3650 interea
1603 3594 1818 3648 fecerat
1863 3591 2062 3647 ordine

417 3686 707 3760 exposuit,
735 3685 823 3742 vel
841 3685 1001 3759 quali
1022 3685 1736 3759 angereturtimore,opus
1762 3683 2060 3753 inceptum

417 3793 533 3832 non
564 3791 736 3850 posse
755 3777 1053 3849 perficere,
1086 3777 1350 3831 orbatam
1383 3772 1474 3828 sui
1502 3775 1636 3844 post
1683 3773 1932 3829 mortem
1965 3786 2060 3825 re-

415 3863 734 3936 linquendo
752 3868 1062 3933 catervam,
1078 3863 1284 3935 sequej
1295 3879 1389 3917 am
1419 3863 1584 3916 aetate
1599 3863 1892 3914 maturam
1907 3859 2062 3914 intu-

415 3951 505 4022 lit,
537 3957 596 4009 et
623 3952 872 4010 aliorum
905 3969 1104 4008 curam
1129 3952 1258 4007 ideo
1291 3968 1404 4007 non
1436 3949 1710 4024 gessisse,
1742 3949 1880 4020 quia
1895 3947 2058 4020 prius

413 4039 648 4112 incepta
676 4041 718 4076 ¹⁸
746 4041 1008 4097 nondum
1039 4041 1290 4113 perfecta
1319 4043 1504 4095 erant.
1538 4039 1640 4094 Cui
1688 4054 1788 4093 rex
1817 4037 2056 4092 caritate

411 4129 514 4193 Dei
527 4133 584 4186 et
594 4128 843 4203 proximi
856 4146 1194 4198 succensus,
1204 4127 1662 4201 congratulando
1677 4127 1728 4197 ej
1738 4143 1807 4180 us
1829 4125 2054 4182 meritis

409 4219 562 4283 scire
591 4235 654 4276 se
686 4218 832 4275 dixit
859 4217 1120 4275 extitisse
1169 4219 1468 4284 victorem,
1517 4221 1573 4272 et
1597 4233 1669 4273 ne
1714 4219 1908 4271 tantos
1939 4214 2050 4271 sibi

408 4307 654 4380 ﬁngeret
683 4312 896 4376 metus,
929 4307 1195 4363 animum
1219 4311 1552 4362 maternum
1569 4304 2048 4370 dictisleniendo,

407 4413 471 4454 se
495 4397 809 4468 superstite
866 4395 1110 4468 suisque
1165 4395 1415 4468 posteris
1461 4395 1718 4466 jurando
1777 4393 2050 4466 promisit

404 4483 594 4540 eidem
625 4485 886 4540 ccenobio
916 4501 1218 4558 nunquam
1239 4485 1441 4540 deesse
1461 4483 1653 4540 omnis
1683 4483 1934 4539 subsidii
1958 4499 2047 4538 so-

399 4571 619 4633 lamen.
651 4573 891 4630 Talibus
921 4574 1217 4631 dominam
1249 4573 1618 4648 permulcens
1649 4572 2038 4641 sermonibus,
2071 4591 2120 4656 Β

395 4665 772 4720 transeuntes
801 4663 861 4718 in
873 4666 1161 4720 Saxonum
1177 4665 1470 4736 regionem
1501 4664 1573 4719 ad
1605 4663 1873 4718 eamdem
1894 4661 2037 4716 Nor-

395 4751 610 4809 thusen
641 4753 999 4810 devenerunt
1027 4753 1339 4820 civitatem,
1373 4758 1430 4808 et
1457 4753 1529 4808 ad
1561 4752 1866 4824 praefatum
1911 4767 2034 4806 mo-

393 4841 720 4904 nasterium
751 4843 1025 4915 quicquid
1058 4847 1243 4899 mater
1268 4843 1353 4898 vel
1402 4842 1559 4898 ﬁlius
1608 4857 1708 4896 rex
1756 4841 2036 4896 dederant

393 4931 636 5000 addens,
671 4937 726 4987 et
763 4932 890 5004 ipse
936 4933 1338 5005 possessiones
1387 4935 1547 4986 casta
1575 4947 1752 4985 manu
1802 4929 2036 5000 propria

2173 1919 2308 1958 vero
2334 1903 2482 1958 dans
2512 1904 2594 1959 eis
2627 1903 2930 1961 salutifera
2951 1907 3195 1976 monita,
3221 1907 3429 1965 deinde
3457 1909 3830 1984 Quidiling’a-

2171 1992 2326 2064 burg
2355 1993 2632 2064 pervenit,
2676 1993 2756 2048 ibi
2813 1995 3053 2051 tandem
3111 1996 3297 2052 nimia
3326 1998 3488 2055 clade
3535 2005 3830 2074 correpta,

2171 2080 2468 2136 inﬁrmata
2494 2086 2583 2138 est
2606 2099 2792 2154 usque
2821 2085 2892 2138 ad
2908 2083 3158 2141 obitum.
3177 2086 3398 2144 Videns
3427 2092 3624 2145 autem
3645 2095 3833 2146 extre-

2173 2186 2338 2224 mum
2365 2170 2654 2226 inminere
2685 2171 2795 2227 sibi
2831 2171 3008 2241 diem,
3035 2173 3214 2229 divini
3239 2191 3464 2232 memor
3489 2178 3674 2246 verbi,
3728 2180 3833 2236 ubi

2174 2257 2425 2314 dicitur:
2467 2259 2640 2315 Vende
2670 2262 2857 2316 omnia
2887 2277 3013 2333 quae
3065 2263 3226 2320 habes
3253 2273 3305 2320 et
3352 2265 3424 2321 da
3464 2261 3833 2340 pauperibus,

2173 2351 2224 2402 et
2256 2349 2398 2418 veni,
2427 2364 2650 2420 sequere
2679 2366 2765 2405 me
2795 2349 3003 2422 (Matth.
3038 2369 3114 2420 1x,
3141 2353 3252 2424 21),
3287 2369 3522 2412 omnem
3549 2358 3833 2415 continuo

2175 2435 2513 2490 divitiarum
2545 2435 3012 2494 habundantiam
3044 2457 3171 2512 quae
3203 2443 3480 2513 restabat,
3511 2445 3830 2520 episcopis,

2176 2525 2518 2596 presbiteris
2549 2530 2724 2598 atque
2755 2526 3160 2600 indigentibus
3179 2532 3404 2604 erogari
3435 2537 3494 2588 et
3523 2533 3678 2590 inter
3709 2552 3835 2592 mo-

2178 2614 2432 2670 nasteria
2462 2615 2642 2670 dividi
2687 2617 2980 2689 praecepit,
3028 2635 3149 2674 una
3201 2623 3435 2676 tantum
3467 2621 3578 2678 sibi
3625 2623 3835 2680 relicta

2178 2719 2294 2773 qua
2322 2703 2630 2774 tegebatur
2655 2709 2838 2773 veste,
2866 2703 2996 2761 aliis
3026 2707 3256 2764 duobus
3288 2707 3504 2781 palliis,
3538 2727 3656 2767 uno
3701 2729 3834 2769 coc-

2131 2855 2154 2870 _
2179 2790 2343 2845 cineo
2375 2797 2430 2846 et
2458 2791 2572 2846 alio
2601 2791 2778 2856 lineo,
2813 2809 2940 2865 quae
2971 2795 3044 2850 ad
3077 2796 3442 2868 sepulturam
3473 2799 3584 2855 sibi
3608 2802 3831 2859 servari

2171 2877 2372 2950 jussit.
2404 2879 2666 2952 Cumque
2685 2881 3018 2953 frequentes
3030 2884 3388 2942 conﬂuerent
3399 2887 3596 2961 populi
3617 2890 3830 2948 divites

2179 2970 2237 3022 et
2265 2984 2571 3040 pauperes,
2603 2986 2709 3026 nec
2731 2971 3043 3043 quisquam
3067 2973 3382 3031 indonatus
3409 2976 3614 3048 abiret,
3641 2979 3831 3036 adfuit

2181 3059 2239 3112 et
2265 3056 2674 3114 Willehelmus
2713 3059 3089 3133 Mogontinus
3119 3063 3613 3140 archiepiscopus,
3667 3069 3826 3126 ﬁlius

2185 3145 2414 3202 Ottonis
2442 3147 2830 3220 imperatoris.
2862 3149 3090 3206 Ostium
3121 3152 3333 3209 domus
3363 3155 3600 3212 turbata
3630 3162 3827 3214 mente

2179 3233 2536 3308 ingrediens,
2558 3236 2656 3292 ubi
2676 3237 3148 3310 inﬁrmajacebat
3165 3241 3422 3310 domina,
3445 3242 3828 3319 lacrimisque

2178 3324 2450 3395 perfusus
2481 3325 2935 3382 deﬂevitituram
2957 3332 3042 3397 ;et
3074 3329 3122 3385 si
3137 3331 3420 3388 rationem
3452 3333 3632 3390 ullam
3659 3334 3829 3392 dolor

2176 3411 2527 3481 admitteret,
2561 3415 2814 3485 gaudere
2837 3417 3034 3488 potius
3056 3419 3311 3488 deberet,
3344 3438 3480 3476 nam
3511 3421 3613 3478 illa
3629 3423 3825 3494 justo-

2173 3517 2306 3556 rum
2337 3503 2521 3574 gregi,
2539 3506 2605 3557 ut
2620 3521 2950 3575 speramus,
2966 3505 3026 3562 in
3058 3525 3199 3579 pace
3216 3510 3343 3581 conj
3353 3515 3527 3566 uncta
3543 3512 3819 3584 quiescit.

2173 3589 2353 3653 Quem
2381 3595 2448 3646 ut
2475 3590 2619 3646 vidit
2647 3592 2962 3663 dolentem,
2997 3595 3319 3670 ingemuit:
3354 3599 3488 3668 Tibi,
3521 3599 3822 3674 inquiens,

2169 3679 2484 3735 commendo
2512 3682 2761 3737 animam
2805 3700 3002 3752 meam,
3063 3688 3375 3744 commendo
3403 3693 3456 3744 et
3501 3689 3822 3749 destitutam

2168 3767 2588 3824 Northusensem
2617 3775 2914 3839 catervam,
2942 3789 3054 3830 non
3099 3776 3278 3832 solum
3302 3794 3338 3832 a
3367 3781 3416 3833 te
3453 3781 3813 3851 procurandi,

2167 3871 2356 3912 verum
2387 3859 2554 3912 etiam
2585 3860 2968 3930 imperatorem
2983 3879 3083 3933 pro
3104 3865 3184 3920 eis
3203 3865 3532 3923 admonendi
3558 3883 3732 3926 causa
3749 3872 3811 3940 ³³,

2167 3948 2298 4017 quia
2327 3961 2502 4018 neque
2529 3946 2708 4002 adhuc
2737 3964 2897 4020 opere
2913 3955 3156 4022 profecto
3185 3957 3488 4012 maximam
3537 3957 3668 4014 inde
3689 3975 3815 4031 pra

2163 4036 2354 4090 ceteris
2382 4052 2575 4091 curam
2602 4053 2729 4106 gero
2760 4040 3038 4096 caenobiis.
3063 4041 3168 4106 Qui
3193 4045 3393 4100 omnia
3421 4062 3549 4118 quae
3567 4048 3814 4120 petierat

2163 4122 2546 4195 impleturum
2564 4141 2625 4181 se
2657 4126 2944 4198 promisit.
2971 4133 3183 4187 Praeter
3210 4131 3331 4188 hanc
3358 4133 3544 4191 multa
3574 4136 3695 4194 ﬁlio
3711 4137 3810 4194 Ot-

2161 4210 2283 4267 toni
2301 4213 2580 4274 mandata
2607 4213 2768 4270 dedit
2781 4219 3089 4288 portanda,
3105 4220 3206 4276 sed
3225 4220 3284 4276 in
3316 4239 3532 4280 vanum
3557 4225 3698 4297 quia
3714 4225 3810 4284 ille

2159 4317 2354 4374 regem
2384 4301 2538 4358 ultra
2565 4319 2680 4358 non
2711 4303 2876 4374 vidit,
2911 4322 3046 4362 nam
3079 4309 3376 4366 modicum
3407 4317 3540 4384 post
3583 4313 3806 4384 vivens,

2159 4393 2406 4445 mortem
2440 4390 2622 4446 subiit
2653 4391 3075 4463 (An.968Mart.
3089 4397 3166 4468 2).
3197 4396 3378 4470 Cujus
3392 4399 3612 4457 exitum
3631 4403 3811 4476 digna

2154 4477 2256 4534 illa
2283 4478 2498 4535 Christi
2529 4479 2754 4536 famula
2781 4483 3171 4554 vaticinando,
3191 4487 3359 4560 quasi
3383 4489 3530 4546 bene
3547 4493 3804 4562 conscia,

2155 4584 2289 4623 cum
2321 4568 2526 4636 abiret,
2547 4570 2812 4640 praedixit
2825 4572 3023 4629 dicens
3049 4592 3062 4630 :
3081 4579 3244 4632 Estne
3261 4578 3417 4634 nobis
3437 4580 3658 4652 aliquid
3667 4583 3808 4654 quod

2157 4657 2438 4713 Wilhelmo
2468 4657 2596 4712 dari
2613 4661 2779 4729 possit
2809 4662 3057 4732 episcovo
3078 4664 3106 4718 ?
3127 4664 3232 4720 Cui
3263 4683 3398 4723 cum
3429 4673 3808 4742 respondere-

2144 4750 2242 4800 tur
2270 4745 2450 4802 nichil
2483 4762 2631 4814 esse,
2665 4748 2746 4803 ait
2775 4749 2915 4806 illa:
2955 4753 3056 4809 Ubi
3082 4758 3209 4810 sunt
3233 4757 3432 4828 pallia,
3465 4765 3806 4830 quamam:

2143 4836 2444 4907 sepulturae
2491 4836 2762 4907 jussimus
2819 4840 3154 4900 observanda
3173 4847 3199 4897 .9
3244 4847 3453 4902 Dentur
3497 4848 3638 4919 haec,
3671 4868 3804 4908 nam

2143 4926 2240 4980 ille
2267 4925 2343 4980 ad
2375 4941 2536 4980 suum
2559 4927 2663 4981 iter
2688 4931 2864 4999 magis
2893 4929 2982 4986 his
3000 4947 3133 5004 opus
3179 4934 3358 4991 habet.
3394 4937 3458 4990 In
3502 4939 3662 4994 nobis
3698 4957 3802 4996 au-

303 5040 316 5046 ~
392 5018 992 5092 subsignataﬁrmiter
1012 5018 1700 5095 inperpetuumtradidit.
1723 5017 1863 5071 Inde
1889 5014 2033 5070 alias
2140 5016 2249 5068 tem
2281 5013 2632 5085 implebilur,
2682 5019 2823 5087 quod
2853 5035 2946 5074 ore
2991 5022 3146 5092 vulgi
3191 5023 3432 5080 dicitur:
3478 5049 3508 5077 ‹‹
3536 5029 3803 5087 Parentes

390 5108 680 5182 populum
711 5111 960 5183 regendo
982 5125 1301 5183 peragrans
1330 5107 1776 5178 urbes,aliquod
1798 5111 2032 5176 tempus

2142 5105 2445 5174 mmtialem
2476 5112 2673 5161 vestem
2708 5107 3000 5166 inveniunt
3027 5115 3078 5166 et
3125 5113 3432 5184 lugubrem.
3469 5138 3499 5168 »
3531 5116 3799 5177 Circum-

1745 5257 1986 5315 VARl/E
2023 5241 2432 5314 LECTIONES.

380 5378 426 5419 ⁸³
454 5379 496 5440 i.
531 5397 588 5438 n.
622 5377 817 5439 desunt
839 5383 900 5440 in
929 5399 978 5440 c.
1009 5379 1102 5439 sed
1127 5377 1448 5453 supplenda.
1526 5377 1569 5416 ¹⁹
1597 5376 1774 5436 decus
1793 5393 1841 5434 c.
1918 5376 1962 5414 ²⁰
1991 5373 2180 5434 sciens
2210 5392 2257 5431 c.
2297 5448 2313 5458 _
2334 5376 2374 5411 ²¹
2405 5375 2612 5433 excidit
2638 5379 2700 5434 in
2729 5377 2845 5436 cod.

1962 5511 2192 5568 NOT/E.

445 5631 558 5720 (17)
590 5630 722 5689 Vite
751 5627 980 5690 Ottonis
1012 5630 1035 5688 Ι
1063 5628 1296 5689 tabulas
1322 5631 1428 5689 293
1458 5645 1586 5707 sqq.
1623 5648 1716 5708 ap.
1751 5625 2023 5688 Bohmer.

2167 5673 2174 5678 .
2209 5627 2323 5702 (18)
2355 5623 2642 5686 Mathilda
2663 5629 2804 5690 ﬁlia.
2825 5667 2830 5670 -
