3950 6392
166 379 302 517 i323

1409 383 1472 480 s'.
1518 416 1946 483 MATHILDIS
1992 384 2309 484 ancisa.
2366 462 2371 468 .

3388 376 3554 517 ‘isss

165 558 366 611 stantes
395 556 591 610 autem
609 549 945 609 nescierunt
964 552 1036 608 ad
1059 551 1198 624 quid
1221 552 1329 609 hoe
1349 553 1591 621 dixerat,
1614 556 1784 625 puta-
1819 555 1869 621 Α
1905 553 2141 610 noriﬁee
2172 552 2387 610 tradita
2415 542 2749 627 sepulturae,
2767 555 2938 627 juxta
2954 553 3291 629 sepulcrum
3330 553 3552 611 domini

159 645 287 701 bant
311 643 464 699 enim
495 658 630 698 eum
660 641 1025 715 Mogonciam
1059 642 1313 698 iturum.
1346 644 1454 698 Sed
1487 641 1665 697 nichil
1696 643 1795 698 ho-

158 748 277 789 rum
288 730 687 804 imperfectum
701 730 996 803 praeteriit,
1012 747 1138 803 quae
1151 732 1802 804 sanetaprophetaverat

155 821 375 888 femina,
394 836 583 891 neque
597 819 668 875 de
684 820 938 875 transitu
968 819 1250 893 episcopi,
1271 837 1457 893 neque
1468 821 1540 876 de
1551 819 1796 875 vestium

156 909 447 965 oblatione.
465 909 612 964 Nam
643 925 777 964 cum
809 908 1083 965 defuncta
1128 909 1343 965 feretro
1374 911 1776 982 imponeretur

158 999 426 1054 venerunt
448 996 648 1052 nuncii
671 995 801 1050 ﬁlias
825 997 953 1068 ejus
975 996 1188 1069 regines
1205 996 1519 1069 Gerburgis
1548 996 1791 1068 pallium

157 1087 388 1142 ferentes
419 1101 563 1141 auro
592 1084 904 1152 intextum,
939 1085 1096 1156 quod
1124 1102 1306 1140 suum
1337 1084 1678 1156 dominique
1700 1084 1794 1141 sui

158 1175 300 1249 regis
353 1174 586 1230 Henrici
620 1173 959 1246 sepulcrum
999 1180 1199 1246 aptum
1224 1178 1347 1229 erat
1368 1175 1437 1229 ad
1462 1174 1792 1246 cooperien-

158 1265 308 1320 dum.
326 1262 585 1329 Quodam
602 1262 783 1335 igitur
804 1262 897 1317 die
919 1263 1166 1330 sabbati,
1184 1280 1357 1334 quem
1375 1279 1606 1334 semper
1618 1263 1789 1318 bonis

157 1355 437 1410 amaverat
463 1351 758 1423 cperibus,
779 1351 1053 1407 extremis
1085 1350 1654 1423 supervenientibus,
1688 1369 1787 1408 ne-

157 1440 367 1516 ptulam
381 1439 949 1512 suam,imperatoris
963 1439 1414 1507 ﬁliam,coenobii
1429 1440 1786 1496 abbatissam

158 1530 227 1587 ad
245 1546 304 1586 se
324 1545 552 1597 vocans,
569 1527 889 1584 salutiferis
913 1527 1241 1583 insistendo
1272 1526 1534 1595 monitis,
1557 1527 1714 1599 piam
1733 1532 1790 1583 et

157 1615 453 1685 humilem,
470 1617 817 1690 prudentem
839 1620 896 1671 et
914 1619 1145 1671 cautam
1163 1615 1276 1671 sibi
1299 1615 1614 1671 commisso
1627 1615 1788 1688 gregi

155 1706 404 1763 studiose
418 1705 718 1778 providere
739 1704 964 1771 docuit;
985 1703 1403 1760 monasterium
1418 1721 1547 1759 raro
1569 1704 1785 1777 egredi,

155 1795 329 1852 sacris
358 1798 610 1850 mentem
636 1792 942 1867 indulgere
960 1793 1291 1865 scripturis,
1325 1799 1381 1848 et
1410 1810 1537 1865 quae
1571 1792 1788 1865 legeret

153 1885 293 1941 alias
317 1885 362 1919 ²²
393 1884 599 1939 docere
639 1882 917 1954 quicquid
952 1899 1085 1938 vero
1118 1881 1263 1937 alias
1297 1883 1588 1937 monendo
1613 1880 1787 1937 insti-

156 1972 419 2041 mularet,
435 1971 567 2045 ipsa
594 1971 758 2044 prius
790 1970 1067 2027 omnibus
1097 1969 1434 2042 relinquens
1465 1969 1799 2042 exemplum

164 2061 335 2118 bonis
361 2059 610 2133 inpleret
641 2061 936 2132 operibus.
965 2060 1113 2124 Quin
1138 2059 1312 2114 etiam
1344 2058 1796 2131 eomputarium,

156 2152 214 2207 in
239 2167 351 2224 quo
377 2154 543 2206 erant
563 2150 804 2205 nomina
817 2165 1123 2222 procerum
1139 2148 1796 2220 seriptadet‘unctorum,

159 2240 218 2294 in
250 2254 489 2294 manum
518 2237 708 2310 ipsius
766 2238 935 2304 dans,
965 2237 1224 2293 animam
1257 2235 1340 2290 illi
1373 2236 1803 2292 commendavit

158 2327 406 2385 Heinrici
434 2344 540 2384 nee
565 2344 679 2382 non
700 2331 756 2382 et
778 2343 969 2392 suam,
990 2326 1090 2382 sed
1135 2330 1192 2380 et
1238 2324 1502 2380 omnium
1547 2340 1796 2396 quorum

154 2417 283 2490 ipsa
298 2416 641 2474 memoriam
663 2415 954 2471 recolebat
985 2413 1268 2470 ﬁdelium.
1298 2412 1623 2468 Novissime
1652 2428 1795 2484 quo-

153 2521 265 2578 que
277 2505 531 2578 Ricburg
543 2502 1261 2560 abbatissaNorthusensis
1275 2505 1481 2557 maesta
1494 2501 1795 2573 processit,

151 2593 360 2666 reginae
383 2594 557 2666 pedes
588 2593 735 2648 flens
767 2592 1175 2664 amplectende
1209 2608 1222 2645 :
1258 2590 1359 2645 Cui
1387 2606 1506 2658 nos,
1545 2590 1644 2657 ait,
1677 2606 1797 2661 spes

149 2683 326 2739 nostri
377 2683 628 2738 omnium
675 2689 726 2737 et
779 2681 1044 2746 solamen,
1073 2680 1345 2735 desolatas
1387 2679 1696 2749 relinquis?
1726 2681 1796 2733 At

150 2770 272 2839 illa,
305 2770 489 2826 oculis
518 2769 756 2826 elevatis
787 2773 844 2824 et
874 2770 1150 2824 manibus
1191 2767 1466 2839 expansis
1502 2784 1515 2822 :
1546 2769 1793 2834 Summo,

151 2859 363 2933 inquit,
402 2875 493 2916 vos
537 2858 848 2915 commendo
898 2859 1128 2930 pastori.
1194 2858 1359 2914 Credo
1416 2859 1563 2912 enim
1615 2858 1797 2928 ﬁlium

150 2965 332 3005 meum
342 2949 545 3020 prioris
565 2947 710 3003 haud
734 2949 1103 3003 immemorem
1115 2948 1515 3019 promissionis,
1546 2946 1794 3014 dicentis,

150 3054 212 3094 se
238 3040 521 3110 superstite
549 3039 770 3109 suisque
799 3038 1021 3110 posteris
1052 3036 1223 3092 eidem
1242 3053 1528 3107 nunquam
1556 3037 1799 3091 solamen

151 3128 335 3183 deesse
360 3128 635 3190 eoenobio;
664 3128 754 3182 sin
784 3135 988 3196 autem,
1016 3142 1105 3181 vos
1133 3126 1201 3181 ab
1230 3126 1540 3182 hominibus
1569 3127 1793 3194 relicta,

151 3218 283 3288 quia
300 3219 437 3273 Deus
457 3219 518 3272 in
540 3232 597 3272 se
625 3220 905 3288 sperantes
952 3232 1061 3271 non
1099 3215 1314 3283 deserit,
1344 3217 1589 3287 primum
1640 3231 1795 3285 quae-

1908 642 2000 698 sui
2035 642 2259 698 llenrici
2294 642 2633 715 requiescit.

1981 733 2065 788 16.
2100 735 2241 787 Post
2270 732 2440 803 cujus
2470 748 2771 788 excessum
2802 732 2979 806 legati
3029 732 3247 805 scripta
3300 733 3550 789 ferentes

1906 818 1964 873 in
1987 820 2213 875 Italiam
2238 819 2487 893 ingressi
2503 822 2767 889 sunt,ubi
2781 822 2938 879 ﬁlius
2950 823 3078 894 eius
3092 821 3223 878 Otto
3236 820 3556 894 imperator

1906 923 2029 963 rem
2059 907 2359 981 publicam
2392 909 2755 982 gubernabat
2783 911 2965 980 Latio,
2995 910 3084 966 vir
3121 910 3283 967 omni
3339 910 3553 983 pietate

1905 997 2112 1052 merito
2139 997 2635 1069 praedicandus,si
2662 1000 2713 1053 ei
2735 998 2822 1054 vel
2854 999 3126 1055 diadema
3143 1015 3261 1055 non
3289 997 3551 1072 legitime

1902 1086 2005 1141 sed
2025 1085 2421 1142 tumultuante
2434 1086 2620 1142 milite
2636 1087 2978 1159 impositum
2995 1087 3304 1160 repudiare
3317 1086 3553 1160 (28),vel

1900 1174 2082 1230 armis
2094 1176 2199 1231 abs
2209 1174 2684 1232 tinerelieuisset.
2703 1177 2815 1232 Sed
2829 1193 3110 1249 magnum
3125 1175 3439 1249 imperium
3451 1191 3558 1233 nec

1897 1263 2024 1317 sine
2081 1263 2261 1318 armis
2310 1263 2500 1335 potuit
2546 1264 2750 1319 teneri.
2786 1265 2916 1320 Non
2959 1268 3157 1320 tamen
3214 1262 3385 1318 illum
3416 1279 3558 1336 opes

1898 1351 2081 1423 regni,
2107 1367 2212 1407 nec
2242 1351 2471 1425 imperii
2497 1350 2772 1425 dignitas,
2804 1369 2920 1407 non
2949 1352 3242 1425 diadema,
3272 1356 3391 1408 nOn
3418 1367 3560 1424 pur-

1894 1456 2060 1512 pura,
2084 1440 2297 1496 Christi
2330 1458 2364 1496 a
2406 1440 2692 1496 famulatu
2772 1439 3047 1497 divellere
3093 1444 3381 1513 poterant.
3413 1440 3561 1497 Huic

1896 1528 2194 1600 palacium
2220 1528 2498 1585 insidenti
2544 1528 2738 1602 legati,
2776 1532 2841 1585 ut
2880 1529 3159 1598 diximus,
3189 1528 3557 1603 introgressi,

1896 1634 2011 1689 quo
2072 1634 2171 1673 rex
2224 1617 2340 1674 alto
2391 1618 2631 1674 sedebat
2657 1618 2822 1686 solio,
2856 1623 2913 1675 et
2951 1635 3147 1676 coram
3204 1619 3343 1675 data
3389 1618 3561 1692 copia

1899 1705 2078 1771 fandi,
2099 1704 2379 1778 epistolas
2393 1706 2710 1778 aperiendo
2724 1711 2973 1764 matrem
2988 1706 3174 1780 ipsius
3188 1707 3382 1764 obisse
3403 1724 3556 1764 nun-

1897 1794 2144 1849 ciarunt.
2171 1794 2408 1859 Quaille
2428 1811 2565 1851 voce
2586 1801 2859 1868 percepta
2877 1800 3035 1852 totus
3073 1812 3378 1865 excussus,
3407 1795 3554 1852 facie

1907 1882 2453 1955 pallidus,lacrimis
2489 1884 2711 1940 obortis
2749 1885 3047 1941 uberrime
3078 1885 3255 1952 ﬂevit,
3286 1888 3551 1941 materno

1911 1970 2077 2026 illum
2100 1971 2385 2027 excitante
2407 1988 2623 2028 amore.
2640 1973 2858 2029 Deinde
2878 1974 3078 2029 omnia
3098 1989 3160 2031 se
3190 1971 3554 2047 inpleturum

1911 2077 2036 2132 quae
2049 2060 2298 2132 genitrix
2315 2061 2560 2132 petierat
2581 2062 2932 2118 affirmabat.
2949 2062 3336 2119 Perfecitvero
3354 2061 3555 2118 statim

1908 2154 1964 2204 et
1995 2149 2195 2221 aliqua
2222 2149 2609 2206 Northusensi
2639 2150 2902 2206 coenobio
2927 2150 3143 2206 tradita
3160 2153 3324 2221 parte
3354 2149 3557 2205 matri-

1908 2238 2089 2292 monii
2111 2236 2358 2292 materni
2381 2237 2441 2292 in
2464 2236 2808 2294 occidentali
2840 2238 3094 2311 regione.
3128 2236 3289 2294 Misit
3327 2240 3385 2293 et
3412 2235 3555 2293 illuc

1907 2325 2275 2398 privilegium
2306 2343 2340 2381 a
2370 2327 2631 2383 Romano
2664 2344 2817 2399 papa
2846 2325 3556 2398 datum,utipsadomina

1906 2414 2070 2487 prius
2085 2413 2497 2487 postulaverat.
2518 2416 2629 2471 Sed
2651 2415 2887 2488 aliquod
2910 2415 2970 2470 in
2987 2415 3248 2471 Ausonia
3261 2415 3305 2450 '3
3322 2418 3554 2492 tempus

1908 2504 2267 2572 morabatur,
2288 2504 2468 2560 donec
2491 2503 2611 2560 ﬁlio
2634 2521 2740 2560 suo
2759 2503 3181 2576 Ottonijuniori
3203 2503 3274 2560 de
3287 2502 3555 2576 partibus

1905 2592 2403 2664 Greeciae,augusti
2428 2593 2498 2648 de
2522 2593 2759 2665 palatio,
2781 2592 2995 2666 regalis
3027 2592 3233 2649 fuisset
3261 2592 3398 2648 data
3425 2607 3557 2647 con-

1898 2683 2005 2753 jux
2038 2682 2315 2753 praeclara
2343 2682 2498 2737 dicta
2527 2681 2763 2737 nomine
2795 2681 3159 2754 Theophanu
3198 2697 3336 2737 cum
3379 2681 3554 2736 innu-
3632 2740 3640 2745 ,

1858 2827 1869 2834 ,
1907 2770 2085 2826 meris
2116 2770 2531 2826 thesaurorum
2576 2770 2793 2826 divitiis
2829 2771 2943 2842 (21)
2965 2772 3088 2842 (Αη.
3119 2771 3249 2837 972,
3278 2770 3408 2842 Apr.
3441 2770 3552 2842 14).

1906 2861 2118 2916 Etcum
2136 2859 2364 2915 fecisset
2377 2859 2580 2915 ambos
2594 2858 2881 2931 imperiali
2895 2859 3155 2915 decorari
3167 2858 3405 2915 nomine
3416 2857 3553 2928 (22),

1904 2953 1964 3005 tu
1975 2966 2044 3005 ne
2056 2950 2294 3004 demum
2309 2950 2557 3022 conjuge
2569 2948 2747 3004 simul
2762 2948 3077 3005 comitante
3088 2947 3325 3020 ﬁlioque
3336 2946 3556 3020 pariter

1906 3055 2041 3094 cum
2073 3038 2535 3110 uxore,patriam
2576 3042 2870 3094 Saxonum
2904 3037 3104 3094 revisit
3124 3036 3254 3110 (23).
3287 3034 3557 3093 Paschali

1906 3145 2038 3184 vero
2063 3132 2324 3199 tempore
2348 3129 2422 3183 ad
2454 3128 2662 3183 urbem
2709 3125 3198 3198 Quidilingaburg
3242 3123 3402 3180 venit
3431 3123 3555 3196 (An.

1903 3218 2028 3284 973,
2044 3218 2200 3272 Mart.
2216 3216 2328 3287 23),
2347 3216 2443 3272 ubi
2463 3217 2647 3287 patris
2669 3216 2859 3270 fuerat
2879 3230 2944 3270 ac
2975 3213 3180 3269 matris
3192 3211 3555 3285 sepulcrum,

148 3308 258 3362 rite
289 3322 516 3378 regnum
551 3307 668 3374 Dei,
688 3314 741 3361 et
773 3306 958 3361 omnia
986 3305 1320 3377 adjiciantur
1346 3306 1495 3360 vobis
1516 3305 1665 3376 (Luc.
1690 3319 1788 3371 xu,
1825 3290 1868 3357 C
1906 3306 2105 3378 ibique
2136 3305 2452 3361 honorifice
2483 3307 2812 3375 susceptus,
2845 3301 3004 3357 omni
3036 3300 3250 3374 populo
3299 3300 3350 3357 ei
3382 3301 3426 3337 ³⁸
3455 3299 3559 3355 ob-

147 3394 263 3466 31).
292 3393 506 3449 Deinde
529 3394 598 3449 ad
632 3394 1083 3449 circumstantes
1114 3410 1392 3449 conversa
1431 3393 1576 3447 dixit
1607 3410 1620 3447 :
1657 3395 1799 3448 Bene

146 3485 320 3556 agite,
350 3483 700 3554 ciliciumque
720 3484 863 3538 mihi
879 3482 1274 3555 svbponite,me
1291 3499 1509 3537 sursum
1535 3495 1706 3538 versa:
1739 3486 1799 3537 ut

145 3573 383 3645 spiritus
410 3571 595 3628 redeat
620 3572 689 3627 ad
719 3577 914 3639 Deum,
942 3588 1066 3627 caro
1096 3588 1220 3627 vere
1274 3571 1557 3643 redigatur
1580 3574 1640 3627 in
1668 3574 1798 3645 pul-

146 3677 351 3718 verem.
385 3660 488 3717 His
517 3661 714 3733 itaque
744 3661 1020 3717 omnibus
1044 3661 1215 3731 juxta
1243 3662 1504 3717 divinum
1536 3662 1798 3718 ordinem

147 3750 481 3823 dispositis,
497 3750 670 3823 plena
683 3751 908 3806 dierum
932 3754 991 3806 et
1003 3750 1257 3822 perfecta
1269 3752 1453 3817 astate,
1470 3750 1800 3823 exemplum

145 3839 292 3895 boni
317 3838 510 3912 operis
540 3837 788 3911 posteris
818 3837 1174 3910 relinquens,
1199 3838 1429 3895 soboles
1459 3857 1599 3895 suas
1629 3846 1803 3911 atque

146 3945 222 3985 ex
254 3928 344 3985 eis
375 3928 581 3984 videns
613 3932 852 4000 nepotes
884 3944 1071 4000 usque
1096 3928 1156 3983 in
1188 3932 1457 4000 quartam
1487 3929 1808 4000 generatio-

148 4034 293 4073 nem
328 4017 463 4090 (19),
488 4016 781 4073 Mactildis
814 4017 1016 4090 regina
1050 4023 1160 4073 Deo
1190 4021 1246 4073 et
1277 4016 1501 4089 angelis
1532 4017 1806 4089 spiritum

146 4105 436 4171 reddidit,
453 4104 841 4178 migravitque
863 4105 935 4159 ad
957 4105 1269 4159 Dominum
1291 4107 1326 4158 2
1357 4104 1494 4159 Idus
1526 4105 1725 4161 Marcii
1748 4105 1806 4160 in

1904 3394 2058 3449 viam
2103 3396 2475 3466 congregato,
2510 3391 2945 3448 saeratissimos
2992 3388 3113 3446 illic
3168 3388 3556 3462 permanebat

1906 3483 2050 3539 dies.
2083 3483 2220 3537 Inde
2234 3483 2359 3553 jam
2383 3497 2656 3554 egressus
2679 3477 3043 3535 Mimilevum
3073 3481 3326 3551 aegrotus
3355 3493 3559 3549 perve-

1909 3571 2124 3644 nit(24)
2156 3572 2299 3642 (Mai.
2335 3571 2411 3642 6),
2446 3570 2643 3642 ibique
2673 3568 2766 3624 die
2791 3567 3047 3640 quadam
3091 3566 3412 3623 oratorium
3466 3565 3557 3620 in-

1911 3662 2123 3716 ductus
2146 3666 2201 3715 et
2221 3658 2580 3731 vespertinas
2603 3657 2806 3713 laudes
2827 3656 3094 3725 audiens,
3117 3659 3185 3711 ut
3213 3670 3445 3726 semper
3464 3669 3557 3710 ee-

1912 3749 2117 3806 clesias
2134 3748 2350 3820 Deique
2363 3746 2664 3803 servitium
2678 3744 2981 3817 diligebat,
2999 3742 3223 3818 angelis
3240 3742 3561 3815 suscipien-

1912 3840 2072 3895 tibus
2088 3837 2284 3893 emisit
2305 3836 2578 3909 spiritum
2597 3835 2744 3907 (Mai.
2758 3833 2833 3907 7).
2848 3834 3177 3907 Igiturpost
3195 3833 3324 3905 ejus
3336 3832 3560 3888 exitum

1914 3931 2045 3984 Otto
2078 3925 2300 3998 junior,
2335 3924 2492 3979 filius
2542 3924 2672 3995 ejus
2730 3921 3277 3988 excellentissimus,
3309 3934 3559 3994 regnum

1917 4016 2259 4074 Latinorum
2317 4014 2578 4086 possedit
2624 4016 2682 4069 et
2724 4017 3039 4081 Saxonum,
3075 4026 3252 4084 quem
3307 4014 3561 4083 paternas

1920 4105 2201 4177 avitasque
2224 4120 2338 4158 non
2369 4103 2654 4175 imparem
2688 4100 2983 4156 credimus
3004 4098 3235 4156 virtutis
3253 4100 3565 4172 praestante

140 4193 650 4268 Quidilingaburg
675 4194 905 4249 civitate
937 4194 1059 4265 (An.
1094 4193 1219 4260 968,
1266 4193 1421 4249 Mart.
1467 4195 1576 4267 14),
1611 4194 1810 4266 ibique
1844 4234 1891 4299 Β
1923 4193 2161 4251 domino
2183 4198 2383 4248 nostro
2412 4192 2552 4248 Jesu
2584 4190 2835 4258 Christo,
2867 4189 2968 4262 qui
2997 4189 3137 4245 vivit
3165 4191 3221 4245 et
3276 4190 3481 4260 regnat
3502 4185 3564 4244 in

143 4285 211 4340 in
230 4281 483 4340 basilica
503 4283 690 4339 sancti
714 4282 965 4339 Servacii
986 4281 1245 4355 episcopi
1268 4286 1324 4338 et
1337 4282 1688 4339 confessoris
1711 4283 1808 4339 ho-

1919 4283 2122 4339 omnia
2149 4281 2364 4339 secula.
2398 4283 2605 4337 Amen.

1543 4424 1782 4481 VARle
1822 4424 2216 4481 LECTIONES

132 4591 136 4594 .
219 4544 271 4580 ²²
304 4542 454 4600 alios
482 4560 529 4599 ο.
607 4543 651 4578 ³³
676 4540 840 4599 Italia
867 4543 1047 4612 glossa
1073 4542 1135 4597 in
1163 4540 1278 4598 eod.
1359 4540 1403 4576 ²⁴
1433 4539 1494 4596 in
1521 4556 1566 4595 ε.

1726 4653 1958 4714 NOTAE.

135 4770 144 4777 ’
220 4774 345 4847 (19)
375 4772 506 4847 Otto
563 4773 682 4831 dux
709 4772 949 4843 Sueviac,
984 4771 1140 4831 filius
1196 4770 1464 4845 Liudolfi,
1500 4777 1673 4831 natus
1722 4777 1811 4830 est
1919 4786 2047 4847 esse
2078 4771 2324 4847 constat,
2359 4764 2801 4847 'l‘beOphaniam
2824 4784 2858 4824 a
2888 4782 3038 4847 papa
3058 4763 3570 4847 .loanneXIllim-

138 4849 282 4904 954.
316 4846 602 4919 Cf._Cont._
632 4847 768 4919 Reg.

220 4918 349 4991 (20)
382 4917 500 4974 Hoc
530 4916 745 4991 falsum
778 4934 906 4974 esse
938 4921 1198 4991 constat;
1222 4916 1385 4991 bella
1412 4933 1540 4991 qua:
1575 4933 1814 4991 corona-

138 4989 383 5047 tio'nem
436 4989 836 5062 sequebantur
889 4991 960 5045 ad
1022 4989 1173 5045 hanc
1217 4989 1407 5062 ipsam
1441 4989 1586 5045 falso
1621 4989 1817 5046 retulit

140 5066 392 5119 auctor.

222 5133 352 5206 (21)
385 5130 469 5206 ρι’.
501 5132 756 5206 Annales
787 5132 1048 5206 Hildesh.
1085 5133 1155 5187 ad
1180 5149 1232 5187 a.
1264 5132 1387 5186 972.

223 5203 353 5279 (22)
385 5203 657 5261 Ottonem
688 5204 755 5275 II,
790 5220 841 5261 a.
873 5205 1002 5275 967,
1033 5204 1442 5276 imperatorem
1474 5208 1818 5260 coronatum

1924 4842 2202 4971 ﬁerialem
2235 4837 2823 4912 accepisse—coronam
2855 4837 3210 4895 soli‘habent
3264 4842 3417 4892 Ann.
3457 4837 3566 4895 Lo-

1967 4932 2159 4971 1enses
2187 4915 2312 4971 972.
2344 4913 2420 4967 M.
2451 4912 2518 4967 G.
2550 4911 2614 4967 Il.

1967 4917 2159 4971 ienses
2187 4915 2312 4980 972,
2344 4913 2420 4967 M.
2451 4912 2518 4967 G.
2550 4911 2614 4967 Il.

1998 4989 2113 5070 (23)
2148 4979 2615 5070 [unguermaniam
2645 4982 2895 5038 redierat
2914 4999 2966 5038 ει.
2999 4983 3126 5051 972,
3158 4980 3220 5037 in
3255 4979 3569 5038 Saxoniam

1927 5059 2084 5114 venit
2114 5075 2169 5113 a.
2200 5058 2328 5112 973.

2000 5130 2112 5203 (24)
2143 5128 2225 5185 Cf.
2259 5125 2601 5184 Widukind.
2634 5124 2730 5194 III,
2751 5126 2841 5181 75.
