3950 6430
397 388 562 486 ssa:
1685 399 2033 498 IAPPEND.
2078 403 2182 465 Ac
2225 403 2409 466 sae.
2453 401 2530 468 Χ.
3654 406 3814 482 1338

729 573 1590 845 MEPISTOLA
1685 689 2380 846 INEDITA
2475 573 3384 858 inim

1878 946 2334 1059 SUEVZE

929 1137 1232 1195 SORORIS
1271 1139 1500 1195 GISL/E
1539 1139 2054 1199 IMPERATRICIS
2093 1144 2185 1200 ET
2223 1143 2410 1200 AVIIE
2449 1145 2849 1204 MATHlLDIS
2891 1148 3238 1207 TOSCANXE

1625 1293 1790 1339 nam
1834 1294 1996 1340 ANNO
2041 1280 2194 1341 1027
2239 1297 2363 1342 aur
2407 1282 2566 1342 i028

2433 530 3811 562 ψ

2060 1438 2132 1477 AD

1453 1566 2515 1674 MISEGONHM
2604 1575 2737 1674 II

1831 1775 2092 1821 POLONLE
2137 1776 2339 1821 REGEM

1003 1898 1420 1978 (Praefationis
1451 1899 1589 1961 loco
1623 1899 1702 1960 ad
1735 1901 2016 1962 codicem
2046 1902 2428 1980 Liturgicum
2461 1903 3025 1965 Carolino-Alcuim
3045 1903 3168 1984 um)

765 2050 891 2140 ET
949 2048 1742 2142 COMMENTARIUS
1801 2051 3439 2144 CRITIGO-HISTOR[CO-EXEGETIGUS

1696 2223 1776 2282 IN
1819 2221 1986 2283 EAM
2030 2223 2483 2286 EPISTOLAM

2065 2382 2188 2420 SIVE

519 2497 944 2571 VlNDICI/E
992 2497 1381 2575 QUATUOR
1421 2497 1884 2561 PRIMORUM
1918 2498 2079 2560 POL

2110 2497 2331 2561 7N1/E
2372 2498 3310 2564 ΕΑΤΙΝΟ-ΟΗΒΗΞὙΙΑΝᾹ⁷
3351 2501 3670 2568 REGI/Il!

1951 2657 2198 2697 AUCTORE
2207 2684 2218 2696 .

1451 2782 1768 2870 PHlL.
1830 2782 2084 2871 ANT.
2146 2781 2746 2873 DETHIERO

570 2944 985 3002 PHILOSOPH.
1030 2941 1359 3012 DOCTORE
1399 2941 1490 2997 ET
1531 2940 1678 2998 SOC.
1720 2940 2264 3006 ANTIQUITATUM
2306 2941 2653 2997 THURING.
2695 2941 2942 3000 SAXON.
2985 2943 3215 3001 SODAL
3255 2945 3344 3000 AB
3384 2944 3614 3003 EPIST.

1243 3076 1416 3157 (Cum
1462 3075 1592 3137 tab.
1641 3095 1749 3137 aer.
1796 3076 1919 3136 inc.
1971 3081 2032 3137 et
2074 3081 2516 3154 stemmatogr.
2565 3077 2988 3159 Matbildina.)

1623 3219 1732 3281 [250
1765 3217 2169 3283 Exemplaribus
2197 3217 2494 3282 impressa.]

1257 3344 1526 3415 (Berolini
1547 3343 1692 3416 apud
1722 3343 2008 3411 Behrium,
2042 3343 2203 3399 4842.
2238 3375 2307 3387 —-
2339 3345 2495 3417 Typis
2525 3345 2901 3416 Ηωηθιία-ηίδ.)

1662 3641 2508 3750 ΡΙΗἘῈΑΤΙΟ

455 3857 638 3922 Quem
669 3855 886 3928 publici
910 3854 1065 3927 juris
1095 3871 1252 3909 nunc
1287 3853 1434 3909 facio
1467 3852 1744 3921 codicem,
1778 3855 1827 3911 is
1859 3856 1996 3911 olim
2030 3873 2144 3912 non
2180 3856 2338 3928 parvi
2370 3855 2650 3911 momenti
2683 3854 2863 3912 fuisse
2892 3855 3142 3922 videtur,
3177 3871 3361 3927 quum
3392 3855 3547 3912 inter
3588 3856 3800 3914 Slavos

385 3946 572 4017 illinc,
597 3945 735 4002 hinc
765 3946 1086 4001 Germanos
1119 3961 1131 4011 ;
1165 3944 1315 3998 inter
1344 3941 1702 3999 Christianos
1724 3945 2288 4002 Graeco-Slavonicos
2319 3945 2390 4000 ab
2422 3945 2672 4013 Oriente,
2707 3945 2778 3999 ab
2810 3944 3118 4000 Occidente
3147 3943 3508 4000 Christianos
3539 3946 3803 4015 Latinos,

382 4036 456 4092 de
485 4034 732 4108 imperio
763 4034 967 4090 mundi
1002 4036 1293 4088 certamen
1325 4031 1861 4104 pervicacissimum
1895 4039 2066 4106 atque
2097 4034 2486 4107 asperrimum
2519 4033 2699 4089 armis
2731 4032 2945 4099 dubiis,
2970 4033 3142 4089 modo
3168 4032 3461 4101 secundis,
3487 4036 3666 4092 modo
3697 4036 3803 4092 ad.-

378 4125 586 4194 versis,
621 4124 722 4183 sed
755 4140 987 4196 semper
1016 4121 1305 4178 luctuosis
1335 4126 1512 4193 atque
1535 4123 1778 4180 funestis
1810 4128 2189 4198 pugnaretur.
2705 4168 2710 4174 .

452 4214 775 4271 Discrimen
807 4211 952 4268 illud
984 4209 1464 4268 cruentissimum
1496 4210 1648 4266 inter
1679 4217 1881 4283 gentes
1913 4229 1978 4266 ac
2005 4211 2312 4284 religiones
2345 4228 2445 4284 per
2473 4215 2558 4267 tot
2583 4211 2795 4266 saecula
2849 4229 2978 4267 raro
3028 4212 3325 4268 dormiens
3373 4211 3794 4286 sedatumque,

379 4303 598 4360 nostris
628 4301 994 4374 temporibus
1020 4301 1079 4355 in
1111 4300 1236 4355 dies
1267 4299 1509 4366 crescit;
1543 4299 1835 4356 discordia
1857 4301 1982 4372 jam
2001 4301 2124 4372 jam
2141 4304 2438 4373 eruptura,
2473 4304 2645 4373 atque
2670 4300 2836 4358 bellis
2863 4301 3058 4356 futura
3077 4301 3349 4375 genitrix,
3367 4301 3643 4358 omnium
3671 4303 3793 4360 fere

378 4392 608 4448 animos
638 4389 1092 4463 conflagratione
1123 4406 1231 4445 sua
1251 4389 1420 4462 rapit.

449 4482 513 4536 In
531 4479 752 4536 edendo
785 4479 892 4535 hoc
922 4479 1076 4551 apud
1105 4477 1352 4535 Polonos
1385 4482 1766 4534 monumento
1794 4478 1973 4534 studii
2008 4479 2154 4534 ritus
2177 4479 2341 4535 latini
2375 4479 2433 4534 in
2461 4477 2670 4534 saeculo
2703 4478 3032 4547 undecimo,
3053 4479 3194 4552 quid
3226 4479 3536 4535 faciliusac
3563 4480 3799 4538 obtem-

373 4585 577 4644 perare
605 4567 693 4625 vel
725 4567 948 4624 adulari
974 4567 1066 4624 his
1096 4567 1323 4624 illisve?
1353 4567 1500 4632 Quid
1534 4584 1564 4623 e
1595 4572 1799 4623 contra
1828 4567 2131 4623 difficilius
2163 4585 2228 4624 ac
2262 4584 2490 4624 servare
2531 4584 2658 4623 eam
2691 4567 2900 4623 animae
2960 4568 3448 4640 tranquilitatem,
3481 4569 3613 4626 sine
3672 4587 3794 4643 qua

368 4657 511 4716 recti
535 4658 676 4731 quid
707 4657 1024 4714 consistere
1056 4657 1297 4730 nequit?

438 4749 656 4808 Verum
679 4749 971 4804 enimvero
1002 4747 1060 4803 id
1088 4747 1362 4803 scribenti
1391 4762 1506 4802 non
1540 4745 1646 4800 soli
1678 4746 2123 4816 praecavendum
2155 4745 2256 4802 sed
2286 4744 2500 4817 legenti
2526 4761 2642 4811 non
2668 4745 2885 4801 minus.
2909 4745 3222 4802 Veritatem
3246 4748 3792 4820 puram—utinam

367 4839 495 4909 sine
525 4838 755 4897 errorel
793 4838 1057 4911 nihilque
1088 4835 1205 4892 nisi
1235 4835 1535 4891 veritatem
1569 4833 1907 4889 historicam
1941 4834 2206 4906 quaesivit
2229 4833 2408 4890 libelli
2441 4835 2814 4899 auctor.QuzB
2847 4835 3059 4890 veritas
3092 4835 3386 4892 ratissime
3436 4835 3792 4911 ubicunque

366 4928 594 5000 placere
625 4932 850 5000 potest;
877 4931 1132 4983 attamen
1173 4924 1394 4995 optimo
1451 4922 1662 4993 cuique
1704 4923 2047 4994 saepissime.
2084 4923 2301 4988 Quodsi
2333 4928 2530 4979 mtnor
2560 4925 2909 4998 paginarum
2942 4941 3224 4981 numerus
3255 4924 3452 4981 lectori
3485 4925 3791 5000 displicet,

365 5017 618 5089 scriptor
646 5018 882 5088 quidem
911 5007 1028 5071 non
1060 5037 1088 5063 «
1123 5012 1365 5068 sublimi
1401 5015 1597 5083 tanget
1627 5012 1820 5066 sidera
1848 5013 2126 5079 vertice,»
2168 5013 2268 5068 sed
2299 5017 2544 5085 uterque
2570 5013 2743 5070 laude
2769 5014 2931 5086 digni
2962 5031 3090 5072 esse
3118 5014 3403 5071 videntur.

439 5105 777 5163 Scribebam
808 5103 1062 5162 Berolini
1093 5117 1294 5156 mense
1323 5100 1600 5156 Januario
1634 5101 1766 5155 anni
1803 5102 2206 5157 MDCCCXLII.

1860 5234 2268 5246 .—————_—.

595 5332 728 5386 CAP.
763 5329 806 5384 Ι.
840 5360 907 5369 —-
931 5325 1114 5383 Modus
1143 5325 1430 5381 historia-m-
1463 5325 1750 5380 tractandi.
2113 5324 2344 5398 longius
2374 5325 2433 5380 hi
2467 5327 2740 5383 abessent
2771 5344 2804 5384 a
2843 5326 2974 5384 luce
3003 5327 3334 5385 christiana:
3366 5326 3524 5397 ﬁdei,
3555 5329 3784 5403 quippe

434 5422 590 5478 Inter
619 5435 822 5476 omnes
854 5417 953 5489 qui
987 5413 1242 5471 historiae
1276 5415 1665 5485 student,jam
1700 5416 1842 5472 satis
1875 5431 2006 5469 con-
2115 5432 2239 5486 quae
2259 5419 2539 5486 tanquam
2564 5417 2656 5471 fax
2674 5434 2788 5472 non
2811 5418 2988 5473 corda
3005 5419 3177 5474 modo
3195 5418 3296 5474 sed
3321 5419 3376 5473 et
3394 5421 3550 5472 artes
3565 5415 3787 5475 libera-

358 5515 494 5580 stat,
520 5526 647 5582 quae
670 5509 728 5563 in
760 5507 950 5579 priore
982 5503 1156 5559 medii
1179 5503 1278 5556 aevi
1305 5508 1465 5575 parte
1496 5503 1572 5559 sit
1595 5509 2002 5560 monumento-
2116 5503 2200 5558 les
2232 5503 2528 5559 illuminat
2559 5509 2615 5559 et
2637 5504 2871 5562 fallaces
2902 5507 3244 5579 ignorantia;
3285 5505 3560 5563 tenebras
3609 5508 3784 5581 fugat

358 5617 489 5655 rum
513 5612 837 5654 coaevorum
861 5591 1418 5660 raritas;neminem
1457 5593 1682 5665 fugiteo
1713 5593 2007 5649 obscurio-
2114 5593 2336 5648 Aurora
2375 5610 2608 5665 quoque
2662 5593 3000 5664 christiana,
3063 5595 3210 5669 proh
3265 5593 3432 5651 dolor
3461 5595 3472 5650 l
3505 5595 3776 5652 nubibus

357 5702 479 5744 rem
511 5702 639 5742 esse
669 5682 974 5742 historiam
1010 5679 1356 5757 populorum
1377 5685 1517 5736 tunc
1534 5681 2005 5756 viventium,quo
2115 5683 2402 5756 sanguine
2433 5681 2628 5738 rubris
2658 5681 3179 5758 obducta,nonnisi
3211 5683 3359 5741 raris
3389 5684 3571 5741 radiis
3599 5701 3776 5744 ceru-
