3950 6356
191 419 354 502 i329

1457 435 1524 504 s.
1569 418 1792 503 MATH
1836 419 2001 502 LDIS
2045 422 2369 529 naenia:

3447 418 3606 509 mo

191 589 391 640 scans,
413 576 620 643 terras,
641 569 819 646 viros,
859 571 1119 632 facinora
1147 591 1264 632 non
1293 573 1570 656 illustrat,
1594 574 1694 631 sed
1726 589 1850 629 om-
1878 575 1934 642 Α
1965 572 2157 629 Maria
2178 574 2249 629 de
2269 571 2943 640 Nova-Cella(Nuenzelle
2973 573 3128 650 apud
3161 545 3608 656 Francofurtum

191 662 297 719 nia
328 661 424 719 hic
453 661 824 736 splendentia
852 664 970 720 illic
1001 664 1300 721 horrentia
1317 665 1408 720 vix
1431 663 1617 720 oculis
1640 659 1858 736 perspi-

203 752 534 810 cacissimis
571 753 969 826 dignoscenda
1002 755 1239 828 praebet.
1273 754 1607 827 Saepissime
1646 750 1855 808 harioli

196 843 537 914 conjectura
566 848 715 916 eget.

261 932 425 987 Adde
449 934 646 988 tamen
671 931 827 988 aliud
851 933 1197 1002 maximum,
1215 950 1346 988 mea
1369 933 1604 1004 quidem
1628 934 1856 987 senten'

193 1019 298 1088 tia,
330 1019 599 1076 veritatis
631 1020 688 1075 in
721 1020 972 1077 historia
1012 1022 1423 1095 cognoscenda
1465 1020 1854 1092 impedimen-

189 1112 320 1164 tum
346 1127 360 1165 :
385 1125 595 1181 nempe
621 1126 825 1166 omnes
859 1110 1113 1183 fere,qui
1145 1111 1420 1166 historias
1466 1110 1847 1182 scripserunt,

193 1214 255 1254 re
284 1197 416 1271 ipsa
445 1197 682 1254 nolente
710 1199 958 1267 volente,
985 1217 1088 1272 pro
1121 1200 1239 1254 aris
1271 1204 1328 1254 et
1358 1199 1502 1255 focis
1535 1199 1644 1255 sibi
1677 1198 1848 1253 dimi-

193 1287 452 1344 candum
486 1303 615 1343 esse
649 1293 1032 1357 censuerunt;
1067 1306 1181 1360 qua
1211 1306 1270 1344 re
1300 1289 1384 1359 ﬁt,
1409 1293 1473 1343 ut
1519 1288 1675 1343 idem
1716 1286 1851 1341 faei-

193 1393 332 1443 nus,
359 1379 536 1448 prout
564 1375 701 1432 hinc
731 1381 833 1433 aut
863 1377 1025 1433 illinc
1047 1378 1332 1447 tradatur,
1359 1377 1471 1433 sibi
1501 1375 1848 1432 dissimilius

192 1465 288 1532 sit,
313 1481 492 1537 quam
523 1464 680 1520 color
723 1465 888 1538 niger
926 1466 1058 1522 albo
1087 1473 1243 1522 ’Λλλο
1280 1475 1450 1536 γλαῦξ,
1490 1473 1616 1522 ἄλλο
1654 1473 1847 1538 κορώνη

191 1563 465 1628 φθέγγεται.
500 1553 683 1623 Tolle,
717 1553 943 1621 rabula,
977 1571 1191 1610 manus
1219 1556 1494 1627 profanas
1521 1572 1555 1610 a
1574 1555 1847 1610 Sanctua-

193 1644 281 1700 rio
311 1642 591 1710 historia,
625 1660 803 1716 quam
843 1644 998 1700 Deus
1031 1643 1175 1716 ipse,
1209 1643 1305 1699 ille
1343 1643 1608 1700 omnium
1650 1659 1845 1698 rerum

189 1733 526 1789 moderator
556 1732 1032 1804 sapientissimus
1059 1732 1142 1788 sic
1169 1749 1298 1789 esse
1319 1731 1532 1800 voluit;
1559 1749 1734 1804 quam
1757 1732 1844 1788 vel

186 1823 431 1895 impune
470 1837 642 1877 nemo
673 1838 938 1893 unquam
971 1821 1139 1884 laesit.
1173 1837 1236 1877 se
1280 1821 1395 1877 Deo
1429 1821 1844 1894 sapientiorem

189 1916 438 1986 putans;
471 1927 586 1965 non
615 1911 855 1983 impune
877 1910 1259 1983 dico,quippe
1283 1927 1411 1982 qua
1439 1928 1554 1966 non
1587 1910 1645 1964 in
1678 1908 1845 1964 libris

186 2001 382 2067 modo,
416 1999 516 2055 sed
548 1999 608 2054 in
639 1999 756 2055 vita
798 1999 928 2072 ipsa
976 1998 1185 2054 vindex
1234 1999 1450 2072 gravis,
1474 2015 1630 2068 acer,
1661 1998 1844 2053 immo

185 2091 466 2146 cruentus
519 2104 752 2160 semper
803 2087 1020 2155 extitit;
1053 2105 1118 2144 eo
1152 2089 1445 2144 cruentior
1503 2088 1678 2144 etiam
1728 2104 1842 2158 quo

183 2177 427 2236 tardior.
454 2177 536 2233 Ne
569 2176 702 2250 quis
735 2176 881 2232 mihi
925 2177 1180 2248 obiiciat,
1224 2177 1440 2232 nostris
1473 2177 1840 2249 temporibus

186 2285 287 2324 eos
311 2266 409 2340 qui
441 2266 617 2322 rebus
649 2266 887 2338 prasint
911 2265 1160 2338 publicis
1190 2266 1342 2322 hanc
1374 2266 1840 2339 profanationem

185 2357 466 2426 historia,
491 2355 641 2411 hanc
674 2359 897 2427 pestem
920 2355 1132 2421 fovere,
1151 2371 1341 2426 neque
1362 2354 1635 2427 cuiquam
1668 2353 1840 2410 licere

187 2444 436 2501 memori
466 2461 595 2500 esse
623 2443 808 2499 Taciti
841 2444 1031 2500 verbis
1056 2444 1243 2500 «Sine
1275 2443 1362 2498 ira
1393 2447 1447 2499 et
1477 2443 1672 2500 studio
1699 2462 1710 2498 :
1738 2465 1840 2493 ››-

187 2557 216 2585 ‹‹
251 2534 388 2602 Nos,
419 2532 555 2600 Nos,
588 2533 882 2602 consules,
923 2532 1233 2605 desumus}!
1271 2555 1297 2582 »
1320 2534 1398 2588 Eo
1433 2532 1620 2604 magis
1661 2532 1837 2589 etiam

185 2622 446 2679 Historia
465 2621 829 2694 indignatur,
847 2623 1158 2695 scriptores
1185 2639 1272 2691 ea,
1296 2639 1423 2694 qua
1446 2621 1506 2676 in
1529 2639 1636 2678 sua
1659 2638 1835 2678 manu

185 2715 348 2778 sunt,
375 2709 520 2767 falso
552 2710 766 2778 studio,
792 2714 892 2767 aut
920 2711 1009 2767 ira
1038 2728 1190 2784 saepe
1221 2711 1373 2780 ﬁcta,
1398 2713 1723 2767 deformare
1747 2711 1836 2767 vel

184 2799 516 2873 ingiinare,
539 2798 976 2872 legentiumque
998 2805 1260 2873 tempore
1283 2805 1337 2857 et
1361 2800 1586 2872 judicio
1614 2801 1792 2858 abuti.

257 2889 416 2945 Licet
439 2888 705 2960 exempla
726 2889 967 2946 minime
991 2907 1123 2945 rara
1143 2890 1280 2958 sint,
1298 2894 1494 2946 tamen
1520 2906 1704 2944 unum
1729 2889 1834 2945 tibi

185 2979 426 3036 offeram
476 2978 535 3034 in
584 2976 858 3034 Miceslao
889 2979 936 3034 II
966 2979 1074 3051 (vel
1116 2979 1430 3052 Misegone)
1480 2977 1831 3035 Polonorum

184 3084 341 3140 rege,
361 3083 536 3140 quem
568 3067 638 3123 ab
687 3067 979 3141 indigenis
1009 3073 1066 3123 et
1095 3069 1391 3141 germanis
1437 3072 1558 3124 tam
1590 3067 1831 3123 diversi-

183 3157 359 3214 modo
391 3156 751 3228 descriptum
780 3155 1060 3225 invenies,
1084 3163 1148 3212 ut
1175 3157 1318 3212 nihil
1353 3157 1467 3212 fere
1500 3157 1569 3212 de
1600 3173 1665 3212 eo
1699 3173 1830 3228 pro-

181 3246 319 3303 ferri
351 3249 545 3318 queat,
577 3246 746 3317 cujus
777 3244 857 3301 rei
888 3250 1150 3302 autorem
1181 3263 1296 3302 non
1324 3245 1559 3306 habeas.

1965 663 2037 718 ad
2069 662 2392 734 Viadrum),
2415 680 2450 720 a
2489 680 2620 737 rege
2663 666 2936 723 defuncto
2968 667 3258 724 Friderico
3291 662 3610 725 Wilhelmo

1963 753 2135 807 tertio
2190 752 2604 821 sacularisati;
2639 753 2830 810 inveni
2877 756 3094 812 librum
3143 757 3615 832 manuscriptum

1963 841 2498 911 membranaceum,
2527 842 2797 899 foliorum
2849 845 3142 918 octoginta
3186 847 3389 915 trium,
3415 846 3617 906 formae

1963 929 2280 1000 quadrata.
2319 930 2633 1003 Catalogus
2665 931 2899 988 illorum
2940 932 3224 990 librorum
3256 927 3619 1010 negligenter

1964 1018 2332 1090 conscriptus
2363 1019 2551 1074 haece
2593 1020 2664 1076 de
2710 1020 2819 1077 hoc
2876 1021 3023 1077 libro
3079 1024 3339 1080 continet
3387 1024 3609 1082 verba:

1968 1127 1990 1158 α
2026 1106 2127 1161 Ein
2162 1107 2553 1164 lateincsches
2595 1110 2916 1181 Manscript
2947 1111 3053 1166 auf
3084 1111 3446 1184 Pergament,
3479 1115 3613 1170 dem

1965 1218 1988 1246 α
2022 1197 2255 1252 Ansehn
2285 1198 2433 1252 nach
2467 1199 2603 1254 sehr
2628 1199 2727 1268 alt,
2762 1200 2914 1256 ohne
2945 1199 3111 1268 Titel,
3142 1200 3249 1257 mit
3279 1201 3616 1276 gothischer

1960 1307 1989 1334 «
2025 1285 2257 1353 Schrift,
2287 1287 2436 1342 nach
2469 1287 2573 1343 der
2602 1288 2881 1361 Meinung
2911 1290 3012 1344 des
3031 1289 3174 1344 Abts
3197 1291 3446 1363 Optatus
3469 1289 3608 1347 Paul

1959 1397 1986 1423 «
2021 1373 2111 1429 ein
2143 1374 2644 1447 Chorgebetbuch.
3485 1451 3488 1454 .
3557 1448 3584 1456 ..

2029 1462 2218 1526 Quum
2251 1464 2589 1537 diligentius
2637 1465 3006 1538 inspicerem,
3044 1466 3247 1524 statim
3277 1467 3396 1525 vidi
3443 1465 3607 1526 codi-

1957 1567 2082 1606 cem
2110 1553 2352 1624 majoris
2383 1570 2511 1610 esse
2542 1555 2732 1627 pretii.

2028 1643 2089 1696 In
2123 1640 2278 1709 lolio,
2305 1646 2370 1697 ut
2399 1660 2555 1699 nunc
2587 1661 2648 1700 se
2676 1644 2870 1714 habet,
2903 1645 3114 1718 primo,
3146 1645 3360 1720 legitur
3419 1664 3607 1705 manu

1955 1729 2365 1786 rocentissima
2396 1748 2428 1786 a
2458 1733 2647 1788 fronte
2672 1751 2723 1789 :«
2745 1734 2827 1790 Ex
2850 1733 3201 1791 bibliotheca
3219 1735 3330 1793 Dﬁi
3359 1736 3607 1794 Abbatis

1955 1818 2290 1874 Monasterii
2320 1821 2379 1875 B.
2399 1821 2468 1874 V.
2490 1821 2682 1876 Maria
2705 1822 2774 1878 de
2805 1823 2964 1878 Nova
2993 1823 3199 1880 Cella.»
3227 1823 3386 1881 Folio
3415 1824 3606 1897 primo

1953 1924 2118 1963 verso
2149 1911 2206 1962 et
2249 1908 2384 1964 folio
2435 1911 2756 1979 secundo_a
2786 1911 2974 1967 fronte
3018 1911 3234 1985 legitur
3261 1912 3518 1986 hymnus
3545 1914 3606 1970 in

1953 1996 2336 2069 archangelos
2384 1999 2441 2054 S.
2477 1997 2838 2068 Michaelem,
2863 1998 3215 2068 Gabrielem,
3239 2004 3296 2058 et
3341 2001 3606 2074 Raphae-

1953 2084 2089 2156 lem,
2115 2091 2170 2141 et
2197 2086 2254 2140 in
2284 2087 2546 2160 margine
2573 2087 2774 2161 hymni
2795 2087 3044 2145 Alleluia
3073 2106 3204 2145 cum
3230 2089 3447 2146 notulis
3468 2107 3606 2147 can-

1952 2175 2164 2230 tandis.
2200 2176 2462 2248 Scriptus
2494 2192 2622 2232 esse
2653 2176 2882 2232 videtur
2927 2178 3024 2233 hic
3073 2179 3328 2251 hymnus
3359 2197 3393 2234 a
3421 2195 3604 2236 manu

1951 2263 2254 2319 recentiori
2287 2281 2462 2336 quam
2496 2282 2620 2336 qua
2669 2266 2729 2320 in
2770 2265 2995 2338 reliqua
3044 2265 3178 2323 libri
3227 2271 3392 2341 parte
3439 2271 3600 2325 sunt.

1949 2353 2096 2407 Nam
2123 2352 2324 2408 littera
2359 2353 2556 2432 paullo
2589 2353 2876 2410 inclinata
2907 2359 3067 2422 sunt,
3098 2354 3236 2412 licet
3277 2356 3338 2412 in
3384 2357 3604 2416 notulis

1948 2441 2113 2504 linea
2145 2443 2335 2498 desint
2385 2446 2442 2498 et
2490 2443 2845 2516 Gregoriana
2874 2446 3171 2514 Ineumata,
3197 2462 3323 2518 qua
3377 2445 3601 2517 dicunt,

1948 2547 2075 2586 esse
2102 2531 2429 2600 videantur,
2459 2534 2629 2604 cujus
2660 2533 2992 2606 exemplum
3015 2551 3213 2606 supra,
3234 2533 3294 2590 in
3323 2535 3516 2608 ﬁgura
3542 2539 3607 2605 2,

1946 2619 2127 2677 habes
2158 2621 2228 2676 ad
2259 2638 2493 2677 versum
2529 2637 2541 2676 :
2568 2645 2594 2671 «
2629 2623 2734 2677 Per
2762 2638 2922 2695 quem
2954 2623 3245 2680 letabunda
3267 2631 3602 2696 perornatur

1945 2710 2200 2766 machina
2229 2711 2423 2766 mundi
2452 2717 2579 2766 tota.
2616 2733 2645 2762 »

2017 2798 2244 2855 Folium
2277 2800 2604 2855 secundum
2646 2817 2881 2856 versum
2931 2803 2990 2856 et
3035 2799 3241 2857 folium
3288 2800 3527 2858 tertium
3561 2819 3597 2858 a

1943 2889 2152 2956 fronte,
2179 2889 2477 2945 continent
2501 2889 2809 2961 epistolam
2837 2889 3274 2960 dedicatoriam,
3300 2907 3427 2963 qua
3451 2890 3595 2948 inci-

1940 2979 2026 3051 pit
2054 2996 2188 3034 cum
2219 2977 2410 3034 verbis
2445 2996 2456 3034 :
2485 3001 2511 3028 «
2541 2981 2745 3034 Dom-no
2775 2980 2843 3034 M.
2870 3001 2898 3029 ››
2933 2981 2989 3034 et
3019 2979 3090 3035 de
3120 2995 3240 3052 qua
3259 2979 3320 3036 in
3349 2979 3459 3037 hac
3480 2979 3597 3037 dis-

1939 3069 2254 3125 sertatione
2282 3067 2521 3123 uberius
2548 3085 2810 3140 agemus.

2008 3158 2232 3213 Folium
2263 3155 2498 3212 tertium
2523 3173 2758 3212 versum
2791 3157 2994 3228 implet
3015 3157 3088 3230 (v.
3115 3157 3232 3230 Fig.
3259 3157 3356 3231 1.),
3389 3158 3583 3231 imago

1933 3246 2091 3318 picta
2119 3245 2400 3318 principis
2429 3245 2738 3315 cujusdam
2768 3244 3045 3314 coronati,
3078 3245 3408 3318 purpurati,
3439 3245 3586 3303 solio

253 3334 471 3408 Optimi
501 3334 720 3406 quique
749 3351 904 3390 nunc
945 3335 1004 3388 in
1047 3335 1292 3390 historia
1323 3334 1726 3406 investiganda
1754 3334 1825 3389 ad
1857 3320 1900 3388 C
1938 3334 2270 3400 insidentis,
2296 3332 2534 3389 sinistra
2556 3337 2850 3404 sceptrum
2873 3333 3178 3406 gestantis,
3197 3333 3432 3390 dextera
3448 3349 3584 3390 vero

179 3427 565 3482 monumenta
594 3423 724 3496 ipsa
744 3429 1071 3491 recurrunt,
1093 3424 1418 3497 diplomata
1439 3441 1624 3480 coava
1645 3439 1713 3478 ex
1744 3441 1831 3478 ar-

180 3514 366 3572 chivis
416 3512 668 3587 publicis
699 3529 764 3568 ac
803 3513 1044 3586 privatis
1100 3515 1344 3570 formica
1391 3511 1712 3570 seduliores
1757 3513 1828 3568 ad

175 3605 372 3660 lucem
407 3603 764 3676 producunt;
798 3601 906 3657 hos
935 3619 1169 3659 acervos
1191 3606 1705 3659 monumentorum
1727 3619 1831 3656 un-

173 3694 352 3764 dique
385 3689 733 3747 collatorum
773 3689 871 3747 alii
919 3691 1245 3763 explorant,
1285 3695 1646 3763 componunt
1693 3707 1827 3746 cum

169 3780 470 3838 chronicis
493 3784 552 3836 et
573 3779 1009 3847 traditionibus,
1039 3786 1095 3836 et
1119 3797 1247 3853 qua
1279 3781 1339 3836 in
1365 3781 1457 3836 his
1483 3797 1618 3835 cum
1647 3779 1828 3852 diplo-

165 3869 426 3928 matibus
455 3885 573 3925 non
617 3869 1008 3938 consentiunt,
1032 3873 1315 3941 tanquam
1367 3871 1666 3941 suSpecta,
1701 3885 1823 3924 cor-

163 3962 341 4034 rupta
370 3962 473 4016 aut
521 3958 770 4014 conficta
817 3962 1122 4030 respuunt.
1150 3958 1334 4028 Cuius
1383 3957 1484 4013 Rei
1536 3957 1824 4029 optimum

163 4047 501 4120 exemplum
539 4047 830 4104 habemus
876 4046 936 4102 in
985 4047 1132 4102 libro
1172 4046 1578 4103 celeberrimo:
1603 4047 1822 4114 Ranke,

163 4136 534 4196 Jahrbiicher
555 4137 660 4193 der
681 4135 1067 4193 Sachsischen
1089 4136 1312 4193 Kaiser.
1336 4136 1586 4192 Videant
1605 4140 1822 4204 tamen,

164 4244 240 4284 ne
261 4244 332 4284 ex
354 4225 545 4300 Scylla
565 4227 622 4281 in
649 4225 965 4282 Cbaribdin
993 4228 1222 4282 abeant.
1241 4226 1402 4299 Sape
1423 4226 1582 4282 enim
1615 4227 1674 4281 in
1708 4231 1823 4281 tra-

161 4316 383 4373 ditione
417 4313 783 4371 modicillum
807 4316 1102 4388 quoddam
1153 4332 1425 4388 spercum
1481 4319 1571 4371 est
1627 4319 1684 4370 et
1712 4315 1826 4371 tale

161 4421 295 4462 esse
318 4403 487 4460 facile
508 4404 824 4475 probatur;
861 4420 1004 4460 num
1037 4405 1166 4460 ideo
1191 4408 1314 4460 tota
1344 4403 1444 4459 illa
1466 4403 1700 4459 traditio
1731 4404 1827 4459 ab-

156 4492 424 4568 jicienda
451 4492 574 4548 est?
604 4492 662 4548 Si
696 4492 943 4565 exempli
973 4493 1161 4565 gratia
1189 4493 1280 4549 lex
1309 4493 1576 4565 quadam
1609 4493 1822 4546 Romu-

159 4583 256 4641 lea
287 4597 417 4638 esse
438 4580 680 4650 dicitur,
705 4585 764 4638 et
791 4582 1205 4640 celeberrimus
1225 4581 1583 4638 Niebuhrius
1615 4582 1826 4637 Romu-

1939 3423 2277 3495 accipientis
2321 3421 2557 3490 librum,
2593 3437 2766 3494 quem
2819 3421 3092 3478 manibus
3120 3421 3324 3478 velatis
3369 3421 3589 3478 femina

1939 3513 2205 3584 quaedam
2227 3513 2412 3567 offert.
2433 3510 2877 3582 Suprascriptos
2898 3509 3150 3583 legimus
3173 3509 3356 3566 minio
3377 3510 3585 3584 pictos,

1937 3600 2148 3658 litteris
2172 3599 2538 3671 majusculis,
2558 3598 2734 3654 hosce
2763 3599 3028 3671 geminos
3048 3613 3255 3655 versus
3277 3599 3587 3667 Leoninos,

1937 3690 1974 3745 i.
1991 3707 2051 3746 e:
2075 3691 2728 3760 Hexametros,quorum
2747 3688 2911 3760 prius
2928 3687 3318 3744 hemistichon
3334 3688 3587 3745 eundem

1935 3779 1996 3834 in
2029 3781 2144 3834 ﬁne
2177 3796 2388 3835 sonum
2419 3777 2616 3845 habet,
2637 3793 2810 3849 quem
2833 3776 3151 3849 posterius,
3173 3777 3232 3833 id
3254 3780 3363 3846 est,
3386 3781 3452 3834 ut
3481 3775 3590 3832 lin-

1935 3869 2068 3942 guis
2097 3866 2426 3924 vernaculis
2454 3867 2674 3932 dicunt,
2701 3866 2913 3922 rimam
2937 3866 3157 3939 (Reim).

1937 3982 1965 4009 ‹‹
1998 3961 2151 4014 Hunc
2182 3958 2386 4013 librum
2417 3958 2548 4026 Regi
2575 3955 2826 4012 Mahthilt
2853 3957 3022 4012 donat
3049 3956 3340 4026 Misegoni;

1939 4071 1966 4100 «
1999 4051 2173 4117 Quam
2201 4049 2389 4117 genuit
2418 4046 2601 4102 clarus
2624 4045 2941 4102 Suavorum
2969 4045 3095 4102 Dux
3122 4046 3551 4101 Herimannus.»

2007 4137 2165 4193 Folio
2193 4136 2430 4192 tandem
2464 4138 2672 4207 quarto
2704 4139 2858 4190 recto
2879 4150 3051 4191 verus
3082 4137 3171 4190 est
3199 4132 3333 4190 libri
3352 4132 3583 4203 titulus,

1937 4225 2118 4281 minio
2159 4225 2370 4298 pictus,
2406 4223 2617 4279 litteris
2666 4222 3012 4296 majusculis
3038 4239 3087 4278 :«
3121 4225 3187 4279 In
3217 4220 3432 4279 Christi
3481 4239 3586 4278 no-

1937 4339 1963 4368 ‹‹
1998 4315 2155 4370 mine
2190 4314 2393 4387 incipit
2422 4313 2928 4385 libeﬁofficiorum
2959 4326 3134 4385 quem
3161 4316 3472 4368 Romanum
3497 4327 3588 4368 or-

1935 4405 2121 4460 dinem
2154 4403 2469 4475 appellant.
2497 4426 2526 4453 »
2558 4404 2623 4458 In
2657 4402 2922 4476 margine
2969 4399 3320 4458 minusculis
3357 4400 3592 4458 rubrica

1935 4493 2174 4547 additur
2203 4510 2215 4548 :
2242 4516 2269 4542 «
2301 4494 2378 4546 De
2404 4493 2594 4547 natale
2622 4493 2750 4547 Dﬁi.
2775 4513 2804 4541 »

2006 4579 2283 4652 Sequitur
2307 4579 2517 4635 litteris
2550 4579 2895 4649 majusculis
2924 4596 3059 4635 cum
3090 4577 3301 4635 initiali
3333 4577 3591 4634 maxima

159 4673 292 4729 lum
324 4685 521 4744 regem
572 4671 631 4726 in
682 4671 919 4744 mythos
969 4672 1226 4738 abducit,
1251 4688 1322 4727 an
1374 4671 1647 4728 continuo
1696 4685 1822 4725 eam
1854 4689 1901 4754 D
1935 4669 2428 4739 ornatissimaque
2469 4668 2544 4740 (v.
2589 4668 2815 4739 Fig.3.)
2848 4685 2860 4723 :
2888 4689 2916 4718 ‹‹
2951 4666 3364 4723 Sacratissima
3409 4666 3590 4736 hujus

165 4761 365 4834 legem
392 4776 506 4815 non
538 4758 798 4815 extitisse
827 4760 1297 4816 demonstratum
1329 4763 1418 4816 est
1433 4761 1460 4814 ‘?

237 4849 357 4907 Nos
385 4847 446 4903 in
475 4848 585 4905 hac
616 4847 1029 4905 dissertatione
1069 4865 1221 4922 sape
1270 4848 1650 4917 tentabimus,
1687 4848 1819 4919 reji-

169 4938 395 4996 cientes
442 4937 680 5008 quidem
736 4941 1031 5009 suspecta,
1066 4953 1405 4993 conservare
1449 4941 1644 4992 tamen
1695 4954 1822 4992 eam

166 5030 398 5099 partem
427 5025 759 5083 traditionis
781 5043 908 5098 qua
928 5043 1065 5082 vera
1083 5027 1332 5081 videtur.
1358 5029 1471 5081 Cur
1500 5024 1824 5098 periculum

164 5114 483 5171 fecerimus
520 5113 580 5170 in
633 5114 841 5187 primis
889 5115 1126 5189 regibus
1155 5114 1501 5171 Christianae
1550 5113 1824 5185 Polonia,

165 5207 350 5276 caput
380 5218 634 5276 sequens
665 5203 1005 5262 declarabit.

168 5312 309 5368 CAP.
345 5311 488 5367 Il.——
509 5312 670 5367 Liber
699 5312 990 5381 liturgicus
1011 5310 1417 5381 manuscriptus
1440 5309 1626 5365 Caroli
1650 5309 1832 5382 Magni

659 5391 709 5438 et
734 5385 958 5440 Alcuini
996 5383 1338 5440 describitur.

244 5472 391 5529 Cum
425 5474 558 5528 ante
602 5472 710 5528 hos
757 5472 979 5545 aliquot
1019 5489 1224 5538 annos,
1267 5472 1443 5543 jussu
1485 5470 1833 5527 venerabilis

168 5561 471 5636 prapositi
495 5561 1194 5634 Fischeri,perlustrarem
1219 5558 1631 5616 bibliothecam
1661 5559 1836 5616 eccle-

172 5652 276 5708 sia
326 5649 624 5706 catholica
657 5651 882 5707 Sancta
928 5651 1230 5724 Hedwigis
1259 5647 1672 5716 Berolinensis,
1707 5665 1834 5720 qua

98 5794 125 5805 ,⁵
175 5739 501 5798 maximam
543 5743 768 5812 partem
801 5744 1030 5797 constat
1072 5757 1141 5796 ex
1188 5738 1356 5797 libris
1407 5736 1744 5795 Monasterii
1775 5738 1835 5794 S.

1937 4757 2107 4814 «Diei
2134 4756 2415 4812 Nativitas
2466 4755 2594 4811 ideo
2637 4755 2882 4810 dicitur!
2910 4755 3068 4827 quod
3099 4754 3160 4810 in
3191 4771 3260 4811 ea
3287 4755 3465 4809 natus
3502 4757 3592 4809 est

1933 4871 1961 4898 ‹‹
1995 4845 2278 4902 Christus.
2301 4866 2327 4893 ››
2345 4847 2400 4899 et
2418 4847 2526 4899 cet.
2545 4842 2700 4898 Folio
2724 4842 2928 4914 quinto
2946 4859 3112 4900 verso
3132 4840 3444 4918 exponitur
3463 4839 3588 4898 dies

1936 4938 2119 4994 festus
2154 4955 2165 4991 :
2195 4957 2221 4984 «
2253 4933 2317 4989 de
2346 4934 2762 4995 circumcisio-ne
2810 4933 3072 5001 Domini;
3097 4953 3126 4982 »
3157 4935 3215 4987 et
3259 4925 3344 4988 sic
3388 4930 3450 4988 in
3497 4947 3588 4987 se-

1937 5025 2252 5098 quentibus
2304 5038 2510 5078 omnes
2567 5021 2692 5076 dies
2740 5021 3034 5078 solemnes
3083 5020 3224 5077 anni
3271 5018 3592 5076 Christiani

1938 5133 1972 5171 a
2000 5112 2310 5170 Nativitate
2343 5110 2568 5167 Domini
2595 5127 2783 5182 usque
2812 5111 2885 5167 ad
2916 5109 3293 5167 festivitatem
3323 5103 3590 5167 omnium

1939 5206 2289 5260 Sanctorum
2321 5199 2437 5273 (fol.
2473 5201 2562 5269 42)
2595 5203 2974 5256 recensentur
3003 5203 3061 5256 et
3102 5199 3256 5256 ritus
3296 5194 3590 5272 explican-

1938 5298 2055 5348 tur.

2015 5380 2172 5437 Folio
2203 5383 2274 5436 42
2306 5396 2473 5436 verso
2517 5377 2724 5452 incipit
2769 5378 2900 5435 ordo
2943 5378 3014 5434 ad
3049 5376 3387 5434 uisitandum
3432 5375 3595 5445 inﬁr-

1941 5487 2131 5534 mum;
2160 5468 2297 5524 folio
2328 5469 2397 5523 43
2440 5485 2605 5524 verso
2651 5467 2779 5524 ordo
2825 5466 3235 5540 defunctorum;
3267 5463 3402 5521 folio
3433 5461 3500 5519 46
3528 5463 3594 5520 de

1943 5558 2204 5631 gradibus
2263 5558 2681 5622 ecclesiasticis;
2729 5555 2866 5612 folio
2910 5558 2979 5612 48
3028 5556 3266 5628 qualiter
3312 5555 3594 5625 episcopus

1945 5648 2228 5704 ordinetur
2257 5649 2316 5701 in
2361 5648 2606 5702 Romana
2644 5648 2903 5708 ecclesia;
2934 5646 3070 5701 folio
3097 5644 3168 5701 83
3198 5644 3269 5700 ad
3298 5643 3371 5698 74
3399 5643 3599 5715 incipit

1948 5738 2124 5793 brevis
2169 5736 2432 5808 expositi)
2481 5737 2698 5800 missae;
2745 5735 2841 5794 fol.
2876 5735 2950 5794 74
2977 5735 3041 5794 dc
3084 5733 3364 5809 Symbolo;
3392 5729 3491 5789 fol.
3524 5731 3596 5789 76
