3950 6392
349 441 504 539 1334

1601 531 1606 535 _
1655 447 1993 512 APPEND.
2038 447 2142 511 AD
2187 448 2329 513 sn.
2377 448 2454 511 x.

3604 436 3772 508 1332

351 594 515 635 verso
545 577 617 634 ad
652 540 750 634 fol.
782 577 853 636 83
883 596 950 635 ex
996 578 1106 635 alio
1149 581 1404 652 quodam
1454 580 1617 636 libro-
1649 582 2000 653 transcripta
2028 585 2083 649 Α
2181 582 2416 637 Constat
2448 579 2626 652 igitur
2654 539 2959 652 hucusque
2988 575 3205 633 librum
3249 577 3517 632 nostrum
3548 591 3771 660 manu:

352 668 418 724 de
445 669 616 723 sacris
647 669 929 724 ordinibus
957 677 1007 724 et
1034 669 1097 724 de
1123 671 1349 726 vestibus
1377 671 1817 726 sacerdotalibus.

429 757 600 813 Liber
629 757 723 812 hic
753 757 1058 829 liturgicus
1089 760 1406 814 maximam
1440 765 1665 831 partem
1697 777 1812 814 non
1843 761 2002 832 igno-

355 850 454 902 tus
477 845 774 918 est.Vulgo
797 862 929 902 eum
950 847 1540 904 Pseudo-Alcuineum
1566 849 2002 921 nominant.Ty—

353 935 445 1007 pis
485 935 609 1005 jam
642 939 910 991 exaratus
941 941 1048 1002 est,
1076 936 1212 992 licet
1244 938 1542 1004 mendose,
1563 936 1622 992 in
1664 937 2001 994 collectione

351 1023 810 1095 Hittorpiana,et
831 1023 989 1079 alibi.
1004 1027 1075 1079 At
1093 1026 1304 1081 desunt
1325 1029 1518 1081 tamen
1541 1027 1728 1080 multa
1748 1026 1806 1081 in
1829 1027 2000 1081 editis

355 1127 482 1183 quae
515 1111 952 1184 manuscriptus
999 1118 1196 1168 noster
1238 1115 1455 1169 intacta
1485 1115 1670 1169 offert.
1706 1117 2000 1181 Quantum

357 1199 567 1256 attinet
597 1201 667 1254 ad
713 1203 974 1256 autorem
1026 1202 1287 1257 maximae
1346 1202 1525 1273 hujus
1557 1204 1687 1258 libri
1745 1203 2000 1277 liturgici

2108 671 2393 741 scriptum
2433 680 2561 724 esse
2605 667 2901 740 exemplar
2930 666 3153 722 ordinis
3199 664 3456 737 liturgici
3505 663 3770 720 ecclesiae

2109 759 2403 823 Romanae,
2437 776 2469 813 a
2501 757 2775 812 Mathilde
2808 757 3084 828 quadam,
3119 755 3240 810 ﬁlia
3270 753 3576 825 cujusdam
3620 757 3771 808 Her-

2108 847 2307 902 manni
2341 847 2514 902 Ducis
2541 846 2886 912 Suevorum,
2910 846 3192 900 donatum
3226 842 3345 915 regi
3385 842 3620 898 cuidam
3655 841 3772 924 Mi-I

2110 936 2329 1007 segoni.

2184 1025 2511 1079 Redeamus
2568 1025 2639 1078 ad
2709 1023 3016 1095 epistolam
3093 1021 3512 1076 dedicatoriam
3576 1019 3773 1075 nostri

2108 1113 2476 1185 exemplaris,
2511 1130 2637 1185 quae
2672 1129 2828 1167 nunc
2860 1113 3108 1168 fortasse
3139 1109 3355 1166 melius
3383 1109 3631 1181 intelligi
3669 1126 3776 1181 po-

2110 1203 2262 1258 terit.
2299 1203 2378 1257 En
2412 1219 2540 1256 eam
2573 1201 2761 1273 ipsam
2795 1201 2890 1256 hic
2923 1199 3077 1272 typis
3109 1215 3466 1271 expressam,
3497 1200 3770 1253 verbote-

353 1289 560 1362 partis,
608 1289 1008 1344 demonstrare
1056 1307 1227 1362 posse
1277 1292 1418 1347 mihi
1468 1292 1684 1358 videor,
1729 1293 2002 1349 Carolum

354 1393 637 1450 magnum
667 1382 724 1433 et
743 1376 1053 1433 Alcuinum
1085 1379 1280 1435 alteris
1303 1381 1456 1435 curis
1487 1398 1621 1436 eum
1644 1383 2003 1456 composuis-

353 1483 437 1550 se.
467 1466 576 1523 Sed
611 1467 680 1522 de
709 1466 819 1523 hac
851 1484 911 1524 re
941 1466 1054 1524 alio
1084 1468 1208 1525 loco
1237 1485 1498 1544 agemus.

2111 1309 2244 1357 nus,
2278 1307 2410 1346 cum
2444 1291 2672 1346 mendis
2706 1289 3173 1364 orthographicis
3205 1293 3260 1345 et
3295 1287 3774 1361 interpunctione

2111 1381 2328 1438 intacta
2363 1397 2375 1434 :

1848 1630 2218 1640 ————-———

953 1730 1085 1784 CAP.
1120 1729 1211 1784 Ill.
1237 1761 1303 1770 —
1334 1731 1572 1801 Epistola
1601 1730 1940 1785 dedicatoria
1979 1729 2260 1784 litat/tildst
2289 1728 2474 1784 Suevae
2505 1728 2575 1782 ad
2603 1729 2928 1799 Misegonem
2955 1745 3153 1799 regem.

886 1828 911 1880 1
1025 1827 1248 1882 Domno
1281 1827 1356 1883 M.
1391 1828 1467 1899 (1)
1499 1828 1730 1882 virtutis
1761 1844 1905 1882 verae
1938 1826 2142 1882 cultori
2172 1825 2497 1881 verissimo.
2533 1826 2774 1896 regique
2809 1825 3217 1882 invictissimO'

881 1918 917 1969 2
957 1916 1508 1988 M.(l)suppremum
1523 1917 1581 1971 in
1597 1916 1822 1971 Christo
1837 1915 2214 1987 gaudium.ac
2228 1915 2452 1970 felicem
2467 1932 2644 1987 super
2655 1915 2821 1971 hoste
2838 1915 3222 1987 triumphum'

885 2004 920 2057 3
957 2004 1241 2067 Quoniam
1265 2005 1370 2060 tibi
1394 2005 1590 2059 divina
1611 2005 1796 2076 gratia
1818 2005 2044 2076 regium
2068 2021 2280 2059 nomen
2306 2005 2520 2075 pariter
2541 2007 2599 2058 et
2619 2003 2898 2078 honorem
2925 2003 3229 2059 concessit.

885 2093 916 2147 li
958 2097 1196 2164 arteque
1227 2094 1508 2166 regnandi
1540 2094 1610 2148 ad
1642 2093 1700 2148 id
1734 2093 2060 2148 necessaria
2089 2092 2504 2148 honestissime
2536 2091 2772 2147 ditavit!
2808 2091 2961 2146 felici
2993 2092 3229 2164 inceptu

884 2182 921 2235 5
959 2186 1022 2236 ut
1051 2182 1266 2237 audivi.
1293 2183 1400 2254 ipsi
1427 2182 1711 2237 divinitati
1736 2182 1897 2254 regni
1927 2181 2013 2236 tui
2045 2182 2337 2254 primitias
2368 2182 2572 2236 devoto
2595 2184 2827 2252 pectore
2850 2181 3225 2236 consecrasti'

877 2271 914 2324 6
951 2271 1092 2335 Quis
1121 2271 1277 2326 enim
1310 2272 1802 2342 praedecessorum
1831 2275 2066 2326 tuorum
2087 2275 2282 2326 tantas
2305 2270 2485 2325 erexit
2505 2268 2836 2324 ecclesias?
2866 2269 3006 2334 Quis
3030 2269 3090 2324 in
3112 2269 3234 2325 lau-

883 2361 917 2412 7
958 2359 1092 2413 dem
1145 2359 1236 2414 dei
1284 2359 1521 2414 totidem
1570 2359 1916 2415 coadunavit
1966 2359 2244 2432 linguas?
2280 2375 2413 2413 cum
2458 2357 2516 2412 in
2566 2359 2800 2430 propria
2845 2362 2901 2413 et
2943 2359 3004 2412 in
3054 2358 3238 2414 latina

883 2448 916 2500 8
958 2452 1140 2502 Deum
1173 2448 1346 2520 digne
1366 2448 1625 2503 venerari
1659 2465 1880 2520 posses,
1906 2448 1964 2502 in
1989 2448 2097 2503 hoc
2129 2447 2232 2502 tibi
2255 2464 2368 2502 non
2397 2446 2558 2502 satis.
2583 2463 2813 2519 grecam
2843 2447 3232 2518 superaddere

883 2537 919 2589 9
959 2535 1237 2591 maluisti'
1273 2541 1402 2592 Haec
1430 2541 1486 2592 et
1516 2537 1855 2608 hujusmodi
1891 2535 2085 2592 studia
2113 2540 2170 2591 te
2201 2536 2248 2591 si
2281 2536 2338 2590 in
2372 2538 2549 2591 ﬁnem
2582 2536 3057 2608 perseveraveris.
3092 2536 3226 2592 bea-

850 2625 919 2680 40
959 2624 1256 2680 tissimum
1305 2626 1639 2698 praedicant.
1674 2630 1845 2698 teque
1895 2643 2008 2680 non
2059 2626 2201 2680 adeo
2251 2625 2510 2680 humano
2550 2641 2728 2696 quam
2778 2623 2972 2679 divino
3005 2623 3230 2696 judicio

855 2714 915 2767 11
962 2712 1228 2768 electum.
1263 2715 1334 2770 ad
1377 2716 1695 2786 regendum
1742 2714 2023 2786 populum
2071 2718 2339 2769 sanctum
2372 2713 2473 2769 Dei
2505 2713 2877 2769 veracissime
2916 2717 3228 2768 testantur.

857 2804 922 2857 12
961 2803 1060 2874 qui
1089 2803 1148 2858 in
1195 2803 1420 2875 judicio
1474 2805 1773 2876 providus,
1805 2803 1864 2857 in
1898 2803 2154 2858 bonitate
2185 2803 2560 2874 conspicuus.
2594 2802 2654 2857 in
2685 2803 2959 2858 universa
2991 2819 3223 2858 morum

855 2892 922 2945 13
961 2891 1263 2947 honestate
1293 2892 1605 2964 praeclarus
1637 2892 1888 2947 haberis.
1923 2891 2113 2946 viduis
2145 2895 2210 2946 ut
2251 2891 2356 2945 vir.
2386 2890 2665 2963 orphanis
2710 2895 2776 2946 ut
2819 2895 2999 2962 pater.
3036 2891 3234 2964 egenis

859 2980 923 3033 14
961 2983 1018 3035 et
1056 2981 1410 3052 pauperibus
1454 2982 1826 3052 incorruptus
1882 2981 2153 3036 defensor
2203 2981 2275 3035 ab
2331 2980 2606 3036 omnibus
2659 2981 3078 3052 comprobaris.
3113 2997 3228 3035 non

860 3069 927 3122 15
964 3070 1384 3126 considerando
1438 3087 1746 3142 personam
1806 3071 2098 3143 pauperis.
2151 3069 2237 3124 vel
2294 3069 2620 3125 venerando
2668 3069 2899 3125 vultum
2955 3071 3229 3141 potentis.

860 3157 927 3211 16
966 3158 1068 3212 sed
1145 3158 1293 3214 libra
1358 3160 1602 3230 justitize
1683 3176 1808 3231 qua}
1885 3163 2291 3230 proponuntur
2362 3163 2571 3214 cuncta
2642 3159 2961 3214 examinaS'
3018 3158 3232 3214 Christi

855 3248 920 3301 17
959 3247 1158 3318 procul
1191 3248 1366 3304 dubio
1399 3248 1644 3305 militem
1675 3267 1808 3304 cum
1843 3249 2010 3304 beato
2041 3248 2382 3304 Sebastiano
2416 3249 2524 3302 sub
2557 3247 2769 3320 regalis
2797 3248 3041 3304 vestitus
3072 3248 3233 3303 cultu

852 3336 918 3388 18
957 3337 1126 3392 ducis
1156 3338 1585 3394 absconditum.
1635 3339 1751 3392 Deo
1803 3342 2034 3392 tantum
2066 3341 2132 3392 ut
2162 3336 2434 3392 restituas
2489 3336 2716 3391 animas
2748 3335 3037 3391 diabolica
3074 3337 3231 3392 frau-

854 3427 920 3480 19
959 3426 1029 3481 de
1077 3427 1366 3498 deceptas.
1414 3428 1512 3499 qui
1573 3426 1857 3482 talentum
1916 3425 2022 3481 tibi
2081 3427 2465 3482 commissum
2526 3429 2818 3497 reportare
2875 3425 3235 3497 centuplica-

847 3516 918 3568 20
959 3518 1082 3570 tum
1113 3515 1779 3582 vehementerEanhelas.
1810 3515 2120 3570 auditurus
2157 3516 2386 3570 beatam
2418 3531 2615 3569 vocem
2649 3531 2766 3586 qua
2809 3514 3039 3569 dicitur-
3073 3516 3231 3587 Euge

853 3606 916 3658 21
955 3622 1114 3660 serve
1147 3605 1294 3660 bone
1347 3610 1404 3661 et
1452 3605 1658 3661 ﬁdelis.
1721 3609 1777 3660 et
1837 3609 2060 3660 caetera'
2093 3604 2356 3660 Paternis
2409 3620 2619 3675 nempe
2675 3603 2958 3675 exemplis
3016 3621 3240 3660 ammo-

851 3696 922 3747 22
953 3693 1110 3749 nitus
1177 3697 1334 3749 totus
1378 3710 1526 3765 pene
1575 3693 1824 3748 versaris
1873 3693 1932 3748 in
1981 3691 2338 3748 coelestibus.
2391 3692 2492 3762 qui
2550 3692 2609 3746 in
2671 3691 2773 3747 illa
2823 3691 3026 3747 mundi
3076 3698 3241 3764 parte

853 3783 923 3836 23
963 3783 1347 3854 quam'regis.
1374 3782 1542 3854 quasi
1574 3783 1815 3853 quidam
1849 3781 1978 3836 fons
2009 3785 2065 3836 et
2095 3781 2254 3853 origo
2295 3785 2506 3836 sanctae
2553 3780 2849 3836 catholicae
2903 3785 2959 3836 et
3005 3785 3241 3854 aposto-

853 3873 924 3925 24
965 3871 1085 3925 lica:
1109 3870 1296 3925 extitit
1314 3869 1634 3925 ﬁdei.Nam
1652 3887 1799 3941 quos
1818 3869 2005 3925 sancti
2046 3869 2450 3941 praedicatores
2490 3869 2776 3942 corrigere
2817 3887 2934 3925 non
2973 3876 3241 3942 poterant

856 3961 928 4014 25
963 3961 1134 4014 verbo
1151 3961 1162 4014 !
1179 3959 1276 4014 ille
1290 3959 1587 4014 insecutus
1601 3964 1687 4015 est
1700 3960 1869 4014 ferro.
1887 3958 2242 4030 compellens
2256 3959 2326 4014 ad
2342 3975 2566 4014 coenam
2580 3959 2936 4015 dominicam
2959 3960 3239 4015 barbaras

855 4049 926 4101 26
957 4064 1022 4102 ac
1047 4048 1442 4103 ferocissimas
1471 4048 1752 4103 nationes.
1781 4052 1946 4101 Hunc
1988 4051 2183 4102 autem
2216 4047 2433 4102 librum
2467 4049 2594 4103 ideo
2636 4048 2742 4103 tibi
2782 4048 2986 4104 direxi.
3012 4049 3230 4120 nequid

855 4137 926 4189 27
965 4135 1023 4190 in
1055 4136 1267 4191 divinis
1298 4136 1506 4192 ofﬁciis
1538 4136 1902 4207 incognitum
1931 4137 2049 4191 fore
2076 4140 2188 4191 tuae
2221 4136 2389 4208 regis:
2433 4137 2724 4208 dignitati.
2775 4138 2967 4193 sciens
3017 4142 3072 4194 te
3121 4139 3240 4211 spi-

854 4224 922 4277 28
961 4224 1112 4279 ritali
1143 4225 1522 4297 praerogativa
1551 4226 1891 4297 'preditum.
1922 4225 2124 4297 procul
2172 4225 2351 4280 dubio
2402 4225 2616 4282 habere
2663 4230 2984 4298 acceptum.
3024 4227 3086 4282 In
3117 4245 3233 4300 quo

851 4315 921 4367 29
961 4312 1099 4384 quid
1113 4313 1760 4384 signiﬁcontvarietates
1774 4331 1900 4386 quae
1925 4331 2025 4386 per
2045 4315 2274 4369 diversa
2294 4319 2558 4386 tempora
2578 4314 2637 4370 in
2657 4316 2878 4371 eisdem
2900 4315 3238 4371 recoluntur

854 4402 923 4455 30
961 4400 1189 4457 ofﬁciis.
1225 4401 1490 4458 curiosus
1541 4402 1719 4458 lector
1769 4403 1933 4458 facile
1983 4403 2246 4474 reperiet'
2282 4403 2436 4458 Deus
2481 4403 2851 4475 omnipotens
2884 4405 3052 4475 cujus
3103 4421 3239 4460 con-

855 4490 918 4542 31
963 4489 1262 4545 stitutione
1309 4490 1488 4564 regali
1547 4492 1872 4548 diademate
1931 4495 2243 4548 coronatus
2298 4509 2381 4546 es.
2434 4492 2559 4564 ipse
2620 4492 2725 4547 tibi
2785 4492 3050 4565 spacium
3106 4494 3234 4549 vitae

851 4579 921 4632 32
957 4578 1330 4652 palmamque
1380 4581 1629 4638 victoriae
1687 4581 2008 4654 largiendo.
2043 4581 2269 4637 cunctis
2317 4581 2532 4638 efﬁciat
2588 4581 2857 4638 hostibus
2917 4583 3235 4638 fortiorem-

853 4668 922 4722 33
959 4668 1042 4723 Ad
1075 4667 1217 4724 velle
1247 4668 1392 4726 vale'

1852 4819 2254 4836 ῃ

405 4919 537 4974 CAP.
572 4919 664 4978 IV.
689 4951 755 4962 -—
785 4921 859 4976 De
888 4922 1198 4977 litterarum
1217 4925 1400 4993 forma
1429 4925 1480 4975 et
1511 4921 1948 4992 interpunctione
2029 4923 2076 4988 B
2179 4921 2644 4977 Minuscularum
2677 4924 2870 4977 autem
2893 4921 3112 4978 formas
3135 4923 3302 4978 oﬁ‘ert
3329 4921 3476 4978 liber
3497 4937 3597 4977 eas
3623 4938 3777 4994 quas

375 5002 379 5007 '
1106 4995 1250 5049 Mstz'.

2184 5028 2207 5076 ς.
2240 5011 2294 5075 5,
2327 5009 2666 5065 incidendas
2699 5010 2916 5065 curavi.

422 5097 772 5152 Litterarum
804 5099 990 5154 forma
1019 5103 1109 5155 est
1139 5096 1514 5153 nitidissima.
1542 5098 1606 5151 In
1629 5097 1994 5168 majusculis,
2179 5097 2349 5172 Siglae
2387 5115 2564 5170 quam
2596 5097 2862 5171 plurimae
2913 5103 3256 5167 occurrunt;
3291 5099 3509 5155 formas
3541 5097 3774 5169 aliquot

351 5185 650 5257 quadratae
679 5191 737 5242 et
767 5188 1042 5242 rectilinae
1081 5187 1296 5250 latina,
1330 5185 1520 5240 mixtae
1553 5189 1691 5241 sunt
1739 5204 1872 5240 cum
1905 5204 1994 5242 ro-
2107 5204 2305 5241 earum
2331 5188 2386 5240 in
2414 5189 2510 5260 ﬁg.
2534 5190 2568 5241 6
2589 5187 2867 5252 habes,de
2893 5189 3111 5259 quibus
3135 5205 3306 5261 agam
3329 5186 3516 5259 capite
3538 5187 3772 5242 XXXII.

349 5271 725 5330 tundioribus
756 5275 1003 5347 gotbicis
1025 5307 1091 5316 ——
1114 5273 1401 5345 (exempla
1433 5274 1637 5329 talium
1669 5273 1994 5330 litterarum
2177 5276 2294 5330 Ista
2320 5275 2646 5330 litterarum
2698 5277 2995 5346 mixtione,
3049 5275 3516 5349 majuscularum
3561 5274 3767 5330 formas

349 5363 407 5418 in
440 5361 650 5418 tabulae
679 5365 778 5437 ﬁg.
805 5365 855 5418 4.
881 5365 1059 5432 dedi.)
1085 5395 1150 5404 —
1171 5363 1325 5432 quod
1353 5364 1576 5418 obtinet
1605 5365 1662 5419 in
1693 5363 1900 5420 litteris
1928 5365 1995 5428 D.
2107 5365 2563 5435 quadratae,cum
2582 5366 3196 5438 rotundis,prazsertim
3216 5365 3533 5421 utebantur
3551 5364 3769 5419 saeculo

351 5452 428 5520 Μ,
462 5453 530 5521 Ν,
564 5454 628 5518 Q,
661 5457 727 5520 A,
760 5454 821 5521 C,
858 5453 923 5519 U,
959 5454 1020 5519 L,
1066 5453 1130 5519 R,
1175 5453 1237 5517 Ε,
1283 5451 1348 5517 Η,
1384 5454 1424 5521 Ι,
1468 5454 1530 5507 '1‘.
1575 5458 1631 5509 et
1670 5454 1729 5508 P.
1774 5455 1993 5510 Rotun-
2108 5453 2414 5508 undecimo
2443 5459 2573 5525 post
2594 5454 2892 5509 Christum
2924 5461 3158 5525 natum;
3191 5453 3460 5528 quamvis
3493 5452 3769 5526 exempla

353 5542 534 5598 dioris
565 5547 795 5598 tantum
829 5543 1026 5597 forma:
1059 5542 1122 5606 B,
1155 5541 1213 5608 F,
1249 5541 1314 5608 K,
1349 5546 1418 5608 X,
1451 5542 1498 5596 Y
1528 5546 1584 5598 et
1613 5545 1670 5598 Z.
2109 5541 2307 5597 saeculi
2331 5542 2708 5614 praecedentis
2729 5546 2787 5597 et
2808 5543 3192 5616 insequentis,
3211 5561 3279 5600 ea
3297 5547 3496 5599 tamen
3519 5542 3765 5600 rariora.

428 5723 502 5792 (1)
645 5738 772 5777 esse
803 5737 906 5792 pro
931 5720 1190 5790 Misegoni
1218 5719 1581 5793 ex'_’versibus
1612 5722 1808 5793 ﬁgurae
1833 5723 1959 5792 jam
1993 5725 2250 5792 apparet.
