3950 6408
171 466 327 532 134i

1429 464 1497 559 s.
1541 444 1971 527 MATHILDIS
2014 452 2333 522 REGINA.

3418 461 3578 560 tanta

170 602 243 659 de
270 599 569 660 nobilibus
597 600 939 677 parentibus
969 617 1161 673 orsus,
1186 598 1305 673 qui,
1326 556 1500 673 paulo
1522 600 1654 671 post
1674 596 1817 651 Pra-
1844 592 1902 660 Α
1930 591 2025 648 dio
2056 558 2396 649 orientalem
2428 590 2574 648 adiit
2606 589 2964 663 Porussiam,
3013 592 3110 652 ubi
3134 599 3266 669 post
3310 556 3575 671 repulsas

168 693 368 767 gensis
398 692 707 765 episcopus
719 691 1139 748 acclamatione
1164 689 1302 746 cleri
1313 693 1369 745 et
1382 687 1584 762 populi
1599 686 1817 743 electus

167 786 256 840 est
287 782 425 855 (47).
456 781 665 837 Verbis
697 780 1137 853 preedecessoris
1168 781 1493 851 correptus,
1543 775 1819 832 omnibus

168 869 465 927 deliciosis
497 870 645 927 cibis
675 875 733 927 et
774 870 1036 926 vestibus
1082 868 1347 939 abjectis,
1400 871 1576 922 noctu
1631 863 1819 921 cilicio

169 976 405 1017 carnem
437 960 740 1026 amiciens,
770 962 948 1031 caput
970 975 1103 1014 vero
1148 958 1339 1013 cinere
1388 971 1725 1028 aspergens,
1759 953 1819 1008 in

172 1048 357 1105 alium
406 1048 707 1104 hominem
769 1064 834 1103 ex
883 1047 1070 1102 milite
1117 1070 1145 1098 ‹‹
1180 1046 1422 1103 delicato
1455 1066 1484 1095 ››
1534 1046 1819 1109 mutatus,

175 1137 378 1194 omnia
407 1154 535 1209 quae
564 1137 837 1205 habebat,
871 1137 930 1192 in
961 1153 1196 1209 egenos,
1229 1135 1484 1208 pupillos
1514 1138 1570 1190 et
1615 1133 1823 1189 viduas

176 1227 438 1300 erogavit
465 1226 599 1300 (48).
633 1228 740 1284 Sed
773 1226 830 1281 in
861 1226 1077 1298 populo
1108 1230 1230 1281 tam
1251 1225 1501 1280 barbaro
1533 1223 1681 1279 ritus
1703 1221 1825 1278 Sla-

171 1315 578 1389 vonico-graaci
609 1313 1039 1385 amantissimo,
1071 1313 1153 1369 nil
1184 1313 1377 1370 verbis
1419 1311 1504 1368 nil
1544 1310 1823 1382 exemplis

173 1404 517 1478 proﬁciebat
542 1402 915 1471 Adalbertus,
948 1402 1253 1474 principiis
1283 1400 1612 1457 Occidentis
1636 1400 1826 1455 imbu-

169 1498 309 1562 tus;
343 1491 613 1565 pluribus
642 1507 872 1563 nempe,
910 1494 975 1546 ut
1014 1490 1202 1557 aiunt,
1254 1489 1535 1545 uxoribus
1585 1487 1826 1544 Bohemi

173 1580 492 1638 Christiani
523 1580 951 1647 abutebantur;
978 1579 1225 1652 gentiles
1256 1582 1313 1635 et
1342 1578 1656 1651 sacrilegos
1678 1576 1829 1632 ritus

173 1669 576 1744 practicabant
598 1669 886 1738 ;subditos
905 1669 1191 1741 proprios,
1207 1668 1360 1724 ﬁlios
1377 1667 1649 1739 ﬁliasque
1663 1665 1825 1722 Chri-

174 1760 251 1817 sti
284 1759 619 1816 charactere
646 1756 979 1830 insignitos,
1001 1757 1221 1813 Judaeis
1252 1758 1312 1812 in
1343 1757 1682 1813 servitutem
1695 1770 1828 1809 ven-

175 1848 424 1917 debant;
450 1848 575 1904 fora
588 1847 797 1903 diebus
814 1846 1133 1903 Dominicis
1152 1844 1826 1920 frequentabant;sepul-

1931 681 2242 753 plurimas,
2262 698 2493 737 sacrum
2510 681 2931 740 Germanorum
2947 685 3146 741 lucum
3160 688 3573 759 profanans,ab

1930 769 2219 825 idolorum
2253 772 2551 826 sacerdote
2572 776 2797 845 septem
2825 774 3168 831 vulneribus
3191 777 3434 833 affectus
3455 783 3580 835 tan-

1931 859 2062 913 dem
2096 858 2252 914 diem
2280 858 2424 914 obiit
2452 876 2795 931 supremum
2824 880 3001 936 prope
3044 866 3372 935 Tenkitten,
3420 869 3576 939 quod

1932 945 2086 1002 inter
2115 948 2289 1004 urbes
2308 948 2705 1005 Fischhausen
2718 956 2774 1006 et
2790 951 2971 1008 Pillau
3004 953 3182 1009 situm
3214 959 3322 1020 est,
3352 956 3577 1012 decimo

1931 1035 2216 1092 Calendas
2246 1037 2423 1094 Maias
2455 1039 2591 1093 anni
2622 1039 2747 1094 997.
2780 1041 2931 1096 Socii
2963 1043 3112 1114 capti
3166 1043 3426 1114 quidem,
3476 1046 3577 1102 sed

1934 1124 2167 1180 remissi
2199 1128 2331 1198 (55).
2367 1126 2588 1199 Corpus
2617 1145 2750 1184 vero
2783 1129 2839 1185 S.
2857 1130 3125 1203 Martyris
3154 1131 3479 1190 Bolizlavus
3501 1135 3523 1191 Ι
3546 1152 3581 1190 a

1934 1213 2203 1269 Porussis
2226 1214 2438 1271 emisse
2468 1216 2742 1272 traditiJr.
2772 1218 3012 1274 Addunt
3046 1219 3323 1277 barbaros
3350 1225 3578 1279 tantum

1933 1302 2158 1374 argenti
2190 1303 2300 1374 (56)
2333 1304 2561 1376 pondus
2593 1305 2947 1377 postulasse,
2971 1309 3177 1380 quanti
3209 1314 3366 1366 esset
3384 1313 3577 1367 Sancti

1932 1408 2164 1463 corpus,
2199 1396 2255 1447 et
2286 1392 2566 1449 miraculo
2598 1394 2826 1467 perleve
2859 1397 2914 1451 id
2943 1397 3245 1454 inventum
3276 1400 3413 1471 (57).
3443 1386 3584 1457 (301·-Δ

1932 1496 2044 1551 pus
2074 1479 2134 1534 in
2164 1480 2463 1538 Poloniam
2493 1482 2715 1555 ingenti
2728 1484 3257 1541 ecclesiasticorum
3280 1492 3338 1543 et
3358 1489 3581 1545 secula-

1933 1568 2158 1623 riorum
2181 1569 2558 1628 multitudine
2588 1572 2870 1645 stipatum
2901 1573 3151 1630 relatum
3183 1580 3292 1646 est,
3317 1581 3495 1650 atque
3521 1574 3591 1635 in

1934 1656 2080 1712 urbe
2107 1659 2430 1716 Gnesnensi
2448 1662 2703 1717 maxima
2723 1679 2941 1735 pompa
2967 1664 3299 1736 depositum
3322 1670 3378 1723 et
3406 1660 3591 1724 bono-1

1934 1746 2369 1808 riﬁcentissime
2393 1750 2713 1822 sepultum.
2737 1752 2821 1807 Ibi
2854 1769 2989 1808 mox
3011 1753 3427 1811 miraculorum
3451 1773 3582 1829 ope-

1936 1842 2164 1897 ratione
2193 1838 2451 1911 reliquia:
2480 1838 2751 1912 martyris
2782 1842 2939 1913 apud
2966 1858 3170 1898 omnes
3221 1843 3586 1902 Christianos

175 1943 345 1995 turas
374 1937 434 1992 in
463 1936 725 2009 profanis
756 1935 1049 2009 eligebant
1094 1935 1261 2004 locis,
1294 1940 1350 1991 et
1380 1936 1439 1989 in
1488 1938 1827 2006 contemptu
1857 1965 1905 2030 B
1942 1930 2241 1987 celebratae
2274 1934 2415 1985 sunt
2436 1930 2569 2001 (58).

177 2026 476 2084 habebant
504 2041 738 2083 omnem
758 2025 1175 2081 correctionem
1197 2026 1269 2081 ab
1291 2025 1562 2097 episcopo
1594 2022 1826 2079 adhibi—

175 2120 318 2172 tam.
348 2117 545 2180 Qua-re
561 2115 776 2170 ductus
790 2114 1128 2171 cathedram
1162 2131 1316 2170 anno
1344 2114 1450 2168 989
1463 2112 1718 2168 deseruit
1740 2111 1828 2166 vir

175 2208 439 2273 sanctus,
474 2208 548 2272 et,
564 2202 1022 2276 Hierosolymam
1040 2203 1355 2259 invisurus.
1381 2203 1624 2258 Romam
1640 2200 1824 2272 petiit.

176 2296 301 2361 Qua
328 2297 524 2349 tamen
556 2293 615 2347 in
640 2292 781 2347 urbe
805 2292 1028 2346 mansit
1058 2308 1191 2347 cum
1210 2292 1386 2347 fratre
1416 2323 1485 2331 —-
1515 2290 1573 2346 in
1596 2289 1824 2346 Christo

176 2386 243 2438 ut
278 2382 521 2455 quidam
567 2380 772 2436 volunt
799 2380 931 2453 ?(zt9)
960 2410 1030 2422 —-
1058 2379 1384 2436 Gaudentio
1437 2378 1823 2434 monasticam

174 2474 354 2529 vitam
386 2469 580 2526 colens
610 2470 742 2541 (50).
775 2468 1016 2525 Bohemi
1043 2473 1278 2541 propter
1293 2466 1586 2523 Adalberti
1608 2465 1825 2522 disces-

178 2576 312 2616 sum
342 2558 403 2614 in
435 2557 657 2614 rabiem
686 2557 860 2621 versi,
922 2557 980 2611 in
1013 2557 1274 2630 quinque
1330 2557 1537 2612 fratres
1585 2555 1734 2625 ejus,
1767 2557 1825 2609 et

177 2646 477 2720 germanis
501 2649 558 2701 et
586 2644 787 2700 latinis
818 2644 1095 2713 faventes,
1128 2659 1431 2717 genusque
1460 2647 1516 2699 et
1548 2643 1821 2715 patriam,

176 2734 359 2791 Lubic
392 2733 697 2806 oppidum,
731 2749 792 2788 se
838 2737 1092 2800 vertunt,
1148 2732 1367 2789 incolas
1420 2731 1736 2799 trucidant,
1769 2734 1826 2785 et

178 2822 460 2896 oppidum
491 2825 742 2878 exurunt
770 2822 902 2893 (51).
938 2823 1195 2877 Instante
1243 2820 1585 2894 Moguntino
1635 2819 1827 2874 archi-

178 2911 472 2985 episcopo,
501 2911 672 2982 cujus
694 2911 1100 2983 suii'raganeus
1120 2914 1261 2966 tunc
1280 2914 1404 2966 erat
1419 2909 1750 2982 Pragensis,
1771 2913 1828 2963 et

181 3003 453 3056 monente
477 2999 755 3055 Pontiﬁce
778 2998 1052 3065 maxime,
1086 2999 1331 3072 Pragam
1346 3015 1483 3054 cum
1501 2995 1825 3054 Gaudentio

177 3093 235 3145 et
264 3087 395 3144 aliis
422 3087 563 3143 viris
597 3087 709 3160 piis
741 3103 896 3143 anno
974 3088 1044 3142 94
1089 3088 1444 3155 revertitur;
1479 3087 1576 3142 sed
1610 3085 1825 3140 iterum

178 3178 377 3234 sedem
403 3176 683 3249 relinquit
710 3180 767 3231 et
786 3176 1140 3248 Hungariam
1172 3175 1336 3248 petit,
1355 3175 1599 3231 verbum
1625 3175 1725 3229 Dei
1745 3173 1825 3244 (id

2007 2020 2139 2077 CAP.
2173 2019 2320 2074 Xlll.
2353 2048 2422 2058 ——
2451 2018 2747 2076 Chrobatia
2776 2036 2811 2074 a
2838 2020 3115 2076 Bolizlavo
3140 2024 3165 2076 Ι
3190 2023 3435 2079 subacta.

2005 2108 2292 2164 Bolizlavo
2353 2107 2471 2175 Pio,
2531 2107 2921 2164 Bobemorum
2954 2111 3118 2178 duce,
3170 2116 3404 2168 mortuo
3434 2129 3585 2170 anno

1932 2198 2061 2264 990,
2096 2197 2254 2253 ﬁlius
2284 2196 2631 2263 Bolizlavus,
2666 2197 3008 2269 cognomine
3038 2199 3245 2268 Rufus,
3279 2202 3582 2257 consobri-

1937 2305 2051 2343 nus
2110 2288 2221 2357 (59)
2272 2285 2459 2341 nostri
2535 2284 2802 2341 Bolizlavi
2877 2286 3136 2343 Polonici
3193 2289 3245 2344 ei
3305 2292 3582 2347 succedit.

1935 2374 2261 2431 Bolizlavus
2292 2379 2489 2430 noster
2516 2378 2791 2430 maternae
2821 2376 3018 2431 forsan
3084 2377 3143 2431 in
3178 2395 3356 2452 regno
3403 2381 3585 2437 Bohe-

1935 2465 2085 2520 mico
2117 2463 2473 2519 haereditatis
2493 2463 2853 2519 vindicandae
2876 2483 3055 2522 causa
3081 2471 3138 2521 et
3166 2472 3445 2539 capturus
3465 2469 3587 2524 fru-

1935 2559 2094 2609 ctum
2129 2552 2370 2609 seminis
2401 2569 2432 2607 a
2451 2553 2663 2608 Sancto
2688 2553 3000 2609 Adalberto
3022 2554 3100 2610 ibi
3116 2555 3326 2627 sparsi,
3360 2558 3586 2614 invadit

1936 2642 2332 2709 Chrobatiam,
2367 2641 2520 2713 capit
2575 2640 2906 2697 Cracoviam
2964 2644 3220 2716 regionis
3268 2650 3486 2717 caput;
3523 2647 3582 2702 in

1934 2734 2281 2805 potestatem
2313 2747 2481 2785 suam
2504 2731 2713 2802 redigit
2738 2730 2955 2786 Silesize
2989 2733 3305 2789 maximam
3329 2739 3581 2807 partem,

1934 2820 2274 2886 Moraviam,
2306 2819 2558 2891 denique
2587 2818 2964 2890 Slowakiam,
3000 2821 3333 2880 Cracoviam
3356 2841 3565 2881 novam

1935 2909 2101 2982 regni
2123 2909 2322 2964 sedem
2356 2910 2415 2964 in
2473 2908 2665 2964 medio
2699 2909 2906 2964 ﬁnium
2966 2911 3395 2969 constituturus
3449 2931 3585 2971 sua-

1935 3014 2068 3052 rum
2100 2999 2234 3069 (60).

2006 3087 2182 3142 Fama
2210 3085 2563 3142 Polonorum
2589 3086 2871 3160 principis
2914 3105 3048 3145 mox
3095 3092 3275 3146 totam
3324 3092 3589 3164 pervolat

1932 3179 2170 3231 terram.
2202 3176 2341 3247 Ejus
2373 3175 2716 3231 afﬁnitatem
2746 3176 2982 3234 maximi
3018 3182 3157 3233 tunc
3190 3181 3472 3253 temporis
3493 3199 3588 3254 pe-

177 3268 266 3323 est
294 3264 764 3336 ritumlatinum)
779 3263 861 3319 ibi
877 3268 1276 3337 promoturus.
1297 3266 1461 3319 Anno
1491 3262 1823 3335 insequenti
1872 3331 1902 3337 ᾧ
1940 3268 2074 3319 tunt
2106 3281 2288 3337 reges.
2322 3265 2589 3320 Sororem
2617 3264 2905 3336 Sigridam
2932 3266 2992 3320 in
3024 3268 3465 3325 matrimonium
3488 3271 3590 3327 dat

177 3352 239 3410 in
271 3353 569 3410 Poloniam
629 3368 825 3409 meare
876 3370 938 3409 se
990 3352 1243 3425 accingit
1273 3353 1344 3408 ad
1396 3351 1752 3408 Bolizlavum
1787 3352 1829 3418 Ι,
1862 3331 1904 3398 C
1946 3355 2155 3421 Sueno,
2188 3354 2482 3409 Danorum
2514 3353 2655 3426 regi,
2689 3353 2790 3426 qui
2820 3353 3183 3412 Britanniam
3214 3357 3386 3429 cepit,
3418 3362 3476 3414 et
3496 3360 3589 3415 cui

180 3444 336 3518 apud
363 3443 676 3516 quemjam
710 3442 999 3515 alius,qui
1018 3445 1341 3514 supererat,
1365 3440 1543 3496 frater
1567 3441 1836 3514 degebat;

181 3549 397 3607 magno
427 3532 649 3589 honore
679 3532 920 3588 affectus
949 3532 1084 3603 (52),
1118 3536 1176 3586 et
1206 3530 1492 3585 Cracoviae
1536 3529 1832 3602 aliquam-

188 3621 291 3678 diu
323 3619 609 3689 moratus,
639 3620 842 3694 lingua
865 3619 1197 3688 Bohemica,
1221 3636 1400 3690 quam
1432 3617 1656 3685 Incolae,
1683 3620 1834 3689 ejus-

185 3713 320 3768 dem
350 3710 662 3784 originiset
690 3710 1102 3766 Bohemistum
1118 3708 1358 3775 subditi,
1379 3707 1520 3763 satis
1552 3706 1833 3781 intellige-

181 3800 345 3867 bant,
375 3799 620 3856 verbum
635 3799 758 3864 Dei,
792 3799 850 3854 id
881 3796 1560 3870 estliturgiamlatinam,
1585 3797 1832 3853 docebat

176 3888 507 3947 etofﬁcium
529 3887 878 3945 exsolvebat.
896 3887 1116 3943 Dehinc
1135 3886 1528 3943 Gnesneniam
1554 3903 1825 3959 pergens,

178 3977 261 4034 ibi
292 3979 531 4034 fratrem
596 3976 833 4049 reliquit
879 3976 1297 4042 Gaudentium,
1340 3979 1405 4031 ut
1453 3976 1693 4047 quidam
1724 3992 1828 4030 vo-

176 4067 310 4123 lunt
329 4067 443 4140 (53)
467 4083 480 4122 :
505 4066 605 4122 alii
627 4065 786 4121 enim
802 4064 1200 4122 Gaudentium
1218 4063 1448 4119 ﬁdelem
1467 4064 1528 4119 in
1551 4064 1826 4120 omnibus

175 4156 354 4213 rebus
376 4154 601 4212 socium
631 4154 815 4210 fuisse
842 4154 902 4210 S.
932 4153 1229 4209 Adalberti
1261 4153 1502 4208 tradunt
1531 4153 1662 4224 (54).

245 4244 519 4303 Porussis
534 4260 730 4301 veram
752 4243 927 4299 ﬁdem
951 4242 1395 4314 praedicaturus,
1423 4258 1566 4296 nave
1592 4258 1626 4297 a
1647 4241 1826 4297 Boliz-

173 4333 305 4390 lavo
329 4334 582 4390 donatus
612 4336 669 4389 et
696 4333 766 4387 3O
795 4330 1081 4387 militibus
1113 4330 1385 4402 stipatus,
1421 4330 1678 4402 primum
1721 4348 1823 4386 ur-

171 4423 308 4480 bem
338 4421 593 4480 Gedanie
622 4421 879 4494 (Danzig)
892 4420 1115 4494 petivit,
1145 4419 1246 4475 ubi
1269 4435 1520 4491 magnus
1543 4436 1824 4475 numerus

172 4512 562 4569 barbarorum
593 4527 760 4568 sacra
787 4508 1159 4583 baptismatis
1190 4509 1352 4563 unda
1379 4508 1453 4563 ab
1480 4524 1546 4563 eo
1597 4506 1838 4564 lavatus'

1943 3443 2147 3516 genuit
2176 3442 2387 3510 ﬁlium,
2418 3446 2705 3497 Canutum
2737 3442 3036 3514 Magnum,
3088 3448 3402 3516 Danorum,
3443 3447 3587 3504 Nor-

1944 3548 2253 3587 manorum
2283 3537 2341 3586 et
2364 3532 2879 3604 Anglo-Saxonum
2911 3548 3106 3605 regem
3139 3534 3268 3606 (61).

2016 3620 2157 3676 Filia
2188 3620 2476 3688 Bolizlavi,
2538 3622 2708 3693 cujus
2757 3638 2970 3677 nomen
3023 3639 3139 3678 non
3201 3630 3582 3693 memoratur,

1941 3710 2111 3764 nubit
2142 3708 2525 3782 Suatopluko,
2546 3709 2810 3782 privigno
2826 3709 3157 3767 Wladimiri
3188 3713 3404 3787 Magni,
3430 3716 3585 3789 regis

1939 3798 2264 3854 Russorum
2296 3798 2631 3872 nuperrime
2654 3798 2828 3871 primi
2849 3800 3321 3857 Normannorum
3352 3802 3413 3858 in
3439 3805 3582 3861 Rus-

1939 3887 2026 3943 sia
2055 3888 2126 3944 ad
2159 3888 2335 3943 ﬁnem
2367 3888 2759 3944 Christianam
2792 3888 2907 3943 ritu
2938 3889 3132 3945 Graeco
3163 3892 3423 3948 conversi
3446 3894 3579 3965 (62).

1938 3996 2065 4051 CAP.
2127 3994 2267 4049 XIV.
2310 4026 2379 4035 -
2413 3996 2546 4072 οξτοῄ
2586 3996 2666 4072 III
2721 3995 3021 4072 Gncsenum
3074 3998 3242 4072 venit.
3301 3988 3605 4072 ΑνοΜερίέ

2325 4068 2473 4138 scopi
2499 4070 2551 4122 et
2578 4068 2815 4138 episcOpz'
2841 4067 3190 4124 ordinantur.

2006 4155 2135 4210 Otto
2169 4154 2244 4210 III
2276 4155 2596 4227 Imperator
2631 4172 2694 4211 ea
2708 4160 3054 4229 tempestate
3076 4157 3136 4212 in
3155 4157 3319 4213 Italia
3337 4159 3577 4232 degens,

1935 4243 2182 4299 miratus
2213 4248 2438 4299 tantam
2470 4249 2528 4299 et
2557 4245 2752 4300 Sancti
2787 4245 3080 4315 Adalberti
3111 4250 3167 4302 et
3192 4245 3464 4304 Bolizlavi
3494 4249 3578 4305 fa-

1934 4348 2093 4387 mam
2150 4332 2536 4405 gloriamque,
2614 4333 2932 4406 cupiditate
3006 4334 3213 4407 ﬂagrat
3262 4335 3351 4391 vel
3405 4337 3601 4411 Adalg

1932 4420 2081 4476 berti
2133 4423 2267 4493 (63),
2316 4421 2405 4477 vel
2465 4421 2733 4478 Bolizlavi
2791 4423 2902 4494 (64)
2954 4422 3042 4479 vel
3077 4424 3384 4498 utriusque
3431 4425 3605 4482 inviv

1932 4509 2099 4565 sendi
2131 4510 2262 4582 (65).

173 4606 284 4659 est.
315 4600 558 4670 Deinde,
587 4601 790 4657 eadem
822 4599 1061 4672 quidem
1093 4615 1236 4654 nave
1266 4598 1366 4654 sed
1399 4595 1600 4652 relicto
1622 4597 1821 4668 praesi-
1854 4593 1900 4657 D
2001 4598 2120 4653 Sub
2152 4598 2326 4652 ﬁnem
2359 4597 2499 4654 anni
2527 4600 2634 4654 999
2664 4600 2849 4656 Roma
2879 4601 3171 4673 profectus
3220 4602 3333 4674 (66)
3383 4604 3578 4661 media

268 4716 362 4787 47)
393 4715 543 4772 Ibid.
575 4717 702 4772 cod.
737 4716 860 4770 105.
896 4732 985 4787 sq.

268 4787 361 4843 48)
395 4787 539 4843 Ibid.
574 4787 684 4843 col.
720 4787 842 4841 106.

266 4858 358 4928 49)
393 4859 521 4928 Vogt
547 4858 755 4915 Gesch.
782 4858 1123 4913 Preussens.

240 4929 358 4999 (50)
386 4931 619 4999 Dlugosz.
647 4929 755 4986 col.
792 4930 914 4983 110.

263 5000 356 5070 51)
387 5000 536 5058 Ibid.
568 5000 679 5057 col.
715 5000 838 5056 113.
873 5016 961 5070 sq.

263 5074 360 5151 se;
387 5071 839 5151 I§id°.°°l.-.1.1.3°
870 5087 964 5151 .sxq-

261 5144 357 5212 53)
389 5144 508 5199 Vita
537 5143 594 5198 S.
626 5142 906 5214 Adalberti
934 5141 994 5196 in
1025 5141 1146 5214 Act.
1182 5141 1443 5214 _Sanctor.
1475 5141 1564 5214 23.
1588 5143 1723 5213 Apr.
1757 5161 1813 5214 p.

170 5211 294 5271 18"».
326 5211 397 5256 €—
426 5214 664 5285 Dlugosz
695 5212 804 5269 col.
838 5214 961 5285 J18.
995 5216 1013 5282 (
1041 5211 1141 5283 qui
1173 5211 1299 5281 jam
1349 5211 1726 5285 Adalbertum
1757 5211 1818 5270 et

168 5283 566 5430 Gﬁgptitiutnli
584 5283 1066 5412 ,zfcbiepiscopos
1096 5286 1465 5338 Gnesnenses
1489 5284 1669 5356 facit).

426 5373 492 5426 ag
562 5399 575 5412 .
1358 5422 1371 5430 _
1444 5422 1531 5430 ,η

426 5373 515 5413 θαι
535 5373 575 5412 1.

239 5374 354 5430 (54)
392 5374 575 5426 roga].
606 5374 647 5412 ι.

236 5430 351 5499 (55)
385 5428 603 5500 Βωρθίι.
637 5426 677 5482 l.
711 5444 760 5500 c.
790 5428 1004 5500 p.108.
1039 5426 1173 5500 Dtyg

239 5495 354 5571 (56)
383 5495 615 5570 Dlilgosz
640 5498 752 5571 _col.
788 5495 1067 5571 i25.seq.
1104 5496 1328 5571 Rape”.
1371 5511 1573 5571 autum
1614 5495 1810 5571 habet,

167 5564 365 5627 nescio
394 5586 464 5626 ex
489 5564 608 5642 quo
640 5569 765 5625 loco
794 5564 1075 5625 effoderit.
1108 5600 1175 5610 —
1198 5564 1404 5622 Chron.
1455 5564 1618 5622 Saxo.
1652 5567 1723 5622 ad
1757 5586 1810 5623 a.

172 5642 315 5697 996:
354 5662 383 5692 «
409 5642 557 5697 duce
586 5644 835 5697 emente.
870 5662 899 5688 ››

301 5659 315 5697 ἒ
354 5662 383 5692 ((
409 5657 557 5697 auce
586 5657 835 5697 emente.
870 5662 899 5688 ))

262 5712 354 5782 57)
383 5713 620 5782 Βιαθοδχ.
647 5712 756 5768 col.
779 5712 903 5767 128.
937 5728 1022 5782 sq.

228 5783 357 5841 I58)
386 5783 536 5839 Ibid.
568 5783 678 5841 col.
720 5784 841 5839 127.

262 5850 358 5928 39)
385 5854 712 5913 Adelboldu:
765 5872 823 5928 p.
852 5854 975 5911 440.
1012 5852 1114 5927 qui
1158 5874 1186 5904 «
1216 5868 1382 5925 nepos
1413 5874 1442 5904 ››
1494 5850 1687 5921 habet,
1720 5867 1809 5922 eo,

1176 5440 1267 5480 osz
1289 5422 1397 5479 col.
1434 5422 1554 5477 119.
1580 5441 1667 5495 sq.

1929 4713 2297 4786 _utvidentur,
2316 4730 2515 4786 sensu,
2535 4731 2649 4786 quo
2664 4720 2931 4771 nostrum
2953 4732 3206 4773 «neveu»
3237 4721 3293 4773 et
3322 4738 3350 4768 (ί
3368 4721 3522 4775 niece
3544 4742 3574 4770 »

1927 4784 2216 4859 latinitate
2246 4785 2424 4859 medii
2450 4784 2816 4859 invi—neposet
2844 4790 3023 4859 neptis
3051 4789 3412 4859 dicebantur.
3427 4791 3573 4848 Nam

1929 4855 2229 4911 Boleslaus
2259 4856 2458 4937 Saevus
2473 4855 2962 4984 (fratricida))erat
2994 4855 3302 4932 utriusque
3324 4860 3574 4919 Boleslai

1929 4944 2070 4983 avus
2097 4944 2110 4984 :
2143 4926 2339 4983 Polom
2373 4943 2474 4984 per
2505 4933 2752 4983 matrem
2852 4932 3278 4984 ambrowkam.
3328 4932 3569 4984 Bohemi
3600 4946 3603 4949 ‘

1928 4944 2110 4995 avus;
2143 4926 2339 4983 Poloni
2372 4943 2474 4998 per
2505 4933 2752 4983 matrem
2800 4926 3278 4999 Dambrowkafn,
3328 4932 3571 4990 Bohemi

1928 5016 2031 5056 Der
2059 5003 2286 5056 patrem
2318 4996 2650 5054 Boleslaum
2677 4999 2988 5056 Pudicum.

1928 5003 2286 5123 perﬁgatrem
2318 4998 2650 5054 Boleslaum
2677 4999 2988 5056 Pudicum.
3266 4998 3269 4999 ⁷

1928 5142 1949 5149 _
2000 5070 2016 5142 (
2134 5069 2454 5149 AKadlupeck
2500 5070 2542 5124 Ι.
2596 5071 2773 5149 p.39.
2827 5102 2901 5149 —_
2926 5073 3123 5149 Chron.
3173 5076 3366 5149 _Polon.
3411 5074 3473 5144 (l.
3505 5076 3571 5149 l.)

1927 5142 1969 5197 Ι.
2003 5143 2181 5219 p_._10.
2211 5172 2279 5182 —-
2306 5143 2529 5197 Cosmus
2554 5158 2609 5212 p.
2643 5142 2731 5196 66.
2765 5174 2834 5182 —
2864 5144 3077 5200 Dobner
3123 5146 3195 5201 ad
3227 5142 3438 5219 Hagec.
3473 5142 3568 5204 IV.

1929 5215 2280 5408 pVet.
2327 5283 2504 5338 Schol.
2556 5283 2763 5337 Adami
2820 5284 3010 5340 Brem.
3072 5290 3161 5341 22.
3199 5318 3261 5329 —
3297 5288 3571 5345 Thietmar

1929 5354 1963 5408 I.
2052 5357 2144 5408 IlI.
2177 5355 2488 5408 Dahtmann
2519 5354 2723 5408 Gesch.
2760 5372 2812 5408 v.
2836 5360 3071 5408 Danem.
3107 5359 3147 5408 l.
3178 5360 3236 5408 S.
3265 5360 3336 5408 89
3356 5365 3414 5408 et
3452 5362 3566 5408 mo-

1924 5354 1963 5409 l.
2001 5354 2144 5411 VIII.
2177 5355 2488 5410 Dahtmann
2519 5354 2723 5411 Gesch.
2760 5372 2812 5410 v.
2836 5360 3071 5412 Danem.
3107 5359 3147 5413 l.
3178 5360 3236 5414 S.
3265 5360 3336 5413 89
3356 5365 3414 5416 et
3452 5362 3566 5416 100.

1924 5429 2146 5498 [ζωραιι.
2181 5427 2223 5482 I.
2258 5426 2465 5498 p.110.

1995 5496 2105 5640 (62)
2141 5496 2327 5555 Gallias
2356 5503 2464 5554 etc.
2499 5496 2768 5553 Thietmar
2797 5514 2853 5569 p.
2881 5498 3007 5552 239.
3041 5500 3165 5554 244.
3199 5502 3324 5555 265.

2015 5572 2108 5637 63)
2137 5570 2465 5638 Boguchwal
2494 5570 2964 5640 (Sommersburg
2992 5586 3105 5625 scr.
3141 5587 3251 5625 rer.
3288 5571 3324 5626 S

2015 5570 2465 5644 63)Bogychwal
2494 5570 2964 5644 (Spmmersburg
2992 5586 3105 5625 scr.
3141 5587 3251 5625 rer.
3288 5570 3456 5627 Siles.
3495 5574 3564 5629 II.

1921 5656 1978 5712 p.
2009 5640 2125 5711 25.)
2159 5641 2513 5712 et_Germani
2548 5642 2754 5696 fontes.

2014 5712 2083 5765 64

2013 5784 2083 5837 65

2014 5855 2083 5911 66

2137 5710 2340 5786 Ijoloni
2373 5713 2610 5786 quidam
2644 5714 2979 5786 scriptores.

2136 5780 2337 5859 Gallus
2354 5780 2413 5859 p1.
2445 5785 2532 5838 38.
2565 5780 2841 5859 ΚᾳᾴιαόθΙέ
2889 5786 2932 5842 Ι.
2967 5803 3022 5859 p.
3056 5785 3146 5856 93,
3196 5786 3431 5857 Dbugosz
3455 5789 3563 5843 etc.

2137 5854 2371 5928 prell.
2389 5855 2437 5911 Ι.
2470 5871 2526 5927 p.
2567 5857 2686 5912 110.

1992 5712 2009 5927 ἒ

2085 5712 2105 5927 ἔ
