3950 6450
365 414 519 492 13.61.

1645 410 1980 489 APPEND.
2024 410 2128 473 ΑΒ
2173 408 2362 489 ελερ.
2410 412 2488 474 x.

3607 410 3761 481 1332

364 551 459 603 tas
484 544 633 620 (130)
665 563 689 631 ς⁹
712 544 810 602 alii
869 545 1110 619 tandem
1166 543 1409 601 uberius
1457 548 1714 612 narrant,
1750 559 1883 598 eum
1942 542 2004 598 in
2036 545 2089 613 Α
2118 543 2315 599 nicum
2346 544 2417 599 ad
2436 543 2755 600 tenendum
2778 546 2998 613 statum
3015 541 3284 601 ducalem
3300 541 3413 601 sibi
3427 543 3754 616 “signasse

368 640 712 711 magnatum
744 639 1029 691 conventu
1056 633 1330 702 electum,
1362 638 1419 690 et
1444 631 1601 689 illico
1640 649 1776 688 cum
1834 648 2013 688 uxore

367 729 616 782 unctum
666 729 723 780 et
751 727 1093 780 coronatum
1145 722 1326 778 fuisse
1356 721 1504 793 (131)
1531 744 1560 772 «
1594 720 1780 776 ﬁlium
1811 736 2010 789 suum,

370 813 752 887 «jam‘aztatis
782 828 1003 868 annum
1036 810 1355 883 septimum
1381 808 1893 883 agentem,litteris
1917 825 2015 881 ap-

367 926 397 955 «
429 903 678 976 plicasse
703 905 760 957 et
787 901 943 956 viros
974 916 1179 973 graves
1209 900 1478 955 doctores
1507 897 1865 955 adolescenti
1905 898 2013 953 ad-

366 1016 395 1045 α
429 991 693 1051 hibuiese
718 989 891 1057 ;hunc
920 993 1117 1045 autem
1164 1005 1234 1044 ex
1258 986 1591 1060 principum
1612 984 1861 1042 Poloniaa
1884 1002 2015 1042 san-

365 1104 395 1133 ‹‹
427 1081 604 1155 guine
625 1080 882 1152 primum
904 1077 1283 1150 deprehendi,
1307 1076 1408 1148 qui
1431 1075 1756 1132 doctrinam
1791 1074 2011 1130 littera-

364 1194 395 1223 «
429 1187 559 1226 rum
592 1168 832 1226 dolabro
860 1166 1116 1239 amplius
1147 1165 1824 1222 nobilitaverit.Ceteros
1853 1164 2012 1220 enim

367 1262 677 1317 «constare
698 1255 992 1330 principes
1020 1254 1265 1311 Polonia:
1287 1255 1347 1310 in
1377 1253 1655 1310 discenda
1682 1253 2010 1309 litterarum

371 1369 395 1400 ι
429 1347 677 1406 scientia
695 1362 991 1418 nusquam
1018 1343 1362 1401 exercitatos
1384 1342 1562 1400 fuisse
1584 1342 1753 1415 (132).
1786 1364 1815 1393 ››
1846 1341 2013 1398 Unus

363 1437 736 1511 Dlugoszius,
762 1434 944 1507 pejori
977 1434 1132 1489 fonte
1163 1432 1276 1505 (vel
1306 1432 1459 1489 male
1490 1431 1808 1505 intellecto)
1842 1448 2010 1499 usus,

362 1525 673 1599 subjungit
707 1540 720 1580 :
755 1547 782 1574 ‹‹
818 1524 876 1578 in
907 1524 1035 1595 ipso
1066 1525 1261 1578 autem
1295 1521 1578 1594 regnandi
1632 1520 1799 1577 initio
1832 1537 2009 1594 appa-

362 1639 389 1668 α
412 1615 603 1672 ruisse
621 1629 756 1670 eum
777 1612 1013 1668 tardum
1041 1610 1298 1683 ingenio,
1334 1610 1600 1667 hebetem
1630 1609 1847 1676 animo,
1882 1626 2009 1665 mo—

365 1726 388 1755 ι
422 1706 586 1761 ribus
611 1718 845 1777 quoque
868 1700 1179 1767 incultum,
1201 1698 1447 1756 consilio
1478 1699 1767 1771 ineptum,
1781 1698 2009 1755 actione

360 1817 389 1847 «
419 1794 629 1859 levem,
662 1791 738 1847 ad
767 1807 858 1846 res
883 1805 1087 1863 graves
1117 1805 1325 1861 parum
1384 1787 1659 1844 idoneum
1686 1806 1698 1857 ;
1732 1787 2007 1843 eumdem

361 1907 388 1934 «
423 1880 666 1955 abiectis
713 1878 1119 1953 prudentibus,
1151 1893 1270 1934 aevo
1302 1880 1359 1933 et
1414 1881 1626 1932 natura
1680 1874 2008 1948 grandaevis

363 1995 391 2026 ‹‹
421 1968 798 2037 consiliariis,
815 1968 1098 2039 juvenum
1117 1969 1272 2034 se,et
1299 1965 1516 2022 levium
1548 1964 1855 2021 hominum
1876 1980 2005 2037 per-

363 2083 391 2114 α
413 2059 680 2117 mississe
710 2055 967 2113 consiliis
1000 2055 1169 2127 (133).
1205 2077 1233 2104 υ
1265 2053 1387 2118 Quo
1445 2052 1635 2125 magis
1694 2052 2005 2108 mirabitur

357 2148 541 2206 lector
567 2145 840 2203 eumdem
870 2143 1251 2217 Dlugoszium
1283 2145 1621 2198 narrantem
1654 2158 1787 2197 cum
1820 2140 1951 2197 aliis
1986 2160 1999 2198 :

359 2260 388 2291 ‹‹
412 2238 768 2310 Misagenem
818 2233 1011 2307 primo
1042 2233 1206 2306 regni
1238 2248 1413 2300 anno,
1448 2230 1695 2298 Russos,
1724 2229 2004 2286 Praesidio.

361 2349 390 2381 α
408 2326 758 2384 Polonorum
780 2323 841 2379 in
866 2323 1103 2380 arcibus
1136 2320 1440 2377 obsidione
1469 2322 1803 2392 prementes
1830 2317 2002 2374 adiis-

358 2440 386 2468 «
420 2433 505 2483 se,
523 2419 581 2471 et
605 2430 810 2471 eorum
830 2409 1207 2468 insolentiam
1230 2406 1611 2481 depressisse,
1633 2405 2003 2480 principalia-

359 2528 388 2557 ‹‹
421 2522 513 2562 res
542 2502 718 2560 etiam
749 2501 1075 2558 Russorum
1109 2497 1350 2569 cepisse,
1383 2500 1441 2552 et
1479 2495 1738 2568 captivos
1795 2495 1998 2551 Craco-

359 2618 387 2647 «
419 2593 574 2650 viam
634 2590 869 2648 misisse
923 2591 1207 2659 tanquam
1239 2584 1472 2642 obsides
1504 2584 1673 2656 (134).
1701 2605 1729 2633 »
1762 2582 2000 2639 Interim

358 2681 732 2747 Bretislaum,
764 2677 953 2732 filium
985 2675 1150 2731 ducis
1180 2674 1571 2730 Bobemorum
1628 2670 1883 2729 Udalrici
1932 2688 2003 2727 ex

360 2770 574 2847 agresti
614 2768 853 2824 fcemina
904 2769 1147 2831 Bozena,
1180 2763 1605 2820 adolescentem
1664 2760 1913 2817 ferocem
1944 2763 2000 2816 et

358 2860 680 2933 impigrum
711 2856 881 2928 (135).
917 2853 1232 2910 Moraviam
1283 2869 1434 2909 anno
1492 2850 1630 2906 1028
1688 2848 1999 2917 invasisse,

359 2964 523 3005 arces
552 2944 842 3019 prmsidiis
873 2940 1163 2998 Polonicis
1194 2942 1513 2997 instructas
1540 2939 1843 2997 obsidione
1876 2938 1997 2993 cin-

355 3037 515 3092 xisse
545 3038 604 3089 et
631 3031 854 3104 cepisse
885 3030 1055 3103 (136),
1087 3030 1323 3086 tandem
1355 3047 1389 3085 a
1418 3029 1711 3100 Misegoue
1756 3029 1998 3083 ductum

360 3123 600 3196 quidem
631 3136 760 3176 esse
789 3118 1107 3175 exercitum
1137 3118 1196 3174 in
1229 3117 1542 3174 Moraviam
1561 3135 1574 3185 ;
1593 3117 1694 3172 sed
1717 3115 1999 3172 alienatos

356 3211 622 3268 Moravos
644 3206 914 3279 subigere
936 3205 1370 3275 nonvalentem,
1386 3206 1574 3262 ultum
1589 3205 1995 3261 tantummodo

355 3288 485 3356 esse
505 3296 911 3363 defectionem,
926 3296 1296 3352 suburbanas
1307 3296 1701 3352 combuyrendo
1714 3295 1995 3363 civitates,
2027 3279 2071 3347 C

356 3387 555 3444 omnia
572 3385 875 3454 vastando,
894 3389 950 3441 et
961 3386 1216 3458 praedam
1231 3384 1478 3441 multam
1495 3384 1715 3457 pecoris
1726 3383 2004 3439 aliorum-

356 3493 470 3550 que
491 3474 817 3550 spoliorum
843 3491 1039 3531 secum
1053 3475 1296 3530 domum
1316 3473 1608 3545 vehendo(
1623 3475 1761 3545 137).
1778 3473 2000 3531 Malum

353 3564 685 3638 exemplum
718 3563 1059 3620 defectionis
1086 3562 1348 3619 imitatos
1377 3579 1506 3619 esse
1535 3565 1836 3635 praefectos
1867 3577 1999 3634 pro-

352 3653 702 3711 vinciarium
735 3653 807 3708 ad
834 3651 1029 3707 Albim
1059 3669 1093 3708 a
1122 3650 1411 3708 Bohemiaa
1442 3651 1661 3707 ﬁnibus
1689 3666 1877 3723 usque
1924 3649 1997 3706 ad

354 3759 515 3800 mare
541 3742 787 3799 sitarum
817 3742 985 3815 (138).
1019 3745 1374 3797 Pomeranos
1403 3757 1560 3807 vero,
1587 3739 1741 3795 idem
1768 3742 1997 3795 tentan-

352 3837 460 3899 tes,
494 3850 528 3891 a
558 3848 772 3905 magno
802 3829 1115 3903 Misegonis
1143 3829 1396 3885 exercitu
1426 3829 1640 3900 petitos
1666 3844 1794 3884 esse
1824 3830 1999 3899 atque

355 3925 683 3993 superatos,
697 3918 885 3977 socias
905 3919 1056 3974 vires
1069 3916 1456 3991 jungentibus
1472 3917 1663 3973 tribus
1676 3915 1812 3972 ﬁliis
1826 3915 1999 3989 Regis

354 4008 665 4082 Hungariae
689 4007 887 4063 Sancti
918 4006 1217 4079 Stephani,
1244 4005 1495 4075 Andrea,
1530 4005 1665 4062 Bela
1722 4005 1998 4060 Leventa-

354 4114 505 4170 que;
539 4096 722 4154 filiam
771 4111 1004 4168 quoque
1034 4094 1266 4152 dedisse
1296 4095 1354 4149 in
1386 4093 1831 4151 matrimonium
1862 4092 2000 4149 huic

354 4185 498 4243 Belae
531 4183 1384 4259 Misegonem,universumque
1406 4199 1644 4240 censum
1668 4186 2000 4239 Pommera-

426 4373 575 4445 (130)
609 4371 1298 4445 BoguphatA(Sommersb.
1326 4370 1424 4445 ΙΙ.)
1453 4372 1851 4445 p.__25._quein_
1874 4387 1999 4445 ver-

353 4441 607 4500 botenus
664 4441 1036 4513 transcripsit
1092 4441 1483 4498 commentator
1512 4441 1857 4499 Kadlubekii
1888 4441 1995 4499 col.

2122 633 2296 703 (139);
2313 633 2483 705 cujus
2500 632 2602 702 rei,
2617 633 2943 691 secundum
2966 632 3134 703 alios,
3153 637 3448 689 certamen
3470 632 3756 706 singulare

2120 719 2275 777 inter
2302 720 2497 777 Belam
2530 725 2960 795 tyrannumque
3008 726 3464 778 Pommeranum
3521 738 3753 778 causam

2121 809 2304 865 fuisse
2333 810 2499 883 (140).
2551 812 2716 867 Anno
2763 810 3110 883 insequente
3166 810 3352 884 (1033)
3406 810 3753 885 Misegonem

2122 898 2238 954 otio
2260 903 2317 954 et
2345 898 2539 971 quiete
2559 914 2935 969 marcessere,
2954 916 3133 973 quam
3156 899 3337 955 armis
3357 899 3625 972 occupari
3645 916 3758 956 ma-

2123 986 2401 1055 luisse,in
2422 986 2627 1044 luxum
2648 990 2890 1061 insuper
2927 993 2985 1045 et
3005 987 3268 1045 carnales
3297 987 3618 1058 illecebras,
3650 1003 3677 1040 ‹‹
3696 997 3756 1046 ut

2123 1077 2439 1149 aliquorum
2467 1077 2691 1134 haberet
2719 1080 2963 1148 assertio,
2983 1100 3012 1128 »
3030 1078 3322 1145 difﬂuens,
3337 1077 3440 1148 jus
3460 1078 3753 1134 matrimo-

2121 1164 2296 1233 niale,
2324 1166 2671 1239 regiumque
2703 1182 2936 1236 nomen,
2968 1165 3244 1238 pellicum
3282 1165 3623 1239 contagione
3650 1166 3752 1222 fm-

2122 1253 2294 1312 dasse
2314 1254 2483 1327 (141),
2500 1277 2527 1305 ‹‹
2545 1255 2760 1326 famam
2782 1255 3030 1322 fuscam,
3044 1258 3104 1310 et
3127 1259 3397 1311 truncam
3422 1254 3536 1311 sibi
3558 1254 3756 1313 fecisse

2121 1365 2148 1394 α
2176 1344 2333 1416 apud
2354 1342 2621 1416 proprios
2660 1347 2717 1399 et
2735 1348 2960 1400 exteros
2998 1342 3326 1400 tenacitatis
3355 1347 3413 1400 et
3436 1347 3642 1416 suapte
3669 1344 3755 1401 ine

2119 1454 2147 1483 «
2182 1436 2351 1500 natae,
2384 1436 2442 1489 et
2470 1449 2505 1489 a
2532 1436 2799 1489 consorte
2854 1432 3058 1505 regina
3087 1431 3342 1489 Rikscha
3372 1433 3628 1500 nutrita,
3657 1432 3755 1491 ob-

2124 1543 2145 1571 α
2181 1520 2518 1577 scuritatem
2551 1520 2719 1594 (142).
2755 1542 2782 1570 ››
2813 1552 2882 1561 -
2908 1543 2937 1572 ‹‹
2969 1521 3150 1577 Grave
3179 1521 3377 1594 itaque
3418 1522 3754 1594 proceribus

2118 1631 2147 1659 «
2179 1608 2371 1665 visum
2401 1625 2531 1665 esse
2558 1610 2810 1682 pondus,
2831 1606 3190 1683 Misegonem
3221 1608 3384 1682 regia
3411 1609 3647 1682 quidem
3675 1611 3757 1666 di-

2117 1720 2144 1747 ‹‹
2178 1697 2398 1770 gnitate
2417 1696 2740 1771 splendere,
2774 1698 2876 1755 sed
2903 1714 3136 1754 morum
3166 1701 3224 1754 et
3253 1698 3538 1756 virtumm
3571 1698 3750 1773 regia-

2117 1810 2144 1837 «
2180 1803 2310 1850 rum
2370 1804 2484 1844 non
2534 1786 2747 1842 habere
2782 1808 2805 1838 ι
2860 1786 3171 1859 lampadem
3201 1810 3223 1839 ι
3261 1790 3319 1842 et
3363 1803 3433 1843 ex
3482 1780 3755 1844 muliebri

2116 1898 2144 1925 ‹‹
2177 1875 2429 1947 pendere
2457 1874 2696 1931 arbitrio
2731 1875 2921 1948 (143);
2956 1897 2985 1925 ››
3016 1876 3254 1932 tandem
3280 1875 3339 1931 in
3397 1876 3753 1935 dementiam

2115 1963 2390 2020 incidisse
2421 1964 2591 2037 (144),
2623 1968 2799 2037 atque
2831 1967 2963 2036 post
2991 1968 3110 2021 tres
3165 1981 3399 2022 menses
3454 1970 3756 2024 mortuum

2111 2070 2258 2121 esse,
2290 2053 2706 2127 sepultumque
2738 2053 3038 2110 Posnanize
3070 2070 3222 2110 anno
3252 2054 3394 2112 1034
3421 2054 3593 2127 (145).

2110 2151 2245 2207 CAP.
2278 2152 2447 2208 XXII.
2482 2142 2551 2193 ὲ-
2584 2151 2727 2221 Quid
2752 2152 3051 2224 Raepellius
3092 2152 3157 2208 de
3210 2151 3475 2224 Nisegone
3502 2154 3756 2212 στυΡοιο-

2556 2240 2757 2280 norum
2785 2225 2959 2295 fontib
2967 2241 3030 2279 us
3058 2232 3288 2280 censeat.

2179 2320 2497 2394 Rcepellius
2520 2338 2588 2378 ea
2618 2321 2836 2390 omnia,
2871 2339 3000 2395 quae
3028 2320 3231 2378 Poloni
3260 2322 3331 2378 de
3362 2321 3659 2396 Misegone
3703 2324 3755 2381 II

2110 2414 2368 2476 narrant,
2404 2411 2648 2483 spernit,
2682 2426 2898 2483 eosque
2928 2408 3009 2466 nil
3039 2409 3158 2466 veri
3188 2411 3260 2468 de
3289 2411 3400 2467 hoc
3426 2427 3561 2485 rege
3608 2413 3757 2470 scire

2109 2503 2308 2556 censet
2330 2499 2497 2573 (146).
2524 2502 2649 2566 Qua
2675 2499 2737 2556 in
2775 2516 2835 2555 re
2855 2499 3040 2572 judex
3070 2499 3247 2556 nimis
3278 2514 3513 2557 severus
3551 2506 3658 2558 est.
3692 2501 3756 2559 Si’

2109 2588 2466 2661 Misegonem
2482 2605 2509 2661 ς
2522 2587 2577 2644 lu
2587 2588 2756 2644 rimis
2769 2587 3145 2654 Polonorum,
3160 2603 3350 2659 neque
3362 2589 3503 2646 dum
3514 2589 3755 2660 viveret,

2109 2693 2299 2749 neque
2342 2683 2477 2749 post
2524 2676 2773 2746 obitum,
2825 2675 3119 2749 placuisse
3167 2676 3412 2734 dixisset
3451 2696 3465 2747 ;
3505 2678 3755 2752 ideoque

2109 2764 2355 2822 Polonos
2386 2764 2699 2838 scriptores
2729 2765 2847 2821 alia
2868 2765 3141 2833 tacuisse,
3158 2764 3274 2822 alia
3293 2767 3612 2837 addidisse,
3626 2768 3755 2841 plu~

2108 2852 2258 2909 rima
2284 2870 2418 2909 vero
2447 2853 2561 2909 alio
2608 2853 2890 2922 traxisse;
2922 2853 3149 2909 veritati
3181 2853 3517 2926 proximum
3568 2856 3752 2914 fuisse

2107 2943 2483 3000 concederem
2501 2941 2955 3014 Roepellium.At
2983 2941 3094 2999 sibi
3116 2957 3231 2997 non
3261 2943 3497 3009 sufﬁcit,
3513 2960 3753 3002 omnem

2107 3030 2285 3087 fidem
2316 3031 2547 3088 Polonis
2572 3030 2633 3086 in
2666 3031 2775 3087 hoc
2815 3047 2949 3103 rege
3002 3046 3270 3104 negasse,
3300 3031 3464 3089 addit
3516 3048 3752 3107 quoque

2107 3119 2428 3176 Germanos
2441 3120 2648 3185 fontes,
2664 3118 2985 3193 praesertim
2998 3119 3426 3189 Thietmarum,
3442 3138 3753 3196 nunquam

2106 3224 2364 3281 peccare,
2397 3224 2587 3281 neque
2615 3224 2827 3277 errore,
2860 3224 3049 3281 neque
3079 3208 3285 3281 culpa;
3313 3210 3495 3268 immo
3526 3212 3755 3272 nullam

2108 3313 2233 3352 rem
2264 3314 2527 3370 unquam
2557 3301 2749 3354 tacere
2778 3297 2945 3371 (147).
2970 3298 3151 3354 Nemo
3181 3303 3335 3356 certe
3365 3299 3594 3358 inﬁcias
3624 3300 3757 3372 ibit,

2109 3385 2511 3443 Thietmarum
2562 3386 2727 3443 facile
2778 3387 3035 3460 primum
3091 3386 3287 3444 locum
3317 3387 3469 3445 inter
3496 3388 3760 3448 historia

2110 3474 2424 3548 scriptores
2455 3474 2547 3531 sui
2574 3475 2676 3530 aevi
2731 3475 2992 3531 obtinere
3027 3493 3042 3544 ;
3075 3480 3135 3531 at
3191 3475 3345 3533 infra
3397 3477 3759 3549 videbimus,

2109 3580 2244 3619 eum
2297 3581 2415 3621 non
2442 3586 2471 3615 «
2500 3566 2618 3620 sine
2645 3566 2735 3620 ira
2761 3569 2814 3621 et
2859 3564 3038 3621 studio
3071 3587 3100 3615 »
3126 3581 3415 3623 narrasse.
3446 3567 3761 3628 Germanis

2110 3652 2226 3708 fere
2272 3653 2425 3709 idem
2472 3653 2702 3724 accidit,
2736 3654 2890 3726 quod
2948 3652 3219 3724 Polonis;
3277 3656 3401 3723 sed,
3451 3660 3519 3713 ut
3573 3657 3662 3726 ﬁt,
3697 3658 3760 3718 in‘

2106 3743 2281 3799 rebus
2314 3743 2587 3798 secundis
2616 3742 2979 3799 verbosiores
3011 3760 3240 3812 sumus,
3275 3760 3455 3816 quam
3485 3745 3548 3802 in
3578 3748 3763 3809 rebus

2108 3831 2718 3904 adversis.Roapellius
2738 3831 2918 3904 igitur
2946 3848 3015 3888 ex
3044 3832 3351 3890 Germanis
3376 3834 3761 3907 potissimum

2108 3920 2390 3986 fontibus,
2424 3921 2825 3976 monumentis
2854 3925 3030 3993 atque
3077 3922 3384 3980 sutoribus
3432 3923 3625 3981 haecce
3685 3925 3761 3983 de

2109 4009 2405 4083 Misegone
2427 4009 2478 4065 ΙΙ
2507 4009 2686 4065 tradit
2715 4010 2864 4081 (148)
2898 4026 2911 4065 :

2108 4097 2241 4153 CAP.
2302 4097 2491 4154 XXIII.
2528 4129 2596 4138 —-
2639 4098 2830 4170 Misego
2881 4098 2932 4173 11
2981 4115 3009 4154 e
3059 4099 3450 4157 Germanorum
3479 4103 3759 4173 fontibus.

2178 4186 2533 4242 Bolizlavum
2558 4185 2817 4259 Chrobry
2836 4191 2956 4244 tres
2978 4187 3130 4245 filios
3150 4187 3451 4261 habuisse,
3464 4189 3761 4263 BeZprim,

2109 4373 2250 4448 quid
2282 4372 2510 4448 facilius
2540 4376 2648 4442 est,
2681 4390 2857 4446 quam
2888 4374 3124 4432 silentio
3156 4374 3428 4443 transire,
3460 4382 3592 4448 quae
3640 4381 3766 4435 non

2107 4445 2260 4501 facta
2289 4445 2466 4501 sunt?

352 4514 458 4600 653
489 4515 560 4570 cf.
593 4516 785 4600 vitant“
818 4515 996 4569 sancti
1053 4514 1320 4570 Stam'slai
1375 4514 1657 4586 (Bandkie
1716 4514 1793 4570 M.
1826 4514 1993 4571 Galli.
2115 4587 2144 4600 Α
2180 4517 2329 4600 (136)
2359 4517 2595 4600 Βιαςχοδλξ
2609 4516 2700 4600 Al.-
2732 4520 2803 4600 Ιζὶ
2826 4516 2937 4573 001.
2987 4517 3112 4575 183.
3140 4518 3204 4575 Β.
3237 4518 3298 4574 C.
3330 4517 3398 4574 D.
3431 4518 3512 4591 (a.
3543 4516 3773 4594 1028);

355 4586 558 4642 chron.
591 4602 649 4658 p.
678 4586 805 4642 323.
2108 4586 2395 4644 Sarnz'cius
2425 4588 2538 4644 col.
2573 4587 2729 4643 1051.
2763 4587 2826 4643 Β.
3440 4586 3448 4591 ’
3699 4586 3708 4594 ’
3752 4586 3769 4661 ί

425 4658 573 4731 (131)
604 4658 831 4729 Dlugosz.
890 4657 1017 4713 cod.
1048 4656 1171 4711 180.
1205 4656 1473 4713 Mz'echmv.
1521 4657 1750 4714 Stam‘sl.
1798 4657 2000 4713 Sarni-
2030 4650 2079 4715 D
2203 4661 2301 4731 137
2361 4661 2600 4729 Dlugosz
2629 4658 2737 4714 col.
2773 4660 2894 4715 184.
2919 4661 2984 4716 Α.
3018 4661 3080 4716 Β.
3116 4661 3193 4733 (a.
3233 4660 3409 4733 1029).

355 4731 469 4786 eius
497 4728 704 4785 Annal.
742 4727 938 4785 Polon.
974 4728 1087 4800 (ed.
1118 4727 1364 4802 Dlugosz
1395 4728 1552 4801 Lips.
1593 4730 1688 4801 II.)
1720 4728 1828 4785 col.
1858 4730 1999 4785 1050
2179 4660 2326 4802 E138)
2360 4731 2439 4786 Id.
2492 4730 2633 4786 ibid.
2660 4800 2670 4802 ᾉ
2697 4732 2754 4786 Β.
2789 4732 2852 4786 G.
2886 4732 2952 4787 D.
2987 4736 3045 4788 et
3091 4732 3199 4789 col.
3243 4734 3365 4788 185.
3397 4733 3473 4802 (a.
3508 4734 3657 4791 1030
3711 4740 3769 4792 et

351 4727 469 4814 eius
497 4727 717 4785 Annal.
742 4727 938 4785 Polon.
974 4728 1087 4800 (ed.
1118 4727 1364 4802 Dlugosz
1395 4728 1552 4801 Lips.
1593 4730 1688 4801 II.)
1720 4728 1828 4785 col.
1858 4730 1999 4785 1050
2109 4727 2326 4814 “(138)
2360 4731 2440 4814 Id:
2477 4727 2633 4814 libid.
2658 4800 2671 4814 ‘
2697 4732 2864 4814 B.AG_..
2886 4732 2966 4814 Ι).
2987 4736 3045 4788 et
3091 4727 3199 4789 col.
3243 4727 3473 4805 185.'(a.
3508 4734 3657 4791 1030
3711 4740 3774 4792 et

354 4805 418 4856 Ι).
882 4858 885 4861 λ
1235 4800 1255 4802 “
1470 4800 1479 4801 ί
1671 4800 1676 4801 ί
2107 4800 2196 4874 31)
2224 4820 2236 4869 ;
2270 4800 2559 4858 Sdrnicius
2590 4800 2699 4857 col.
2736 4803 2894 4858 1051.
2926 4803 2987 4858 C.
3406 4800 3414 4805 ⁷

426 4873 571 4956 (132)
605 4872 697 4929 Sic
756 4872 999 4942 Dlugosz
1057 4870 1164 4927 col.
1228 4873 1349 4928 181.
1411 4872 1478 4927 D.
1512 4888 1598 4944 sq.
1661 4901 1731 4912 —
1778 4869 1998 4926 similia
2179 4874 2591 4999 (139))Dtugosz
2641 4871 2747 4929 col.
2808 4875 2931 4929 186.
2965 4875 3039 4946 (a.
3074 4875 3272 4948 1032);
3306 4875 3600 4932 Sarm‘cius
3649 4877 3771 4936 col.

355 4943 613 5002 Mzechow
639 4944 710 4999 ΙΙ.
735 4960 784 4999 c.
820 4943 906 4998 13.
950 4961 1006 5002 n.
1051 4943 1140 4998 37.
1168 4944 1369 4999 eadem
1417 4944 1637 4999 Cramer
1665 4941 1860 5002 habet.
1893 4943 1996 4998 sed
2108 4946 2265 5000 1051.
2353 4987 2365 4999 .

356 4959 613 5002 Mtecnow
639 4959 710 4999 ιι.
735 4960 784 4999 c.
820 4959 906 4998 13.
995 4985 1006 4997 .
1051 4959 1140 4998 δι.
1168 4959 1369 4999 eadem
1417 4959 1637 4999 uromer
1666 4959 1860 5008 nanet,
1893 4959 1996 4998 sea

356 5018 530 5088 negat
557 5015 839 5070 Sarnicius
870 4961 1001 5083 (col).
1044 5016 1194 5069 105-4.
1230 5016 1336 5087 0.),
1371 5014 1453 5070 sic
1486 5020 1681 5068 tamen
1713 5017 1779 5067 ut
1808 5014 1996 5087 magis

356 5089 429 5140 dc
456 5085 759 5140 Casimiro.
793 5102 973 5140 quam
1022 5086 1093 5140 de
1123 5086 1414 5140 Misezone
1445 5085 1503 5139 id
1535 5083 1885 5140 intellexisse
1914 5086 1995 5140 vi-

2126 4959 2590 5140 3),?me
2615 5013 2726 5072 col.
2761 5018 2875 5072 186.
2909 5016 2976 5072 D.
3026 5033 3142 5090 squ
3174 5018 3275 5090 qni
3325 5018 3491 5075 addit
3522 5035 3536 5076 ³
3564 5041 3594 5071 ί(
3627 5017 3779 5077 alia

398 5083 759 5155 c'Casimiro,
793 5102 973 5157 quam
1022 5086 1093 5142 de
1123 5083 1414 5158 Misegone
1445 5085 1503 5139 id
1535 5083 1885 5141 intellexisse
1913 5083 1995 5140 vi-
2100 5083 2317 5159 placet."
2352 5110 2380 5138 ››

357 5157 833 5300 ἀϐἧέἓμνίὶιιιθοεπ
861 5228 970 5284 001.
993 5230 1111 5283 182.
1146 5229 1224 5295 Α;
1272 5226 1536 5281 Mierhow
1567 5227 1637 5280 lI.
1672 5243 1723 5298 p.
1760 5226 1849 5281 35.

427 5227 576 5370 E134)
635 5300 865 5370 Dlugosz.
916 5298 1026 5355 col.
1084 5299 1205 5355 181.
1268 5297 1310 5351 B
1341 5301 1398 5352 et
1436 5296 1830 5364 G;Sarnz'ciu.s
1884 5297 1993 5354 col.

2207 5159 2297 5213 141
2355 5161 2590 5231 Dlugosz.
2619 5158 2728 5215 col.
2765 5159 2885 5214 187.
2919 5158 2981 5214 B.

2179 5159 2326 5370 ἔνθ)
2358 5231 2441 5285 1d.
2474 5231 2626 5312 ibida
2649 5236 2712 5312 Β.
2736 5262 2807 5272 ——
2835 5230 3088 5288 Mieehow
3119 5230 3187 5287 II.
3221 5249 3278 5305 p.
3310 5232 3401 5289 35.

2204 5301 2305 5355 143
2356 5302 2586 5370 Dlugosz.
2612 5302 2755 5358 ibid.

459 5296 579 5386 134)
635 5296 865 5370 mago“.
916 5298 1026 5355 col.
1084 5299 1205 5355 181.
1268 5297 1310 5351 B
1341 5301 1398 5352 et
1436 5296 1830 5364 G;Sarnz'ciu.s
1884 5297 1993 5354 col.
2356 5302 2586 5386 Qlugosz.
2605 5302 2755 5386 ibid.
2875 5373 2921 5386 η
2966 5374 2977 5386 .

362 5371 1313 5523 i0?1_135‘1)\.8arnieiusl..lllllugost
1371 5440 1492 5523 1.82..
1526 5443 1585 5496 C.
1620 5441 1746 5523 quin
1785 5440 1994 5523 addit_:

2178 5371 2325 5443 (144)
2355 5371 2550 5457 Annal.
2597 5373 2818 5431 Cracov.
2868 5373 3095 5446 Major-es
3140 5372 3203 5446 (l.
3244 5373 3453 5504 [ἐι-00.
3504 5392 3558 5432 a.
3597 5377 3779 5459 1025,

2126 5460 2256 5523 luas
2287 5449 2471 5500 secuti
2526 5446 2763 5518 Dlugosz
2789 5445 2899 5502 001.
2954 5446 3076 5502 188.
3104 5446 3165 5503 G.
3200 5451 3257 5503 et
3337 5447 3560 5505 techow.
3598 5448 3674 5506 II.
3713 5467 3779 5523 p.

356 5510 706 5592 Bretislaum
737 5531 857 5579 eos,
890 5512 991 5592 qui
1015 5510 1258 5592 _P_o_lonis
1289 5510 1349 5565 in
1393 5510 1671 5568 Bobemia
1719 5512 1994 5580 faverent,
2106 5510 2196 5592 36.

356 5590 728 5712 Εῗιιεθουῐιιω
759 5583 981 5667 0000,οι
1010 5583 1297 5664 tributum
1330 5599 1861 5655 negasse;eamque
1874 5600 1997 5639 rem
2177 5587 2325 5712 (145)
2353 5588 2590 5658 Dlugosz
2622 5588 2700 5642 ib.
2735 5587 2796 5643 C.
2829 5586 2896 5643 D.

418 5672 714 5712 188201181!)
747 5657 967 5711 szlenuo
995 5656 1294 5712 transzsse:
1327 5670 1443 5712 uua
1472 5672 1533 5711 re
1581 5655 1797 5710 factum
1848 5672 1997 5712 esse.
2202 5659 2303 5712 146
2355 5660 2576 5712 Ramell.
2610 5658 2817 5712 Gesch.
2845 5675 2896 5712 ν(

358 5655 714 5729 Misegonem
747 5656 967 5711 silentio
995 5655 1294 5720 transisse;
1327 5670 1443 5727 qua
1472 5672 1533 5711 re
1581 5655 1797 5710 factum
1848 5672 1997 5722 esse,

358 5731 424 5789 ut
451 5727 745 5784 Bobemus
777 5724 985 5783 altiora
1014 5740 1195 5784 ausus
1254 5725 1350 5783 sit.
1383 5725 1515 5804 (001.
1567 5726 1690 5784 183.
1723 5734 1793 5785 Α.
1817 5727 1905 5803 Β.)
1939 5730 1997 5786 at

2177 5655 2323 5731 (146)
2355 5655 2576 5732 ηωρειι.
2610 5658 2817 5715 Gesch.
2845 5675 2953 5715 von
2986 5659 3160 5720 Polen
3192 5662 3234 5720 Ι.
3270 5678 3327 5737 p.
3354 5663 3476 5722 122.

2178 5729 2325 5804 (1.47)
2356 5730 2442 5804 14-
2473 5747 2532 5804 p.
2566 5731 2689 5804 122-
2717 5730 2926 5804 senet.
2958 5733 3046 5793 35.

2180 5732 2303 5803 (147
2356 5732 2442 5787 Id.
2473 5747 2532 5804 p.
2566 5732 2689 5787 122.
2730 5732 2926 5789 adnot.
2958 5733 3046 5793 35.

2180 5732 2328 5883 (με)
2363 5802 2445 5864 1d.
2476 5818 2535 5879 p.
2570 5802 2827 5867 164-173.
