3950 6358
134 405 301 476 i369

1383 401 1931 475 S.'MATH1LDIS
1975 405 2266 470 REGINA
2281 453 2294 470 .

3388 359 3544 477 4356

135 543 258 614 aio;
292 561 431 604 nam
461 535 704 604 ecclesia
756 547 815 604 id
865 546 1212 622 plerumque
1268 543 1577 613 haereticis,
1609 542 1786 602 raris-
1815 538 1874 608 Α
1903 539 2074 611 simo,
2097 545 2163 599 ut
2189 543 2387 618 potius
2414 541 2591 603 verba
2620 544 2900 603 orationis
2925 542 3234 604 dominicas
3255 563 3306 602 :«
3329 545 3554 605 Panem.

134 635 287 694 sime
315 635 562 708 paganis
594 636 856 704 adhibet,
889 640 992 694 aut
1020 635 1310 693 adhibuit.

205 725 388 781 Nemo
429 725 658 782 inﬁcias
705 725 814 782 ibit
841 726 902 782 in
933 725 1182 800 epistola
1228 728 1431 782 nostra
1475 723 1787 780 dicendum

134 812 321 870 fuisse
347 831 362 870 :
393 835 422 864 «
449 815 520 870 ad
554 831 787 871 sacrum
807 815 1106 888 baptisma
1125 813 1482 888 compellens
1507 835 1536 863 »
1556 812 1645 869 vel
1674 810 1790 868 tale

133 901 302 974 quid,
326 907 523 975 atque,
549 907 614 959 ut
633 920 790 960 nunc
820 920 912 960 res
944 907 1008 960 se
1033 903 1232 971 habet,
1256 902 1442 958 multo
1465 899 1792 974 simplicius

135 1005 206 1045 ea
231 990 412 1046 verba
459 990 531 1046 ad
563 990 722 1062 ipsos
769 990 1018 1047 Polonos
1049 994 1105 1046 et
1141 991 1286 1048 alios
1329 1007 1531 1048 eorum
1564 993 1791 1062 sceptro

137 1077 472 1135 submissos
493 1079 742 1156 pepulos
765 1079 1109 1160 referri,qui
1130 1081 1306 1152 jussu
1330 1079 1661 1152 principum
1693 1079 1794 1134 Po-

136 1166 310 1223 loniaa
342 1167 702 1242 Misegonisl
728 1174 786 1226 et
811 1169 1086 1226 Bolizlavi
1123 1171 1146 1226 Ι
1176 1168 1453 1242 baptizati
1487 1172 1653 1225 erant
1679 1167 1792 1224 ritu

140 1255 428 1324 Romano,
448 1273 639 1331 neque
669 1275 735 1315 eo
757 1258 948 1316 secius
979 1275 1256 1333 magnam
1285 1261 1508 1332 partem
1533 1263 1635 1316 aut
1656 1258 1794 1315 ritui

140 1343 681 1418 Slavonico-graeco,
705 1350 807 1404 aut
834 1351 1056 1404 secreto
1076 1347 1389 1420 gentilitati
1409 1345 1499 1404 vel
1531 1348 1794 1405 moribus

141 1433 448 1507 gentilium
469 1434 770 1503 favebant;
795 1453 1046 1509 quorum
1071 1453 1354 1493 numerus
1376 1453 1591 1510 parvus
1614 1437 1794 1495 fuisse

141 1523 368 1596 nequit,
391 1526 458 1579 ut
485 1527 620 1594 post
663 1525 775 1580 sub
825 1524 1118 1598 Misegone
1147 1529 1200 1579 II
1231 1529 1288 1582 et
1315 1526 1426 1582 sub
1456 1525 1739 1582 Casimiro
1771 1530 1796 1582 Ι

140 1611 438 1683 apparuit.
458 1611 690 1668 Scimus
721 1612 1030 1680 Bohemos,
1058 1613 1198 1671 licet
1225 1614 1614 1684 Christianos,
1643 1615 1794 1672 anti-

141 1716 259 1773 quo
285 1716 649 1774 paganorum
671 1706 773 1758 aut
794 1703 1126 1759 Graecorum
1158 1720 1318 1759 more
1343 1703 1588 1774 vixisse;
1623 1710 1796 1776 atque

141 1789 250 1845 hac
278 1789 692 1861 depravatione
723 1791 1064 1864 episcopum
1111 1809 1285 1848 suum
1319 1797 1588 1848 sanctum
1623 1793 1794 1849 Adal-

1897 631 2306 703 quotidianum
2337 634 2412 690 da
2441 634 2610 692 nobis
2632 634 2805 692 hodie
2826 657 2855 686 »
2878 635 2937 692 in
2961 639 3161 692 nostro
3181 634 3332 692 libro
3355 637 3546 694 adhuc

1896 720 2207 777 trahantur
2235 727 2292 778 et
2321 723 2404 780 sic
2434 723 2812 798 explicentur.
2841 724 3115 799 Legimus
3142 725 3300 781 enim
3322 723 3422 780 fol.
3453 727 3543 795 70,

1897 825 2063 867 verso
2087 827 2138 866 τα
2170 809 2320 868 Illud
2350 813 2506 884 quod
2537 811 2752 870 dicitur
2782 836 2810 864 «
2834 812 2991 870 hodie
3021 835 3049 864 π
3083 829 3197 870 non
3229 830 3548 888 possumus

1900 899 2248 972 generaliter
2279 901 2492 957 referre
2514 902 2586 958 ad
2608 918 2820 975 corpus
2842 907 2900 958 et
2922 901 3268 976 sanguinem
3294 904 3544 974 Domini,

1902 987 2042 1061 quia
2072 993 2215 1046 sunt
2241 987 2406 1058 tales,
2433 991 2532 1063 qui
2576 1007 2691 1046 non
2744 995 2994 1063 possunt
3021 993 3259 1064 quotidie
3303 1009 3548 1050 commu-

1899 1079 2110 1143 nicare,
2142 1083 2238 1135 aut
2267 1081 2456 1152 aliqua
2474 1079 2749 1136 discordia
2765 1083 2955 1137 contra
2977 1083 3300 1154 proximum
3317 1098 3547 1138 comma-

1901 1167 2092 1229 culati,
2124 1175 2219 1222 aut
2254 1170 2576 1224 nocturnali
2611 1171 2956 1240 coinquinati
2991 1170 3320 1242 pollutione.
3352 1170 3548 1226 Homi-

1903 1271 2007 1311 nes
2037 1260 2198 1323 sunt,
2232 1273 2348 1312 non
2379 1261 2629 1330 possunt
2657 1272 2786 1314 esse
2817 1274 3049 1331 semper
3077 1258 3284 1332 parati.
3311 1281 3340 1309 »

1974 1344 2137 1408 Quod
2163 1345 2212 1402 si
2235 1345 2368 1417 quis
2391 1345 2820 1404 nihilbominus
2840 1347 3124 1404 Porussos
3147 1346 3242 1404 his
3257 1347 3449 1404 verbis
3471 1347 3552 1405 in-

1904 1432 2124 1488 dicatos
2145 1449 2274 1490 esse
2297 1433 2514 1505 vult,id
2546 1434 2659 1493 alio
2693 1452 2870 1492 sensu
2899 1452 3027 1492 esse
3057 1436 3295 1494 deberet
3325 1453 3553 1493 eorum-

1904 1521 2036 1577 dem
2067 1523 2396 1580 verborum.
2433 1523 2603 1581 Modo
2644 1524 2790 1581 mihi
2820 1524 3153 1598 exemplum
3185 1525 3406 1591 aﬂ‘erat,
3435 1542 3552 1598 quo

1903 1632 1934 1659 «
1965 1610 2035 1666 ad
2063 1627 2274 1667 caenam
2300 1611 2633 1669 dominicam
2661 1614 2983 1686 compellere
3010 1613 3162 1669 ntali
3185 1630 3364 1670 sensu
3385 1614 3552 1670 adhi-

1905 1697 2092 1754 bitum
2122 1699 2216 1755 sit.
2241 1701 2406 1756 Tunc
2451 1701 2678 1758 facilius
2721 1701 2868 1758 foret
2903 1703 3244 1760 convincere
3281 1701 3549 1772 lectores,

1905 1792 2039 1859 post
2065 1787 2356 1846 Adalberti
2391 1790 2544 1846 inter
2572 1791 2856 1848 Porussos
2886 1791 3256 1864 martyrium,
3288 1791 3427 1848 huic
3456 1808 3555 1850 na-

139 1879 373 1934 bertum
395 1877 703 1951 impulisse
725 1883 789 1934 ut
813 1879 1165 1952 relinqueret
1184 1882 1382 1938 sedem
1405 1881 1794 1955 episcopalem
1828 1910 1876 1977 B
1905 1875 2048 1933 tioni
2081 1876 2300 1933 bellum
2326 1878 2557 1936 illatum
2569 1895 2698 1977 88-86
2724 1879 3296 1977 {BolizlaVQ-puﬁﬂ}
3319 1880 3556 1977 Perfide-

141 1967 752 2040 Pragensem,terram
778 1969 1154 2041 quaesiturus,
1180 1969 1280 2024 ubi
1313 1969 1548 2043 gladius
1580 1970 1794 2043 princi-

142 2055 255 2129 pis,
271 2060 535 2112 recenter
549 2057 622 2112 ad
641 2072 870 2113 merum
891 2056 1141 2114 latinum
1161 2057 1339 2114 ritum
1357 2060 1715 2125 conversi,ut
1736 2061 1795 2115 in

143 2143 444 2218 Hungaria
471 2147 530 2201 et
557 2143 814 2213 Polonia,
839 2145 1108 2219 episcopo
1131 2145 1343 2203 auxilio
1367 2148 1607 2220 foret—.—
1628 2148 1798 2205 Nole-

144 2233 288 2289 bant
314 2232 518 2307 igitur,
547 2233 727 2290 simili
781 2235 974 2303 modo,
1025 2234 1248 2306 Poloni,
1295 2237 1630 2310 nuperrime
1662 2255 1797 2294 con-

141 2321 316 2391 versi,
337 2321 398 2378 in
422 2320 891 2379 Christianorum
922 2323 1184 2380 ecclesiis
1215 2325 1442 2393 adesse,
1477 2342 1799 2399 eorumque

142 2409 290 2467 ritus
321 2410 769 2477 ecclesiasticos,
805 2427 1153 2485 severasque
1183 2411 1340 2486 leges
1373 2413 1800 2486 paenitentiales

141 2499 341 2572 sequi;
364 2499 643 2568 nolebant
663 2501 994 2573 relinquere
1015 2501 1292 2573 antiquos
1319 2518 1512 2559 mores
1533 2502 1798 2576 religioni

141 2588 372 2655 Graecae,
402 2587 585 2645 immo
635 2603 874 2662 paganae
924 2589 1135 2646 mixtos
1165 2595 1224 2646 et
1261 2590 1563 2648 obnoxios.
1598 2593 1798 2649 Verbis

137 2676 588 2748 praedicatorum
618 2693 734 2732 non
765 2678 1198 2748 corrigebantur.
1219 2679 1366 2734 Hinc
1394 2679 1547 2736 ferro
1579 2681 1651 2737 ad
1685 2697 1795 2738 cce-

141 2781 281 2823 nam
310 2765 700 2833 Dominicam,
727 2765 786 2822 id
837 2771 926 2822 est
983 2767 1057 2823 ad
1115 2767 1361 2824 missam
1418 2767 1665 2825 latinam
1697 2787 1797 2826 eos

140 2853 428 2928 compulit
451 2853 798 2911 Bolizlavus.
828 2856 1036 2912 Dentes
1061 2855 1582 2924 abscindebantur,
1606 2858 1800 2916 Thiet-

140 2959 306 3000 mare
334 2947 484 3010 teste
513 2943 682 3016 (303),
705 2943 757 3000 ei
789 2943 912 3016 qui,
945 2949 1080 3016 post
1104 2945 1634 3020 Septuagesimam,
1673 2965 1796 3004 car-

140 3048 276 3088 nem
299 3031 736 3088 manducasset.
752 3031 891 3097 Quis
915 3033 1100 3089 nescit
1121 3051 1239 3106 qua
1267 3035 1365 3107 pia
1384 3035 1590 3092 fraude
1617 3036 1798 3094 eccle-

138 3119 228 3177 sia
257 3120 346 3176 uti
377 3119 600 3187 debuit,
623 3124 689 3177 ut
734 3120 1071 3178 Saturnalia
1123 3121 1353 3196 aliaque
1413 3123 1562 3180 festa
1622 3126 1798 3182 rebus

1907 1971 2238 2023 monstrare
2280 1984 2437 2025 nunc
2483 1968 2723 2025 omnino
2753 1969 3020 2042 despero.
3044 1967 3289 2025 Plurimi
3319 1959 3556 2042 quidem

1908 2059 2143 2112 autores
2163 2059 2422 2124 narrant,
2442 2074 2477 2113 a
2501 2056 2787 2114 Bolizlavo
2809 2057 3090 2114 Porussos
3113 2058 3388 2116 subactos
3408 2075 3557 2126 esse,

1908 2144 2010 2200 sed
2031 2143 2272 2202 totidem
2289 2145 2500 2203 verbis.
2518 2151 2703 2203 Immo
2726 2146 2841 2202 alia
2859 2151 2949 2204 est
2967 2146 3349 2219 traditio,qua
3369 2147 3558 2204 sancti

1906 2232 2205 2289 Adalberti
2235 2243 2470 2306 corpus,
2493 2239 2718 2307 aequato
2740 2234 2967 2308 argenti
2991 2235 3247 2308 pondere
3268 2235 3424 2308 apud
3446 2235 3559 2292 Po-

1908 2336 2111 2375 russos
2136 2319 2293 2376 illico
2323 2327 2456 2393 post
2483 2323 2612 2394 ejus
2643 2322 2990 2395 martyrium
3038 2326 3302 2394 emptum
3349 2321 3497 2380 foret
3526 2340 3560 2380 a

1909 2407 2216 2464 Bolizlavo.
2240 2409 2428 2466 Nimis
2457 2411 2740 2484 prodigus
2765 2411 2975 2468 fuisset
3005 2409 3100 2466 ille
3121 2410 3258 2478 Rex,
3280 2427 3330 2468 si
3349 2412 3560 2469 vindex

1907 2497 2144 2554 subactis
2167 2500 2386 2571 populi:
2423 2516 2528 2572 pro
2559 2516 2800 2572 corpore
2829 2499 3025 2556 delicti
3071 2503 3298 2556 tantum
3330 2501 3556 2574 argenti

1909 2583 2172 2641 solveret.
2199 2586 2400 2644 Restat
2440 2586 2640 2660 igitur,
2672 2593 2739 2644 ut
2781 2591 3008 2660 partem
3054 2586 3439 2644 Porussorum
3469 2588 3556 2645 vel

1910 2673 2215 2730 minimam
2247 2675 2321 2731 ad
2347 2675 2706 2732 occidentem
2730 2676 2888 2748 (nam
2911 2677 2983 2732 de
3007 2675 3265 2733 Gedania
3288 2677 3417 2749 ipsa
3441 2694 3556 2734 non

1909 2764 2179 2835 constat),
2199 2763 2273 2820 ad
2298 2764 2680 2834 occidentem,
2699 2764 3203 2837 inquam,versus,
3219 2783 3253 2821 a
3271 2765 3556 2823 Bolizlavo

1908 2851 2156 2909 fortasse
2203 2853 2377 2909 annis
2407 2853 2515 2909 996
2542 2852 2631 2910 vel
2661 2854 2768 2909 998
2804 2853 3111 2910 subactam
3155 2871 3284 2911 esse
3331 2859 3558 2912 statua-

1911 2956 2067 3008 mus,
2099 2942 2138 2998 i.
2167 2957 2218 2997 e.
2243 2941 2330 2998 vel
2361 2948 2498 2999 ante
2525 2941 2822 2999 Adalberti
2854 2946 3123 3012 mortem,
3147 2947 3214 2999 ut
3243 2943 3560 3018 Rospellius

1910 3036 2130 3100 censet,
2151 3031 2238 3088 vel
2263 3033 2541 3089 continuo
2572 3037 2722 3106 post.

1981 3118 2289 3193 Utcunque
2317 3121 2444 3189 erit,
2471 3121 2519 3177 si
2551 3121 2939 3178 Porussorum
2972 3138 3107 3194 pars
3138 3125 3277 3178 tunc
3299 3123 3372 3179 ad
3393 3121 3558 3180 Chri-

138 3209 492 3271 Cbristianis
526 3209 894 3283 applicando,
923 3210 1144 3267 sensim
1193 3211 1534 3285 sensimque
1566 3214 1796 3270 animas
1839 3281 1868 3285 ῳ
1908 3206 2160 3264 ﬁtianam
2211 3225 2491 3265 conversa
2530 3213 2620 3265 est
2665 3209 2863 3276 ﬁdem.
2887 3215 3061 3276 certe.
3089 3225 3203 3266 Ποη
3247 3210 3329 3266 ita
3372 3211 3559 3269 mimo

137 3315 504 3373 paganorum
525 3281 584 3355 ei
603 3281 796 3356 inopes
814 3300 885 3356 ab
907 3299 1238 3358 idololatria
1261 3281 1492 3373 atque-9,
1510 3301 1796 3360 falsorum
1826 3281 1870 3348 C
1907 3301 2041 3368 post
2085 3297 2196 3354 sub
2225 3296 2518 3369 Misagene
2548 3301 2568 3351 l
2603 3313 2808 3353 omnes
2855 3297 2973 3354 fere
3019 3299 3405 3356 deseruerunt
3431 3316 3555 3357 ver-

137 3387 384 3444 deorum
407 3387 566 3444 cultu
599 3389 670 3444 ad
700 3405 903 3445 verum
926 3389 1112 3445 Deum
1135 3391 1420 3447 verteret?
1440 3391 1582 3455 Quis
1611 3393 1800 3450 nescit

135 3493 316 3550 quam
336 3476 512 3550 longa
536 3477 711 3533 fuerit
729 3478 1005 3534 arborum
1027 3478 1077 3534 si
1101 3495 1217 3534 non
1244 3480 1530 3546 adoratio,
1555 3485 1615 3537 at
1635 3498 1799 3538 vene-

134 3565 284 3623 ratio
306 3568 528 3634 tamen,
550 3567 705 3638 apud
727 3565 976 3640 populos
997 3567 1058 3622 in
1085 3566 1387 3625 bodiernis
1405 3572 1796 3628 Porussorum

135 3654 310 3710 terris
339 3654 697 3722 habitantes,
729 3672 832 3728 per
862 3654 1080 3712 saecula
1107 3655 1352 3729 aliquot,
1377 3662 1693 3732 postquam
1725 3661 1796 3716 ad

134 3743 352 3800 Christi
396 3743 573 3800 ﬁdem
621 3745 885 3800 conversi
940 3745 1153 3801 erant?
1205 3746 1365 3818 Saepe
1425 3747 1796 3805 miraculosis

137 3834 488 3891 Sanctorum
515 3831 898 3906 imaginibus,
919 3851 1068 3906 quas
1093 3834 1224 3903 viri,
1249 3851 1446 3892 revera
1468 3837 1674 3904 sancti,
1701 3837 1798 3910 pia

136 3923 346 3980 fraude
367 3922 427 3979 in
451 3922 545 3979 his
562 3922 873 3980 arboribus
895 3922 1274 3993 incluserunt,
1292 3925 1575 3982 memoria
1592 3927 1796 3984 adora-

135 4011 316 4068 tionis
342 4010 619 4068 arborum
643 4011 906 4083 ipsarum
930 4011 1148 4069 sensim
1173 4012 1513 4086 sensimque
1531 4016 1790 4074 evanuit.

138 4100 282 4167 Quis
306 4099 514 4167 nescit,
529 4099 788 4156 Hussitis
803 4099 868 4156 in
891 4101 1166 4158 Bohemia
1186 4100 1424 4160 calicem
1447 4119 1792 4162 concessum

137 4205 270 4246 esse
299 4189 376 4246 ab
402 4188 648 4258 ecclesia
677 4189 940 4246 Romana
971 4194 1175 4246 contra
1212 4207 1387 4247 usum
1417 4193 1746 4266 generalem
1766 4195 1794 4250 ?

138 4281 396 4335 Tantum
423 4294 559 4336 vero
588 4278 776 4347 abest,
799 4283 866 4335 ut
897 4279 1015 4336 illis
1045 4281 1413 4352 temporibus
1446 4306 1473 4333 «
1509 4300 1671 4340 ccena
1696 4286 1794 4341 do-

137 4368 356 4425 minica
387 4389 408 4417 ι
440 4367 553 4425 alio
590 4383 768 4426 sensu
818 4368 1216 4442 adhiberetur,
1247 4386 1426 4442 quam
1472 4373 1790 4447 simplicis-

205 4563 358 4637 (303)
385 4565 664 4637 Τὴίθιγηαν
707 4581 766 4637 p.
798 4565 1059 4622 247-248.
1093 4565 1152 4637 (l.
1177 4565 1326 4623 VIII.
1360 4582 1407 4624 c.
1437 4571 1492 4625 2.
1524 4568 1688 4626 Pertz
1717 4571 1782 4627 V.

369 4636 736 4774 frzstoteles,
759 4715 1027 4765 Πολιτικῶν
1048 4710 1112 4764 Α.
1137 4709 1229 4765 ed.
1253 4709 1603 4806 Bekkeritp.
1625 4714 1783 4780 1252,

132 4796 196 4835 co
227 4821 241 4836 .
275 4781 329 4836 2.
361 4795 418 4835 ν.
449 4779 537 4834 20.
570 4789 705 4836 πᾶσα
729 4789 823 4836 γὰρ
853 4787 979 4836 οἰκία
1011 4787 1317 4836 ϐασιλεύεται
1341 4790 1433 4836 ὑπὸ
1459 4807 1546 4836 του
1575 4795 1783 4836 araneae-

132 4779 241 4837 col.
275 4781 329 4846 2,
361 4795 418 4835 ν.
449 4779 537 4834 20.
570 4789 705 4836 πᾶσα
729 4789 823 4853 γὰρ
853 4787 979 4836 οἰκία
1011 4787 1317 4852 βασιλεύεται
1341 4790 1433 4840 ὑπὸ
1459 4779 1786 4857 τοῦ-πρισδυζ

131 4861 539 5006 τιξτοιτὶοιὶᾶθιιι
570 4922 689 4977 fere
715 4921 907 4978 verbis
946 4922 1254 4994 antiquum
1285 4929 1494 4997 poéma
1520 4927 1785 4985 Slavoni-

131 5011 332 5052 meum
367 5037 380 5050 ⁸
453 5064 610 5148 weak
640 5068 694 5120 ot
717 5065 841 5149 audi
871 5065 1042 5149 celedi
1061 5065 1352 5149 _voievodi.

453 5138 682 5209 quisque
709 5137 772 5192 in
798 5152 903 5192 sua
927 5137 1150 5209 familia
1180 5142 1386 5210 regnat

558 5225 612 5263 ν.
627 5207 906 5287 ﬁukppis
952 5206 1430 5287 K_relo_dworskyl
1453 5212 1677 5287 wydafng
1711 5215 1781 5269 od

627 5278 927 5353 waclawa
975 5280 1210 5352 Hanky,
1263 5297 1342 5335 w.
1368 5278 1592 5338 'PraZe‘
1621 5285 1780 5353 1835,

196 5422 324 5480 Vox
352 5438 539 5499 graeca
571 5351 961 5499 βαὲιλῗέςήαιᾳ
1007 5438 1136 5480 esse
1179 5420 1483 5499 videtur‘e
1529 5441 1668 5499 voce
1698 5435 1782 5499 βας

129 5496 344 5563 bonus,
360 5494 668 5567 dominus,
690 5501 748 5551 et
767 5503 904 5567 ῐλινς
935 5495 973 5551 i.
1007 5512 1056 5552 e.
1084 5503 1228 5558 ἵλεως
1258 5494 1570 5566 propitius,
1593 5494 1785 5567 ita,'ut

131 5575 356 5694 Etmhtk
387 5566 502 5622 fere
531 5564 689 5622 idem
729 5566 825 5635 sit,
859 5567 1016 5650 quod
1061 5564 1416 5623 Germanum
1445 5583 1460 5622 :
1491 5564 1784 5650 Quadiger

178 5656 289 5694 err.
324 5651 414 5694 Bac
444 5637 603 5694 enim
625 5642 821 5694 extare
848 5639 1080 5694 Videtur
1115 5639 1176 5694 in
1219 5642 1610 5694 comparativo
1652 5656 1780 5694 (rer.

178 5656 289 5713 err.
324 5651 414 5713 ea;
444 5639 821 5713 enimextare
848 5639 1080 5713 videtur
1115 5639 1176 5694 in
1219 5639 1631 5713 comparativo
1651 5639 1780 5713 gero

130 5710 362 5767 manico
379 5709 788 5782 hesser(best);
812 5710 1014 5782 tumin
1034 5727 1169 5782 voce
1186 5708 1501 5782 abverbiali
1525 5708 1777 5782 fiirbass,

129 5782 383 5855 denique
402 5781 461 5838 in
483 5780 623 5838 voce
642 5780 984 5856 provinciali
1002 5781 1285 5839 Rhenana
1303 5786 1360 5840 et
1379 5781 1594 5840 Batava
1613 5780 1780 5856 Bass,

1907 3383 2049 3440 bum
2079 3384 2200 3442 Dei.

1906 3490 2042 3549 CAP.
2070 3493 2307 3570 XXXIV.
2331 3494 2731 3570 -—Boli_zlaous
2761 3497 2789 3551 1
2823 3496 2949 3570 jam
2992 3511 3093 3570 rex
3138 3499 3422 3570 nominari
3460 3515 3557 3570 po-

1978 3573 2136 3640 terat,
2169 3569 2465 3638 antequam
2493 3567 2568 3640 ab
2591 3567 2780 3622 Ottone
2825 3567 2900 3623 ΙΙΙ
2930 3569 3273 3624 inviseretur.
3308 3569 3371 3625 In
3400 3567 3556 3640 rebia

1977 3637 2246 3706 dignitate
2273 3637 2403 3693 αξςιιδ
2431 3641 2482 3694 et
2512 3638 2712 3694 abusus
2742 3640 2990 3694 omnium
3010 3641 3356 3711 p0pu10rum.

1979 3743 2338 3800 lncunabula
2363 3743 2628 3800 omnium
2657 3743 3007 3817 populorum
3040 3746 3209 3801 nobis
3237 3747 3556 3805 ostendunt

1905 3833 2392 3906 patremfamilias
2447 3849 2576 3890 esse
2630 3834 3013 3903 sacerdotem,
3047 3833 3439 3909 legislatorem
3497 3835 3562 3894 et

1895 3921 2182 3992 judicem,
2206 3921 2314 3990 vel,
2335 3927 2402 3979 ut
2431 3940 2548 3979 uno
2575 3923 2748 3979 verbo
2795 3923 3007 3995 dicam,
3041 3940 3237 3997 regem
3281 3919 3550 3994 familias;

1896 4012 2033 4084 jure
2063 4011 2317 4067 naturali
2349 4011 2409 4067 in
2452 4011 2728 4078 infantes,
2763 4012 2950 4069 abusu
2983 4013 3241 4086 (nonnisi
3269 4013 3554 4083 humano)

1903 4101 1964 4157 in
1994 4101 2252 4163 adultos.
2271 4102 2402 4174 Ipse
2431 4101 2674 4175 despota
2703 4116 2876 4158 omne
2899 4103 3022 4175 jus,
3046 4119 3279 4158 omnem
3312 4103 3552 4160 liberta-

1901 4194 2022 4247 tem
2052 4191 2164 4247 sibi
2194 4190 2304 4247 soli
2333 4190 2529 4257 habet,
2547 4193 2606 4246 et
2635 4192 2808 4246 ceteri
2827 4221 2891 4232 -
2911 4191 3148 4262 femina,
3167 4191 3333 4247 liberi
3357 4190 3553 4264 (servi)

1902 4311 1971 4321 —-
1991 4280 2214 4337 nullius
2246 4279 2401 4352 juris
2431 4283 2599 4350 sunt;
2634 4279 2794 4337 omni
2825 4279 2984 4336 enim
3033 4279 3300 4336 libertate
3329 4283 3549 4338 carent.

1903 4369 2327 4427 Paterfamilias
2363 4380 2422 4428 τὸ
2449 4378 2700 4428 πολιτικὸν
2722 4379 2840 4434 ςῶον
2888 4369 3161 4427 absorbet
3189 4369 3359 4443 (304).
3410 4369 3551 4442 Ejus

1899 4567 1981 4642 id,
2003 4583 2056 4623 e.
2081 4565 2318 4642 Meister
2337 4567 2482 4642 artis
2504 4567 2812 4642 cujusdam
2847 4567 3094 4640 peritus,
3117 4569 3336 4642 sodalis
3355 4571 3552 4642 cujus-

1818 4648 1864 4713 D
1896 4640 2033 4713 dam
2063 4636 2291 4713 collegii
2322 4636 2599 4713 opificum
2630 4638 2732 4713 vel
2757 4636 3039 4712 patronus
3069 4636 3368 4713 opificum.
3399 4636 3548 4698 Hinc

1897 4709 2447 4792 imperator’lfetrus
2481 4710 2501 4764 Ι
2532 4709 2656 4765 sive
2677 4709 2948 4781 Magnus,
2981 4709 3292 4783 postquam
3326 4712 3384 4793 in
3404 4713 3549 4793 .Hol-

1895 4781 2100 4864 landia
2124 4779 2574 4864 architecturam
2608 4780 3109 4864 navalemndoctus
3139 4787 3286 4864 erat,
3305 4784 3548 4864 sibine-

1897 4871 2033 4910 men
2062 4853 2229 4924 Peter
2248 4851 2459 4924 Bas(id
2489 4855 2580 4908 est
2611 4851 2844 4908 Meister
2868 4853 3052 4924 Peter)
3083 4853 3314 4910 indidit.
3340 4855 3546 4913 Extare

1895 4926 2071 4982 etiam
2101 4923 2331 4980 videtur
2361 4923 2419 4996 in
2449 4939 2587 4996 voce
2613 4924 2951 4996 germanica
2987 4923 3076 4981 die
3111 4927 3268 4993 Base,
3292 4942 3419 4996 qua
3450 4927 3546 4984 hic

1895 5001 2272 5078 materteram
2298 4994 2402 5078 vel.
2430 4994 2694 5078 amitam,
2725 4994 2847 5078 illic
2875 4996 2966 5078 (ut
3001 4997 3158 5078 apud
3199 4994 3543 5078 ltutberum)

1894 5085 2154 5126 sororem
2181 5065 2502 5141 patruelem
2523 5065 2611 5122 vel
2631 5065 3398 5141 consobrinam'signiﬁcare
3417 5065 3542 5127 δι·θέ

1892 5143 2073 5210 ditur,
2105 5137 2336 5212 proprie
2373 5143 2570 5212 tamen
2599 5137 2694 5212 nil
2733 5138 3046 5211 significat,
3071 5137 3185 5196 ni'si
3207 5163 3236 5192 «
3271 5142 3486 5209 bonam,
3507 5164 3537 5194 ιο

1894 5237 1923 5263 ‹‹
1955 5209 2271 5269 ατηαίὶῑγηῖ»
2292 5209 2454 5266 Unde
2486 5209 2823 5265 Latinorum
2867 5212 3070 5267 amita.
3099 5213 3408 5270 Βτιηιιςὴονη
3436 5213 3538 5269 lat.

1893 5283 2307 5358 Synonymick.
2341 5298 2433 5358 ep.
2467 5282 2626 5358 {833,
2659 5286 2801 5358 tom.
2828 5282 2897 5352 ll,
2921 5299 2976 5358 p_.
3009 5285 3134 5358 612.
3157 5285 3537 5358 ZusiitzeNo.

1894 5353 2023 5423 104;
2049 5379 2078 5406 «
2098 5353 2313 5420 'Amita,
2344 5353 2640 5410 Mandschu
2667 5370 2687 5408 :
2716 5355 2886 5410 Amou
2914 5353 3156 5417 Muhme;
3193 5357 3346 5412 Vash.
3381 5356 3536 5414 Ama.

1889 5427 2112 5492 Matter;
2143 5425 2313 5482 daher
2331 5425 2477 5481 auch
2500 5426 2686 5481 Amme
2706 5447 2735 5475 »
2756 5457 2824 5465 —
2845 5426 2900 5481 la
2925 5425 3098 5482 bonne
3121 5449 3149 5476 »
3177 5427 3313 5482 addi
3344 5427 3536 5484 debet.

1889 5498 2167 5581 Sequitur
2221 5496 2805 5581 lin_gus:.gern_ianica
2859 5497 3175 5580 Muhmeet
3229 5499 3538 5581 Base‘jure

1889 5568 2146 5642 quodam
2174 5568 2568 5642 confundif—
2602 5569 2796 5624 Monet
2846 5586 2939 5624 me
2987 5569 3214 5627 amicus
3256 5568 3536 5642 doctissi-

1890 5639 2044 5713 mus
2072 5639 2423 5713 Bethmann,
2470 5656 2644 5712 posse
2687 5657 2885 5697 vocem
2919 5649 3140 5713 βασιλεύς
3169 5640 3386 5713 ειίΒιιθΙ
3435 5659 3538 5713 per

1889 5711 2404 5796 basal‘derivatam
2431 5711 2561 5796 esse
2576 5730 2590 5780 ;
2604 5714 2866 5796 l‘ce‘rte‘in
2882 5711 3197 5796 Phrygium
3218 5711 3533 5796 lingua—re-

1886 5800 2017 5858 gem
2049 5790 2241 5858 βάλλην
2272 5782 2408 5840 audi
2455 5787 2566 5842 etc.
2600 5783 2903 5844 Calculum
2935 5782 3187 5858 adjicere
3231 5782 3371 5844 huic
3399 5801 3532 5842 seu.
