3950 6380
139 343 300 410 1373

1398 337 1464 404 8.
1509 332 1945 403 MATHILDIS
1989 334 2306 400 REGINA.

3392 336 3547 402 1374

136 478 438 554 publicam
460 478 629 559 justo
656 477 959 551 majorem,
991 478 1049 532 et
1077 491 1180 550 per
1208 473 1367 531 illam
1400 474 1597 549 gloriae
1631 471 1787 528 mili-
1816 467 1870 536 Α
1901 470 2140 527 omnino
2161 470 2387 527 alienus
2408 474 2535 529 erat
2551 472 2813 547 antiquis
2833 470 3168 545 Germanis;
3189 472 3369 532 Attila
3388 475 3544 532 enim

136 570 283 626 taris
304 572 551 642 pestem,
576 571 780 624 contra
802 568 904 640 jus
927 570 985 623 et
1011 566 1118 634 fas,
1142 566 1203 621 in
1231 565 1488 621 maxima
1509 579 1709 637 regna,
1730 562 1789 619 in

139 658 434 731 stupenda
461 662 519 715 et
554 657 847 715 horrenda
884 660 1169 724 monstra,
1204 659 1269 711 ut
1298 671 1543 727 regnum
1589 653 1789 709 Persa-

138 764 294 816 rum,
329 748 772 803 Macedonicum
801 751 859 803 et
886 747 1201 820 imperium
1232 746 1584 802 Romanum.

210 837 334 903 Quo
366 837 561 908 majus
600 852 846 909 regnum
879 835 1098 891 factum
1146 839 1256 903 est,
1287 851 1353 890 eo
1398 834 1618 904 majore
1643 848 1792 887 caeco

136 925 360 982 honore
391 929 451 981 et
498 925 775 998 potentia,
796 942 867 979 ne
898 924 1085 980 dicam
1137 926 1440 997 potestate,
1467 920 1792 977 necessario

142 1032 261 1084 rex,
279 1014 366 1071 vel
402 1014 499 1088 qui
521 1020 745 1087 praeest,
771 1014 1015 1087 gaudet;
1040 1013 1283 1069 totidem
1306 1012 1525 1068 sensim
1549 1010 1795 1067 sensim-

141 1120 255 1177 que
278 1103 731 1176 palresfamilias
747 1103 1045 1159 amittunt.
1059 1103 1318 1160 Tandem
1341 1102 1581 1158 libertas
1597 1101 1793 1173 singu-
1816 1126 1820 1129 -

138 1193 353 1259 lorum,
370 1193 421 1249 si
444 1209 561 1266 qua
584 1195 781 1261 restat,
798 1192 923 1249 sola
939 1198 1027 1249 est
1046 1191 1383 1249 assentandi
1406 1195 1579 1264 atque
1606 1188 1794 1245 accla-
1839 1210 1849 1224 ο

144 1281 434 1338 mationes
488 1282 548 1337 in
606 1287 813 1338 senatu
873 1282 1204 1355 proferendi
1237 1281 1404 1353 (313).
1437 1281 1589 1335 Raro
1646 1280 1796 1334 liunt

140 1371 411 1444 quaedam
443 1371 796 1444 quandoque
827 1388 930 1443 per
959 1387 1058 1427 eos
1088 1369 1274 1443 leges;
1308 1371 1409 1426 sed
1440 1370 1500 1424 in
1522 1369 1614 1426 his
1636 1373 1796 1425 nota-

138 1464 239 1516 tur
258 1464 661 1532 tantum,quot
677 1460 916 1516 vocibus
938 1459 1278 1532 Imperatori
1298 1459 1460 1516 salus
1477 1458 1799 1515 acclamata

138 1549 216 1606 sit
238 1551 409 1623 (314).
436 1550 566 1623 Ipse
599 1553 812 1623 praetor
839 1550 905 1605 fit
935 1549 1331 1622 Imperatoris,
1358 1573 1379 1599 ι
1419 1550 1653 1615 villicus,
1681 1573 1707 1598 »
1740 1555 1799 1605 et

136 1643 381 1696 senatus
412 1638 695 1696 deliberat
725 1644 946 1707 utrum,
970 1661 999 1690 «
1026 1638 1406 1695 Rhombusne
1436 1639 1795 1706 concidatur,

138 1742 215 1781 an
250 1729 402 1782 testa
430 1724 549 1781 alta
577 1731 813 1798 paretur
836 1748 865 1775 »
888 1725 1056 1798 (315).
1085 1728 1207 1793 Quo
1232 1727 1422 1798 major
1444 1726 1800 1809 respublica,

1898 559 2035 616 talis
2064 564 2188 617 erat
2217 578 2317 617 rex
2347 578 2573 635 regum.

1971 649 2064 705 Sic
2092 651 2327 724 regibus
2349 651 2700 709 Francorum
2726 653 3153 727 Merovingicis,
3179 670 3343 728 reges
3369 672 3550 728 popu-

1898 737 2089 794 lorum
2111 746 2533 796 Germanorum
2558 740 2811 798 devictos
2840 742 2900 798 in
2921 743 3110 799 Duces
3132 742 3398 799 mutandi
3421 760 3549 799 mos

1899 825 2163 883 invaluit.
2186 828 2280 884 Sic
2300 827 3228 905 Alemannorum,Thuringorum
3251 836 3361 888 etc.
3386 849 3550 905 reges

1901 916 2091 972 Duces
2140 916 2430 974 tributarii
2464 933 2669 990 regum
2700 918 2835 974 facti
2866 925 3006 976 sunt
3036 922 3413 977 Francorum.
3439 920 3547 976 Ne-

1902 1021 2016 1077 que
2046 1009 2243 1060 tamen
2295 1004 2491 1062 minus
2540 1006 2749 1064 titulus
2781 1025 2878 1064 rex
2918 1025 3121 1082 regum
3150 1015 3352 1082 postea
3397 1025 3551 1082 saepe

1903 1094 2254 1150 Francorum
2289 1094 2654 1168 principibus
2678 1096 2901 1154 inditus
2931 1103 3022 1154 est
3050 1099 3219 1171 (324).

1974 1182 2213 1239 Carolus
2243 1184 2488 1257 Magnus
2518 1185 2644 1258 ipse
2675 1203 2774 1242 rex
2803 1190 2927 1243 erat
2957 1192 3168 1244 unctus
3194 1205 3328 1243 cum
3358 1188 3550 1255 fratre,

1904 1273 2013 1327 sub
2046 1276 2206 1345 patre
2237 1289 2368 1345 rege
2397 1273 2485 1329 vel
2516 1274 2869 1347 imperatore
2900 1277 3256 1333 Francorum
3292 1295 3408 1334 non
3440 1279 3552 1334 Ro-

1904 1377 2213 1417 manorum
2248 1363 2424 1434 (325);
2452 1367 2508 1419 et
2538 1369 2759 1436 postea,
2794 1382 2897 1421 seu
2929 1366 3113 1439 patris
3146 1365 3384 1422 titulum
3419 1367 3552 1423 imi-

1903 1454 2055 1517 tans,
2091 1467 2193 1506 seu
2226 1468 2369 1508 novo
2420 1452 2535 1507 ritu
2568 1453 2883 1526 imperator
2927 1455 3138 1522 factus,
3164 1472 3327 1528 reges
3377 1455 3551 1523 ﬁlios,

1906 1538 2187 1612 aliosque,
2241 1540 2571 1598 submissos
2612 1542 2867 1599 habebat
2894 1536 3064 1616 (326).
3114 1544 3554 1601 Wittechindus

1908 1645 2142 1701 quoque
2174 1630 2468 1686 Saxonum
2501 1648 2618 1700 rex,
2651 1632 2707 1688 id
2742 1636 2829 1689 est
2872 1632 3177 1689 duodecim
3212 1634 3269 1688 in
3303 1633 3555 1707 singulis

1910 1714 2075 1788 pagis
2104 1716 2553 1789 subregulorum
2577 1735 2848 1775 summus
2870 1737 2987 1788 rex,
3008 1720 3127 1777 sive
3152 1722 3369 1777 ducum
3398 1740 3556 1778 sum-

137 1830 205 1871 eo
236 1815 433 1870 minor
462 1814 697 1887 publica
719 1831 830 1870 res.
856 1816 1163 1870 Servorum
1189 1818 1298 1871 etc.
1323 1819 1517 1871 tamen
1542 1805 1796 1871 conditio
1829 1837 1876 1901 Β
1913 1822 2044 1901 [Ilus
2090 1805 2224 1861 belli
2279 1810 2397 1862 dux
2426 1808 2597 1879 (3'37),
2631 1808 2865 1901 ηοηῐιξδί
2914 1814 3048 1882 post
3096 1810 3556 1869 innumerabiles

139 1903 199 1959 in
229 1902 457 1960 familia
485 1902 734 1972 laxat'ur,
766 1903 947 1958 invito
979 1902 1326 1976 plerumque
1358 1905 1615 1961 domino.

212 1991 393 2048 Tituli
436 1991 636 2061 Ducis,
670 1991 1269 2065 Regis,'lmperatoris
1300 1998 1431 2060 cet.,
1471 2012 1584 2066 quo
1619 2000 1794 2051 utun-

143 2086 259 2147 tur,
285 2080 387 2152 qui
419 2082 647 2153 magnm
682 2080 770 2136 vel
806 2097 997 2153 parva:
1027 2085 1283 2153 praesunt
1314 2082 1663 2155 reipublicae,
1696 2101 1798 2156 per

144 2186 204 2227 se
235 2170 393 2226 idem
437 2169 555 2226 fere
597 2168 948 2242 significant,
974 2170 1075 2225 sed
1110 2188 1219 2227 usu
1248 2170 1336 2228 vel
1369 2173 1556 2228 abusu
1589 2172 1795 2228 distin-

144 2256 359 2333 guendi
391 2261 549 2313 sunt.
569 2258 731 2340 Saepe
771 2258 1083 2331 etiam,qui
1117 2260 1322 2331 majori
1350 2266 1566 2332 praeest
1603 2263 1795 2334 reipu-

144 2346 331 2413 blicae,
365 2346 517 2402 fastu
549 2350 787 2403 tumens
819 2364 1029 2403 nomen
1060 2350 1203 2420 regis
1233 2352 1533 2421 superioris
1565 2350 1672 2406 sibi
1708 2368 1796 2407 ar-

144 2439 331 2509 rogat,
364 2434 451 2491 vel
483 2437 677 2504 magni
720 2438 885 2507 regis,
914 2436 1002 2491 vel
1034 2440 1225 2508 magni
1272 2439 1426 2495 ducis
1472 2439 1560 2496 vel
1610 2443 1802 2512 magni

143 2525 394 2597 Chagani
418 2528 527 2580 cet.
549 2523 748 2597 Neque
768 2529 894 2580 tum
927 2542 1158 2597 semper
1188 2527 1244 2581 in
1279 2528 1592 2600 provinciis
1622 2530 1798 2584 vecti-

137 2613 377 2687 galibus
399 2618 572 2684 atque
596 2613 656 2668 in
679 2615 875 2686 regnis
898 2615 1160 2671 subactis
1184 2615 1409 2688 regium
1441 2634 1650 2673 nomen
1676 2634 1803 2674 eva-

141 2701 350 2758 nescit.
382 2700 529 2757 Hinc
568 2700 627 2757 in
668 2702 901 2758 Oriente
940 2704 1340 2777 Egyptiorum
1366 2707 1532 2775 (316),
1565 2707 1803 2780 Babylo-

142 2791 382 2847 niorum
415 2789 583 2863 (317),
609 2795 919 2847 Persarum
946 2793 1116 2861 (318),
1138 2793 1550 2851 Arsacidarum
1583 2800 1641 2852 et
1670 2801 1803 2852 Par-

141 2879 385 2936 thorum
408 2878 581 2951 (319),
614 2896 777 2952 reges
826 2897 890 2935 se
939 2880 1230 2954 principes
1280 2881 1635 2957 principum,
1669 2894 1802 2959 βασι-

146 2978 248 3034 λεῖς
279 2976 540 3042 βασιλέων,
566 2969 759 3024 vocari
812 2970 1248 3042 superbiebant,
1291 2973 1472 3030 immo
1521 2975 1801 3031 Sesostris

145 3065 373 3133 βασιλεὺς
406 3065 642 3130 βασιλεων
670 3068 753 3114 καὶ
780 3066 1015 3128 δεσπότης
1047 3068 1291 3119 δεσποτῶν
1327 3064 1474 3135 (320)
1512 3063 1636 3119 fuit.
1687 3065 1801 3136 Ipsi

143 3146 493 3204 Macedones
525 3149 581 3202 et
610 3146 859 3203 Romani
892 3148 977 3203 vel
1008 3149 1196 3206 socios
1224 3150 1309 3206 vel
1341 3151 1682 3210 tributarios
1709 3170 1795 3209 re-

1909 1894 2124 1965 clades,
2156 1897 2394 1951 tandem
2442 1897 2559 1952 dux
2590 1915 2623 1954 a
2652 1896 2854 1954 Carolo
2897 1899 3107 1971 Magno
3139 1901 3328 1956 factus
3353 1905 3465 1969 est,
3494 1907 3558 1959 ut

1904 1987 2102 2040 tamen
2154 1985 2402 2052 nescias,
2444 1991 2727 2042 auctusne
2775 2004 2850 2043 an
2900 1988 3184 2061 dignitate
3229 1990 3557 2048 diminutus

1910 2074 2105 2130 fuerit.
2394 2083 2399 2088 '

1978 2163 2304 2221 Ludovicus
2326 2164 2462 2220 Pius
2496 2164 2809 2237 imperator
2839 2166 3094 2223 filiorum
3119 2185 3234 2224 non
3257 2169 3413 2243 regio
3434 2175 3558 2226 tan-

1907 2259 2033 2309 tum
2069 2254 2321 2322 nomine,
2340 2256 2438 2311 sed
2466 2259 2522 2311 et
2553 2260 2836 2328 potestate
2867 2256 3045 2313 nullis
3067 2258 3241 2315 certis
3270 2258 3559 2317 limitibus

1909 2345 2468 2413 coercita,miserum
2484 2344 2815 2418 exemplum
2830 2346 3154 2418 posteritati
3175 2348 3557 2421 reliquit.Sub

1909 2432 2351 2489 successoribus
2371 2434 2519 2505 ejus,
2543 2449 2710 2506 reges
2743 2436 3115 2504 Francorum,
3150 2437 3555 2511 Lotharingias,

1909 2521 2284 2595 Burgundizn,
2307 2523 2558 2579 Bavarize
2589 2527 2647 2578 et
2674 2523 2998 2580 Germania:
3020 2526 3375 2597 potentiores
3406 2544 3559 2600 saepe

1910 2615 2076 2666 erant
2099 2611 2576 2682 Imperatoribus.
2607 2612 2671 2667 In
2701 2613 3013 2669 Germania
3043 2614 3280 2672 Ottones
3312 2633 3557 2679 renova-

1909 2704 2117 2755 verunt
2147 2701 2615 2774 Merovingorum
2660 2719 2856 2773 usum,
2880 2708 2938 2759 et
2965 2708 3254 2760 auxerunt
3282 2722 3558 2779 arrogan-

1909 2790 2054 2846 tiam
2101 2794 2485 2846 monstruosze
2536 2790 2922 2863 imperatoria:
2954 2792 3278 2865 dignitatis.
3311 2795 3557 2868 Regium

1911 2879 2192 2935 honorem
2216 2879 2326 2935 sibi
2366 2879 2506 2936 solis
2540 2881 2867 2948 convenire,
2883 2881 3093 2938 ceteris
3122 2899 3255 2938 vero
3285 2885 3561 2941 omnibus

1912 2969 2172 3042 abnegan
2182 2969 2322 3024 dum
2343 2985 2472 3025 esse
2493 2969 2942 3026 contendebant.
2959 2970 3177 3027 Omnes
3198 2989 3364 3045 reges
3380 2974 3560 3032 semel

1913 3058 2069 3126 victi,
2095 3076 2163 3114 ex
2195 3075 2341 3114 nova
2361 3074 2563 3114 eorum
2586 3059 2898 3129 sententia,
2915 3059 3075 3133 regia
3099 3060 3385 3134 dignitate
3414 3080 3566 3120 care-

1912 3147 2055 3202 bant
2084 3164 2152 3203 eo
2182 3148 2309 3219 ipso
2344 3148 2511 3203 facto.
2537 3148 2577 3202 E
2601 3152 2722 3203 tam
2754 3148 3041 3221 singulari
3067 3149 3388 3207 doctrinam
3417 3150 3562 3208 illud

138 3252 244 3310 ges
286 3234 531 3292 minime
579 3237 1045 3309 aspernabantur
1072 3239 1236 3312 (321),
1261 3244 1326 3294 ut
1372 3240 1551 3296 Taciti
1602 3243 1796 3299 verbis
1829 3207 1871 3272 Ο
1910 3237 2243 3308 paradoxon
2268 3240 2468 3291 natum
2489 3240 2679 3303 est,ut
2700 3238 2972 3309 princeps
2986 3239 3114 3293 Dux
3135 3240 3558 3311 nominaretur,

138 3326 294 3391 ular,
319 3347 348 3377 «
374 3325 552 3381 veteri
584 3330 641 3380 et
662 3325 1021 3397 jampridem
1053 3334 1284 3400 recepta
1314 3329 1517 3402 Populi
1550 3331 1797 3387 Romani
1905 3330 2061 3380 terra
2080 3341 2213 3380 Vero
2244 3341 2479 3393 regnum
2508 3325 2581 3380 ab
2615 3341 2730 3380 uno
2752 3325 3074 3398 eodemque
3103 3326 3386 3399 scriptore
3414 3334 3471 3385 et
3501 3330 3560 3385 in

138 3438 169 3466 ‹‹
203 3413 650 3480 consuetudine,
675 3418 739 3469 ut
769 3414 1053 3471 haberent
1079 3416 1473 3475 instrumenta
1504 3420 1799 3478 servitutis
1907 3414 2111 3469 eadem
2161 3414 2279 3469 fere
2331 3413 2486 3469 linea
2533 3413 2710 3486 (328);
2743 3413 2927 3470 immo
2985 3414 3043 3470 in
3107 3415 3560 3490 Chronograpbo

137 3527 169 3555 ‹‹
204 3506 262 3559 et
293 3519 460 3576 reges
490 3502 657 3576 (322).
688 3524 717 3552 »
744 3503 903 3560 Idem
937 3521 1087 3577 saepe
1115 3523 1225 3562 usu
1247 3507 1405 3563 venit
1436 3509 1803 3581 Imperatori-
1907 3502 2153 3570 Saxone,
2189 3503 2399 3560 Miseco
2451 3505 2593 3558 Dum.
2623 3546 2634 3557 .
2663 3544 2676 3557 .
2711 3503 2891 3559 simul
2944 3508 3001 3559 et
3054 3506 3169 3560 Rea:
3221 3506 3565 3564 nominatur

136 3593 255 3649 bus
298 3591 553 3647 Orientis
602 3590 693 3647 vel
740 3591 1069 3648 Occidentis
1102 3596 1269 3664 (323).
1311 3596 1511 3669 Neque
1564 3599 1615 3654 is
1672 3616 1800 3656 mos
1903 3585 2079 3666 (329).
2106 3595 2231 3649 Non
2260 3592 2539 3648 videbant
2568 3593 2847 3648 continuo
2887 3593 3054 3665 sequi
3085 3611 3116 3649 e
3145 3592 3247 3649 tali
3279 3595 3561 3663 doctrina,

185 3789 197 3800 _
211 3716 365 3800 K313)
389 3738 417 3766 ί(
444 3716 531 3772 νει
561 3731 686 3771 cum
734 3716 1031 3788 Oﬂ'ensimze
1075 3721 1368 3792 principis,
1395 3746 1416 3774 ι
1447 3726 1511 3778 ut
1558 3727 1640 3779 ait
1689 3726 1799 3781 Ta-

146 3793 372 3932 ωῗέῗὶι)
389 3857 721 3934 ptfactum
744 3858 911 3934 estin
934 3860 1493 3934 Senatus-Consulto
1516 3865 1798 3934 Romano,

146 3929 1050 4007 qu'um'CodicisTheodosiani
1101 3934 1399 4007 exemplar
1448 3937 1521 3991 ab
1570 3929 1803 3995 Oriente

146 4002 404 4060 missum
436 4007 592 4056 esset
622 4002 679 4057 in
713 4002 1108 4060 Occidentem.

245 4075 376 4140 315)
402 4074 657 4139 Juvenal,
692 4073 783 4143 ιν,
815 4077 885 4128 77
914 4080 972 4130 et
1002 4076 1123 4133 130.

245 4075 376 4140 315)
402 4075 657 4139 Juvenal,
692 4075 783 4143 1V,
815 4077 885 4128 77
914 4080 972 4130 et
1002 4076 1123 4133 130.

116 4192 123 4195 γ
151 4217 167 4221 Δ
222 4075 385 4221 ἓ31β)
406 4153 634 4209 Βασιλεὺς
661 4154 898 4218 βασιλεων
926 4157 1228 4219 Ὀσιμανδιας
1259 4157 1369 4221 εἰμί.
1394 4150 1612 4207 Diodor.
1631 4151 1802 4209 Sicul.

151 4217 192 4273 1.
224 4217 605 4366 (c3lg.0a_niel
634 4304 683 4366 c_.
721 4289 790 4366 ll,
829 4307 877 4345 v.
910 4292 983 4366 37
1025 4291 1095 4346 de
1143 4292 1655 4366 Nebukaduezare,
1706 4296 1803 4366 qui

150 4359 432 4486 ἓᾶἱῧῖὺιέε
479 4360 598 4416 fere
642 4359 791 4415 Asia:
844 4361 1083 4435 regibus
1138 4363 1464 4437 imperabat
1494 4366 1566 4420 cf.
1600 4359 1802 4421 Ezeéh.

148 4432 514 4579 x)(3318’)73ic
530 4502 882 4579 Armenia
892 4504 1169 4579 Mnemon,
1182 4523 1257 4579 se
1288 4523 1477 4576 regum
1490 4578 1495 4579 γ
1507 4524 1684 4579 regem
1714 4526 1806 4563 vo-

1910 3737 1963 3775 a.
1992 3720 2120 3774 762.
2155 3736 2211 3772 n.
2242 3720 2296 3773 2.
2332 3717 2598 3772 Edmund
2633 3718 2873 3772 Maricae
2914 3717 2984 3772 de
3027 3717 3210 3775 antia.
3242 3718 3450 3775 eccles.
3485 3720 3562 3775 ri-

1910 3737 1963 3775 a.
1993 3735 2120 3774 ‘loz.
2155 3736 2211 3772 n.
2242 3735 2296 3773 z.
2333 3735 2598 3772 immune
2633 3735 2873 3772 marwne
2914 3735 2984 3772 ne
3027 3735 3146 3773 anu
3197 3759 3210 3771 .
3242 3735 3450 3775 eccles.
3485 3738 3560 3775 ri-

1909 3792 2069 3848 tibus
2122 3789 2215 3872 lll,
2250 3790 2715 3872 c.ﬁlQ.JAnaslas.
2750 3788 2950 3860 Steph.
2982 3792 3036 3844 2.
3063 3821 3132 3829 —
3154 3735 3281 3845 god.
3317 3792 3560 3848 Carolin.

1910 3859 2988 4005 ep(3926§5.[iegiiﬁlilongobardorum;
3014 3931 3172 4005 lilios
3203 3939 3420 4002 autem,
3454 3939 3562 3991 Ca-

1913 4006 2125 4072 rolum,
2151 4003 2421 4077 Pipinum
2439 4003 2803 4077 Ludovicum
2828 4009 2884 4059 et
2906 4003 3267 4077 Letharium,
3291 4012 3563 4077 nepotem

1913 4077 2165 4148 denique
2187 4075 2373 4147 Pipini
2397 4074 2606 4143 filium,
2628 4075 3053 4141 Beruhardum,
3076 4074 3563 4133 infelicem’ltaliae
3676 4125 3695 4136 .

1914 4165 2108 4205 P028111
2119 4191 2130 4202 .

2009 4221 2135 4292 327)
2166 4216 2597 4292 Wittechindus
2627 4219 2742 4292 [lege
2782 4217 3124 4292 nominatur
3150 4235 3187 4292 _a
3216 4217 3514 4292 plerisque
3546 4237 3559 4274 :

1916 4288 2190 4347 Thietmhr
2213 4292 2252 4357 l,
2278 4308 2333 4362 p.
2356 4290 2463 4345 226
2487 4306 2500 4343 ε
2527 4312 2553 4337 ‹‹
2578 4305 2608 4345 e
2627 4288 3196 4362 WittichindiRegis
3216 4288 3373 4346 tribu
3395 4288 3565 4347 exor-

1917 4370 2063 4419 tum.
2091 4386 2118 4412 ‹‹
2145 4360 2393 4417 Chronic.
2433 4363 2606 4432 Epiro.
2639 4360 2902 4433 Illindens.
2936 4360 3167 4433 (Pistor.
3200 4366 3227 4429 §
3258 4364 3347 4431 17)
3373 4385 3400 4411 »
3431 4364 3565 4420 We-

1916 4434 2225 4496 dekindus,
2260 4450 2359 4489 rex
2389 4431 2784 4487 Mindensium
2835 4439 2892 4488 et
2937 4431 3325 4496 Angarorum.
3358 4434 3561 4491 Chron.

1916 4504 2187 4575 Andcgav.
2217 4504 2346 4575 (ap.
2368 4504 2664 4559 Labbeum
2698 4504 2840 4559 bibl.
2866 4505 2970 4559 Ms.
2998 4504 3067 4575 Ι.)
3091 4507 3184 4560 ad.
3215 4506 3316 4560 781
3345 4528 3373 4556 ‹‹
3394 4506 3565 4561 Witi-
3593 4522 3600 4531 ·

149 4573 248 4631 cat
279 4573 634 4646 in'epistolai
655 4573 726 4629 ad
771 4576 1016 4631 Esdram
1050 4594 1099 4632 c.
1125 4578 1244 4645 VII,
1278 4573 1451 4633 v.17.
1485 4573 1629 4635 Nam
1663 4584 1803 4635 tunc
1835 4577 1881 4642 D
1913 4573 2130 4632 kindus
2160 4573 2259 4629 rex
2277 4573 2656 4646 ’Alborumgct
2683 4575 2999 4631 Saxonum.
3026 4573 3057 4624 »'
3085 4577 3235 4630 Auct.
3269 4576 3337 4631 de
3362 4577 3563 4646 funda-

150 4645 465 4727 Eersaruln
495 4645 555 4700 in
586 4645 869 4718 obsequio
895 4652 1062 4703 erant
1093 4666 1258 4723 reges
1277 4649 1588 4720 Armeniae,
1610 4650 1803 4725 Cypri,

152 4716 337 4773 Cariae
362 4716 757 4788 aliarumque.

195 4787 376 4915 ,(319)
408 4788 609 4844 Ezech.
642 4787 939 4873 Spanheim
971 4790 1042 4845 de
1082 4793 1488 4876 praestantia...
1522 4793 1805 4874 numism.

195 4876 245 4915 is
276 4859 349 4914 Vl
381 4859 421 4915 Ι.
447 4876 496 4915 c.
528 4863 585 4915 2.
610 4891 674 4901 —
697 4861 970 4915 Ammum.
995 4862 1293 4915 Marcellm.
1320 4864 1530 4915 XXVII.
1556 4882 1604 4915 ο.
1628 4867 1682 4915 5.
1709 4865 1805 4915 ubi

151 4859 245 4915 dis
276 4859 421 4932 VIII,
447 4876 496 4915 c.
528 4863 585 4915 2.
610 4859 970 4916 —'Ammitm.
995 4859 1293 4919 Marcellin.
1318 4864 1530 4932 XXVII,
1556 4882 1604 4920 c.
1628 4867 1683 4929 5,
1709 4865 1805 4920 ubi

151 4941 342 5009 Sapor
372 4931 490 5009 Rex
518 4947 821 5009 regum._-_—
845 4933 1080 5009 Viscouti
1100 4934 1360 5008 Iconogr.
1387 4931 1637 5009 grecque
1657 4938 1810 5009 (pas-

154 5002 391 5070 sim).--
412 5002 633 5059 Suefon.
669 5002 850 5129 Calig.
883 5004 952 5072 V,
987 5007 1039 5060 4.

222 5073 372 5131 (320)
404 5074 627 5130 Diodor.
656 5073 791 5131 Sicu
820 5116 832 5130 .
867 5074 906 5130 l.
943 5092 992 5131 e.
1026 5078 1097 5131 55

246 5074 351 5129 320
404 5074 627 5130 Diodor.
656 5074 832 5131 Sicul.
867 5074 906 5130 l.
943 5092 992 5131 e.
1026 5078 1116 5131 55.

246 5074 375 5229 321i
406 5145 751 5229 Exemplum
782 5146 1053 5229 habesin
1080 5164 1211 5220 rege
1233 5148 1537 5205 Sidonum.
1567 5151 1626 5219 ρ.
1651 5154 1806 5207 Curt.

152 5218 205 5286 4,
236 5217 281 5290 1.
316 5217 376 5275 η’.
410 5217 500 5288 18,
534 5217 803 5290 aliisque.
857 5288 866 5290 Α
981 5222 989 5237 ⁴

224 5289 370 5359 (322)
403 5290 614 5345 Tacitus
642 5288 912 5359 Agricola
944 5291 1029 5345 14.

224 5359 374 5445 (323)
425 5360 611 5445 Reges
660 5359 940 5445 Thracia),
994 5361 1296 5445 Bosphori,
1350 5363 1657 5435 Armeniaa,
1704 5365 1809 5421 Ju—

155 5432 438 5507 daiaretc.
471 5432 657 5507 Reges
688 5432 1023 5507 Gothonum
1054 5432 1290 5507 aliique.

226 5503 377 5575 (324)
414 5523 440 5556 α
472 5503 759 5560 Dominus
780 5521 880 5559 rex
901 5503 1279 5573 Francorum,
1303 5505 1668 5561 terrestrium
1693 5507 1811 5564 Rex

155 5574 383 5658 Regum
417 5576 759 5658 nnMatlhaeus
787 5576 947 5658 Paris
977 5594 1041 5658 τι.
1061 5580 1186 5658 75'1.

228 5592 237 5629 ε
282 5591 383 5629 um
417 5597 445 5626 »
479 5590 759 5631 man/lacus
787 5590 947 5631 raris
977 5594 1030 5633 a.
1062 5590 1186 5633 75-1.

228 5590 415 5773 Euge,
442 5648 795 5703 Francorum
826 5648 981 5720 regis
1016 5649 1211 5719 frater,
1237 5649 1307 5706 ab
1332 5649 1491 5705 Anna
1521 5650 1812 5705 Commena

239 5719 310 5773 28
353 5718 391 5773 ,ἶ
425 5727 647 5773 Βασιλεὺς
678 5727 917 5773 Βασιλέων
947 5728 1203 5773 vocatur.

156 5734 213 5790 p.
239 5734 390 5790 εδδ.)

239 5727 391 5789 288.)
409 5727 647 5846 Βασιλεὺς
678 5727 917 5792 βασιλέων
947 5728 1203 5778 vocatur.

230 5789 376 5861 (325)
453 5807 589 5847 aron
642 5791 848 5848 Annal.
885 5809 937 5847 a.
976 5793 1104 5861 752,
1153 5811 1203 5849 n.

453 5807 589 5847 aron
642 5791 848 5848 Annal.
885 5809 937 5847 a.
976 5793 1104 5863 752,
1153 5811 1210 5849 n.
1260 5795 1313 5850 6.
1366 5794 1504 5864 Pagi
1550 5792 1678 5849 crit.
1740 5794 1812 5851 ad

1915 4650 2063 4704 tione
2120 4651 2228 4701 etc.
2283 4646 2397 4716 (ap.
2452 4644 2651 4701 Lebin.
2709 4646 2753 4715 Ι,
2804 4664 2860 4718 p.
2911 4646 3036 4717 260)
3069 4668 3097 4695 ‹‹
3142 4647 3262 4701 Rex
3303 4644 3565 4719 Angaro-

1917 4737 2048 4774 rum
2080 4721 2172 4771 W.
2200 4741 2227 4767 ››

1988 4791 2215 4860 Magnus
2252 4789 2377 4844 Diu:
2418 4786 2759 4843 nominatur
2788 4805 2821 4842 a
2857 4787 3211 4844 li’iUcchindo
3259 4787 3483 4845 Corbei.
3519 4790 3567 4857 I,

1989 4931 2345 5005 Simpliciter
2387 4931 2511 4986 Dux
2557 4948 2591 4985 a
2632 4930 2783 5005 Beda
2831 4929 2969 5005 hist:
3005 4934 3159 5005 gent.
3191 4930 3361 5005 Angl.
3386 4953 3416 4982 «
3446 4932 3566 4988 Ele-

1916 5010 2064 5062 ctum
2094 5002 2224 5060 b'clli
2252 5002 2470 5065 ducem;
2502 5026 2522 5055 ι
2557 5019 2592 5073 a
2621 5002 2896 5070 Sigeberlo
2929 5002 3195 5059 Gemblac.
3220 5002 3565 5073 ad'an.785;

1919 5096 1954 5133 a
1981 5077 2183 5133 Matth.
2235 5076 2396 5131 Paris
2446 5074 2503 5128 in
2534 5072 2633 5128 vit.
2668 5073 2828 5141 Offae,
2860 5091 2916 5146 p.
2938 5074 3065 5144 978,
3095 5074 3153 5130 in
3194 5072 3569 5147 Capitulariis

1919 5151 2141 5205 Baluzii
2164 5147 2206 5213 Ι,
2235 5164 2291 5219 p.
2328 5147 2449 5201 194.

1990 5216 2252 5276 Tandem
2288 5236 2299 5274 :
2334 5239 2359 5270 α
2390 5234 2533 5272 unus
2581 5233 2650 5272 ea:
2695 5216 3030 5290 primoribus
3086 5218 3566 5290 li’eslphalorum»

1918 5298 2158 5349 vocatur
2187 5291 2247 5346 in
2279 5291 2476 5346 Annal.
2505 5289 2755 5344 Laurish.
2794 5288 2866 5343 ad
2900 5305 2952 5343 a.
2985 5290 3110 5343 777.

1990 5366 2072 5419 Ct‘.
2104 5366 2311 5420 Kranlz
2342 5362 2581 5417 Saxonia
2614 5361 2683 5430 II,
2717 5376 2767 5416 c.
2798 5362 2889 5414 22.

1993 5436 2140 5509 (328)
2175 5434 2464 5513 Πιέρῳ-ατ.
2494 5432 2665 5513 Ην,
2698 5448 2753 5504 p.
2779 5432 2910 5513 360.
3099 5430 3342 5513 (Misego
3374 5431 3427 5513 1)
3438 5432 3566 5503 jam

1920 5502 2232 5563 senescens
2282 5511 2341 5562 et
2362 5502 2721 5573 febricitans,
2743 5503 2815 5559 ab
2837 5502 3038 5558 exsilio
3060 5503 3118 5556 in
3142 5502 3390 5573 patriam
3414 5502 3570 5559 tran-

1920 5579 2017 5648 sit,
2052 5577 2387 5650 relinquens
2433 5579 2678 5646 Regnum
2720 5575 2935 5632 suimet
2984 5573 3255 5647 plurimis
3304 5574 3566 5630 dividen-

1920 5651 2083 5705 dum.

1993 5721 2140 5792 (329)
2201 5721 2497 5792 Chronogr.
2552 5720 2698 5777 Saxo
2756 5719 2828 5775 ad
2885 5736 2941 5792 a.
2992 5718 3150 5792 1030.
3199 5716 3568 5792 Miseco_(ll)

1922 5789 2085 5851 Dum.
2115 5789 2130 5848 .
2156 5834 2169 5847 .
2202 5833 2215 5848 .
2249 5790 2384 5849 talis
2415 5789 2551 5865 ergo
2583 5795 2672 5848 est
2701 5793 2814 5849 Rex
2843 5808 2894 5848 v.
2928 5789 3059 5850 infr.
3095 5806 3223 5864 cap.
3256 5789 3471 5847 XLVII.
