3950 6358
149 381 308 446 137³7

1403 388 1468 449 s.
1515 379 1946 451 MATHILDIS
1990 377 2308 452 REGINA.

3406 372 3562 456 1-373:

150 519 276 574 haec
299 517 358 572 in
391 517 654 574 oratione
693 512 1001 574 Dominica
1054 531 1334 591 magnam
1394 520 1806 592 antiquitatem
1834 522 1890 591 Α
1918 520 2184 593 Salomo;
2213 526 2270 579 et
2286 538 2498 596 passus
2518 545 2546 573 «
2570 522 2695 580 Non
2717 521 3006 582 habemus
3026 523 3241 598 Regem
3253 522 3562 586 nisiCaasa-

153 607 308 664 olere
325 605 656 674 videantur,
679 611 876 664 tamen
900 606 1246 664 facillimum
1262 608 1390 677 erit,
1406 609 1808 666 demonstrare

151 697 391 752 eosdem
423 713 540 752 non
571 712 803 769 semper
830 695 1040 754 iisdem
1069 713 1207 754 usos
1233 712 1360 753 esse
1385 696 1592 754 titulis.

223 785 402 840 Russi
433 801 576 841 sane
604 785 798 842 Czaris
830 786 1066 841 nomine
1097 785 1188 840 usi
1221 789 1389 842 sunt:
1423 785 1568 843 falso
1608 791 1808 843 tamen

153 873 301 930 illud
320 892 354 928 a
374 874 598 931 Casare
621 874 909 948 originem
931 874 1183 943 trahere,
1203 879 1261 931 et
1281 875 1809 933 WladimirusMo-

154 963 481 1021 nomachus
499 965 570 1019 ab
589 964 938 1037 imperatore
954 963 1598 1038 Constantinopolitano
1649 982 1809 1021 acce-

153 1053 313 1125 pisse
333 1069 469 1109 eum
490 1053 769 1109 honorem
793 1070 826 1109 a
847 1053 1204 1126 quibusdam
1227 1053 1625 1129 dicitur(352).
1650 1053 1809 1111 W10-

153 1142 420 1200 domirus
452 1143 700 1217 Magnus
750 1159 982 1218 quoque
1039 1160 1155 1200 non
1213 1144 1408 1201 Czaris
1468 1161 1680 1202 nomen
1737 1145 1811 1200 ab

152 1231 365 1288 iisdem
384 1233 628 1305 accepit,
652 1236 719 1288 ut
741 1233 982 1305 quidam
995 1232 1199 1288 volunt
1242 1233 1414 1305 (353),
1431 1234 1533 1289 sed
1551 1241 1808 1298 Βσαιλέως.

156 1321 456 1378 Johannes
487 1320 566 1377 III
587 1320 1007 1390 Basiliewitch,
1032 1322 1132 1394 qui
1156 1321 1482 1378 libertatem
1500 1321 1814 1378 vindicavit

161 1410 274 1466 sibi
303 1413 361 1466 et
390 1409 620 1478 Russis,
659 1427 720 1465 se
751 1426 1032 1482 magnum
1065 1411 1275 1466 ducem
1298 1411 1623 1466 nominavit
1642 1411 1812 1484 (354).

160 1498 344 1554 Filius
375 1503 575 1556 autem
608 1499 736 1570 ejus
765 1499 1020 1555 Basilius
1059 1499 1256 1556 Czaris
1317 1517 1528 1556 nomen
1586 1516 1819 1573 semper

159 1589 280 1644 fere
306 1587 420 1644 sibi
441 1587 675 1654 indidit,
698 1593 764 1644 ut
783 1587 1032 1644 dubium
1050 1589 1147 1656 sit,
1169 1593 1368 1645 utrum
1391 1588 1506 1645 tale
1528 1588 1668 1661 quid
1681 1590 1808 1661 jam

161 1681 335 1734 antea
363 1677 582 1733 factum
612 1678 708 1745 sit,
742 1695 816 1734 an
847 1694 881 1733 a
909 1677 1152 1734 devictis
1183 1679 1412 1734 Tataris
1442 1682 1497 1733 et
1537 1678 1594 1735 in
1645 1695 1814 1736 suam

161 1765 446 1822 ditionem
477 1766 748 1834 redactis,
774 1768 929 1838 apud
960 1783 1108 1838 quos
1141 1767 1327 1822 Csaris
1359 1784 1571 1823 nomen
1602 1767 1662 1822 in
1703 1785 1813 1824 usu

163 1859 308 1926 erat,
343 1858 716 1957 assumptum
749 1855 827 1911 sit
855 1871 1089 1912 nomen.
1122 1856 1445 1928 Imperator
1474 1855 1817 1912 Maximilia-
1846 1894 1893 1957 Β

164 1961 280 2000 nus
309 1945 383 2000 ob
415 1943 746 2000 simultates
778 1945 930 2001 inter
960 1960 1022 2001 se
1049 1948 1104 2000 et
1145 1944 1413 2012 Polonos,
1471 1949 1537 2000 ut
1595 1945 1817 2002 Russos

164 2033 386 2089 amicos
413 2031 504 2087 vel
536 2033 727 2089 socios
757 2032 1017 2103 haberet,
1063 2050 1174 2089 non
1236 2037 1547 2090 cunctatus
1598 2038 1708 2106 est,
1763 2037 1819 2091 et

167 2122 351 2178 latino
382 2120 612 2177 Casam
638 2121 812 2178 titulo
843 2121 1124 2178 Basilium
1159 2121 1485 2190 honoravit,
1516 2140 1728 2192 errore,
1756 2126 1820 2178 ut

167 2211 421 2279 videtur,
461 2227 665 2266 eorum
714 2209 1065 2284 populorum
1117 2210 1578 2279 Slavonicorum,
1627 2213 1819 2267 Czaris

169 2316 384 2356 nomen
415 2303 516 2355 aut
545 2299 880 2370 abjecerant
898 2303 1001 2355 aut
1025 2299 1397 2372 ignorabant,
1419 2304 1475 2356 et
1496 2317 1659 2373 reges
1681 2318 1820 2358 suos

170 2388 326 2456 Krol,
360 2387 496 2444 Kral
524 2386 614 2444 vel
647 2387 805 2444 Krail
835 2393 976 2444 tunc
1004 2392 1159 2444 certe
1207 2389 1596 2445 nominabant
1648 2390 1818 2463 (355).

169 2477 234 2533 In
255 2491 592 2533 successore
613 2476 878 2548 ejusdem
898 2475 1168 2532 Johanne
1189 2475 1303 2545 IV.,
1319 2477 1665 2550 cognomine
1683 2480 1820 2536 Ter-

171 2564 348 2634 ribili,
375 2564 662 2636 jactantia
677 2564 1021 2636 quaedamin
1042 2565 1232 2620 titulis
1254 2566 1625 2624 assumendis
1647 2584 1823 2640 appa-

172 2659 280 2722 ret,
313 2658 490 2726 atque
523 2654 755 2711 Caesaris
785 2653 1222 2726 imperatorisve
1248 2671 1460 2711 nomen
1492 2660 1550 2711 et
1568 2656 1824 2730 insignia

173 2745 460 2800 affectata.
484 2742 930 2815 Quadruplicem
957 2747 1187 2800 Czarem
1204 2760 1266 2799 se
1283 2744 1430 2800 dixit
1450 2745 1822 2816 (Russorum,

170 2831 405 2900 Casani,
437 2832 762 2900 Astracani,
789 2831 1045 2904 Siberize)
1069 2835 1126 2889 et
1147 2832 1454 2888 dominum
1476 2833 1826 2890 Kartbalini-

172 2938 378 2978 corum
409 2924 468 2977 et
496 2921 933 2978 Crusinicorum
965 2920 1253 2989 Czarium,
1286 2926 1396 2978 etc.
1444 2924 1612 2995 (356).
1664 2923 1825 2980 Idem

169 3007 417 3082 imagini
449 3025 566 3066 sua
590 3009 783 3081 pictas,
806 3009 972 3066 editae
991 3027 1143 3066 anno
1167 3011 1328 3080 1551,
1351 3028 1556 3068 versus
1571 3029 1820 3085 sequen-

170 3105 261 3157 tes
290 3096 534 3154 inscribi
555 3099 739 3170 jussit
758 3117 770 3154 :

283 3187 580 3243 Bassorum
608 3188 724 3244 Rea:
749 3193 802 3243 et
829 3189 1090 3244 Dominus
1119 3204 1258 3256 sum,
1279 3190 1409 3261 jure
1431 3192 1653 3262 paterni

285 3277 618 3346 Sanguinis;
647 3278 876 3349 Imperii
902 3278 1089 3333 titulos
1118 3295 1150 3332 a
1179 3280 1397 3333 nemine
1412 3280 1611 3348 quavis

282 3365 548 3422 Mercatus
571 3382 732 3439 prece
763 3367 843 3422 vel
867 3368 1074 3438 pretio:
1106 3383 1206 3422 nec
1235 3367 1450 3436 legibus
1479 3367 1618 3423 ullis

287 3455 546 3512 Subditus
575 3457 823 3524 alterius,
857 3455 946 3511 sed
979 3455 1188 3512 Christo
1217 3457 1470 3512 credulus
1497 3458 1601 3512 uni

288 3545 664 3602 Emendicatos
691 3546 823 3601 aliis
850 3562 1114 3618 aspernor
1141 3547 1368 3602 honores
1401 3546 1546 3618 (358)

1917 627 2062 678 rem,
2098 634 2128 662 »
2159 628 2262 684 per
2292 613 2430 669 Czar
2457 616 2516 669 et
2544 614 2737 671 Kessar
2792 613 3142 688 exprimitur
3192 613 3364 688 (360).
3397 615 3566 671 Extat

1917 705 2368 758 monumentum
2380 699 2750 760 Slavonicum
2763 703 2825 760 in
2837 703 3366 777 Kalbensteinberg
3383 720 3561 777 prope

1917 789 2340 863 Weissenburg
2369 791 2709 865 (Nordgau),
2743 793 2898 866 quod
2921 793 3140 865 publici
3155 793 3313 865 juris
3333 793 3471 849 fecit
3486 793 3561 850 M.

1917 877 2007 934 Jo.
2038 877 2195 934 Alex.
2231 879 2573 948 Dcsderlein,
2605 881 2810 937 tabula
2856 883 3122 954 quaedam
3170 881 3328 956 picta
3367 881 3565 939 Sancti

1920 966 2204 1023 Pheodori
2224 969 2401 1024 Ducis
2424 986 2559 1026 cum
2579 969 3059 1044 inscriptionibus
3073 971 3394 1028 Slavonicis
3411 971 3566 1029 litte-

1920 1056 2001 1110 ris
2033 1056 2256 1130 Cyrilli;
2289 1058 2459 1130 cuius
2481 1059 2768 1132 originem
2797 1059 2923 1132 ipse
2952 1061 3260 1118 Russicam
3308 1077 3458 1131 esse,
3511 1065 3571 1118 et

1920 1161 2249 1218 anonymus
2270 1147 2330 1203 in
2349 1147 2596 1220 epistola
2617 1147 2819 1219 latina,
2841 1150 3107 1222 ejusdem
3127 1149 3410 1224 temporis
3440 1166 3569 1207 esse

1921 1233 2159 1306 conjicit
2189 1251 2322 1291 cum
2357 1236 2681 1311 Menologio
2713 1238 2908 1296 Graeco
2939 1238 3021 1309 (id
3045 1243 3136 1296 est
3153 1239 3292 1297 anni
3315 1239 3436 1296 fere
3464 1240 3573 1296 984

1923 1339 2060 1392 non,
2093 1327 2160 1380 ut
2188 1323 2470 1381 Baronius
2499 1325 2781 1394 voluerat,
2815 1327 2954 1383 anni
3013 1329 3140 1396 885)
3197 1328 3366 1400 (364).
3428 1328 3573 1385 Mihi

1921 1427 2077 1482 vero,
2111 1417 2176 1468 ut
2203 1413 2472 1486 Baronio,
2533 1415 2743 1471 saeculo
2802 1433 2919 1474 uno
2973 1415 3279 1490 antiquius
3337 1417 3570 1475 videtur

1923 1500 2339 1576 Menologium.
2373 1503 2518 1560 Nam
2551 1504 2714 1560 nulla
2743 1505 2894 1562 inest
2921 1505 3333 1579 ﬁgurajunior
3391 1523 3572 1580 quam

1925 1590 2033 1646 Leo
2065 1591 2453 1665 philosophus
2479 1593 2725 1667 ejusque
2754 1613 2920 1653 uxor.
2949 1597 3110 1652 Idem
3143 1597 3215 1654 de
3243 1595 3445 1654 tabula
3462 1597 3574 1653 hac

1924 1696 2149 1736 censeo.
2187 1681 2396 1738 Milites
2421 1683 2683 1754 quidem,
2734 1686 2952 1757 quibus
2998 1685 3252 1758 stipatus
3299 1685 3574 1759 princeps

1925 1772 2034 1836 est,
2059 1769 2346 1825 simillimi
2370 1775 2508 1826 sunt
2530 1772 2880 1831 Normannis
2904 1791 3072 1848 ,quos
3097 1773 3399 1831 Mathildis
3412 1774 3577 1832 Flau-

1924 1857 2086 1914 drica
2113 1858 2172 1913 in
2205 1862 2394 1930 tapete
2425 1861 2817 1919 Normannica
2836 1863 3242 1936 Bojocassensi
3266 1863 3573 1936 expressit.

1925 1947 2328 2004 Architectura
2359 1966 2591 2021 quoque
2621 1956 2711 2006 est
2731 1951 3050 2025 Byzantina
3070 1953 3264 2027 (arcus
3282 1952 3438 2011 enim
3461 1970 3578 2010 non

1927 2035 2298 2092 acuminatus
2328 2038 2495 2094 estin
2518 2039 2720 2113 portis)
2739 2045 2794 2096 et
2813 2031 3066 2099 turrium
3087 2046 3240 2100 tecta
3285 2041 3579 2100 Orientem

1927 2125 2086 2181 olent
2116 2126 2275 2198 (nam
2304 2131 2504 2184 ventre
2538 2144 2752 2200 magno
2802 2131 3100 2203 utrimque
3148 2147 3321 2187 arcus
3378 2130 3581 2188 leviter

1928 2213 2850 2290 acuminatusinfraextenditur),
2871 2219 2972 2288 ita,
2987 2223 3052 2274 ut
3067 2219 3368 2292 hucusque
3380 2219 3580 2277 omnia

1931 2303 2139 2358 Russis
2169 2305 2534 2375 conveniant,
2559 2304 2646 2360 vel
2671 2305 2975 2362 Slavonico
3008 2307 3244 2380 populo,
3298 2309 3400 2380 qui
3461 2325 3577 2365 non

1931 2391 2184 2448 multum
2217 2393 2446 2449 abesset
2463 2395 3024 2468 aConstantinopoli.
3047 2398 3120 2451 At
3145 2397 3332 2452 forma
3352 2397 3581 2454 radiata

1931 2497 2153 2537 corona
2185 2481 2571 2553 imperatoriae
2601 2482 2745 2539 illud
2777 2485 3014 2540 omnino
3028 2489 3201 2541 vetat.
3229 2485 3443 2541 Notum
3468 2491 3578 2554 est,

1932 2569 2130 2627 nullas
2157 2573 2350 2627 extare
2378 2570 2802 2643 Imperatorum
2834 2571 3089 2629 Orientis
3147 2562 3482 2646 imagines,
3515 2573 3578 2630 in

1931 2659 2148 2731 quibus
2177 2675 2390 2716 corona
2419 2660 2646 2716 radiata
2675 2660 2770 2728 sit,
2785 2660 3140 2718 certenullas
3154 2661 3581 2734 postsaaculum

1933 2753 2211 2821 quartum
2242 2765 2365 2804 certe
2391 2748 2744 2817 christianae,
2778 2749 2967 2806 nisiin
2990 2750 3225 2807 feminis
3246 2751 3581 2825 (362).Nam

1935 2839 2129 2910 imago
2159 2837 2524 2894 Constantini
2549 2836 2689 2894 VI.a
2709 2839 2901 2895 Leone
2946 2855 3098 2912 papa
3141 2840 3334 2897 Romae
3376 2839 3527 2898 facta
3551 2857 3585 2898 a

1935 2943 1997 2983 re
2025 2926 2216 2982 aliena
2247 2931 2354 2982 est.

2009 3015 2073 3072 In
2097 3016 2412 3072 Germania
2438 3021 2634 3073 tamen
2664 3015 2808 3074 talis
2828 3033 3042 3074 corona
3095 3017 3317 3074 occurit
3373 3015 3583 3075 saeculo

1937 3121 2112 3173 nono,
2143 3103 2370 3160 decimo
2399 3108 2457 3162 et
2486 3105 2826 3174 undecimo;
2846 3110 2903 3162 et
2922 3105 3227 3162 simillima
3249 3105 3485 3178 quidem
3499 3109 3588 3162 est

1936 3210 2152 3249 corona
2181 3192 2423 3266 antiqua
2453 3195 2893 3266 imperatorum.
2927 3193 3321 3267 Norimbergaa
3350 3211 3581 3252 conser-

1855 3264 1898 3330 Ο
1935 3286 2084 3349 vata,
2115 3299 2242 3354 quae
2273 3264 2458 3338 Caroli
2490 3264 2685 3354 Magni
2715 3299 2843 3338 esse.
2887 3281 3120 3348 dicitur,
3179 3264 3281 3340 sed
3337 3279 3585 3338 Conradi

1939 3386 2150 3427 nomen
2184 3371 2380 3426 addito
2410 3370 2470 3426 in
2501 3370 2871 3428 semicirculo
2901 3371 3190 3443 superiori
3229 3371 3583 3443 inscriptum

1938 3460 2047 3515 fert
2077 3460 2246 3532 (363).
2275 3459 2435 3515 Talis
2465 3463 2554 3516 est
2583 3459 2842 3528 omnino,
2874 3463 3110 3531 excepto
3142 3459 3432 3533 superiori
3488 3477 3581 3517 se-

1938 3548 2258 3618 micirculo,
2293 3566 2412 3604 una
2439 3565 2663 3605 corona:
2694 3549 2903 3621 figura,
2936 3563 3112 3620 quam
3133 3549 3421 3620 expressit
3441 3548 3586 3604 Doe-

245 3635 316 3690 In
338 3633 551 3691 saeculo
573 3635 841 3707 sequenti
862 3634 1036 3707 legati
1061 3634 1271 3708 Belgize
1294 3634 1658 3703 Michaelem,
1682 3639 1831 3692 sato-
1936 3637 2155 3695 derlein
2187 3655 2243 3710 p.
2275 3638 2366 3705 80,
2413 3653 2710 3710 quamque
2764 3637 3082 3710 imperator
3136 3635 3392 3694 Licinius
3450 3636 3580 3693 fert‘

173 3739 301 3779 rem
325 3729 586 3797 augusta.-
617 3725 828 3780 domus
851 3723 1175 3796 Imperialis
1203 3724 1518 3791 hodiernae,
1565 3724 1830 3797 quadru-

172 3811 387 3885 plicem
417 3817 635 3886 Keyser
662 3813 1124 3886 (Imperatorem)
1153 3813 1414 3871 fecerunt
1445 3815 1613 3886 (357).

243 3901 394 3957 Illud
424 3918 560 3959 vero
591 3920 803 3959 nomen
836 3920 951 3959 non
985 3903 1309 3959 Russorum
1342 3903 1515 3958 modo
1536 3907 1638 3958 aut
1656 3903 1826 3959 Tata-

170 4007 394 4046 rorum.
433 4007 620 4066 neque
635 3992 810 4047 medii
829 3992 929 4048 aevi
947 3996 1200 4063 tantum,
1220 3991 1319 4048 sed
1340 3991 1821 4064 antiquissimum

166 4081 226 4134 in
266 4081 499 4136 Oriente
530 4097 778 4155 regnum
828 4098 1042 4138 nomen
1057 4079 1819 4137 fuissefaciledemonstrari

167 4169 652 4242 potest.Occurrit
667 4170 823 4226 enim
847 4170 908 4226 in
930 4168 1265 4227 nominibus
1285 4169 1627 4226 Nebukatne
1659 4170 1817 4236 Czar,

161 4258 657 4334 Nabopala-Czar,
692 4257 1232 4332 Tiglatphile-Czar,
1282 4257 1660 4314 Baltha-Czar
1707 4262 1815 4314 cet.

165 4349 338 4421 (359).
366 4349 631 4406 Occurrit
660 4348 718 4403 in
763 4348 1030 4404 versione
1080 4347 1397 4404 bibliorum
1428 4346 1751 4415 Slavonica,
1784 4364 1818 4403 a

166 4435 375 4493 multis
406 4436 777 4510 Hieronymo,
813 4437 884 4493 ab
916 4436 1048 4494 aliis
1077 4436 1466 4492 veresimilius
1497 4437 1555 4492 S.
1590 4437 1812 4493 Metho-

163 4526 284 4593 dio,
342 4525 645 4583 Slavorum
675 4527 754 4599 (in
801 4525 1058 4582 Moravia
1098 4529 1156 4582 et
1203 4524 1500 4597 Bohemia)
1547 4525 1810 4598 apostolo

1927 3729 2167 3800 jubens,
2198 3726 2378 3800 virgis
2407 3730 2467 3785 et
2487 3727 2744 3783 fustibus
2767 3726 2905 3782 caedi
2923 3726 3293 3782 Theodorum
3314 3745 3328 3796 ;
3352 3726 3411 3781 in
3429 3730 3580 3783 cete-

1935 3816 2016 3872 ris
2046 3833 2180 3874 vero
2209 3817 2476 3888 ejusdem
2534 3816 2741 3889 ﬁguris
2789 3814 3046 3888 vulgaris
3093 3815 3322 3872 radiata
3369 3831 3582 3872 corona

1935 3921 2181 3979 regnum
2212 3904 2300 3962 vel
2324 3905 2743 3978 imperatorum
2765 3903 3090 3962 Germania:
3112 3908 3576 3978 repraesentatur.

1929 3997 2184 4068 Apparet
2214 3994 2414 4067 igitur,
2447 3993 2611 4050 illam
2643 3993 2906 4050 tabulam
2937 4012 2971 4050 a
3001 3993 3213 4066 populo
3254 3993 3581 4061 Slavonica,

1931 4083 2260 4140 Germaniae
2289 4082 2650 4156 limitropho,
2684 4083 2898 4140 factam
2929 4099 3078 4139 esse.
3112 4082 3274 4147 Quod
3298 4081 3431 4138 siin
3458 4098 3581 4138 me-

1931 4172 2182 4228 moriam
2213 4188 2574 4243 revocamus,
2605 4176 2808 4245 gentes
2838 4170 3174 4228 Slavonicas
3195 4169 3448 4226 Sorabos
3477 4169 3579 4242 qui

1927 4278 2043 4318 non
2077 4261 2291 4318 diversi
2321 4265 2488 4319 erant
2514 4277 2546 4317 a
2564 4261 2782 4332 Serbis,
2801 4265 2910 4317 cet.
2935 4277 3034 4317 eas
3051 4260 3232 4333 ipsas,
3257 4258 3358 4315 ubi
3379 4257 3582 4315 tabula

1924 4368 2080 4407 nunc
2093 4350 2686 4424 extat,regionesolim
2698 4349 3112 4422 tenuisse(364)
3124 4349 3228 4418 ;vel
3242 4347 3452 4406 saltem
3469 4363 3587 4404 ma-

1919 4455 2103 4512 gnum
2117 4440 2381 4497 Moravia
2395 4456 2641 4512 regnum
2654 4458 2770 4497 non
2787 4441 3039 4496 multum
3052 4437 3442 4508 abfuisse,ubi
3453 4453 3584 4494 san-

1921 4532 2054 4585 ctus
2085 4528 2414 4585 Methodius
2435 4528 2911 4602 archiepiscOpus
2927 4527 3264 4585 Welehradi
3278 4525 3581 4598 (Hradish)

159 4614 402 4672 tributa.
436 4615 671 4688 Legitur
694 4614 756 4671 in
786 4614 895 4671 hac
923 4613 1188 4672 versione
1237 4614 1380 4670 Czar
1425 4612 1626 4681 David,
1674 4618 1815 4671 Czar
1845 4636 1891 4703 Β
1925 4617 2156 4684 sedens,
2189 4621 2414 4689 septem
2456 4618 2760 4690 episcopos
2807 4615 3138 4674 Slavonicos
3196 4613 3468 4671 subditos
3516 4612 3579 4671 in

161 4810 333 4868 reges
364 4795 497 4868 ἱζναὶ
526 4793 825 4868 dicuntur.
859 4793 1271 4868 Zingarivelin
1288 4794 1570 4868 Hispania
1584 4794 1818 4853 hodier-

161 4863 260 4938 ηιξ
273 4863 539 4938 reginam
565 4867 875 4922 nominant
893 4863 1068 4938 Krﬁli.

235 4937 388 5013 (352)
417 4937 746 5013 ϐᾲεηεαιρρία
776 4955 845 4994 ex
871 4937 1079 4994 Annal.
1115 4937 1289 4993 Russ.
1345 4939 1687 5011 composita,
1745 4956 1817 5013 ap

160 5007 399 5075 Ch’olin',
431 5008 702 5065 Colonies.

236 5080 390 5204 (18353)
421 5081 738 5153 Anonymus
767 5081 1116 5138 Florentinus
1146 5080 1216 5135 de
1251 5080 1371 5136 reb.
1428 5079 1820 5140 Moscoviticis

232 5222 383 5294 (354)
416 5224 554 5291 Otto,
585 5223 626 5280 1.
659 5223 699 5279 1.
734 5241 790 5294 p.
814 5224 906 5280 24.

238 5241 383 5294 (eos)
416 5241 554 5291 uno,
585 5241 626 5280 ι.
659 5241 699 5279 ι.
779 5267 786 5280 .

238 5294 394 5366 (355)
428 5295 611 5366 Idem,
643 5241 786 5350 ibid).

237 5359 394 5500 (356)
423 5359 608 5424 Adam
643 5368 915 5433 Olearius,
950 5365 1067 5422 Iter
1095 5363 1344 5421 Moscov.
1365 5379 1422 5436 p.
1444 5364 1533 5419 25.

237 5438 366 5500 (357
444 5439 848 5500 Siqismundus.
910 5440 1224 5495 comment.
1285 5451 1394 5490 rer.
1464 5435 1533 5490 Ml

235 5435 390 5563 (357)
444 5439 848 5510 Sigismundus,
910 5440 1224 5495 comment.
1285 5435 1394 5490 rer.
1464 5435 1824 5494 Moscovitic°

297 5528 350 5563 ἱ).

164 5525 388 5652 p(3.5.8)
417 5580 643 5636 Aima
675 5582 830 5639 1.40.
864 5598 920 5652 p.
974 5581 1133 5637 1045.
1193 5578 1352 5635 Alter
1406 5581 1645 5654 Bessan
1689 5581 1824 5654 Kay-

163 5649 466 5725 seri....'.._.i.
498 5655 697 5725 Keyser
723 5659 810 5710 tot
837 5649 1043 5725 Casan,
1063 5655 1352 5725 Astracan
1386 5649 1534 5706 ende
1566 5649 1818 5725 Sibrien.

235 5723 386 5800 (356)
415 5723 548 5783 Haec
573 5720 664 5784 est
694 5724 1057 5784 celeberrimi
1109 5723 1371 5792 Strahlii,
1431 5720 1653 5781 autoris
1704 5722 1826 5782 hist

1925 4801 2272 4863 Russorum,
2289 4794 2689 4868 opinio,quam
2705 4811 2934 4852 mecum
2949 4790 3424 4860 communicavit,
3441 4808 3577 4850 cum

1927 4885 2062 4926 eum
2094 4868 2304 4923 Bonna:
2334 4867 2602 4923 viserem.

2023 4939 2147 5010 360)
2179 4939 2322 5003 Olto,
2379 4936 2416 4993 1.
2450 4936 2488 5010 l.
2524 4955 2579 5010 p.
2611 4938 2683 4992 25

2179 4941 2901 5066 (legojo.lialle£..0:§derlein.
2942 5005 3282 5065 Slavonisch
3340 5003 3578 5062 Russis-

2023 5100 2067 5138 as
2149 5081 2454 5138 eiligthum
2488 5081 2694 5137 mitten
2726 5080 2785 5136 in
2823 5079 3235 5136 Deutschland.
3269 5077 3578 5138 Nurnberﬂ

2098 5077 2454 5210 Iieiligthum
2488 5081 2694 5137 mitten
2726 5080 2785 5136 in
2823 5079 3235 5136 Deutschland.
3269 5077 3581 5149 Nurnberg

2003 5227 2152 5299 (362)
2183 5224 2400 5299 Ultima
2429 5240 2643 5299 corona
2671 5223 2903 5299 radiata
2930 5223 2990 5279 in
3019 5220 3161 5299 viris
3181 5223 3272 5299 est
3297 5221 3578 5299 Constan-

1928 5289 2039 5371 tini
2065 5289 2145 5354 ΙΙ.’
2169 5315 2264 5371 ap.
2288 5295 2729 5371 Bandurium,v.
2751 5295 2958 5371 Mallio:
2976 5298 3057 5364 (et
3078 5293 3314 5371 Martin)
3335 5289 3580 5371 Becher-

1931 5368 2070 5425 ches
2102 5362 2617 5425 sur'lescostumes
2646 5362 2751 5424 des
2800 5362 3040 5425 anciens
3088 5362 3354 5439 peuples,
3407 5362 3573 5417 Paris

1930 5440 2186 5516 will/59:
2203 5440 2296 5497 vol
2329 5483 2342 5496 .
2376 5444 2420 5496 Ι.
2454 5441 2534 5513 pl.
2569 5439 2683 5497 LV.
2716 5439 2820 5496 No.
2856 5441 2908 5495 4.
3046 5508 3060 5516 _
3126 5509 3139 5516 _
3283 5504 3294 5516 ,
3388 5502 3426 5516 ,,

2004 5512 2342 5584 (363)0-uam
2372 5502 2647 5568 coronam
2680 5528 3018 5584 expressam
3046 5508 3229 5584 hab_es
3280 5504 3366 5584 in_
3388 5502 3544 5584 libro
3565 5519 3578 5559 :

1929 5575 2596 5711 ἷξιέΙέιίιέίῖηάΚνοθηιιηρδ
2625 5575 2882 5640 Diarium
2912 5583 3111 5640 Kaiser
3143 5575 3573 5637 Franzl.Frcit.

2080 5695 2091 5708 .
2150 5671 2181 5710 ο
2212 5696 2225 5709 .

2080 5695 2091 5708 .
2127 5671 2225 5710 101.

2003 5725 2160 5798 (364)
2191 5725 2443 5810 Spruner
2468 5725 2629 5786 Atlas
2661 5743 2757 5785 no.
2792 5727 2882 5789 I2.
