3950 6406
333 453 490 537 1379

1587 433 2096 534 iam.»
2141 428 2332 534 me.
2363 427 2476 532 ’κζ

3583 422 3751 527 1380

324 607 570 664 ecclesia
601 604 782 662 mixta
807 599 1058 662 habebat
1085 617 1200 660 non
1258 606 1476 660 temere
1531 617 1659 658 eam
1707 602 1969 659 tabulam
2003 603 2055 670 Α
2088 617 2395 658 manorum
2447 601 2618 672 Kom’g
2667 599 2987 672 quamdam
3027 593 3476 655 similitudinem
3527 596 3748 653 habere

331 700 776 752 monumentum
811 692 1063 750 ecclesiae
1095 691 1411 748 Slavonicas
1443 693 1695 763 antiqua:
1754 693 1814 746 in
1859 690 1976 747 illis

329 785 668 858 regionibus
725 799 852 840 esse
901 781 1224 838 efficiemus
1280 781 1448 854 (365),
1511 779 1722 837 similis
1780 781 1976 854 imago

331 896 360 924 ‹‹
385 875 614 946 prisca?»
650 871 855 927 matris
887 870 989 926 Dei
1044 875 1272 943 reperta
1331 874 1421 926 est
1475 869 1536 925 in
1595 871 1740 925 urbe
1789 869 1976 926 Oblau

325 965 529 1035 (prope
561 960 821 1032 Breslau)
852 976 988 1016 cum
1053 958 1263 1015 litteris
1295 958 1578 1032 Cyrillicis
1621 959 1768 1030 (366)
1801 957 1976 1031 Atqui

323 1052 382 1106 in
415 1067 484 1108 ea
511 1048 716 1107 tabula
767 1049 960 1106 Caesar
1013 1050 1313 1121 Augustus
1372 1047 1684 1104 Liciaiusl
1739 1063 1976 1120 semper

326 1140 667 1197 nominatur
695 1139 840 1194 ϐων
893 1137 1074 1193 Likin.
1133 1137 1296 1193 Adde
1340 1135 1587 1210 pepulos
1639 1135 1976 1192 Slavonicos

325 1226 565 1302 Imperii
593 1225 836 1282 orientis
883 1226 1089 1282 urbem
1147 1223 1690 1297 Constantinopolin
1745 1239 1977 1296 semper

326 1316 641 1387 Czaragrad
671 1314 818 1388 (367)
849 1329 1054 1370 vocare
1085 1313 1166 1387 (id
1195 1317 1286 1369 est
1331 1313 1538 1369 urbem
1599 1311 1842 1386 regiam,
1884 1311 1973 1368 vel

325 1403 808 1478 imperatoriam).
843 1403 904 1458 In
935 1401 1240 1458 autoribus
1271 1400 1599 1475 Byzantinis
1622 1400 1976 1474 Theophane

325 1499 382 1552 et
414 1493 740 1568 Nicephoro
768 1490 1162 1564 Bulgarorum
1186 1489 1480 1564 principes
1501 1492 1658 1546 Xeres
1673 1492 1978 1546 nominan-

325 1591 443 1654 tur,
477 1583 634 1656 quod
663 1581 816 1638 idem
841 1597 971 1637 esse
1003 1597 1068 1636 ac
1105 1579 1298 1636 Caeres
1330 1585 1482 1636 recte
1537 1578 1767 1636 monuit
1823 1579 1976 1634 Βαα-

323 1674 445 1730 tius
461 1672 631 1745 (368).
651 1671 838 1743 Reges
867 1668 1076 1727 Servite
1094 1667 1306 1725 saeculo
1319 1667 1544 1725 decimo
1559 1671 1765 1741 quarto
1775 1667 1973 1724 Tzaris

2087 693 2332 748 videtur.
2367 691 2628 748 Tandem
2667 689 2834 747 ll’ud-z.
2893 689 3052 762 apud
3109 689 3343 745 eosden
3389 689 3516 744 Dux
3555 687 3746 743 audit.

2085 780 2484 854 Compositum
2527 778 2866 836 vocabulum
2905 777 3210 836 Woz'ewoda
3229 778 3386 834 idem
3417 793 3546 833 esse
3583 775 3748 849 quod

2088 871 2399 936 Belli-Dux,
2423 870 2550 941 jam
2583 885 2764 941 supra
2792 867 3268 925 memoravimus.
3322 867 3394 923 Ut
3441 883 3598 922 nunc
3647 881 3746 921 res

2087 965 2246 1026 sunt,
2274 957 2418 1015 certi
2448 959 2731 1030 quiddam
2763 955 2944 1014 statui
2993 956 3218 1030 nequit.
3264 957 3377 1013 Sed
3433 958 3750 1027 utcunque

2085 1047 2214 1116 erit,
2247 1047 2394 1103 illud
2427 1047 2663 1120 quidem
2690 1050 2854 1102 extra
2877 1062 3110 1102 omnem
3144 1043 3568 1101 dubitationem
3607 1060 3750 1100 ver-

2086 1139 2270 1207 satur,
2303 1135 2456 1208 quod
2488 1152 2692 1192 omnes
2723 1134 2810 1190 hae
2827 1151 2997 1191 voces
3014 1133 3176 1191 nullo
3200 1133 3373 1190 modo
3390 1134 3590 1189 Ducem
3605 1134 3742 1205 feu-

2083 1225 2264 1281 dalem
2289 1224 2648 1298 signiﬁcant,
2673 1224 2722 1280 si
2753 1223 3031 1298 dignitas,
3084 1239 3264 1296 quam
3319 1211 3747 1279 demonstravi-

2085 1331 2241 1381 mus,
2277 1314 2611 1388 principum
2644 1313 2891 1370 Poloniae
2921 1312 2995 1368 iis
3033 1329 3307 1386 expressa
3349 1311 3481 1369 fuit.
3529 1312 3744 1368 Roma-

2083 1420 2294 1460 norum
2319 1403 2683 1475 temporibus
2715 1402 2871 1458 baud
2903 1401 3080 1458 dubie
3109 1399 3293 1458 latina
3319 1417 3458 1458 voce
3487 1402 3602 1457 Rex
3634 1397 3743 1456 illa

2082 1493 2340 1566 dignitas
2370 1491 2825 1564 exprimebatur.

2153 1581 2355 1638 Studio
2387 1580 2639 1654 augendi
2666 1580 2887 1653 regiam
2918 1579 3238 1652 potentiam
3269 1579 3504 1650 ductus,
3549 1577 3740 1635 Boliz-

2082 1669 2269 1739 lavas,
2303 1669 2556 1726 latinum
2605 1668 2844 1724 titulum
2893 1669 3008 1724 Rea:
3056 1668 3304 1726 fortasse
3355 1667 3740 1742 aptissimum

323 1762 559 1818 nomine
590 1759 968 1820 fruebantur;
999 1757 1083 1814 sic
1114 1756 1175 1813 in
1201 1756 1430 1830 legibus
1463 1755 1670 1814 Servis;
1700 1755 1973 1812 Duschan
2075 1758 2381 1832 judicavit,
2416 1759 2631 1831 quippe
2665 1756 2898 1814 Polonis
2935 1757 3288 1828 inauditum,
3339 1774 3455 1830 quo
3503 1775 3743 1816 monar-

325 1853 458 1908 Tzar
488 1865 720 1922 semper
748 1847 962 1920 legitur
983 1848 1152 1920 (369).

394 1968 437 2022 E
469 1969 670 2022 contra
699 1965 876 2021 Russi
908 1963 1138 2037 plerum
1169 1962 1284 2019 alio
1316 1961 1485 2018 titulo
1517 1962 1579 2017 in
1611 1961 1803 2018 medio
1852 1978 1970 2018 aevo
2002 1975 2048 2040 Β

326 2055 419 2113 usi
444 2058 600 2122 sunt,
637 2053 824 2126 neque
854 2053 921 2108 eo
955 2051 1082 2108 soli.
1109 2053 1433 2108 Bassorum
1481 2041 1639 2106 enim
1679 2051 1972 2123 principes

326 2145 591 2218 ipsorum
627 2142 828 2218 lingua
855 2143 1016 2198 Knies
1047 2141 1302 2212 (Duces),
1360 2139 1710 2213 superiores,
1783 2139 1976 2196 Wcliki

324 2236 508 2303 Knies,
542 2233 599 2288 id
629 2249 681 2288 e.
711 2231 908 2304 magni
933 2229 1226 2304 principes
1256 2227 1342 2286 vel
1373 2229 1553 2286 duces
1582 2228 1973 2284 nominaban-

327 2329 462 2391 tur;
496 2321 692 2378 sinon
735 2319 964 2391 majori,
1025 2323 1179 2375 certe
1234 2318 1439 2374 eodem
1491 2319 1647 2390 jure,
1699 2335 1815 2390 quo
1871 2319 1974 2373 du-

330 2428 428 2467 ces
474 2411 726 2468 Austriaa
777 2407 1122 2474 Archiduces,
1173 2407 1262 2463 vel
1357 2405 1675 2463 Florentini
1761 2407 1974 2476 Magni-

325 2502 515 2558 Duces.

397 2618 560 2672 Knics
589 2615 744 2672 enim
775 2614 930 2670 idem
961 2617 1050 2670 est
1081 2628 1148 2668 ac
1179 2612 1332 2668 Chan
1359 2611 1447 2669 vel
1479 2613 1647 2668 Kam‘s
1695 2609 1782 2666 vel
1835 2610 1972 2666 Cha-

325 2723 460 2778 gan,
494 2710 551 2762 et
582 2720 776 2778 regem
807 2703 1066 2769 denotat,
1100 2706 1166 2758 ut
1195 2701 1610 2771 Magnus-Char:
1640 2701 1698 2755 in
1747 2700 1976 2756 Crimea

328 2797 485 2852 idem
517 2795 614 2862 sit,
648 2793 802 2866 quod
837 2790 1006 2848 l’cliki
1033 2793 1196 2847 K-n'es
1227 2791 1283 2846 in
1315 2790 1550 2848 Russia.
1582 2791 1737 2846 Khan
1779 2793 1974 2844 autem

325 2883 604 2941 Tartaris.
637 2881 723 2938 vel
755 2881 995 2952 Chagan,
1028 2880 1116 2936 vel
1148 2881 1330 2947 Canis,
1362 2879 1450 2935 vel
1475 2880 1716 2936 Caranus
1749 2878 1973 2950 signifi-

329 2976 422 3029 cat
448 2971 778 3036 dominum,
806 2985 1024 3042 regem,
1055 2969 1463 3040 imperatorem
1493 2968 1668 3039 (370).
1693 2967 1819 3040 ipsa
1839 2981 1974 3022 voce

331 3062 558 3130 Chagan
584 3057 675 3114 vel
708 3059 891 3114 Cacan
931 3061 988 3112 et
1044 3057 1220 3114 Bassi
1277 3061 1333 3112 et
1350 3055 1607 3130 Hungari
1639 3055 1728 3112 usi
1759 3056 1976 3112 essefo-

333 3147 731 3218 runtur(37l).

401 3255 553 3322 Quid
586 3253 657 3310 de
686 3251 921 3310 Polonis
945 3251 1179 3308 dicam?

2082 1849 2275 1904 chiam
2309 1847 2508 1904 minus
2540 1846 2752 1920 populo
2771 1847 3082 1902 obnoxiam
3106 1847 3162 1903 in
3188 1845 3412 1904 familia
3427 1847 3741 1905 haeredita-

2081 1936 2228 1994 riam
2260 1938 2530 1993 redderet
2561 1937 2727 2006 (372).
2783 1937 2967 2000 Quem
3025 1937 3083 1991 in
3143 1935 3321 1992 finem
3378 1935 3494 1992 alia
3547 1936 3741 1995 multa

2081 2027 2287 2083 fecisse
2317 2019 2672 2082 Bolizlavum
2693 2024 2884 2097 capita
2907 2025 3209 2096 sequentia
3227 2025 3519 2082 docebunt

2079 2135 2215 2190 CAP.
2245 2132 2485 2188 XXXVI.
2512 2163 2580 2204 τ-
2615 2131 2885 2204 Βοιίςτιιαυί
2912 2133 3068 2204 regia
3108 2147 3326 2204 corona,
3381 2134 3594 2200 lancea,
3649 2135 3740 2190 uel

2151 2213 2392 2278 sceptro:
2403 2203 2698 2278 gladioque
2713 2203 2944 2278 donatus
2973 2202 3040 2258 ab
3097 2201 3284 2263 Ottone
3311 2201 3430 2278 ἸΙΙ,
3465 2226 3493 2254 ››
3523 2206 3742 2262 amicus

2148 2277 2338 2348 populi
2364 2276 2594 2332 Romani
2613 2295 2642 2326 »
2657 2277 2981 2330 nominatur

2151 2383 2291 2439 Jure
2320 2381 2500 2457 igitur
2531 2380 2853 2438 Bolizlavus
2905 2381 2926 2438 Ι
2971 2380 3128 2454 regio
3176 2381 3396 2438 honore
3445 2382 3558 2438 frui
3602 2385 3736 2456 jam

2082 2477 2234 2546 potet
2250 2475 2326 2528 at.
2359 2471 2680 2544 Agnovisse
2709 2473 2940 2526 tantum
2973 2470 3294 2542 Imperator
3313 2471 3444 2528 Otto
3466 2470 3545 2528 III
3571 2473 3734 2528 vide-

2083 2567 2180 2617 tur
2207 2577 2276 2618 ea
2300 2579 2427 2634 quae
2460 2559 2744 2634 impedire
2775 2577 2888 2616 non
2921 2563 3166 2632 poterat,
3201 2577 3317 2632 quo
3347 2559 3458 2616 sibi
3482 2561 3584 2632 jus
3635 2579 3732 2635 ap-

2084 2649 2388 2723 probandi,
2409 2652 2509 2705 aut
2534 2649 2614 2704 im
2621 2649 2926 2720 probandi,
2945 2647 3128 2704 immo
3144 2649 3320 2705 dandi
3343 2651 3734 2724 autnegandi,

2083 2739 2518 2812 quodammodo
2576 2737 2963 2794 conservabat
3022 2737 3114 2794 vel
3156 2738 3410 2795 creabat.
3469 2737 3738 2796 Nihilum

2082 2829 2319 2902 quidem
2348 2827 2602 2900 amplius
2628 2831 2768 2882 tunc
2813 2827 2884 2882 ab
2945 2827 3400 2900 Imperatoribus
3455 2827 3584 2884 fieri
3635 2845 3737 2902 po-

2083 2921 2250 2973 terat.

2154 3005 2284 3061 Otto
2317 3005 2536 3077 itaque,
2571 3021 2605 3060 a
2621 3003 2851 3060 nemine
2875 3007 3133 3077 rogatus,
3159 3020 3229 3060 ex
3253 3003 3440 3074 Italia,
3463 3006 3574 3062 sub
3597 3023 3733 3080 spe-

2083 3094 2170 3150 cie
2198 3111 2410 3166 corpus
2441 3093 2626 3149 sancti
2657 3092 2953 3150 Adalberti
2971 3091 3259 3150 invisendi
3279 3098 3344 3150 ut
3365 3095 3610 3167 quidam
3627 3096 3732 3154 Po-

2081 3182 2201 3239 Ioni
2231 3181 2438 3239 volunt
2465 3183 2634 3254 (373),
2667 3185 2951 3238 remotam
2983 3180 3283 3238 Poloniam
3324 3183 3734 3258 incultamque

2083 3303 2152 3312 -
2181 3275 2396 3327 terram
2426 3270 2584 3327 hanc
2630 3269 2912 3342 temporis
2971 3271 3416 3344 Hyperbormam
3445 3305 3510 3316 --
3538 3275 3732 3334 modis

401 3361 670 3420 Czarisne
691 3377 765 3416 an
795 3359 1086 3433 Chaganis
1117 3376 1189 3416 an
1217 3357 1330 3416 alio
1361 3359 1532 3415 titulo
1590 3360 1814 3432 priscos
1871 3363 1974 3414 Po-
2002 3341 2046 3408 C
2085 3361 2228 3432 petit
2255 3359 2466 3416 hieme.
2499 3341 2820 3432 Exicipitur
2849 3341 3038 3432 quam
3060 3341 3668 3422 honoriﬁcentissime
3697 3383 3734 3422 a

330 3456 496 3512 lonos
530 3467 670 3507 usos
698 3465 829 3506 esse
859 3449 1091 3504 dicam?
1119 3447 1358 3504 Nullum
1392 3453 1662 3521 superest
1692 3448 1868 3519 hujus
1887 3446 1967 3504 rei

330 3547 555 3600 certum
583 3542 1054 3595 monumentum.
1086 3538 1254 3605 Sunt,
1287 3537 1388 3609 qui
1432 3537 1632 3593 dicant
1686 3537 1823 3592 Krol
1880 3535 1968 3592 vel

328 3631 484 3697 Kral,
516 3633 583 3686 ut
611 3627 850 3685 Bohemi
879 3626 937 3682 id
969 3625 1237 3694 eﬂ‘erunt,
1271 3625 1596 3682 derivatum
1626 3641 1754 3682 esse
1785 3643 1819 3682 a
1863 3626 1972 3680 Ka-

327 3720 450 3778 rolo
481 3735 716 3792 magno,
748 3717 870 3778 sed.
897 3715 957 3771 ni
989 3715 1177 3783 fallor,
1210 3731 1371 3772 mera
1399 3713 1783 3788 etymologica
1837 3732 1974 3771 con-

317 3811 568 3882 jectura,
594 3823 700 3880 pro
727 3822 844 3878 qua
864 3804 1041 3859 aliam
1071 3802 1546 3860 verisimiliorem
1564 3803 1621 3858 in
1645 3803 1842 3859 radice
1877 3805 1976 3860 Kri

319 3897 540 3971 judicis
571 3900 843 3950 naturam
873 3892 1315 3965 exprimentem,
1350 3891 1780 3965 deprehendere
1829 3893 1975 3948 mihi

329 3987 546 4049 videor,
587 3999 654 4039 eo
709 3980 1175 4037 verisimiliorem
1221 3981 1376 4053 quod
1433 3981 1586 4054 apud
1650 3980 1852 4038 Slavos
1907 3991 1976 4054 τῷ

329 4076 521 4132 Kriwa
553 4086 786 4127 summa
810 4068 1062 4142 pignitas
1083 4073 1242 4125 certa
1258 4069 1636 4126 sacerdotalis
1658 4073 1715 4126 et
1723 4070 1979 4142 judicia-

329 4165 417 4220 ria
445 4161 832 4218 indicabatur.
863 4157 992 4214 Alia
1018 4174 1250 4232 quoque
1281 4158 1479 4216 Poloni
1511 4163 1757 4214 utuntur
1823 4175 1976 4228 voce,

329 4253 550 4311 scilicet
576 4261 650 4321 τῷ
685 4248 910 4317 Ksiaze,
945 4247 1100 4320 quod
1126 4247 1331 4320 Kjonje
1363 4253 1534 4304 sonat
1565 4252 1782 4304 etcum
1841 4249 1977 4304 Ger-

400 4375 550 4450 (365)
579 4373 818 4450 Amicus
858 4387 1024 4450 meus
1051 4371 1380 4450 _Hloudow,
1425 4373 1487 4428 in
1530 4373 1977 4450 antiquitatibus

329 4442 657 4506 Bassorum
688 4442 1100 4499 ecclesiasticis
1131 4443 1382 4499 maxime
1412 4442 1700 4508 versatus,
1721 4445 1780 4501 in
1801 4444 1976 4502 aliam

329 4515 681 4576 sententiam
714 4515 778 4570 it.
803 4513 1062 4570 Plurima
1087 4514 1245 4569 enim
1277 4515 1376 4583 ait,
1413 4530 1759 4573 coronarum
1791 4517 1978 4575 radia-

327 4599 524 4648 tarum
554 4585 822 4659 exempla
833 4602 944 4642 non
962 4585 1020 4641 in
1043 4585 1218 4659 rebus
1238 4587 1500 4658 profanis
1519 4589 1618 4644 sed
1633 4589 1979 4646 ecclesiasti-

329 4664 412 4720 cis
427 4659 652 4719 Occurri
669 4676 682 4726 ;
699 4657 922 4715 textum
936 4674 1168 4730 quoque
1181 4657 1444 4732 linguam
1465 4659 1770 4716 Russicam
1784 4677 1978 4718 recen-

329 4737 538 4792 tiorem
565 4746 790 4804 sapere.

400 4806 548 4879 (366)
571 4799 956 4879 umquam“.
1000 4799 1346 4879 essai__hist.
1410 4801 1468 4858 d.
1527 4801 1748 4876 l’église
1807 4803 1972 4860 chré-

331 4871 535 4934 tie‘nne'
555 4875 656 4930 des
689 4871 840 4928 deux
873 4871 1030 4928 Rites
1059 4889 1114 4944 p.
1139 4871 1262 4927 431.

401 4947 547 5020 (367)
579 4947 941 5020 Ηθνρνεδιαξῃ
963 4947 1276 5020 comment.
1307 4961 1418 5001 rer.
1452 4945 1784 5020 Moscov:_p.
1809 4945 1900 5001 X1.

399 5015 658 5090 (368)!”
687 5018 844 5090 Buaﬁt,
877 5015 1024 5070 Hist.
1058 5017 1306 5090 anc.des
1328 5015 1570 5090 peruples
1593 5017 1664 5071 de
1684 5015 1972 5090 l’EurOpe,

329 5085 472 5148 tom.
502 5085 625 5143 XII.
660 5104 716 5158 p.
747 5089 851 5142 247
883 5103 996 5159 sq.,
1030 5085 1128 5159 qui
1164 5085 1718 5159 citatA'Tltcbphanmn
1761 5105 1818 5158 p.
1867 5085 1978 5142 289

332 5163 445 5242 (ed.
479 5157 675 5242 Bonn.’
979 5157 1090 5229 i5.)
1141 5158 1241 5213 ubi
1309 5157 1525 5242 leg-itur
1553 5169 1662 5242 «:qu
1691 5157 1792 5242 ἆπᾷ
1817 5170 1978 5242 σειρᾷς

322 5228 656 5306 ἀτιγοιιένους
689 5233 746 5284 et
801 5228 1136 5300 Niephorum
1202 5247 1260 5302 p.
1354 5228 1446 5284 77.
1502 5246 1556 5284 V.
1592 5230 1678 5292 14,
1719 5239 1831 5291 τοὺς

331 5299 438 5368 usu.
473 5313 636 5375 inpii;
700 5311 792 5368 τὴν
840 5299 914 5357 ἐπ’
955 5307 1128 5364 αὐτοὺς
1187 5299 1514 5372 ίεκτημένους
1543 5307 1810 5375 univova
1829 5314 1846 5361 ;
1878 5299 1978 5356 ubi

332 5386 484 5440 Goar
507 5371 660 5430 male
683 5381 794 5436 τοὺς
815 5379 904 5443 μέν
935 5378 1005 5444 ἐκᾼ
1021 5379 1180 5444 σειρᾶς
1207 5395 1243 5444 «ν
1271 5371 1673 5444 reponendum
1707 5393 1736 5420 ››
1755 5377 1976 5428 censet.

424 5447 550 5569 369)
581 5444 963 5569 Maciejowski/
993 5442 1032 5498 l.
1061 5442 1112 5499 c.
1147 5459 1203 5525 p.
1235 5442 1362 5498 566'.

425 5521 529 5569 370
579 5515 828 5569 Vmeent
855 5516 928 5569 Be
954 5529 1195 5569 vaccnszs
1226 5513 1267 5568 l.
1324 5514 1362 5568 3‘

425 5513 549 5582 370)
579 5513 828 5572 Vincent
855 5513 1195 5571 Belvaccnsis
1226 5513 1267 5568 l.
1324 5514 1412 5568 3'2.
1448 5529 1496 5569 c.
1545 5514 1646 5582 32;
1676 5515 1980 5582 Pachy-me-

332 5584 419 5656 res
443 5584 541 5649 III.
570 5605 620 5645 c.
650 5589 742 5656 25,
773 5587 843 5642 ν.
877 5603 926 5642 c.
960 5591 1007 5640 4.
1039 5586 1104 5641 X‘.
1139 5600 1188 5640 c.
1333 5615 1402 5659 -_-
1427 5584 1510 5641 Du
1539 5587 1737 5659 Fresue
1793 5584 1975 5659 gloss.

336 5665 678 5728 med.grase.
710 5667 966 5732 ινιάγηςε
997 5665 1186 5732 δινιεζτλςΔ
1226 5655 1284 5711 id
1351 5655 1452 5711 lat.
1535 5674 1589 5712 v.
1676 5655 1978 5732 Coganus;

335 5733 535 5800 Annal.
569 5731 880 5800 Berliniani
899 5728 974 5800 ad,
1002 5745 1056 5792 a,
1087 5728 1212 5782 839.

411 5801 558 5887 (371)
639 5798 858 5870 Gregor.
937 5799 1278 5867 Turonensis,
1353 5797 1513 5857 Paul.
1617 5801 1982 5875 Wamefried;

2010 4719 2060 4782 D

2079 3447 2365 3505 Bolizlavo
2397 3454 2456 3504 et
2486 3449 2657 3521 quasi
2689 3453 2924 3522 gratum
2969 3447 3233 3505 animum
3257 3449 3472 3508 Polono
3493 3453 3732 3510 demon-

2079 3542 2393 3605 straturus,
2435 3555 2602 3594 suam
2644 3537 2831 3610 ipsius
2889 3537 3108 3610 regiam
3145 3555 3440 3608 coronam,
3501 3544 3729 3617 regiam

2079 3627 2344 3684 lanceam
2377 3630 2742 3699 sceptrumve
2763 3631 2940 3698 atque
2969 3625 3195 3698 regium
3235 3626 3500 3701 gladium
3521 3631 3747 3706 hospiti

2081 3717 2279 3772 donat.
2315 3715 2511 3771 Simul
2542 3714 2895 3771 Bolizlavum
2927 3737 2956 3766 «
2986 3717 3227 3772 amicum
3257 3721 3527 3776 etsecium
3540 3723 3742 3795 populi

2083 3807 2364 3862 Romani»
2399 3803 2674 3877 praedicat
2703 3804 2872 3877 (374).

2154 3896 2340 3961 Quam
2371 3891 2685 3950 formulam
2709 3891 2946 3948 latinam
2967 3893 3469 3968 antiquissimam,
3497 3899 3741 3958 Polonia

2085 3983 2380 4040 historicis
2404 3981 2580 4038 medii
2609 3981 2710 4038 δενὶ
2744 3999 2812 4038 ex
2843 3983 3242 4040 Romanorum
3273 3985 3520 4044 historia
3575 3989 3740 4047 haud

2088 4069 2256 4162 facile
2285 4077 2508 4139 notam,
2541 4087 2745 4143 sapere
2775 4071 3080 4143 ingenium
3111 4071 3340 4131 Ottonis
3371 4075 3470 4146 III,
3523 4078 3624 4151 qui
3667 4080 3740 4137 ob

2088 4157 2358 4217 inaudita
2386 4176 2644 4232 eousque
2674 4159 2733 4214 in
2765 4157 2976 4217 litteris
2998 4159 3446 4220 humanioribus
3476 4171 3534 4221 et
3564 4167 3624 4224 in
3643 4185 3745 4224 an-

2088 4251 2358 4324 tiquitate
2388 4249 2586 4306 studia
2615 4249 2960 4320 cognomine
2993 4273 3021 4300 ‹‹
3054 4250 3342 4309 Mirabilia
3367 4253 3573 4312 Mundi
3597 4279 3627 4306 ι»
3649 4275 3741 4315 ce-

2090 4398 2118 4428 ‹‹
2149 4378 2422 4447 Gaganus
2471 4374 2888 4447 [lungarorum
2937 4374 3089 4437 Rex;
3137 4379 3194 4432 et
3243 4379 3441 4436 Annal.
3500 4383 3738 4440 Franco-

2085 4465 2206 4504 rum
2237 4445 2558 4504 Bcrtiniani
2585 4445 2658 4502 ad
2689 4463 2743 4501 a.
2792 4445 2930 4501 839:
2966 4469 2994 4496 ‹‹
3043 4447 3198 4504 Misit
3245 4449 3422 4507 etiam
3470 4468 3608 4508 cum
3663 4454 3740 4512 iis

2130 4520 2394 4588 uosdam,
2429 4519 2529 4591 qui
2561 4533 2644 4591 se,
2674 4516 2876 4591 idest,
2910 4523 3141 4589 gentem
3172 4537 3342 4577 suam
3375 4523 3513 4579 Rhos
3543 4527 3736 4582 vocari

2130 4537 2394 4588 uosaam,
2429 4537 2529 4591 qm
2561 4537 2644 4585 se,
2674 4537 2733 4572 lu
2769 4537 2876 4586 εει,
2910 4537 3141 4589 gentem
3172 4537 3342 4577 suam
3375 4537 3513 4579 unos
3543 4537 3736 4582 vocari

2085 4537 2360 4647 dicebant
2388 4606 2548 4664 quos
2569 4590 2681 4644 Rex
2703 4587 2960 4664 illoru_m,
2995 4591 3285 4662 Chaganas
3315 4593 3620 4664 vocabulo,
3665 4598 3738 4654 ad

2089 4679 2152 4718 se
2181 4659 2473 4730 amicitiis,
2503 4660 2655 4716 sicut
2675 4659 3228 4728 asserebant,eausa
3247 4664 3558 4722 direxerat.
3595 4659 3625 4718 ὦ
3651 4668 3736 4725 Cf.

2089 4739 2271 4796 Roger
2301 4734 2371 4788 de
2401 4731 2796 4787 destructione
2828 4730 3240 4796 Hungarorum
3270 4736 3358 4792 33.

2151 4751 2166 4788 φ
2211 4751 2271 4790 er
2301 4751 2371 4788 ue
2401 4751 2796 4787 destructione
2828 4751 3240 4796 nungarorum
3270 4751 3358 4792 5:5.

2151 4751 2298 4887 (g7?)
2331 4803 2766 4887 Hune'sensum
2788 4797 3046 4887 praebere
3067 4806 3298 4887 videtur
3327 4807 3739 4887 Boliz_layiEpi-

2083 4876 2334 5008 Ῐιῖρὲίὲνη
2362 4891 2435 4947 ap
2465 4873 2806 4946 ChristOph.’
2832 4875 3163 4934 Harthnoc/t.
3200 4879 3272 4934 de
3300 4896 3418 4952 rep.
3464 4873 3736 4939 Polonor.

2154 5039 2182 5067 «
2214 5018 2300 5072 'l‘u
2334 5015 2664 5088 possedisti,
2695 5014 2854 5071 velut
2889 5018 3106 5076 athleta
3136 5021 3374 5078 Christi.

2155 5112 2181 5138 ‹‹
2218 5087 2460 5166 flagtium
2489 5087 2810 5166 Slavorum,
2837 5088 3163 5166 Gothorum
3197 5109 3306 5166 seu~
3331 5093 3736 5166 Polonorum.,

2157 5159 2405 5240 (19589.?
2435 5159 2832 5240 praecellens}!
2853 5171 2910 5240 te
2939 5164 3170 5240 Qucalg'a
3200 5164 3424 5240 pellens
3458 5189 3486 5216 »
3515 5171 3624 5224 cet.

2156 5233 2303 5304 (37s)
2343 5235 2410 5288 v.
2438 5231 2569 5304 cap.
2592 5231 2738 5304 XIV.
2769 5231 2932 5304 No.4,
2962 5239 2998 5290 2
3025 5240 3084 5292 et
3108 5237 3164 5291 3.

2155 5249 2769 5387 lassati-gis.

2159 5397 2184 5424 «
2220 5375 2388 5442 Quasi
2415 5375 2589 5431 beato
2613 5375 2862 5436 Martino
2891 5377 3202 5436 Adalberto
3232 5379 3481 5436 votivam
3512 5379 3738 5437 exhibi-

2087 5449 2254 5501 turus
2277 5447 2677 5503 reverentiam.
2709 5471 2736 5498 »

2159 5518 2305 5591 (374)
2340 5516 2522 5574 Gallus
2553 5537 2609 5591 p.
2641 5519 2702 5591 41
2738 5553 2806 5561 —-
2829 5522 2932 5589 .52;
2959 5522 3190 5591 Duglosz.
3205 5520 3414 5578 col.l3l
3439 5521 3730 5582 :Miechow.

2087 5587 2127 5644 l.
2161 5587 2316 5662 11.9.
2351 5591 2402 5645 4.
2436 5593 2463 5659 §
2491 5587 2595 5658 27';
2631 5589 2850 5662 Cramer
2878 5587 3016 5648 hist.
3043 5587 3247 5649 Polon.
3275 5593 3322 5649 II
3352 5610 3402 5649 c.
3459 5593 3520 5662 4;
3585 5593 3736 5651 Gua-

2085 5663 2221 5738 g_nz'_a
2245 5661 2371 5738 I._p.
2393 5662 2454 5738 7_l
2480 5661 2880 5738 ;Ludewig_.__de
2899 5664 3160 5738 auspicio
3185 5665 3366 5738 regio.
3390 5681 3438 5722 e.
3468 5661 3537 5720 II.
3557 5681 3617 5738 p.
3639 5668 3730 5737 77;

2087 5733 2342 5806 Epitaph.
2376 5733 2504 5806 ejus
2535 5749 2660 5805 cap.
2694 5734 2899 5806 XXXV.
2931 5733 3038 5792 No:
3071 5736 3158 5793 24.

2157 5803 2575 5878 ϐεβωμκιν.
2603 5803 2663 5862 i1.
2698 5805 2768 5865 l2
2797 5811 2856 5865 et
2883 5807 2971 5866 13.
