3950 6376
375 345 528 423 13.8.3

1656 318 1993 406 APPEND.
2039 341 2141 404 AD
2188 337 2394 404 sae-
2421 335 2503 403 χ.

3628 331 3790 397 1384

370 479 735 554 Carolingico
762 483 980 547 tamen,
1007 474 1162 550 quod
1189 477 1419 534 hastam
1443 475 1532 532 vel
1548 475 1812 534 lanceam
1837 474 2024 532 nomi-
2051 476 2106 543 Α
2135 473 2392 530 habitus.
2426 473 2506 530 De
2537 489 2653 547 quo
2681 470 3007 530 Widukind
3037 473 3094 546 (Ι.
3125 473 3198 544 II,
3219 472 3340 542 36):
3363 494 3392 522 «
3413 469 3662 530 Habitus
3684 487 3788 543 pa-

372 575 518 627 nant
534 571 706 642 (390),
726 569 896 640 cujus
913 566 1179 641 superior
1193 583 1332 640 pars
1349 565 1599 639 simplex
1617 563 1890 638 globulus
1911 568 2022 632 est,

372 665 430 717 et
451 660 606 733 quod
621 658 842 716 sensim
859 657 1196 728 sensimque
1211 653 1663 712 diminuendoin
1686 669 2024 709 mucronem

375 750 532 806 infra
563 747 708 804 ﬁnit.
745 747 908 802 Lava
933 761 1215 818 magnum
1248 743 1490 817 globum
1536 759 1707 800 cruce
1750 746 2023 799 ornatum

376 838 506 906 fert,
541 837 790 910 ﬁguram
839 834 1000 890 orbis
1047 838 1216 890 terra
1265 833 1592 889 christiani.
1643 831 1866 888 Corona
1909 831 2026 887 fere

369 925 555 983 cassis
584 923 1032 996 hemispharica
1053 939 1184 978 esse
1202 922 1452 988 videtur,
1479 926 1538 978 et
1561 921 1747 978 tribus
1771 919 2026 994 globulis

369 1013 567 1088 paullo
579 1012 817 1070 elevatis
831 1015 1038 1068 ornata
1055 1016 1161 1068 est.
1183 1010 1416 1068 Globuli
1440 1009 1523 1066 illi
1547 1011 1605 1066 in
1627 1025 1859 1077 corona,
1884 1009 2024 1082 quid

371 1103 719 1175 signiﬁcent,
741 1101 958 1174 optime
984 1101 1348 1156 demonstrat
1367 1100 1558 1174 ﬁgura
1579 1099 1735 1172 picta
1751 1098 1809 1154 in
1827 1097 2025 1154 codice

367 1190 746 1248 Domnizonis
778 1193 848 1262 (v.
874 1190 1046 1263 ﬁg.7.
1071 1189 1188 1245 tab.
1215 1189 1446 1261 nostr.),
1482 1188 1541 1245 in
1572 1204 1690 1260 qua
1720 1187 1851 1244 Otto
1904 1187 2025 1244 Ma-

371 1297 525 1355 gnus
552 1281 659 1337 fert
675 1296 949 1335 coronam
964 1278 1152 1335 tribus
1165 1277 1346 1334 clavis
1362 1276 1722 1350 longioribus
1735 1281 2020 1341 ornatam,

373 1385 626 1442 quorum
658 1369 851 1441 capita
884 1367 966 1423 illi
997 1366 1222 1441 globuli
1255 1371 1394 1423 sunt
1414 1367 1580 1440 (391).
1605 1366 1831 1422 Corona
1851 1383 2026 1422 aurea

371 1458 913 1531 Longobardorum,
946 1473 1125 1529 quam
1157 1457 1403 1513 ferream
1429 1455 1652 1522 dicunt,
1677 1458 1734 1510 et
1757 1471 1885 1527 qua
1912 1454 2028 1510 Mo-

371 1547 557 1603 datia
589 1550 966 1604 conservatur
995 1547 1068 1615 (ν.
1103 1545 1201 1618 ﬁg.
1241 1547 1294 1600 8.
1348 1549 1500 1601 nost.
1547 1545 1714 1613 tab.),
1761 1543 2024 1599 interiori

370 1640 536 1709 parte
569 1636 754 1693 ferrea
785 1652 852 1691 ex
884 1634 1104 1690 lamina
1133 1633 1279 1690 clavi
1305 1633 1604 1690 Passionis
1625 1631 1806 1689 simili
1828 1632 2023 1704 modo,

370 1724 527 1796 quod
558 1723 759 1780 lancea
785 1720 1158 1794 Burgundica
1178 1721 1440 1777 confecta
1463 1736 1592 1776 esse
1617 1719 1835 1775 dicitur
1855 1718 2022 1791 (392).

368 1810 562 1874 Quum
595 1814 790 1866 autem
820 1809 1014 1865 tribus
1045 1809 1225 1865 clavis
1257 1808 1590 1881 redemptor
1622 1813 1821 1864 noster
1867 1807 2025 1863 cruci
2055 1847 2102 1913 Β

372 1898 581 1954 afﬁxus
606 1898 702 1965 sit,
726 1897 848 1952 hac
869 1898 1068 1953 omnia
1087 1897 1339 1952 exterius
1360 1895 1769 1969 signiﬁcanda,
1792 1900 1857 1951 ut
1877 1895 2023 1951 mihi

371 2001 723 2059 persuasum
751 1985 959 2052 habeo,
995 1988 1349 2042 censuerunt
1395 1984 1655 2053 Ottones,
1709 1989 1765 2041 et
1813 2002 2022 2042 novam

369 2090 718 2130 caronarum
751 2074 1002 2130 formam
1030 2074 1237 2130 conﬁci
1262 2073 1521 2145 jussisse
1550 2073 1842 2128 videntur.

439 2165 541 2220 Est
574 2164 632 2218 in
667 2163 878 2219 Ottonis
911 2164 964 2220 II
989 2163 1200 2236 sigillis
1230 2163 1498 2235 quadam
1546 2162 1874 2229 diversitas,
1920 2163 2022 2219 sed

370 2270 485 2309 non
519 2253 660 2310 satis
717 2256 966 2318 constat,
1017 2255 1309 2324 quantum
1352 2251 1634 2308 debeatur
1681 2251 2022 2324 ignorantia

369 2359 594 2411 eorum,
628 2341 749 2414 qui,
783 2341 880 2397 ari
915 2341 1134 2413 ﬁguras
1165 2341 1508 2396 inciserunt.
1543 2338 1812 2413 Sigillum
1836 2340 2020 2412 quod-

369 2431 505 2485 dam
538 2430 694 2502 apud
726 2429 1037 2502 Zyllesium
1053 2427 1412 2503 singularem
1429 2427 1646 2502 pileum
1666 2429 1830 2484 oﬁ‘ert
1850 2429 2019 2501 (393).

372 2519 432 2575 Id
464 2519 618 2591 quod
633 2517 971 2575 Shannatus
985 2518 1185 2585 edidit,
1202 2517 1423 2591 pileum
1443 2517 1678 2590 quidem
1704 2517 1803 2573 sed
1825 2517 2021 2573 forma

369 2606 677 2680 paululum
708 2607 949 2663 diversa
980 2607 1219 2678 prabet,
1239 2609 1360 2663 tres
1381 2605 1604 2680 globuli
1625 2623 1760 2662 vero
1787 2605 1881 2662 hic
1903 2623 2026 2662 me-

371 2695 487 2752 lius
517 2696 947 2769 dignoscuntur
976 2695 1143 2767 (394).
1177 2696 1452 2767 Ejusdem
1493 2695 1631 2752 anni
1673 2701 1732 2752 et
1773 2696 2025 2752 eundem

370 2788 574 2857 typum
610 2783 819 2840 melius
850 2789 906 2840 et
936 2783 1170 2840 ﬁdelius
1201 2800 1541 2857 expressum
1573 2783 1843 2840 videmus
1866 2783 2022 2856 apud

369 2873 678 2929 Erathium
709 2874 857 2945 (395)
891 2873 966 2945 (ν.
1002 2871 1099 2944 ﬁg.
1133 2874 1220 2942 10,
1253 2873 1369 2928 tab.
1407 2873 1609 2945 nost.),
1643 2873 1744 2928 ubi
1785 2873 2024 2928 tandem

371 2960 584 3017 clarior
614 2961 850 3017 illorum
883 2960 1256 3033 globulorum
1290 2962 1481 3034 ﬁgura
1508 2965 1720 3028 exstat,
1743 2965 1808 3016 ut
1830 2962 1888 3016 in
1912 2960 2023 3016 alio

372 3054 510 3122 typo
542 3049 848 3122 Originum
881 3047 1332 3122 Guelphicarum
1382 3054 1560 3122 atque
1604 3049 1822 3106 Erathii
1873 3051 2022 3123 (396)

375 3140 447 3211 (ν.
482 3139 580 3212 ﬁg.
613 3139 721 3209 11).
756 3139 880 3204 Qua
912 3138 983 3193 de
1015 3153 1194 3195 causa
1222 3138 1472 3211 ﬁguram
1515 3137 1744 3212 Zyllesii
1788 3143 1844 3195 et
1889 3139 2020 3195 Hei-

2135 564 2308 631 trius,
2339 568 2396 620 et
2417 563 2516 636 qui
2541 579 2844 634 nunquam
2869 562 2947 619 sit
2971 561 3274 636 peregrino
3295 576 3462 618 usus.
3489 582 3516 610 »
3538 559 3642 616 Hic
3669 559 3792 615 suf-

2136 653 2258 708 ﬁcit
2284 656 2662 723 monstrasse,
2695 667 2970 725 magnam
3016 650 3412 707 diversitatem
3462 649 3524 705 in
3576 649 3791 721 capitis

2135 741 2495 813 tegumentis
2525 739 2613 797 vel
2645 747 2895 810 coronis,
2929 740 3290 797 intercedere
3317 744 3458 795 tunc
3479 737 3789 811 temporis,

2135 830 2254 885 fere
2283 830 2487 885 eodem
2522 829 2717 898 modo,
2742 846 2858 902 quo
2884 846 3040 886 nunc
3069 828 3551 912 vestimentorum
3597 828 3794 884 forma

2135 921 2398 974 mutatur
2423 917 2484 973 in
2515 935 2758 975 annum.

2206 1008 2271 1063 In
2307 1007 2514 1064 Ottonz‘s
2542 1009 2619 1064 III
2646 1006 2857 1081 sigillis
2903 1007 3172 1065 videmus
3227 1023 3434 1064 novam
3483 1023 3786 1074 coronam,

2133 1094 2274 1151 liliis
2305 1096 2496 1152 tribus
2526 1100 2790 1152 ornatam
2825 1096 2995 1168 (399),
3047 1101 3150 1152 aut
3196 1097 3372 1153 etiam
3420 1094 3790 1169 hemisphri-

2134 1201 2269 1241 cum
2303 1183 2523 1258 pileum
2554 1185 2743 1242 tribus
2772 1181 2914 1242 liliis
2949 1189 3265 1254 ornatum;
3297 1188 3508 1258 quarta
3543 1201 3680 1240 vero
3724 1184 3788 1240 in

2135 1265 2476 1330 summitate
2506 1273 2766 1330 cernitur
2789 1273 2958 1346 (400).
2992 1279 3055 1330 In
3090 1274 3262 1330 unico
3292 1273 3556 1346 exemplo
3579 1275 3655 1344 (ν.
3682 1273 3785 1345 ﬁg.

2134 1362 2225 1434 14)
2258 1363 2398 1418 anni
2427 1362 2535 1417 996
2563 1379 2779 1418 corona
2807 1361 2910 1418 illa
2937 1379 3072 1418 cum
3097 1362 3288 1420 tribus
3307 1360 3564 1437 globulis
3585 1378 3782 1419 occur-

2136 1450 2214 1507 rit
2244 1451 2411 1524 (401).

2205 1540 2465 1596 Tandem
2517 1541 2739 1598 Henrici
2785 1543 2839 1597 ΙΙ
2884 1541 3056 1613 (402),
3107 1541 3352 1597 Οοηναὰί
3400 1545 3460 1600 ΙΙ
3505 1541 3677 1613 (403),
3730 1545 3794 1596 et

2136 1630 2360 1685 Henrici
2385 1631 2468 1686 111
2493 1630 2637 1702 (404)
2663 1633 2895 1686 exstant
2921 1628 3206 1686 nonnulla
3233 1629 3448 1704 sigilla,
3481 1629 3539 1686 in
3565 1629 3789 1702 quibus

2133 1717 2218 1773 illi
2251 1717 2475 1791 globuli
2506 1719 2735 1774 coronis
2766 1718 2922 1774 afﬁxi
2953 1723 3289 1791 appareant.
3323 1719 3530 1775 Postea
3553 1717 3790 1774 nullum

2134 1806 2193 1862 in
2225 1806 2454 1862 coronis
2478 1811 2901 1880 lmperatorum
2924 1807 3291 1878 (Germania)
3314 1807 3501 1880 reperi
3523 1806 3793 1880 globulo-

2133 1913 2264 1952 rum
2277 1895 2630 1971 exemplum.
2647 1896 2845 1969 Neque
2858 1896 2916 1952 in
2939 1895 3150 1969 sigillis
3171 1883 3417 1953 aliorum
3431 1895 3791 1969 populorum

2134 1983 2320 2041 ullum
2351 1985 2566 2042 oﬂ‘endi
2597 1983 2895 2058 exemplar
2922 2002 3147 2042 corona
3176 1985 3364 2042 tribus
3393 1983 3511 2042 illis
3529 1984 3793 2059 globulis

2131 2079 2372 2130 ornata.

2202 2162 2347 2218 Hinc
2379 2163 2673 2219 afﬁrmare
2702 2178 2874 2235 posse
2907 2163 3051 2218 mihi
3080 2162 3300 2231 videor,
3333 2179 3461 2218 eam
3483 2177 3792 2228 coronam,

2131 2267 2310 2322 quam
2343 2251 2560 2325 Misego
2592 2251 2640 2307 ll
2673 2252 2732 2307 in
2765 2257 2966 2309 nostra
2996 2252 3153 2324 picta
3182 2255 3378 2325 gestat
3398 2251 3609 2324 ﬁgura,
3657 2267 3791 2307 esse

2129 2339 2318 2412 ipsam
2353 2338 2534 2408 illam,
2571 2356 2687 2414 qua
2708 2341 2839 2397 Otto
2865 2340 2937 2396 ΙΙΙ
2959 2339 3338 2408 Bolizlavum,
3363 2343 3590 2413 patrem
3615 2339 3791 2397 Mise-

2131 2428 2320 2502 gonis,
2341 2429 2729 2486 honoraverit.
2750 2428 2975 2484 Addam
2998 2429 3057 2484 in
3080 2433 3281 2486 nostro
3294 2427 3510 2497 codice,
3530 2429 3790 2502 ﬁguram

2138 2517 2358 2591 optime
2384 2522 2785 2574 conservatam
2801 2534 2950 2585 esse,
2969 2523 3037 2572 ut
3053 2517 3556 2574 accuratissimam
3579 2534 3791 2573 earum

2134 2621 2482 2663 coronarum
2497 2607 2746 2663 formam
2759 2605 2940 2678 hujus
2958 2606 3040 2663 rei
3063 2606 3313 2662 curiosis
3326 2606 3600 2678 prabeat.
3619 2605 3792 2662 Vide-

2133 2713 2267 2752 mus
2298 2695 2452 2751 enim
2488 2712 2602 2751 non
2634 2695 2804 2751 modo
2833 2698 2952 2751 tres
2983 2692 3250 2766 globulos
3281 2710 3488 2751 aureos
3511 2694 3573 2750 in
3609 2711 3790 2768 supe-

2134 2783 2270 2840 riori
2297 2799 2522 2840 corona
2554 2786 2716 2856 parte
2747 2783 3104 2851 eminentes;
3140 2784 3242 2839 sed
3271 2788 3390 2840 tres
3421 2782 3522 2840 alii
3561 2783 3792 2857 globuli

2133 2872 2378 2930 caruleo
2399 2871 2609 2941 colore,
2637 2871 2810 2928 fronti
2828 2871 3052 2928 laterali
3076 2889 3300 2929 corona
3324 2871 3506 2940 inﬁxi,
3530 2872 3791 2930 colorem

2132 2962 2269 3018 ferri
2296 2966 2497 3018 notare
2526 2961 2828 3030 videntur;
2862 2978 2987 3034 qua
3021 2978 3112 3018 res
3143 2961 3202 3017 in
3233 2959 3442 3035 sigillis
3489 2961 3646 3018 male
3692 2977 3791 3018 ex-

2133 3067 2356 3126 pressa,
2378 3049 2655 3107 autfacile
2668 3050 3025 3124 perlongum
3045 3051 3326 3124 temporis
3349 3050 3608 3124 spatium
3627 3052 3790 3118 trita,

2132 3141 2193 3196 in
2223 3140 2317 3209 iis,
2351 3155 2479 3211 qua
2501 3140 2822 3212 supersunt
2842 3138 3296 3212 exemplaribus,
3319 3155 3663 3197 evanescere
3685 3157 3789 3213 po-

373 3225 554 3283 neccii
606 3225 758 3283 male
808 3243 1142 3300 expressam
1195 3226 1552 3283 arbitramur
1611 3227 1778 3300 (397).
1835 3227 2018 3292 Quam
2050 3212 2093 3279 C
2135 3234 2303 3286 terat.
2337 3229 2421 3284 Ad
2455 3234 2715 3285 nostram
2750 3245 2872 3284 rem
2905 3228 3092 3284 facere
3120 3227 3348 3284 videtur
3366 3227 3529 3286 locus
3547 3212 3789 3286 Martini

373 3316 626 3372 Gmtzius
657 3316 942 3372 radiatam
992 3316 1176 3383 affert,
1236 3332 1304 3372 ea
1351 3321 1442 3372 est
1488 3317 1734 3373 fortasse
1778 3317 2022 3390 antiqua

370 3404 691 3461 Germania
722 3421 946 3477 regum.
980 3405 1062 3460 Ne
1083 3404 1224 3478 quid
1247 3409 1684 3477 pratereamus,
1715 3407 1871 3478 apud
1894 3405 2020 3460 Mu-

372 3494 654 3551 ratorium
673 3493 933 3566 sigillum
952 3493 1445 3550 occurritOttonis
1460 3494 1532 3563 II,
1551 3495 1649 3551 ubi
1669 3499 1845 3567 caput
1860 3494 2022 3552 nullo

373 3583 703 3639 diademate
734 3587 1007 3639 ornatum
1039 3585 1128 3639 est
1159 3582 1326 3654 (398).

443 3671 700 3736 Quorum
735 3671 1040 3745 utriusque
1072 3671 1352 3728 Ottonum
1382 3675 1611 3728 exstant
1647 3670 2026 3729 celeberrima

377 3761 638 3816 nondum
668 3760 826 3817 edita
849 3749 1020 3832 signa
1037 3760 1369 3816 statuariae
1387 3759 1580 3832 lapide
1603 3759 1831 3832 sculpta
1849 3760 1910 3815 in
1932 3777 2027 3817 ec-

376 3849 566 3906 clesia
597 3849 949 3905 cathedralis
982 3848 1444 3922 Magdeburgica
1467 3847 1642 3905 choro
1665 3849 1740 3921 (v.
1764 3849 1860 3922 ﬁg.
1881 3850 1951 3907 12
1969 3855 2028 3907 et

380 3939 492 4010 13),
511 3937 697 3994 Patris
715 3937 1096 4010 Imperatoria
1116 3937 1394 4011 insignia,
1419 3937 1522 3993 ﬁlii
1547 3937 1726 4010 regia,
1751 3955 1866 3994 non
1883 3940 2029 3995 anti-

376 4027 663 4100 quitatem
696 4026 866 4082 modo
898 4027 1202 4099 signorum
1234 4026 1662 4093 demonstrant,
1710 4027 1810 4084 sed
1867 4031 2029 4101 patre

378 4117 606 4173 vivente
633 4116 835 4172 eadem
867 4116 1021 4172 facta
1047 4132 1195 4172 esse.
1229 4115 1557 4188 Singularis
1589 4133 1802 4172 corona
1844 4117 2031 4173 cassi-

378 4207 512 4262 dem
545 4204 948 4261 acuminatum
974 4203 1319 4261 circumdat.
1343 4204 1422 4262 De
1441 4204 1588 4277 ipsis
1609 4203 1721 4262 alio
1741 4205 1868 4261 loco
1890 4205 2030 4263 ube«

380 4295 505 4350 rius
535 4309 728 4366 agam.
761 4293 1031 4350 Militaris
1062 4295 1219 4349 enim
1250 4297 1308 4350 et
1335 4293 1721 4351 Germanicus
1761 4295 1898 4352 talis
1944 4299 2034 4352 est

383 4451 655 4528 Romani
682 4453 736 4524 (θ
789 4451 1076 4528 Boissardo
1124 4457 1182 4509 et
1236 4453 1633 4528 Μοηιίαᾳσοηε)
1682 4455 1743 4512 in
1803 4457 2030 4526 Μαιιίοε,

379 4522 746 4654 ξὶθιίὴὲιιοὺρε
777 4541 882 4581 sur
909 4524 992 4582 les
1023 4528 1339 4583 costumes.
1371 4522 1497 4583 Vol.
1532 4531 1575 4582 Ι.
1615 4522 1739 4585 tab.
1794 4522 2029 4586 LXXIX.

445 4615 475 4654 e
577 4641 586 4650 .

2130 3317 2302 3384 Galli,
2334 3316 2394 3374 in
2423 3333 2537 3389 quo
2566 3317 2804 3374 traditio
2827 3317 3070 3390 antiqua
3087 3317 3158 3373 de
3177 3316 3337 3374 clavo
3355 3322 3578 3386 sancto,
3604 3334 3785 3390 quem

2130 3407 2264 3464 Otto
2295 3410 2376 3461 Ill
2407 3404 2691 3462 Bolizlavo
2722 3405 2997 3473 dedisset,
3032 3405 3184 3462 male
3213 3405 3507 3462 intellecta
3547 3422 3786 3463 conser-

2129 3499 2301 3552 vatur
2329 3495 2496 3568 (405).
2529 3493 2711 3567 Reges
2747 3492 2946 3550 Poloni
2976 3492 3157 3566 igitur
3185 3494 3388 3550 eodem
3439 3494 3556 3550 fere
3609 3495 3788 3552 modo

2133 3599 2483 3641 coronarum
2517 3582 2765 3640 formam
2799 3600 2832 3638 a
2874 3582 3110 3656 regibus
3159 3581 3267 3655 (vel
3310 3583 3790 3657 imperatoribus)

2134 3673 2456 3731 Germania
2488 3671 2740 3728 mutuati
2773 3676 2929 3742 sunt,
2967 3688 3082 3744 quo
3112 3671 3435 3729 Russorum
3459 3688 3626 3746 reges
3671 3673 3791 3730 for-

2136 3779 2295 3818 mam
2321 3779 2544 3818 corona
2565 3764 2988 3834 lmperatorum
3005 3759 3278 3817 Orientis.
3306 3761 3609 3834 Byzantini
3629 3762 3791 3819 enim

2135 3849 2582 3922 hemispharica
2612 3849 2928 3906 unionibus
2955 3848 3172 3922 repleta
3192 3849 3318 3905 etin
3331 3851 3602 3906 acumine
3619 3868 3794 3908 cruce

2139 3943 2344 3996 ornata
2374 3939 2690 3995 utebantur
2719 3954 2953 4009 corona,
2987 3955 3056 3994 ex
3099 3955 3219 4011 qua
3263 3937 3400 3994 hinc
3450 3937 3612 3996 illinc
3661 3940 3794 3996 vita

2139 4028 2472 4102 pendebant
2501 4026 2819 4083 unionibus
2867 4026 2957 4082 vel
3003 4028 3254 4100 gemmis
3299 4026 3572 4084 similiter
3619 4045 3792 4086 orna-

2137 4123 2208 4173 ta
2241 4117 2408 4189 (406).
2444 4117 2768 4173 Russorum
2801 4116 2999 4190 magni
3026 4118 3209 4173 Duces
3232 4117 3366 4172 inde
3387 4116 3794 4174 anadimiro

2141 4221 2354 4278 magno
2383 4204 2629 4261 eandem
2657 4204 2969 4276 gestabant
2998 4205 3072 4276 (v.
3107 4205 3205 4279 ﬁg.
3249 4206 3359 4277 15),
3407 4205 3542 4262 vitis
3591 4209 3793 4264 tamen

2140 4299 2345 4370 postea
2375 4293 2589 4350 amotis
2621 4293 2790 4366 (407).

2213 4454 2360 4528 (399)
2386 4453 2553 4528 Eram
2585 4453 2696 4526 sig.
2731 4453 2921 4528 a985,
2953 4453 3202 4528 Shannal
3230 4454 3341 4524 ib.;
3375 4471 3470 4527 ap.
3493 4455 3794 4528 iEﬁrqthium

2143 4523 2503 4598 exstat'alius
2531 4523 2982 4598 typusgplumbo
3002 4523 3339 4598 impressus
3370 4523 3506 4582 anni
3535 4526 3666 4583 999.

2063 4587 2108 4652 D
2155 4670 2164 4671 ί
2209 4599 2358 4671 (400)
2397 4597 2514 4670 Sig.
2559 4587 2621 4652 'a'.
2669 4587 2795 4652 990.
2845 4615 2940 4670 ap.
2990 4587 3170 4670 Zylles
3218 4615 3274 4670 p.
3324 4599 3395 4654 28
3445 4599 3799 4656 Heincccium

454 4669 604 4746 (390)
628 4665 840 4746 Figura
861 4666 1144 4746 Carolin.
1170 4667 1372 4746 (Galvi)
1397 4669 1552 4742 regis
1571 4668 1632 4746 in
1659 4671 1862 4728 tabula
1884 4671 2040 4746 picta
2146 4665 2299 4746 V.'__8_.

383 4739 592 4813 Biblia
614 4739 832 4813 codicis
853 4740 1004 4813 regii
1041 4740 1155 4813 (ap.
1178 4739 1543 4813 Montfdchn,
1570 4739 1942 4799 Monuments
1963 4744 2035 4798 de

385 4812 442 4868 la
470 4811 808 4868 monarchie
838 4811 1143 4882 francaise,
1175 4817 1232 4868 et
1261 4811 1488 4880 Malliot,
1525 4813 1887 4870 Recherches
1932 4831 2038 4869 sur

386 4884 470 4956 les
501 4889 817 4951 costumes,
848 4888 982 4954 etc.,
1013 4883 1126 4956 vol.
1154 4889 1259 4956 VIII.
1293 4885 1412 4941 tab.
1445 4885 1642 4956 XlV.);
1680 4886 1883 4941 eadem
1929 4887 2034 4940 Lo-

387 4955 609 5026 thagriirl
638 4956 1006 5026 Imperatoris,
1047 4954 1186 5010 ibid.

457 5025 606 5100 (391)
663 5024 853 5100 Codex
907 5025 1249 5100 Vaticanus
1279 5025 1656 5100 Domnizonis
1721 5026 1779 5080 in
1847 5024 2032 5096 Origg.

389 5095 926 5180 Guelph._tab._lll.
956 5099 1029 5180 ad
1061 5098 1275 5180 p.405.

460 5164 609 5242 (392)
639 5165 925 5242 {furator};
955 5164 1164 5242 Script.
1199 5169 1325 5242 Ber.
1359 5165 1611 5242 Italicar.
1654 5164 1693 5220 l.
1717 5181 1777 5242 _l.
1819 5183 1875 5242 p.
1911 5167 2035 5242 460.

459 5237 922 5313 (393)_Zylles_,_l_.
970 5257 1019 5296 ο.
1076 5237 1134 5313 ῥ.
1181 5241 1271 5296 25.
1325 5238 1652 5295 Heineccius
1698 5237 1770 5293 de
1821 5237 2038 5311 sigillis

388 5308 545 5366 v.6.
579 5308 695 5366 Sig.
724 5326 774 5365 a.
808 5310 935 5365 974.

392 5382 608 5508 Νωῇ)
637 5378 905 5451 Shannat,
938 5381 979 5438 l.
1023 5397 1104 5450 c.;
1153 5381 1364 5449 Struvc,
1422 5378 1593 5454 Corp.
1648 5379 1788 5438 hist.
1851 5396 2034 5454 germ.

443 5470 494 5508 ο.
605 5494 618 5508 .

443 5470 494 5510 0.
532 5470 618 5508 lli.

484 5525 610 5595 395)
640 5523 831 5591 Erath,
865 5523 902 5578 l.
937 5539 998 5595 ο.
1021 5523 1219 5595 signa.
1253 5523 1378 5577 974.

485 5593 611 5666 396)
643 5597 829 5666 Origg.
862 5593 1119 5666 Guelph?
1140 5594 1206 5649 V.
1241 5610 1298 5666 p.
1331 5595 1396 5666 6.7
1421 5593 1530 5666 sig.
1560 5610 1612 5650 a.
1644 5595 1771 5651 963.

486 5665 612 5738 397)
644 5665 826 5738 lines,
863 5682 918 5736 p.
951 5665 1042 5738 21.
1076 5665 1184 5738 sig.
1215 5665 1269 5738 a.
1303 5665 1435 5722 963:
1469 5665 1803 5738 Heineccius,
1863 5671 1930 5724 ν.
1983 5669 2035 5724 3.

465 5686 582 5735 (J‘dl
644 5686 826 5732 ιιιιεες,
863 5686 918 5748 ρ.
951 5686 1042 5721 ΖΙ.
1076 5686 1184 5738 Slg.
1218 5686 1262 5720 ἃ.

465 5686 616 5817 (698$
640 5736 921 5806 Murciam,
955 5737 1020 5794 V.
1053 5753 1112 5814 p.
1138 5737 1262 5795 235.

2241 4739 2364 4794 401)
2394 4739 2709 4794 Heineccius
2733 4739 2800 4794 V.
2833 4741 2888 4794 7.

2241 4739 2332 4794 40l
2394 4739 2709 4794 Heineccius
2733 4739 2800 4794 V.
2833 4741 2888 4794 7.

2216 4739 2364 4882 (402)
2391 4808 2582 4885 Erath,
2614 4809 2724 4884 sig.
2757 4827 2791 4866 a
2824 4811 2962 4867 1005
2993 4833 3022 4864 «
3054 4812 3195 4883 Rex,
3229 4834 3257 4861 »
3290 4811 3370 4868 id.
3403 4812 3512 4885 sig.
3549 4829 3604 4868 a.
3655 4811 3794 4868 1021

2148 4904 2175 4932 «
2212 4884 2552 4954 laceratae
2588 4903 2616 4930 »

2398 4953 2575 5036 gylles
2601 4952 2710 5036 sig.
2745 4969 2798 5008 a.
2833 4953 2993 5036 1026.
3027 4954 3198 5011 Erath
3229 4955 3426 5036 sig._a.
3461 4954 3621 5010 1036.

2217 5024 2364 5099 (404)
2396 5024 2705 5099 Sﬁargnatl.
2739 5040 2795 5099 ρ.
2809 5041 2822 5092 ;
2851 5025 3042 5099 Struve
3067 5043 3227 5099 corp.
3255 5024 3396 5082 hist.
3442 5025 3799 5099 germanica

2146 5096 2250 5170 lito.
2287 5097 2381 5170 18_;
2411 5095 2592 5170 qugr
2621 5095 2715 5170 l_V.
2749 5095 2854 5170 No.
2890 5097 2974 5152 13.
3007 5097 3066 5153 in
3102 5095 3345 5154 nummo
3367 5095 3800 5170 archiepiscopi

2147 5165 2430 5224 Pelegrini
2459 5165 2838 5222 Coloniensis.

2241 5237 2366 5310 405)
2393 5237 2559 5310 Mart.
2597 5238 2781 5294 Gallus
2809 5255 2867 5310 p.
2899 5239 2990 5295 61.

2243 5309 2366 5384 406)
2392 5309 2628 5384 Numm.
2650 5309 2872 5384 aureus
2898 5311 2956 5366 in
2979 5309 3404 5384 Gazophylacio
3422 5311 3576 5384 regis
3597 5309 3798 5384 Gallia

2147 5380 2458 5455 NiCephori
2487 5385 2539 5436 ll
2570 5386 2626 5455 et
2647 5381 2845 5455 Basilii
2868 5399 2962 5455 ap.
2987 5380 3153 5455 Khell
3169 5380 3363 5455 suppl.
3389 5380 3593 5455 p.305.
3619 5383 3794 5438 Num.

2147 5399 2458 5454 mcepnori
2487 5399 2539 5436 ιι
2570 5399 2626 5436 θι
2647 5399 2845 5437 nasum
2868 5399 2962 5508 ag.
2987 5399 3145 5439 nneu
3169 5399 3363 5455 suppl.
3389 5399 3446 5455 p.
3469 5399 3593 5438 sua.
3619 5399 3794 5438 num.

2147 5471 2276 5534 a_ur._
2307 5451 2674 5534 Constantini
2703 5453 2866 5534 Vhet
2900 5453 3465 5534 _9£nani_Lecapen‘i
3508 5456 3797 5534 ap._.Bar_t-

2146 5525 2389 5592 durium,
2441 5524 2580 5597 imp.
2619 5524 2724 5597 (Or.
2779 5527 2851 5577 ΙΙ.
2900 5526 3036 5592 783;
3088 5524 3175 5580 vel
3223 5524 3506 5582 sexcenta
3547 5524 3684 5581 alia
3739 5526 3798 5581 in

2147 5598 2408 5654 nummis
2437 5599 2494 5651 et
2523 5594 2824 5652 codicibus
2853 5602 3186 5652 occurrunt.

2218 5670 2365 5742 (407)
2396 5668 2632 5742 Numm.
2665 5670 2907 5742 argent.
2935 5666 3259 5724 Bladimirii
3289 5668 3428 5725 edit.
3478 5669 3538 5725 in
3585 5667 3791 5726 Annal.

2147 5739 2443 5802 soeiatatis
2474 5742 2720 5798 Moscov.
2756 5741 2855 5797 lu.
2885 5741 2939 5799 2.
2975 5755 3034 5799 n.
3060 5743 3116 5803 2.
