3950 6366
442 374 600 463 4387

1710 402 2061 469 'APPEND.
2104 368 2156 467 Α
2256 398 2445 469 sae.
2488 400 2564 469 x;

3691 396 3845 467 {388

444 534 609 592 factae
638 542 1087 595 monumentum
1116 540 1538 597 conservabant
1565 539 1827 614 gladium
1860 539 2084 609 Poloni,
2115 540 2165 607 Α
2202 543 2338 595 tunc
2366 555 2571 613 grwca,
2604 554 2839 596 necesse
2869 543 2980 596 est.
3014 537 3160 595 Hinc
3180 554 3248 595 ea
3266 534 3328 594 in
3348 535 3558 595 Ottone
3578 538 3675 595 III.
3698 538 3846 610 ejus-

446 640 514 681 ac
533 625 663 683 ideo
693 643 821 685 eam
851 627 1227 701 potissimum
1246 646 1442 686 veram
1473 647 1602 686 esse
1632 629 2089 686 arbitrabantur.

447 712 675 772 Corona
701 733 835 773 vero
865 735 981 775 uno
994 718 1246 776 alterove
1267 720 1438 776 modo
1454 720 1675 793 perisse
1691 722 1936 792 poterat.

449 831 866 906 GAg._XXXIX.
907 865 975 877 -
1016 834 1213 905 Misego
1263 836 1358 904 IL,
1415 837 1570 905 regia
1625 835 1893 906 dignitate
1948 835 2094 887 inter

515 901 761 978 Polonos
779 908 917 973 erat,
944 901 1166 962 mea
1185 901 1498 963 Genndm'zi
1541 901 1916 978 scriptoribus.
1978 906 2093 978 Lit»-

517 975 649 1050 εενίε
677 976 764 1031 vel
805 980 1023 1050 graecis
1079 978 1404 1049 imbutus,ut
1456 975 1664 1034 omnis
1691 976 2094 1049 Theophanom's

516 1045 890 1118 Imperatricis
899 1050 1156 1120 prosavz'a
1181 1053 1283 1106 etc.

515 1158 722 1218 Utrum
752 1178 821 1219 ea
848 1164 1143 1221 coronatio
1172 1164 1447 1221 continuo
1477 1169 1609 1238 post
1627 1164 2085 1237 patris,mortem

443 1248 655 1307 iterata
683 1250 854 1322 sit,ut
883 1252 1235 1310 Polonorum
1267 1253 1585 1327 scriptores
1611 1253 1964 1323 habent,nec
1996 1269 2089 1319 ne,

443 1354 561 1394 non
592 1343 838 1397 constat.
874 1340 1021 1397 Fieri
1044 1342 1103 1398 id
1133 1346 1375 1416 poterat.
1411 1342 1574 1398 Certe
1604 1347 1707 1398 aut
1728 1342 1909 1398 semel
1932 1346 2089 1410 ante,

442 1426 533 1483 vel
563 1432 699 1500 post
727 1433 995 1501 mortem,
1024 1435 1125 1488 aut
1154 1431 1244 1488 bis
1275 1449 1311 1488 a
1338 1431 1614 1487 Pontiﬁce
1651 1431 2091 1503 archiepiscopo

444 1516 770 1576 Gnesnensi
801 1525 1110 1577 coronatus
1158 1524 1217 1578 et
1255 1524 1598 1593 magnatum
1658 1536 1795 1576 voce
1855 1519 2091 1593 agnitus

442 1606 533 1662 vel
577 1606 794 1666 electus
843 1614 953 1666 est.
1015 1610 1226 1666 Nostra
1269 1610 1425 1665 enim
1469 1609 1728 1682 praefatio
1762 1626 1879 1664 non
1917 1608 2091 1664 modo

438 1693 596 1752 linea
621 1696 847 1754 decima
876 1720 905 1749 ‹‹
934 1699 1153 1773 Teque,
1189 1721 1217 1749 »
1251 1699 1353 1765 ait,
1387 1722 1415 1749 ‹‹
1474 1715 1590 1755 non
1647 1698 1790 1755 adeo
1850 1698 2092 1753 humano

443 1799 622 1856 quam
652 1787 843 1845 divino
864 1788 1092 1860 judicio
1124 1789 1351 1844 electum
1378 1807 1391 1858 ;
1430 1808 1458 1838 »
1486 1788 1588 1845 sed
1607 1787 1785 1843 etiam
1802 1786 1956 1843 linea
1988 1786 2091 1841 tri-

447 1877 675 1951 gesima
704 1901 718 1935 :
751 1881 966 1959 «Deus
1019 1876 1410 1949 omnipotens,
1441 1876 1593 1949 cujus
1608 1878 1989 1932 constitulwne
2011 1891 2094 1932 re-
2121 1909 2170 1974 B

444 1968 562 2039 ραιί
589 1956 897 2024 diademate
913 1972 1197 2021 coronatus
1229 1982 1282 2021 es
1315 1986 1337 2017 ι
1373 1964 1542 2038 (418).
1574 1965 1718 2020 Hinc
1743 1965 1888 2020 Rixa
1919 1963 2095 2019 vidua

445 2056 506 2113 in
519 2055 796 2113 omnibus
807 2053 1259 2127 diplomatibustc
1268 2053 1489 2126 Regina
1499 2053 1796 2125 quondam
1811 2052 2087 2109 Polonia»)

442 2148 838 2217 nuncupatur.
864 2142 1010 2198 Vide
1038 2140 1238 2215 igitur,
1263 2159 1381 2215 qua
1402 2142 1516 2198 ﬁde
1540 2142 1601 2197 in
1628 2141 1720 2199 his
1741 2142 1916 2198 rebus
1928 2141 2089 2214 digni

443 2234 566 2290 sint
591 2232 849 2290 historias
860 2231 1194 2304 scriptores,
1215 2231 1315 2303 qui
1327 2230 1710 2287 nihilominus
1731 2231 2088 2304 Misegonem

444 2324 792 2392 secundum,
823 2322 1025 2377 Ducem
1053 2321 1463 2377 tantummodo
1493 2324 1722 2376 vocant.

512 2412 731 2469 Eadem
745 2413 948 2467 nostra
966 2409 1226 2482 praefatio
1244 2408 1442 2477 aliam,
1460 2425 1706 2480 eamque
1727 2408 2088 2482 incognitam

440 2501 747 2573 hucusque
793 2515 919 2556 rem
966 2515 1073 2554 nos
1129 2499 1314 2556 docet.
1366 2497 1762 2554 Eruditionem
1794 2498 2087 2571 quandam

438 2594 569 2647 tum
600 2589 662 2645 in
690 2589 968 2646 omnibus
997 2586 1214 2644 scholis
1240 2587 1704 2659 incepisse,satis
1737 2591 1942 2643 notum
1977 2590 2086 2643 est.

440 2677 681 2736 Carolus
700 2678 949 2752 Magnus
969 2676 1208 2749 quidem
1226 2676 1494 2731 studium
1515 2675 1728 2749 lingua
1751 2692 1949 2749 graecas
1967 2692 2090 2732 mo-

437 2767 713 2824 nasteriis
736 2764 1049 2839 imposuit;
1074 2765 1176 2821 sed
1197 2769 1330 2837 post
1347 2768 1595 2821 mortem
1622 2766 1751 2836 ejus
1776 2765 1900 2820 haec
1917 2765 2087 2820 disci-

438 2854 602 2930 plina
628 2853 893 2928 neglecta
922 2857 1030 2923 est,
1060 2853 1109 2910 si
1162 2852 1770 2910 Monte-Cassinenses
1827 2854 1887 2909 in
1922 2851 2090 2908 Italia

439 2943 678 3016 excipis,
711 2943 811 2999 ubi
832 2945 979 2998 teste
998 2934 1318 3013 biographo
1335 2943 1393 2998 S.
1412 2940 1732 3010 Adalberti,
1757 2942 2087 2999 sacerdotes

439 3031 621 3087 Graeci
651 3030 1015 3087 habitabant.
1045 3030 1171 3085 Non
1202 3046 1334 3085 rara
1359 3029 1627 3102 exempla
1645 3030 1826 3087 studii
1856 3030 2085 3105 lingua-

440 3137 574 3176 rum
605 3122 788 3177 erant.
822 3118 917 3175 Sic
938 3119 1134 3175 Bruno
1159 3135 1312 3192 papa
1338 3117 1527 3176 tribus
1548 3118 1636 3175 vel
1670 3124 1924 3192 quatuor
1972 3120 2086 3177 lin-

436 3209 571 3283 guis
601 3208 895 3276 utebatur,
932 3207 1270 3277 Teutonica,
1306 3207 1757 3278 Latina,Gallica
1775 3213 1849 3278 et,
1894 3214 1961 3265 ut
2005 3210 2086 3267 vi-

2202 645 2315 701 que
2346 629 2630 702 magistro
2652 629 2928 685 Gerberto
2961 628 3271 702 (Sylvestro
3302 626 3393 700 Il.)
3418 626 3690 685 eruditio.
3739 632 3849 685 Per

2200 716 2354 773 ﬁlias
2368 716 2759 788 Adelheidem,
2774 717 3135 775 abbatissam
3148 716 3775 791 Quedlinburgensem,
3792 720 3850 773 et

2201 805 2353 878 Soph
2364 807 2477 862 iam
2488 850 2501 875 ,
2517 806 2876 863 abbatissam
2890 805 3539 876 Gandersheimensem,
3552 806 3707 863 inter
3718 824 3850 863 san-

2202 895 2564 952 ctimoniales
2593 895 2829 952 illorum
2860 896 3352 953 monasteriorum
3373 913 3492 952 una
3513 895 3767 953 alterave
3786 895 3848 950 in

2200 983 2295 1040 his
2322 983 2540 1058 linguis
2569 987 2775 1042 edocta
2801 1002 2930 1041 esse
2951 986 3139 1042 debet.
3167 984 3363 1041 Tertia
3381 985 3522 1054 filia,
3545 984 3853 1041 Mathildis

2201 1073 2456 1140 nomine,
2488 1077 2672 1146 nupta
2709 1072 2980 1143 Henrico,
3027 1073 3228 1130 comiti
3278 1071 3540 1130 Palatino
3590 1072 3849 1146 (Rheni),

2203 1165 2390 1218 mater
2418 1163 2606 1218 extitit
2631 1180 2746 1219 non
2781 1162 2954 1219 modo
2973 1180 3073 1220 sex
3088 1162 3365 1233 ﬁliarum,
3391 1180 3516 1236 quae
3535 1163 3851 1220 abbatissa

2201 1251 2712 1309 celeberrimorum
2732 1252 3105 1309 occidentalis
3121 1251 3441 1309 Germania:
3472 1251 3854 1309 monasterio-

2202 1358 2334 1397 rum
2362 1341 2618 1409 fuerunt,
2650 1340 2804 1397 inter
2833 1358 2982 1413 quas
3006 1359 3126 1399 una
3145 1341 3550 1414 Thcophanonis
3580 1340 3720 1397 aviae
3744 1358 3851 1397 no-

2202 1446 2335 1485 men
2371 1430 2749 1502 accepit(li20)
2770 1430 2899 1499 ;sed
2913 1430 3088 1486 etiam
3103 1429 3278 1499 Rixaa,
3305 1431 3502 1487 uxoris
3529 1430 3853 1504 Misegonis

2202 1518 2408 1573 nostri.
2440 1520 2575 1584 Quae
2596 1520 2741 1574 Bima
2770 1535 2947 1575 causa
3002 1518 3187 1575 fuisse
3218 1519 3465 1589 videtur,
3497 1536 3604 1575 cur
3631 1518 3852 1593 Misego

2201 1606 2404 1678 lingna
2432 1624 2620 1679 graeca
2650 1607 2917 1664 eruditus
2947 1612 3089 1664 erat.

2273 1696 2471 1767 Neque
2495 1697 2651 1751 enim
2680 1713 2806 1752 eam
2839 1696 3103 1769 linguam
3136 1696 3381 1769 antiqua
3408 1695 3851 1753 Slavonicorum

2201 1784 2551 1857 populorum
2583 1802 2715 1841 cum
2749 1785 2995 1842 ecclesia
3014 1801 3203 1858 graeca
3222 1785 3601 1842 connectione
3617 1802 3851 1843 conser-

2200 1877 2393 1929 vatam
2424 1873 2484 1928 in
2517 1872 2754 1929 Polonia
2783 1874 3151 1943 crediderim,
3183 1873 3317 1931 licet
3335 1874 3395 1930 in
3422 1875 3705 1932 Bohemia
3733 1892 3853 1932 mo-

2200 1962 2455 2017 nasteria
2469 1963 2737 2035 quaedam
2756 1967 2972 2028 essent.
2997 1962 3055 2018 in
3078 1963 3296 2034 quibus
3313 1962 3579 2037 linguam
3597 1980 3850 2039 graecam

2203 2051 2616 2106 edocebantur.

2271 2140 2555 2196 Caeterum
2578 2141 2703 2212 ipsa
2725 2140 3025 2197 Mathildis
3041 2140 3307 2213 epistola,
3326 2141 3384 2197 id
3408 2158 3524 2215 quo
3543 2142 3744 2200 minus
3770 2143 3853 2199 ita

2198 2229 2559 2301 intelligatur
2589 2234 2762 2286 vetat.
2796 2230 2889 2285 Ait
2909 2229 3066 2289 enim
3094 2246 3107 2284 :
3133 2246 3428 2304 «graecam
3448 2228 3852 2304 supperaddere

2200 2317 2478 2374 maluisti.
2518 2340 2545 2368 »

2268 2406 2402 2471 Quae
2429 2407 2545 2462 dixi
2578 2408 2648 2464 de
2676 2407 3036 2464 Monasteriis
3054 2407 3585 2483 Quedlinburgensi
3608 2413 3666 2466 et
3696 2409 3849 2466 Gan-

2197 2495 2640 2561 dersheimensi,
2671 2502 2732 2553 et
2757 2497 2827 2554 de
2848 2513 3062 2571 magna
3078 2497 3403 2555 eruditione
3421 2498 3850 2555 sanctimonia-

2198 2583 2365 2651 lium,
2382 2602 2507 2657 quzr.
2523 2585 2803 2657 ibi,Deum
2819 2585 3116 2655 colebant;
3134 2587 3315 2660 hujus
3338 2586 3418 2643 rei
3440 2587 3847 2645 testimonium

2197 2677 2309 2740 est,
2335 2675 2491 2745 quod
2513 2675 2885 2745 juventutem
2908 2675 3129 2749 regiam
3146 2681 3203 2732 et
3222 2676 3557 2749 principum
3577 2675 3851 2735 institue-

2197 2762 2358 2817 bant.
2391 2762 2484 2817 Sic
2515 2763 2765 2831 Beatrix,
2798 2762 2919 2819 filia
2948 2763 3322 2836 Imperatoris
3354 2765 3603 2821 Conradi
3635 2766 3733 2834 IL,
3755 2767 3849 2823 his

2197 2851 2745 2909 sanctimonialibus
2759 2852 2829 2907 ad
2847 2852 3219 2909 educandum
3243 2856 3300 2909 et
3319 2853 3714 2910 erudiendum
3735 2859 3850 2912 tra-

2196 2938 2343 3011 dita,
2362 2940 2488 3011 jam
2513 2940 2763 3012 septimo
2779 2940 2867 2997 vel
2885 2944 3086 2998 octavo
3106 2942 3292 2999 aetatis
3313 2958 3466 3000 anno
3489 2942 3847 3001 miraculum

2197 3030 2546 3087 eruditionis
2567 3029 2758 3086 extitit
2777 3030 2947 3103 (421).

2194 3134 2328 3193 CAP.
2361 3137 2473 3194 XL.
2500 3168 2566 3179 —
2596 3138 2791 3195 Βαθεοδ
2819 3153 2964 3212 anno
2994 3137 3137 3195 4026
3179 3138 3332 3195 clade
3385 3140 3599 3212 aﬂectos
3646 3142 3846 3212 fuisse,

2813 3210 3234 3265 demonstratur.

437 3277 627 3367 detur,
661 3297 906 3354 Italiana
936 3295 1414 3370 (419).Mathildis
1443 3313 1577 3353 vero
1610 3315 1716 3354 nos
1747 3277 1936 3367 docet,
1967 3316 2085 3356 non
2121 3277 2165 3344 (ἶ
2272 3299 2405 3363 Quae
2438 3316 2473 3354 a
2509 3298 2741 3355 Polonis
2788 3297 3174 3370 scriptoribus
3233 3303 3566 3369 narrantur,
3618 3300 3851 3357 Russos

438 3387 614 3444 modo
643 3385 908 3461 linguam
938 3385 1183 3443 latinam
1210 3385 1270 3441 in
1294 3386 1606 3443 Germania
1617 3391 1674 3444 et
1696 3386 1933 3444 Polonia
1950 3406 2087 3461 pro-,

435 3481 710 3551 pagatam
731 3476 1044 3544 fuisse,sed
1076 3475 1252 3532 etiam
1282 3475 1344 3531 in
1389 3474 1592 3548 lingua
1646 3492 1854 3549 graeca,
1886 3476 2084 3549 plures

426 3567 559 3639 jam
572 3566 729 3623 haud
753 3565 1020 3622 indoctos
1033 3564 1293 3622 extitisse
1306 3564 1605 3638 homines;
1627 3564 1808 3622 immo
1830 3566 2082 3624 Poloniaa

436 3671 655 3729 regem,
688 3671 884 3729 regem
906 3654 1259 3728 populorum
1290 3653 1620 3726 Slavorum,
1654 3654 1817 3711 illam
1852 3654 2080 3712 callere.

432 3744 515 3801 Ne
544 3749 741 3801 tamen
760 3744 820 3801 id
852 3744 1072 3800 mirum
1103 3760 1362 3800 censeas.
1396 3742 1543 3799 Nam
1565 3760 1764 3813 causa,
1815 3748 1881 3800 ut
1936 3745 2081 3801 mihi

431 3834 684 3902 videtur,
711 3833 930 3891 femina
959 3833 1226 3906 quaedam
1258 3832 1387 3899 fuit,
1420 3836 1477 3888 et
1507 3833 1580 3889 ob
1601 3832 1658 3888 id
1675 3833 1872 3905 ipsum
1894 3835 2084 3906 major

434 3923 497 3979 in
528 3922 793 3980 moribus
817 3926 876 3978 et
902 3921 1112 3979 litteris
1158 3921 1599 3995 promovendis:
1647 3939 1836 3995 neque
1882 3927 2082 3979 tamen

433 4009 592 4068 ultra
618 4010 902 4068 familiam
928 4027 1099 4067 suam
1130 4015 1187 4067 et
1217 4008 1591 4081 circulum,in
1625 4027 1741 4083 quo
1811 4013 2081 4084 quaedam

436 4101 566 4173 ejus
594 4104 750 4159 esset
776 4099 1114 4158 auctoritas.

508 4191 846 4264 Theophane,
879 4190 1105 4263 origine
1133 4205 1339 4263 graeca,
1365 4189 1638 4245 nubendo
1659 4189 1839 4246 Ottini
1871 4191 1964 4261 II.,
2024 4195 2081 4248 et

435 4279 716 4337 maritum
729 4284 786 4336 et
797 4279 1012 4335 liberos
1024 4278 1176 4335 hanc
1193 4278 1459 4351 linguam
1471 4278 1732 4335 docuerit
1747 4281 2082 4354 arrogantia

528 4404 654 4473 448)
686 4405 877 4460 Tolner
906 4403 1044 4459 hist.
1076 4402 1259 4459 Palat.
1285 4403 1465 4460 codex
1494 4402 1907 4474 diplomaticus
1949 4405 1987 4460 l.
2023 4425 2074 4463 c.

597 4477 652 4548 9)
682 4477 823 4557 Ejus
854 4475 1110 4557 Elogium
1131 4475 1435 4557 sengcrale
1463 4476 1521 4557 in
1553 4476 2074 4557 Basilic_a_S._Petri

433 4545 656 4621 (Loibn'.
690 4545 758 4603 T.
781 4545 1061 4621 I.!script.
1093 4545 1204 4603 rer.
1226 4545 1633 4621 _l_3_runs_wicar.
1658 4564 1715 4620 p.
1746 4549 1872 4621 576.
1898 4549 1915 4621 )

501 4643 531 4672 «
566 4620 793 4692 Lingua
818 4617 1192 4692 Teutonicus,
1225 4618 1487 4692 Wangiae
1514 4617 1719 4692 doctus
1752 4619 1812 4674 in
1838 4617 2001 4690 urbe,

503 4715 533 4743 α
565 4689 716 4747 Usus
740 4689 1299 4757 Francisca,vulgari
1329 4689 1548 4745 et'voce
1578 4691 1782 4746 Latina

506 4785 536 4814 ‹‹
566 4761 828 4819 Instituit
854 4761 1103 4833 populos
1133 4760 1362 4833 eloquio
1392 4760 1627 4832 triplici.
1661 4784 1688 4813 ››

502 4834 649 4961 (ζι20)
673 4834 918 4917 Tolnerl.
952 4833 1249 4913 c..p..257.

540 4904 847 4961 heovhama
869 4903 1142 4959 monialis
1176 4920 1249 4958 an

540 4902 847 4969 heophania
869 4902 1142 4959 monialis
1176 4919 1327 4958 anno
1356 4903 1483 4969 989,
1513 4903 1816 4959 abbatissa
1871 4919 2074 4961 mona-

427 4976 591 5033 sterii
608 4973 884 5031 Essendis
903 4991 917 5030 :
943 4991 1058 5047 quo
1076 4973 1350 5046 collapso,
1366 4974 1523 5029 aliud
1542 4973 1759 5047 ibidem
1778 4980 2072 5047 monaste-

2183 4904 2243 4959 in
2276 4903 2401 4959 cod.
2433 4903 2813 4975 exciderunt),

2195 3391 2329 3459 post
2362 3390 2611 3443 mortem
2645 3386 3040 3443 strenuissimi
3071 3385 3340 3443 Bolizlavi
3372 3386 3677 3444 obsidione
3722 3387 3851 3444 cin-

2192 3476 2349 3532 xisse
2378 3475 2638 3545 castella,
2671 3475 2730 3531 in
2762 3475 2980 3548 quibus
3010 3474 3365 3532 Polonorum
3395 3477 3668 3549 praesidia
3690 3482 3852 3535 aBo—

2190 3565 2396 3622 lizlavo
2427 3565 2617 3637 posita
2644 3567 2830 3633 erant,
2857 3580 2963 3621 cur
2991 3565 3254 3622 infinitas
3283 3569 3438 3635 eant,
3472 3582 3587 3622 non
3645 3566 3842 3624 video.

2193 3654 2323 3711 Otto
2356 3652 2463 3727 (vel
2477 3653 2785 3727 Bezprim),
2811 3653 2934 3725 qui,
2952 3656 3020 3710 ut
3042 3657 3289 3723 constat,
3311 3652 3523 3710 coelum
3544 3658 3601 3711 et
3619 3659 3846 3712 terram

2193 3748 2393 3800 contra
2406 3744 2642 3799 fratrem
2660 3743 3019 3816 Misegonem
3031 3742 3318 3811 excitavit,
3329 3744 3456 3816 jam
3473 3746 3601 3800 tum
3616 3744 3848 3802 bellum

2193 3833 2462 3889 movebat
2486 3850 2498 3902 ;
2518 3831 2657 3904 quia
2672 3835 2775 3888 aut
2788 3830 3050 3904 privatus
3070 3835 3244 3888 erata
3264 3836 3448 3905 parte,
3468 3849 3648 3905 quam
3672 3838 3845 3908 pater

2192 3921 2302 3978 sibi
2336 3937 2498 3977 more
2529 3920 2968 3993 antiquissimo,
3004 3937 3123 3993 qua
3149 3937 3250 3978 rex
3278 3920 3546 3995 superior
3567 3939 3686 3979 non
3727 3923 3846 3979 nisi

2189 4010 2325 4066 belli
2354 4014 2616 4083 tempore
2648 4010 2844 4079 ﬁebat,
2873 4008 3285 4080 destinaverat,
3314 4014 3416 4067 aut
3443 4010 3627 4067 invita
3654 4012 3849 4085 patris

2190 4103 2460 4156 extrema
2489 4098 2787 4155 voluntate
2818 4115 3064 4173 regnum
3112 4098 3441 4156 affectabat.
3502 4099 3628 4156 Huc
3685 4102 3850 4158 trahi

2189 4194 2456 4262 possunt,
2492 4205 2620 4261 quae
2645 4206 2680 4244 a
2711 4188 3068 4261 quibusdam
3101 4193 3417 4245 narrantur
3445 4189 3517 4245 de
3546 4189 3763 4248 Ottone
3786 4191 3850 4247 in

2189 4277 2462 4334 Ruzziam
2494 4277 2755 4350 fugiente
2786 4276 2968 4349 (422);
2995 4292 3121 4351 quae
3152 4278 3380 4335 occasio
3412 4277 3526 4334 fuit
3569 4279 3848 4337 Jaroslao

2189 4419 2426 4476 «quave
2450 4402 2757 4476 diligentia
2785 4403 2858 4459 ab
2880 4402 3010 4475 ipsa
3045 4407 3114 4476 et
3169 4401 3723 4476 sanctimonialibus
3782 4404 3846 4460 in

2187 4499 2215 4527 ‹‹
2247 4474 2374 4558 loco
2404 4474 2859 4558 praememorato.
2895 4474 3382 4558 consistentibus,
3439 4476 3848 4558 omnibusque

2186 4571 2216 4599 ‹‹
2249 4546 2359 4603 sibi
2391 4546 2666 4619 sudditis,
2706 4546 3084 4619 suscipiatur,
3117 4563 3183 4602 ac
3201 4547 3577 4619 postmodum
3600 4546 3839 4619 nutria-

2106 4650 2152 4715 Β
2185 4641 2213 4669 ‹‹
2248 4623 2363 4687 tur,
2395 4616 2485 4700 vel
2516 4634 2634 4715 qua
2659 4616 3220 4715 γειοςμτηῳενὸοηιπιί
3243 4620 3601 4715 actuuznque‘
3627 4618 3843 4702 indole,

2185 4713 2214 4741 «
2248 4707 2352 4762 per
2381 4687 2613 4773 singula
2641 4689 2827 4773 aetatis
2874 4687 3236 4773 incrementa
3291 4687 3624 4773 profecerit,
3687 4690 3847 4747 scire

2191 4784 2211 4810 α
2248 4759 2353 4816 aut
2380 4759 2651 4815 facundia
2680 4759 2742 4815 in
2761 4760 3009 4816 dtcendo
3032 4759 3195 4841 nulla
3214 4759 3491 4842 suppetit.
3508 4763 3635 4826 Qua
3664 4778 3849 4817 nam-

2191 4831 3468 4956 :nq::;?:izsstziraus::‘;tst"33---
3497 4832 3560 4904 υ(
3587 4831 3849 4905 Reliqua

2188 4902 2401 4959 in’cod.
2433 4902 2813 4975 exciderunt),
2847 4902 2916 4959 cf.
2955 4902 3120 4975 Pertz
3143 4902 3223 4975 VI
3244 4919 3301 4975 p.
3324 4905 3397 4959 90

2254 4975 2400 5046 (422)
2432 4975 2735 5046 Roepetlius
2754 4973 2952 5030 Censet
2980 4973 3143 5047 illam
3166 4973 3442 5047 Ituzziam
3462 4990 3612 5047 esse,
3636 4974 3861 5047 nescit

427 5047 581 5119 rium
614 5047 687 5119 ab
717 5047 862 5119 ipsis
893 5044 1293 5119 fundamentis
1322 5052 1559 5119 novoget
1605 5044 1856 5117 eleganti
1901 5062 2072 5118 Opere
2182 5044 2328 5119 ipSe,
2362 5044 2545 5119 quam
2555 5050 2789 5119 partem
2826 5045 3350 5119 Hungariaa._gl\lam
3378 5045 3834 5119 testimonium

430 5116 776 5200 erigendum
795 5116 1030 5200 .c‘uravit
1059 5117 1532 5200 a.‘1051.-Mortis
1564 5116 1753 5171 annus
1777 5133 1889 5172 non
1932 5116 2070 5172 con-

428 5188 568 5257 stat,
602 5188 703 5244 sed
728 5188 948 5244 ibidem
979 5188 1209 5261 sepulta
1238 5192 1344 5243 est.

500 5260 891 5334 (42l)Auctor
919 5276 1143 5315 coaevus
1198 5259 1448 5314 Chronic.
1506 5258 1789 5326 Qucdlinb.
1842 5257 2067 5330 (Leibn.

428 5332 605 5368 nnm'nf
657 5349 686 5368 ιιι
739 5336 991 5368 Dnnnaxxr
1044 5333 1089 5368 'I‘
1145 5331 1191 5368 Π
1246 5347 1282 5368 n
1337 5330 1464 5368 906)
1499 5330 1566 5368 ari
1603 5347 1630 5368 ι)
1688 5329 1830 5368 1095
1875 5352 1903 5368 η
1959 5332 2065 5368 Πο-

425 5329 636 5416 scrith
657 5349 703 5415 ξ’.
736 5336 1008 5414 Brunsw.
1044 5333 1110 5387 Τ.
1145 5331 1211 5386 ΙΙ.
1246 5347 1303 5402 p.
1337 5330 1464 5452 296)
1498 5330 1568 5383 ad
1603 5347 1655 5412 az
1688 5329 1907 5411 4025.13
1956 5332 2065 5386 Ita-

424 5428 453 5457 ‹‹
486 5405 795 5482 liam_1tu_m
842 5403 1161 5482 (C_o_nr_a_dus
1207 5406 1263 5457 et
1293 5400 1434 5482 _G}se
1459 5403 1514 5482 ξι)
1575 5401 1756 5482 ﬁliam
1808 5417 2062 5482 unicam.

422 5499 451 5529 «
482 5474 812 5532 Adelheidae
850 5471 1149 5530 abbatissa
1202 5471 1576 5526 nutriendam
1634 5472 2061 5528 transmittunt.

420 5571 450 5601 ‹‹
478 5548 875 5620 Μοιςιιοψιθ,
898 5542 1453 5620 ρθνίξεξριοὲοηξίηίθ
1481 5543 1759 5620 ἒεαὲνὲρὶε
1787 5544 2063 5620 adventu,

423 5640 453 5671 «
484 5614 1095 5691 prmfatalmperialis
1147 5614 1445 5691 abbatissa
1495 5614 1730 5691 Trebiki
1785 5614 2061 5687 (Driibke)

423 5712 451 5740 α
485 5684 620 5744 cum
652 5688 781 5758 suis
822 5684 1154 5758 occurrens,
1204 5684 1335 5758 laeta
1359 5684 2058 5758 iQuedlingeburgensem

424 5780 453 5808 ‹‹
486 5757 853 5827 metropolim
882 5773 1079 5827 secum
1110 5756 1294 5810 duxit.
1344 5757 1466 5820 Quo
1513 5756 1660 5827 vero
1696 5756 1936 5827 honore,
1993 5764 2060 5814 ut

422 5846 458 5904 μς
488 5825 706 5904 regiam
735 5827 934 5923 decuit
954 5825 1201 5903 prolem,
1252 5841 1441 5902 quove
1498 5826 1763 5885 caritatis
1826 5827 2057 5905 affectu,

2187 5116 2462 5188 ll’ippom's
2493 5116 2855 5189 aliarumque
2888 5116 2979 5188 (vf
2997 5134 3121 5189 cap.
3152 5116 3349 5174 XXIlI.
3376 5117 3479 5173 No.
3507 5118 3562 5188 3)
3588 5117 3844 5190 rejicere

2180 5206 2296 5243 non
2326 5189 2519 5243 audet.

2249 5258 2450 5342 Solent
2465 5259 2945 5342 autemgermani
2968 5259 3282 5342 scriptores
3304 5258 3531 5333 antiqui
3553 5276 3662 5332 pro
3687 5260 3841 5318 Rus-

2177 5329 2283 5392 sia.
2317 5330 2505 5386 dicere
2535 5329 2718 5387 Rucia
2745 5330 2834 5386 vel
2865 5329 3095 5388 Ruzzia.

2244 5402 2554 5458 Helmoldus
2584 5403 2785 5458 chron.
2821 5402 3039 5459 Slavor.
3072 5403 3113 5459 Ι.
3148 5426 3176 5454 ‹‹
3202 5404 3395 5459 Littus
3418 5401 3685 5459 australe
3706 5403 3836 5459 Sla-

2173 5490 2375 5548 vorum
2406 5473 2671 5548 incolunt
2688 5472 2987 5548 nationes,
3022 5491 3274 5547 quorum
3295 5475 3367 5531 ab
3393 5474 3630 5531 Oriente
3649 5474 3836 5548 primi

2174 5551 2312 5601 aunt
2342 5547 2498 5613 Ruzi,
2532 5545 2743 5600 deinde
2774 5544 2993 5600 Poloni.
3031 5544 3059 5596 ἦ

2240 5617 2434 5674 Adam.
2470 5619 2648 5672 Brem.
2682 5616 2755 5671 de
2782 5615 2900 5670 situ
2927 5616 3123 5673 Daniaa
3146 5616 3250 5673 No.
3283 5616 3413 5673 221.
3448 5617 3684 5676 Rumie
3741 5633 3835 5675 re-

2208 5706 2350 5744 num
2383 5688 2619 5745 Polonis
2649 5703 2976 5743 connexum
3009 5693 3315 5745 memorat.

2211 5760 2529 5890 ἆιέῗειθηαν.
2563 5776 2797 5835 quoque
2827 5760 2907 5835 (p.
2940 5760 3066 5840 492)
3098 5760 3346 5821 Ruciam
3375 5775 3482 5843 pro
3542 5760 3831 5827 Russiam
