3950 6422
365 407 530 529 1391

1655 460 1993 527 ΑΡΡΕΝΙ).
2013 518 2019 527 .
2038 459 2145 529 AD
2174 460 2381 526 .SJEC.
2427 460 2503 527 Χ.

3633 449 3793 518 I392

379 618 408 647 «
436 598 618 669 posita
637 595 734 653 hic
765 597 1101 654 moriendi»
1134 596 1400 669 (antiquo
1439 611 1601 654 more
1624 595 1676 666 ?)
1707 619 1735 647 «
1786 592 1919 653 sive
1953 595 2025 652 de
2052 596 2109 667 Α
2135 594 2463 655 litterarum
2494 589 3214 664 amantissimus,utliberi
3228 588 3430 648 invitis
3445 589 3796 663 parentibus

376 684 473 742 his
485 685 825 743 absolvendi
858 687 917 759 »(
935 703 1038 760 per
1054 687 1461 760 presbyterum
1473 685 1795 743 christiano
1808 684 2024 754 more?)

378 795 407 825 ‹‹
438 774 589 832 dura
616 774 818 832 electio
849 775 962 832 sibi
985 776 1174 833 datur.
1200 775 1634 848 Et,quicunque
1652 779 2027 848 postseptua-

381 884 409 914 α
439 863 727 937 gesimam
756 880 992 923 carnem
1026 865 1413 922 manducasse
1444 864 1758 935 invenitur,
1772 864 2027 919 abscissis

377 973 407 1002 «
439 951 690 1009 dentibus
709 953 962 1027 graviter
992 953 1256 1027 punitur.
1290 955 1406 1010 Lex
1438 969 1695 1026 namque
1741 952 1939 1008 divina
1965 950 2025 1006 in

378 1060 408 1092 κ
439 1040 534 1098 his
562 1042 901 1116 regionibus
932 1043 1158 1099 naviter
1177 1047 1377 1099 exorta
1394 1046 1681 1114 potestate
1696 1039 1799 1097 tali
1818 1039 2027 1095 melius

380 1150 410 1182 «
441 1146 620 1204 quam
637 1131 950 1204 jejunioab
962 1131 1253 1206 episcopis
1270 1131 1585 1188 constituto
1598 1131 1968 1187 corroborata
1979 1146 2025 1183 r.

384 1242 406 1271 ι
442 1220 595 1279 Sunt
617 1220 796 1278 etiam
825 1220 911 1276 illi
940 1237 1133 1279 mores
1165 1220 1265 1278 alii
1281 1222 1354 1277 ab
1384 1220 1478 1276 his
1498 1219 1685 1276 multo
1700 1218 2026 1283 inferiores,

379 1332 409 1361 ‹‹
444 1308 545 1382 qui
575 1325 681 1366 nec
704 1309 818 1367 Deo
848 1310 1098 1383 placent,
1148 1327 1249 1367 nec
1304 1310 1601 1380 indigenis,
1658 1310 1743 1365 nil
1797 1309 1911 1364 nisi
1959 1306 2031 1362 ad

381 1416 409 1447 α
439 1403 703 1453 tenorem
722 1405 984 1469 prosunt;
1007 1414 1157 1470 quos
1175 1398 1234 1454 in
1258 1397 1662 1471 superioribus
1684 1412 1753 1454 ex
1776 1396 2028 1470 quadam

380 1506 411 1536 «
441 1489 607 1558 parte
635 1486 1048 1560 comprehendi
1080 1486 1251 1560 (427).
1287 1509 1314 1536 »

451 1575 628 1632 Tacet
641 1574 822 1648 igitur
835 1575 1209 1633 Thietmarus
1224 1574 1383 1648 leges
1404 1574 1835 1649 pmnitentiales
1863 1591 2034 1647 quas-

381 1663 518 1719 dam
545 1660 927 1722 terribiliores
956 1664 1248 1738 his,quas,
1272 1664 1411 1722 licet
1467 1664 1648 1734 diras,
1702 1662 2032 1720 laudabiles

381 1757 598 1811 censet.
631 1753 860 1811 Laudat
887 1757 1091 1812 nostra
1110 1769 1344 1828 quoque
1366 1752 1663 1810 Mathildis
1678 1751 2030 1809 Bolizlavum

381 1843 458 1898 ob
485 1841 722 1911 similia,
753 1846 810 1899 et
836 1842 1132 1900 laudando
1161 1847 1408 1915 patrem,
1443 1842 1628 1899 filium
1648 1842 2028 1915 Misegonem,

381 1929 654 2002 impellit,
685 1935 753 1987 ut
773 1932 833 1988 in
863 1930 960 1989 his
987 1932 1164 1988 rebus
1185 1932 1434 1988 aemulus
1467 1931 1652 2004 patris
1683 1931 1914 1993 existat,
1964 1933 2034 1986 ut

385 2040 415 2070 ς(
445 2019 697 2076 restituat
722 2020 828 2075 Deo
871 2021 1088 2077 animas
1138 2020 1411 2078 diabolica
1458 2020 1656 2091 fraude
1714 2020 1959 2092 deceptas
2004 2040 2032 2069 »

454 2195 582 2253 Non
613 2213 648 2253 a
667 2213 731 2253 re
759 2196 870 2254 erit
899 2197 1204 2257 monuisse
1234 2197 1538 2268 lectorem,
1570 2214 1641 2255 ne
1662 2213 1924 2254 severam
1947 2197 2034 2254 di-

385 2284 697 2359 sciplinam
725 2286 1181 2344 ecclesiasticam
1212 2285 1374 2343 illius
1406 2287 1507 2343 sevi
1541 2304 1676 2343 cum
1699 2286 1829 2343 laxa
1867 2286 2038 2343 disci-

384 2374 549 2448 plina
577 2376 761 2434 nostri
791 2374 1074 2449 temporis
1103 2376 1447 2433 confundat.
1511 2377 1698 2432 Lubet
1748 2392 1780 2432 e
1836 2380 2038 2432 nostro

387 2464 538 2521 libro
567 2464 663 2522 hic
694 2465 981 2524 nonnulla
1020 2466 1233 2523 addere
1263 2483 1333 2522 ex
1374 2466 1564 2540 capite
1627 2464 2036 2539 pcenitentiali,

385 2569 502 2626 quo
534 2553 636 2611 illa
662 2554 723 2611 in
751 2553 982 2612 lectoris
1014 2554 1360 2611 memoriam
1386 2558 1705 2611 revocetur.

457 2643 705 2717 Singula
731 2647 968 2719 peccata
998 2644 1332 2717 presbytero
1363 2644 1968 2716 eonﬁteturpeccator,
1983 2648 2042 2700 et

386 2731 540 2789 inter
566 2748 636 2789 ea
664 2749 792 2805 quae
823 2734 1127 2806 presbyter
1155 2732 1353 2801 faciat,
1388 2732 1509 2788 haec
1535 2732 1735 2803 habet,
1786 2732 1886 2789 fol.
1948 2734 2035 2788 17.

388 2842 417 2871 ‹‹
450 2821 520 2877 Et
547 2820 821 2894 quotiens
849 2820 1081 2878 dederis
1137 2820 1453 2878 consilium
1512 2821 1800 2893 peccanti,
1862 2819 2038 2877 simul

382 2930 417 2961 .‹‹
448 2924 685 2981 quoque
712 2910 789 2967 da
801 2910 852 2966 ei
875 2909 1299 2982 paenitentiam,
1324 2910 1519 2965 statim
1530 2912 1815 2981 quantum
1833 2909 2040 2965 debeat

391 3016 420 3050 ‹‹
435 2999 705 3070 jejunare
733 3002 790 3054 et
828 2998 1112 3055 redimere
1141 3003 1379 3071 peccata
1407 3015 1537 3065 sua,
1570 3014 1641 3054 ne
1668 2998 1814 3054 forte
1841 2997 2041 3054 oblivi-

391 3109 419 3137 «
457 3086 663 3154 scaris,
716 3090 1004 3157 quantum
1053 3103 1188 3142 eum
1228 3090 1493 3159 oporteat
1531 3086 1847 3143 abstinere.
1908 3086 2036 3143 Tibi

392 3197 422 3226 ‹‹
453 3173 613 3231 enim
641 3190 881 3231 necesse
909 3179 998 3231 est
1027 3175 1239 3248 (foret),
1272 3175 1560 3231 utiterum
1592 3175 1665 3231 ab
1684 3192 1750 3231 eo
1766 3175 2033 3249 exquires

392 3287 422 3315 «
455 3266 715 3336 peccata,
751 3263 891 3335 quia
918 3262 1016 3320 ille
1046 3263 1633 3334 forsitanerubescat,
1649 3263 1865 3321 iterum
1900 3279 2031 3338 pec-

2132 683 2193 738 in
2227 684 2599 742 monasteriis
2619 684 2996 742 erudirentur
3016 680 3283 738 maximae
3308 694 3462 737 curse
3509 679 3799 740 habuisse

2133 772 2377 829 videtur.
2394 773 2607 829 Odium
2631 773 3045 846 indigenarum
3062 769 3506 844 ingravescebat
3522 770 3800 839 ;deﬁcere

2133 865 2190 917 et
2217 862 2497 919 aChristo
2532 862 2652 919 sive
2681 863 2753 919 ab
2784 860 3029 918 ecclesia
3051 859 3256 926 latina,
3307 863 3365 916 et
3412 876 3447 915 a
3495 876 3632 935 rege
3690 879 3800 935 pa-

2134 951 2480 1022 rati,praesto
2537 955 2705 1008 erant
2761 951 3015 1023 primam
3090 949 3348 1022 arripere
3413 949 3793 1007 occasionem

2134 1039 2481 1097 Christianis
2502 1041 2622 1098 sive
2653 1038 2959 1097 catholicis
2982 1037 3182 1095 latinis
3204 1037 3444 1110 parpari
3476 1038 3799 1097 referendi.

2134 1128 2319 1192 Quam
2350 1129 2714 1186 occasionem
2742 1133 2801 1186 et
2818 1127 3017 1184 hostes
3058 1125 3222 1200 regni
3277 1130 3334 1183 et
3388 1126 3788 1187 domesticum

2135 1216 2447 1274 dissidium
2477 1219 2550 1275 ab
2581 1217 2810 1288 Ottone,
2855 1215 3172 1290 Misegonis
3202 1214 3797 1285 fratre,concitatum,

2136 1310 2201 1362 ut
2229 1324 2412 1380 supra
2444 1305 2910 1364 memoravimus
2940 1305 3112 1378 (429),
3144 1304 3376 1361 obtulit.

2135 1420 2271 1477 CAP.
2324 1422 2484 1478 XLII.
2529 1452 2599 1495 -τ-
2639 1424 2784 1495 Uxor
2834 1419 3086 1495 quaedam
3120 1418 3348 1495 luditha
3386 1420 3679 1495 _M_isego_ni
3749 1421 3805 1478 ΙΙ

2206 1496 2461 1561 genuisse
2488 1493 2703 1550 videtur
2717 1492 2901 1563 filium
2930 1492 3402 1564 (primogenitum)
3447 1492 3803 1549 Bolizlavum

2201 1562 2858 1638 juniorem,pagan0rum
2875 1562 2990 1620 sive
3045 1562 3567 1622 Sla’vonico-Grzcae
3622 1564 3802 1622 eccle-

2208 1638 2311 1693 siw
2332 1638 2625 1708 fautorem.

2208 1752 2342 1816 Quae
2372 1752 2718 1809 traditiones
2743 1750 2990 1826 singulae
3021 1752 3093 1807 de
3123 1751 3439 1824 Misegcnis
3468 1750 3519 1809 II
3558 1750 3789 1825 pellice,

2139 1840 2210 1897 de
2237 1840 2481 1897 Juditba
2502 1842 2779 1913 quadam,
2813 1840 2883 1897 de
2912 1838 3353 1897 Bolizlavo-ﬁlio
3402 1839 3801 1913 primogenita

2140 1934 2474 1996 narrant,ea
2501 1946 2535 1985 a
2550 1929 2821 2002 plurimis
2843 1928 3083 2001 quidem
3105 1926 3492 2001 scriptoribus
3504 1932 3609 1985 aut
3622 1928 3801 2002 igno-

2142 2023 2367 2089 rantur,
2399 2022 2501 2074 aut
2529 2016 3474 2090 rejiciuntur,auteonfunduntur
3488 2034 3627 2074 cum
3665 2015 3804 2075 aliis

2141 2108 2328 2180 (430);
2364 2124 2469 2164 nos
2494 2112 2690 2164 autem
2721 2106 3126 2181 componendo
3144 2106 3459 2165 verissima
3473 2122 3606 2165 esse
3631 2121 3803 2180 repe-

2144 2196 2354 2252 rimus.

2215 2286 2465 2356 Patrem,
2499 2285 2855 2343 Bolizlavum
2878 2284 3443 2359 magnum,vidimus
3491 2284 3553 2341 in
3591 2299 3798 2343 amore

2147 2375 2259 2432 sibi
2288 2375 2421 2449 plus
2430 2377 2594 2448 justo
2618 2374 3207 2448 indulsisse,antiquo
3219 2374 3523 2431 Slavorum
3550 2372 3805 2447 populo-

2148 2481 2302 2533 rum,
2335 2464 2606 2533 aliorum,
2642 2481 2802 2521 more
2829 2481 2842 2521 :
2875 2464 3037 2522 filius
3067 2463 3253 2537 igitur
3283 2462 3503 2536 Misego
3533 2479 3641 2519 cur
3683 2480 3806 2521 non

2150 2577 2178 2605 «
2209 2556 2495 2628 antiquum
2521 2555 2914 2625 fornicatorem
2946 2575 2970 2605 ι
3005 2553 3355 2621 imitaretur,
3379 2552 3521 2608 utin
3535 2550 3693 2624 aliis,
3716 2551 3806 2608 sic

2149 2644 2211 2699 in
2241 2643 2350 2699 hac
2383 2660 2443 2699 re
2475 2643 2547 2708 ?Q
2558 2643 2757 2699 uidam
2788 2641 2876 2699 vel
2895 2641 3167 2715 plurimis
3182 2658 3316 2699 eum
3338 2657 3513 2699 usum
3533 2657 3663 2699 esse
3678 2639 3805 2714 pel-

2149 2731 2358 2789 lieibus
2388 2732 2771 2789 tradiderunt.
2806 2730 2898 2788 Nil
2921 2731 3103 2805 igitur
3130 2730 3364 2788 obstare
3403 2728 3654 2799 videtur,
3683 2745 3804 2802 quo

2149 2823 2346 2878 minus
2369 2838 2569 2891 unam,
2604 2820 2837 2878 nomine
2868 2821 3114 2877 fortasse
3141 2818 3682 2876 Juditham—nam
3737 2818 3800 2875 id

2148 2928 2361 2968 nomen
2389 2892 2671 2984 tanquam
2701 2909 2898 2966 uxoris
2918 2910 2979 2966 in
3009 2909 3365 2983 quibusdam
3395 2907 3693 2965 invenitur
3718 2937 3789 2950 —

2147 3018 2281 3057 eum
2295 3000 2572 3057 habuisse
2583 3003 2933 3069 statuamus,
2947 3015 3018 3056 ex
3028 3015 3211 3072 eaque
3230 3001 3436 3054 natum
3449 3014 3577 3054 esse
3590 2995 3789 3053 ﬁlium

2145 3090 2621 3164 primogenitum,
2657 3090 2750 3145 cui
2782 3090 2854 3145 ab
2912 3106 3015 3146 avo
3073 3087 3450 3145 celeberrimo
3498 3084 3793 3142 Bolizlavo

2144 3195 2356 3235 nomen
2387 3177 2640 3235 inditum
2665 3177 2759 3234 sit.
2780 3176 2929 3234 Hinc
2951 3176 3103 3233 Rixae
3136 3175 3295 3232 ﬁlius
3322 3192 3438 3232 non
3469 3175 3557 3232 avi
3604 3173 3792 3231 Boliz-

2142 3267 2276 3337 lavi,
2310 3268 2411 3324 sed
2442 3284 2657 3324 novum
2688 3265 2956 3324 Casimiri
2985 3282 3199 3322 nomen
3229 3265 3522 3339 accepisse
3535 3262 3789 3319 videtur.

393 3368 422 3404 ‹‹
450 3357 586 3409 'eata
614 3368 725 3408 sua
753 3352 1037 3409 conﬁteri.
1066 3374 1094 3404 »
1124 3383 1195 3395 —-
1231 3353 1349 3409 Fol.
1410 3354 1497 3410 18.
1546 3354 1698 3410 inter
1753 3353 2031 3427 poeniten-
2065 3339 2106 3407 Β
2144 3356 2379 3413 Nullam
2404 3356 2558 3413 enim
2590 3356 2766 3413 aliam
2788 3372 3029 3412 causam
3048 3354 3231 3423 vides,
3254 3370 3474 3410 morem
3497 3356 3801 3409 tunetem-

391 3442 606 3498 tiaram
637 3456 850 3514 genere
879 3441 1001 3498 haec
1023 3446 1434 3499 recensentur:
1470 3465 1498 3493 «
1524 3442 1857 3499 Deeernunt
1884 3443 2035 3515 (pre-

394 3552 422 3582 «
463 3530 703 3604 ebyteri)
737 3531 921 3603 justa,
949 3535 1285 3604 proponunt
1320 3532 1613 3604 supplicia,
1638 3532 1881 3602 vincula,
1932 3539 2041 3587 tor-

392 3642 421 3671 «
455 3629 619 3689 turae,
642 3621 885 3692 ﬂagella,
937 3610 1131 3691 exilia,
1181 3623 1581 3694 amputationes
1649 3624 2036 3690 membrorum,

394 3733 423 3762 ‹‹
452 3712 771 3771 amissiones
800 3727 1005 3780 rerum,
1036 3717 1237 3768 mortes
1293 3711 1499 3768 diversi
1535 3714 1890 3781 generis......
1950 3710 2041 3767 Fit

387 3800 618 3860 «etiam
647 3799 1074 3858 ecclesiasticus
1123 3801 1305 3875 vigor,
1352 3800 1658 3873 correptio,
1705 3817 2040 3858 excommu-

390 3913 421 3941 α
453 3889 689 3957 nieatio,
722 3891 793 3947 de
823 3890 1086 3947 aecelesia
1130 3889 1406 3957 exclusio,
1458 3889 1616 3963 leges
1665 3889 2041 3963 poenitentiae,

394 4001 424 4031 «
454 3979 1003 4049 anathematizatio;
1061 3981 1470 4038 constituuntur
1490 3979 1726 4051 judices,
1776 3982 2041 4037 insistunt

391 4090 420 4119 «
453 4068 659 4140 ofﬁcia,
686 4069 979 4125 mittuntur
1006 4070 1228 4136 ultores,
1258 4072 1320 4124 ut
1348 4068 1447 4125 hoc
1473 4070 1782 4141 corrigunt;
1828 4074 1882 4124 et
1938 4086 2041 4126 au-

392 4180 421 4208 ‹‹
449 4158 592 4229 ferri
618 4173 728 4214 non
748 4162 979 4230 possunt
1009 4158 1074 4215 de
1101 4158 1364 4214 «ecclesia.
1400 4178 1428 4208 »

462 4245 587 4303 Fol.
619 4247 707 4303 19.
741 4247 1015 4306 Peccator
1043 4246 1347 4317 humiliter
1376 4246 1850 4319 deprecationem
1910 4263 2038 4318 pre-

391 4336 610 4409 sbyteri
640 4335 985 4409 implorans,
1022 4359 1049 4386 «
1074 4339 1247 4393 totum
1273 4351 1328 4392 se
1358 4337 1419 4390 in
1449 4342 1655 4390 terram
1672 4338 2031 4406 prostermtt.»

464 4425 620 4498 Fuge
637 4425 901 4493 credere,
933 4425 1044 4481 has
1071 4440 1200 4480 esse
1230 4423 1364 4479 illas
1415 4423 1575 4478 diras
1625 4440 1659 4479 a
1705 4424 2038 4481 Thietmaro

395 4532 511 4572 non
542 4514 833 4570 iudicatas
845 4513 1002 4585 leges
1019 4531 1031 4581 ;
1050 4512 1231 4568 immo
1244 4512 1302 4567 in
1316 4512 1476 4568 omni
1494 4512 2034 4572 ecclesiavalebant.

395 4606 531 4671 Quae
587 4601 964 4658 Thietmarus
1024 4600 1253 4657 silenda
1297 4602 1641 4675 praeoptavit
1683 4603 2038 4661 crudeliores

2146 3447 2305 3519 poris
2332 3464 2449 3503 non
2479 3445 2783 3519 sequendi.
2806 3446 2923 3502 Nos
2946 3445 3102 3517 juris
3133 3442 3317 3500 civilis
3362 3442 3589 3515 legibus
3610 3446 3669 3498 et
3698 3459 3801 3498 ec-

2147 3536 2427 3593 clesiatici
2469 3535 2792 3593 canonibus
2835 3534 3070 3605 imbuti,
3130 3532 3549 3606 distinguimus
3601 3530 3793 3587 ﬁlium

2149 3625 2354 3683 matris
2386 3624 2640 3682 familias
2671 3643 2705 3681 a
2733 3641 2909 3681 servae
2932 3623 3020 3680 vel
3041 3621 3265 3696 pellicis
3294 3621 3433 3678 ﬂlio.
3480 3620 3583 3676 llic
3644 3638 3798 3689 mos,

2150 3721 2216 3772 ut
2244 3715 2414 3772 hodie
2436 3716 2495 3771 in
2527 3715 2778 3781 Oriente,
2810 3714 2895 3770 sic
2927 3711 3066 3769 olim
3098 3710 3285 3768 Slavis
3315 3709 3550 3785 ignotus
3581 3714 3797 3780 erat,et

2150 3822 2334 3862 novus
2362 3803 2662 3878 religionis
2691 3800 3032 3860 Christiana:
3050 3818 3236 3859 canon
3255 3817 3321 3857 eo
3360 3798 3583 3856 tardior
3631 3796 3799 3855 solus

2148 3894 2483 3969 viguit,quo
2505 3889 3511 3964 etsacerdotesipsiincontinentius
3554 3887 3673 3944 sibi
3733 3887 3797 3943 in

2150 4001 2209 4041 re
2239 4000 2483 4041 venerea
2511 3981 2915 4055 indulgebant.
2944 3978 3266 4053 Disciplina
3303 3978 3460 4034 enim
3507 3975 3799 4034 clericalis

2149 4072 2610 4141 laxior,necdum
2637 4088 2672 4127 a
2713 4069 2996 4143 Gregorio
3038 4068 3248 4141 Magno
3270 4067 3585 4124 reformata
3650 4070 3798 4122 erat.

2148 4163 2296 4229 Quin
2318 4163 2642 4218 secundum
2692 4159 3024 4217 Romanum
3080 4157 3441 4225 ordinem,ut
3488 4162 3544 4212 et
3597 4159 3801 4213 noster

2148 4254 2325 4310 habet
2352 4252 2502 4308 liber
2525 4250 2853 4324 liturgicus,
2888 4249 3198 4322 episcopus
3258 4246 3384 4302 fieri
3442 4248 3673 4317 poterat
3722 4244 3797 4313 is,

2149 4343 2249 4415 qui
2279 4359 2469 4415 neque
2501 4341 2810 4413 coniugem
2840 4337 3321 4405 habuitviduam,
3345 4351 3536 4408 neque
3551 4351 3676 4391 rem
3700 4333 3803 4390 ha-

2147 4434 2276 4490 buit
2304 4449 2438 4489 cum
2469 4429 2683 4488 ancilla
2710 4435 2822 4485 Deo
2855 4430 3295 4499 sacrata,neque
3333 4441 3468 4481 cum
3526 4424 3796 4497 quadru-

2146 4523 2418 4596 pedibus,
2453 4538 2641 4593 neque
2670 4518 2907 4575 tandem
2938 4533 3073 4573 cum
3104 4513 3367 4571 masculo
3394 4513 3562 4586 (431).

2217 4612 2683 4669 Coneubinatum
2709 4611 2905 4664 autem
2928 4607 2985 4662 in
3017 4606 3148 4679 ipsa
3182 4603 3360 4661 veteri
3411 4600 3675 4671 ecclesia,
3730 4606 3800 4659 ut

393 4693 576 4750 etiam
605 4696 664 4747 et
686 4691 927 4747 omnino
959 4690 1251 4747 immanes
1283 4692 1464 4748 fuisse
1493 4696 1737 4765 apparet
1765 4711 1777 4763 ;
1820 4694 2034 4766 quippe

2199 4720 2218 4759 3
2238 4703 2542 4759 Slavorum
2566 4698 2832 4754 moribus
2863 4700 3113 4764 taceam,
3147 4711 3264 4750 non
3304 4692 3487 4748 fuisse
3531 4690 3799 4764 prohibi-

395 4799 525 4853 quaa
556 4796 744 4853 neque
768 4779 883 4835 Deo
913 4796 1101 4853 neque
1131 4780 1422 4854 indigenis
1453 4781 1766 4854 placerent.

466 4868 685 4941 Misego
714 4868 783 4936 Il,
817 4868 998 4941 igitur
1021 4868 1272 4927 ecclesiae
1294 4871 1486 4927 fautor
1515 4870 1672 4927 haud
1702 4869 1878 4926 dubie
1934 4888 2039 4944 pa-

392 4962 543 5015 trem
572 4956 835 5029 imitans,
865 4960 924 5013 et
954 4957 1025 5013 ab
1059 4976 1233 5016 uxore
1265 4960 1409 5016 Rixa
1450 4977 1686 5033 semper
1731 4960 2035 5029 excitatus,

391 5047 601 5104 vindex
624 5046 817 5120 gravis
844 5046 1040 5120 legum
1095 5048 1351 5106 ecclesiae
1400 5048 1593 5103 latinae
1653 5048 1879 5116 extitit;
1912 5050 2037 5122 ipse

488 5226 611 5300 427)
643 5225 788 5300 ld-p-
823 5228 931 5300 ειη
963 5245 1050 5300 sq.

484 5297 612 5371 428)
641 5297 783 5371 gap.
818 5299 911 5355 III.
944 5297 1093 5371 vers.
1138 5299 1225 5355 18.

486 5369 610 5443 429)
727 5368 871 5443 Cap.
906 5370 1097 5443 XXIV.

483 5440 606 5514 430)
639 5440 730 5514 gf.
757 5440 894 5514 Cap.
926 5442 1115 5514 XXIV.

481 5508 607 5582 431)
639 5512 757 5568 Fol.
793 5508 879 5568 48'.
913 5512 1096 5567 nostri
1131 5510 1275 5566 MHi
1307 5532 1337 5559 «
1371 5508 1533 5582 Tunc
1562 5510 1820 5582 pontifex
1876 5528 2031 5581 eum,

386 5606 415 5634 ‹‹
450 5581 572 5656 (qui
591 5581 913 5656 episcopus
934 5582 1218 5656 ordinand
1231 5598 1300 5636 us
1328 5581 2036 5656 est)inquiritde_quuatcr

389 5676 419 5705 ‹‹
450 5653 725 5726 capitulis
760 5653 1074 5728 canonicis,
1100 5653 1209 5709 hoc
1232 5656 1321 5708 est
1334 5653 1420 5728 (de
1448 5653 1839 5728 ﬁrsanoquita
1862 5655 2033 5728 (ἀρσε-

386 5748 415 5775 ‹‹
447 5723 645 5798 νοίοίιςη
677 5725 1061 5798 pederastia),
1085 5742 1188 5798 pro
1219 5723 1429 5798 ancillo
1460 5725 1576 5798 Deo
1613 5723 1880 5798 sacrata,
1921 5723 2028 5798 pro

388 5818 417 5853 ι(
448 5795 949 5875 quadrupedibus,
981 5795 1156 5855 autsi
1187 5796 1497 5874 cenjugem
1532 5795 1743 5855 habuit
1788 5813 1857 5856 ex
1911 5795 2026 5857 alio

459 5227 479 5585 ξ

2148 4801 2295 4863 tum,
2311 4792 2413 4848 sed
2434 4793 2593 4846 extra
2603 4787 3022 4843 matrimonium
3034 4782 3273 4839 omnino
3294 4780 3521 4837 licitum
3543 4783 3801 4835 testatur

2152 4906 2181 4936 «
2212 4880 2411 4939 oneilii
2441 4876 2704 4935 Toletani
2723 4874 2899 4949 primi
2923 4873 3145 4942 can.17,
3160 4871 3251 4928 his
3267 4869 3457 4927 verbis
3471 4873 3797 4942 conceptus

2148 4998 2176 5025 ‹‹
2207 4975 2258 5029 Is
2288 4973 2385 5043 qui
2411 4985 2521 5025 non
2554 4966 2714 5023 habet
2735 4980 2981 5031 uxorem,
3012 4965 3065 5017 et
3089 4977 3189 5034 pro
3220 4975 3399 5016 uxore
3434 4959 3800 5014 concubinam

2147 5087 2175 5115 ‹‹
2206 5062 2386 5125 habet,
2413 5078 2447 5116 α
2493 5056 2885 5114 Communione
2931 5068 3042 5109 non
3083 5050 3406 5123 repellatur,
3460 5050 3675 5104 tantum
3737 5055 3805 5103 ut

2150 5247 2177 5276 1(
2207 5222 2350 5288 viro,
2373 5217 2544 5304 'quod
2575 5230 2743 5288 grece
2767 5213 2982 5276 dicitur
3009 5220 3397 5337 δευτερογαΞια),
3445 5228 3473 5257 1)
3762 5300 3765 5301 ν

2218 5292 2424 5350 Concil.
2460 5290 2694 5345 Toletan.
2726 5288 2821 5344 IV.
2854 5307 2980 5355 cap.
3006 5288 3074 5346 48
3096 5283 3171 5355 (a.
3201 5284 3273 5339 63
3311 5285 3357 5355 )ἶ
3393 5278 3657 5355 (Gregor.
3696 5278 3773 5334 IX

2218 5309 2424 5350 conca.
2462 5309 2694 5345 ιοιϐιαη.
2728 5309 2821 5344 ιν.
2854 5309 2980 5365 cap.
3006 5309 3074 5346 Io
3096 5309 3171 5355 (a.
3201 5309 3351 5355 una).
3393 5309 3657 5363 (pingue.
3697 5309 3795 5335 IA-

2146 5367 2310 5440 Papa}
2336 5360 2652 5440 decretales
2674 5361 2936 5440 distinet.
2971 5364 3057 5440 111.
3082 5372 3210 5440 cap.
3240 5357 3295 5411 5.
3328 5353 3434 5418 Qui
3456 5349 3797 5440 iungitque?)

2144 5462 2172 5490 «
2208 5423 2308 5509 qui
2340 5432 2608 5491 secunda:
2639 5433 2838 5509 uxoris
2881 5423 3352 5509 coniunctionem
3411 5423 3603 5509 sortiti
3625 5425 3790 5505 sunt‘

2144 5462 2172 5490 «
2208 5454 2308 5509 qui
2340 5450 2608 5491 secunda:
2639 5450 2838 5490 UXOPIS
2881 5452 2946 5491 co
3017 5450 3352 5488 unctionem
3411 5450 3603 5479 suum
3625 5450 3772 5505 ετυυε.

2141 5531 2169 5560 ‹‹
2202 5513 2304 5586 aut
2333 5521 2651 5586 numerosa
2679 5450 3518 5586 conjugiaﬂrequen‘taverunt,
3553 5509 3657 5586 qui
3679 5510 3796 5586 Ἡ-

2142 5604 2170 5631 ‹‹
2205 5581 2407 5644 duam,
2438 5577 2527 5633 vel
2557 5593 2592 5632 a
2620 5569 3144 5652 maritogvrelietain
3197 5569 3625 5652 duxerunt,aut
3673 5580 3797 5652 cor:

2142 5676 2171 5703 ‹‹
2207 5639 2478 5724 ruptores
2508 5648 2788 5724 maritum
2819 5648 3078 5724 fuerunt,
3113 5639 3635 5724 qui_concubinas,
3667 5639 3797 5724 ‘aut

2144 5746 2171 5775 «
2206 5711 2548 5779 for-picarias
2598 5720 2695 5789 (ad
2735 5711 3171 5793 fornicationes)
3231 5715 3588 5786 habuerunt,
3631 5711 3827 5773 stem,

2150 5795 2286 5874 (vol.
2308 5793 2355 5853 I.
2384 5810 2442 5869 p.
2473 5792 2625 5873 480.)
