3950 6360
114 405 272 497 i393

1370 430 1436 497 S.
1481 430 1916 498 MATHILDIS
1960 431 2284 499 REGINA.

3383 419 3540 492 i394

117 578 146 608 α
171 569 342 622 unius
390 580 580 624 uxoris
622 573 721 624 aut
757 566 1100 636 concubiae,
1154 571 1216 624 ut
1262 569 1316 625 ei
1357 569 1654 641 placuerit,
1693 569 1765 624 sit
1791 569 1845 635 Α
1875 569 2045 626 bella.
2071 569 2154 626 0b
2187 586 2317 626 eam
2350 569 2539 642 ipsam
2572 582 2695 625 rem
2741 564 3032 625 infelicior
3063 570 3191 626 erat
3217 570 3402 645 patre,
3437 565 3540 642 qui

121 678 147 707 κ
174 658 560 730 conjunctione
588 659 868 714 contentus
900 679 921 709 ι
960 659 1130 730 (432).

182 746 420 802 Poterat
441 746 621 820 igitur
636 751 950 819 antequam
973 747 1420 804 matrimonium
1444 747 1618 803 iniret
1639 765 1666 802 c
1679 765 1778 803 um

115 834 280 907 Rixa,
315 850 345 890 e
376 834 705 890 concubina
729 834 1081 891 Bolizlavum
1106 836 1403 906 juniorem
1439 851 1776 907 procreasse

112 924 335 997 Misego
362 923 432 979 ΙΙ.
456 922 798 980 Novercales
829 928 984 980 artes
1008 941 1042 979 a
1081 925 1339 980 secunda
1370 923 1590 979 femina
1619 927 1773 978 stru-

115 1015 240 1068 ctas
273 1009 406 1068 esse
426 1009 1026 1085 primogenito,'vetus
1047 1017 1136 1069 est
1158 1013 1311 1085 apud
1346 1012 1774 1069 Kadlubekium

113 1104 465 1158 conservata
495 1101 598 1156 sed
630 1100 784 1157 male
821 1101 1118 1158 intellecta
1147 1102 1383 1157 traditio
1415 1101 1578 1174 (433).
1614 1101 1677 1156 In
1709 1117 1778 1156 ea

112 1208 171 1247 re
201 1190 286 1246 nil
317 1189 578 1246 alienum
607 1190 678 1246 ab
707 1189 1016 1247 hominum
1036 1195 1248 1247 natura
1287 1190 1472 1246 video.
1501 1191 1685 1246 Immo
1717 1189 1775 1244 id

113 1279 232 1336 illis
255 1279 644 1353 temporibus,
667 1284 734 1335 ut
756 1279 887 1336 aliis
912 1280 1130 1336 factum
1152 1285 1258 1336 est.
1276 1280 1548 1335 Vidimus
1569 1278 1776 1336 Ludol-

111 1369 318 1442 phum,
345 1367 574 1424 Ottonis
616 1367 811 1442 Magni
843 1386 910 1424 ex
940 1368 1150 1424 Editha
1181 1368 1663 1441 primogenitum,
1699 1369 1771 1423 ab

111 1456 431 1514 Adelbeide
461 1473 726 1526 noverca,
753 1473 880 1530 quae
911 1457 1100 1530 ipsius
1143 1457 1333 1513 ﬁlium
1356 1457 1624 1512 Ottonem
1649 1457 1769 1528 (11.)

115 1563 294 1619 regno
326 1546 682 1613 destinabat,
711 1545 884 1602 malis
918 1546 1194 1602 omnibus
1226 1547 1520 1602 affectum.

181 1636 293 1701 Qui
326 1634 509 1708 igitur
536 1633 862 1691 Bolizlavus
898 1635 1122 1706 junior,
1149 1639 1215 1690 ut
1248 1635 1462 1702 ferunt,
1493 1652 1771 1731 novercae,

111 1726 169 1781 id
196 1728 289 1781 est
319 1724 497 1794 Rixaa,
521 1727 777 1797 ereptus,
801 1724 1156 1780 monasterio
1182 1723 1542 1780 erudiendus
1563 1729 1618 1779 et
1639 1725 1704 1780 ed
1716 1723 1774 1778 uL

112 1814 339 1870 candus
370 1817 458 1870 est
509 1813 776 1868 traditus.
809 1811 1003 1869 Nihilo
1045 1813 1236 1868 secius
1289 1817 1485 1869 tamen
1539 1811 1774 1869 animus

115 1919 251 1961 eum
284 1903 358 1959 ad
390 1901 806 1976 paganismum
830 1919 932 1957 seu
960 1901 1268 1959 ecclesiam
1295 1901 1774 1958 Graeco-Slavoni-

110 2007 238 2048 cam
271 1990 480 2047 tulisse
511 1991 764 2047 videtur.
790 1990 973 2062 Cujus
1010 1991 1092 2047 rei
1133 1990 1466 2063 exemplum
1498 1993 1682 2046 exstat
1711 1989 1770 2044 in

109 2079 488 2149 Godescalco,
517 2079 888 2136 Venedorum
917 2079 1208 2154 rege,qui,
1229 2080 1365 2135 licet
1387 2096 1532 2152 puer
1562 2079 1620 2134 in
1653 2095 1772 2134 mo-

111 2169 369 2226 nasterio
399 2169 701 2235 educatus,
731 2174 926 2225 tamen
976 2170 1095 2224 dux
1141 2187 1260 2226 sua:
1309 2169 1499 2242 gentis
1531 2185 1769 2241 paganis

112 2261 315 2315 contra
335 2257 697 2314 Christianos
723 2257 939 2326 evasit;
963 2259 1148 2314 donec
1181 2257 1388 2314 melior
1411 2274 1589 2313 causa
1618 2257 1676 2311 in
1703 2274 1768 2313 eo

109 2340 415 2403 victoriam
448 2350 780 2419 reportaret.
809 2347 1004 2403 Potest
1028 2363 1261 2419 quoque
1283 2345 1608 2402 Bolizlavus
1633 2345 1770 2401 huic

103 2450 468 2509 paganorum
529 2434 763 2490 factioni
819 2434 1054 2502 favisse,
1106 2452 1226 2507 qua
1290 2435 1475 2491 fretus
1538 2434 1762 2508 regiam

111 2523 461 2597 dignitatem
490 2523 932 2597 adipisceretur.

183 2613 287 2669 Hic
317 2613 518 2685 itaque
549 2611 871 2669 Bolizlavus
893 2613 1120 2686 junior,
1161 2617 1324 2686 patre
1351 2613 1596 2680 vivente,
1631 2630 1765 2668 cum

111 2703 293 2759 fratre
325 2701 516 2758 adhuc
547 2701 788 2775 parvulo
822 2702 1081 2758 adfuisse
1119 2703 1349 2758 videtur
1378 2701 1529 2757 bello
1561 2705 1764 2757 Pome-

111 2794 275 2848 rano.
301 2791 462 2864 Saepe
490 2794 630 2847 tunc
659 2791 826 2847 liberi
853 2791 1206 2864 principum,
1241 2790 1376 2846 licet
1407 2790 1652 2862 parvuli,
1677 2795 1762 2846 ta-

114 2897 247 2936 men
279 2883 402 2936 toto
433 2895 670 2952 corpore
696 2880 1117 2953 cataphractati
1150 2879 1318 2936 bellis
1350 2879 1762 2945 interfuerunt,

112 2974 214 3025 aut
243 2967 470 3024 bellicis
501 2968 559 3024 in
591 2969 767 3025 rebus
813 2970 1248 3025 exercebantur.
1283 2970 1407 3025 Non
1452 2969 1624 3024 modo
1659 2969 1761 3024 Ca-

112 3055 293 3123 rolus,
329 3054 487 3111 ﬁlius
517 3055 706 3111 Caroli
733 3049 1045 3128 Magni,'in
1076 3057 1226 3112 bello
1259 3062 1457 3112 contra
1485 3060 1760 3124 Saxones,

111 3144 371 3200 militum
402 3160 562 3200 more
601 3149 864 3202 armatus
897 3147 1214 3202 admodum
1246 3163 1390 3217 puer
1430 3145 1761 3218 exemplum

112 3232 473 3289 fortitudinis
501 3233 688 3302 dedit;
723 3235 822 3290 sed
854 3235 979 3306 ipse
1001 3234 1239 3290 Carolus
1269 3235 1515 3307 Magnus
1537 3235 1760 3291 decimo

114 3322 282 3378 tertio
305 3322 492 3378 aetatis
517 3339 688 3389 anno,
711 3339 845 3378 cum
876 3324 1106 3379 obviam
1131 3325 1294 3380 fieret
1325 3341 1484 3396 papa:
1517 3323 1759 3396 Stepha-
1794 3309 1836 3375 C

116 3428 188 3468 no
219 3411 315 3482 11.,
347 3427 498 3484 equo
530 3411 848 3467 vehebatur
877 3429 910 3468 a
929 3412 1118 3485 capite
1139 3414 1210 3468 ad
1233 3413 1385 3468 imos
1407 3414 1582 3485 pedes
1613 3413 1762 3468 ferro

113 3499 534 3566 circumdatus,
559 3501 752 3574 gentis
781 3519 899 3557 suae
926 3501 1211 3558 bellicosa:
1233 3501 1427 3556 vivum
1448 3506 1504 3557 et
1533 3501 1763 3574 graphi-

114 3592 244 3645 cum
268 3587 585 3661 exemplar.
607 3589 834 3645 Poterat
854 3591 1033 3665 igitur
1051 3595 1508 3646 Pomeranorum
1532 3590 1763 3646 rebellis

112 3680 228 3734 dux
257 3676 613 3734 Bolizlavum
647 3682 703 3733 et
733 3678 971 3734 fratrem
1001 3677 1351 3736 Casimirum
1374 3679 1445 3734 ad
1468 3683 1761 3734 certamen

109 3765 409 3840 singulare
440 3782 777 3838 provocare;
813 3783 999 3838 neque
1041 3771 1234 3822 tamen
1287 3783 1509 3838 magna:
1555 3767 1764 3822 fuisset

107 3854 455 3929 prudentiaa,
492 3853 636 3909 illud
688 3856 1024 3911 concedere.
1059 3857 1247 3921 Quare
1297 3856 1516 3911 factum
1563 3860 1670 3922 est,
1700 3863 1762 3912 ul

104 3942 241 4000 Bela
265 3943 605 4016 Hungarus,
621 3959 824 4018 eorum
843 3947 1041 4016 partes
1067 3944 1416 4016 suscipiens,
1435 3944 1619 4000 victor
1639 3963 1765 4002 eva.

104 4033 266 4090 serit.
288 4033 452 4099 Quod
473 4031 804 4104 Roepcllius
828 4037 1028 4089 monet
1043 4034 1115 4089 de
1135 4033 1584 4089 anachronismo
1607 4051 1760 4090 mor-

103 4122 176 4179 tis
201 4121 302 4178 Sii
336 4119 640 4193 Stephani,
675 4120 732 4175 id
791 4121 1022 4177 minimi
1073 4121 1243 4194 pretii
1303 4138 1432 4178 esse
1492 4122 1754 4178 dixerim.

102 4213 378 4267 Poterant
407 4209 566 4265 enim
594 4213 730 4265 ante
753 4215 1002 4266 mortem
1035 4210 1133 4267 Sii
1165 4211 1445 4283 Stephani
1472 4211 1758 4268 exulasse.

103 4295 306 4372 Neque
332 4297 394 4353 id
426 4301 648 4371 negant
677 4298 991 4372 scriptores
1023 4300 1191 4371 (434).

104 4415 237 4472 CAP.
273 4413 464 4486 XLIII.
496 4415 782 4486 —Misego
821 4415 873 4471 II
920 4416 1140 4486 infelix,
1173 4431 1285 4470 non
1332 4415 1474 4486 quod
1523 4417 1760 4471 imbellis

174 4489 317 4554 erat,
349 4484 440 4541 sed
467 4485 608 4558 quod
637 4484 834 4540 multo:
863 4484 998 4558 una
1019 4485 1261 4558 undique
1305 4484 1476 4542 hostes
1509 4486 1754 4542 habebat.

173 4560 356 4628 Regna
385 4557 645 4628 expulsus
675 4559 872 4628 Pragx
911 4556 1110 4613 misere
1139 4556 1420 4613 eunuchus
1456 4559 1534 4628 ﬁt.
1569 4559 1759 4613 Subita

137 4663 144 4669 -
172 4628 443 4685 valetudo
472 4631 521 4684 et
550 4644 698 4684 mors
724 4629 923 4700 (434'.)

139 4769 144 4772 -
174 4743 399 4816 Misego
430 4741 549 4798 Rex
579 4759 612 4798 a
641 4743 935 4816 plerisque
979 4744 1331 4801 Polonorum
1377 4745 1760 4820 scriptoribus

106 4830 366 4889 imbellis
417 4831 601 4888 fuisse
645 4832 916 4888 traditur.
957 4833 1174 4906 Optimi
1226 4849 1360 4889 vero
1411 4833 1471 4889 id
1524 4839 1757 4908 negant.

104 4922 288 4994 Cujus
313 4919 395 4976 rei
418 4919 756 4976 testimonia
785 4925 926 4976 sunt
949 4921 1308 4994 omnia,quae
1337 4939 1454 4978 una
1481 4923 1762 4979 sustinuit

201 5063 328 5188 43:12)
355 5064 628 5188 ILauresnzté
651 5063 848 5120 Suri-us
891 5064 1153 5121 collectio
1196 5065 1494 5123 concilior.
1532 5067 1759 5122 univer-

205 5179 218 5188 .
306 5177 322 5188 .
383 5176 399 5188 .
430 5151 488 5188 ι).
633 5177 645 5188 .

205 5179 218 5191 .
253 5136 322 5190 Τ.
355 5135 375 5189 1
474 5176 488 5188 .
519 5135 645 5189 522.

205 5206 332 5275 433)
363 5151 466 5260 cf
472 5222 600 5277 cap.
634 5205 826 5262 xxxv.
855 5208 1068 5263 Annot.
1103 5208 1154 5263 4.

206 5277 331 5348 434)
360 5278 614 5348 Dlugosz.
646 5277 764 5348 1.1.

180 5345 483 5420 (134⁵)ᾼΟἷξ
513 5365 639 5420 cap.
673 5347 897 5403 XXI.——
923 5349 1084 5404 XXV.

208 5420 336 5494 435)
367 5418 762 5494 Callus_p._84.
796 5421 870 5476 cf.
909 5437 1106 5494 supra.
1141 5422 1275 5492 Cap.
1311 5421 1448 5477 XXI.
1483 5422 1608 5476 init.

210 5491 338 5558 436)
364 5491 528 5550 Manu
554 5491 606 5546 8.
639 5492 766 5547 372.

183 5561 269 5620 Cf.
303 5578 355 5616 ν.
387 5563 597 5623 Bohlen
615 5562 720 5621 das
746 5561 859 5619 alte
885 5563 1104 5620 Indian.
1138 5562 1409 5636 Kbnigsb.
1439 5563 1461 5620 Ι
1473 5564 1598 5632 830,
1623 5567 1666 5620 t.
1691 5563 1762 5623 II.

115 5636 337 5780 pX74337)
368 5703 591 5762 Diodor.
629 5705 743 5763 Sic.
777 5706 820 5761 ι.
848 5706 938 5761 78.
1251 5685 1257 5691 ’

1887 658 2152 732 singulos
2182 659 2381 715 hostes
2414 657 2722 714 devicerat.
2752 659 2912 716 Adde
2949 658 3147 714 odium
3180 673 3541 732 paganorum

1877 741 2003 819 jam
2027 749 2154 820 jam
2203 749 2262 803 in
2309 747 2684 804 rebellionem
2734 751 3114 820 erupturum;
3145 748 3294 804 adde
3339 745 3542 804 fratris

1885 837 2158 908 (Ottonis)
2185 837 2566 893 ambitionem
2613 836 2990 894 indefessam.
3019 837 3170 902 Quid
3213 837 3455 905 mirum,
3491 835 3541 892 si

1885 926 2073 981 virtus
2104 925 2340 982 Polonis
2371 926 2598 982 defuit?

1958 1014 2110 1084 Otto,
2138 1015 2266 1086 ejus
2305 1015 2504 1081 frater,
2543 1015 2875 1087 Hungaros,
2905 1017 2971 1069 ut
3006 1013 3255 1080 videtur,
3284 1012 3539 1069 secundo

1884 1102 2009 1158 loco
2040 1103 2327 1171 excitavit,
2357 1104 2457 1176 qui
2491 1103 2602 1160 sibi
2635 1103 2782 1176 ipsis
2811 1121 2926 1158 non
2961 1102 3155 1158 Ottoni
3178 1101 3536 1158 Provinciam

1884 1192 2267 1264 abripuerunt
2314 1193 2693 1249 Slowakiam.
2727 1192 2969 1248 Bohemi
3021 1191 3225 1247 eadem
3271 1189 3535 1248 faciendo

1883 1298 2014 1336 cum
2051 1283 2493 1338 marcbionibus
2537 1299 2706 1337 suam
2747 1281 2998 1354 quisque
3028 1280 3279 1336 Polonia
3309 1283 3536 1353 partem

1884 1386 2223 1442 recuperare
2253 1370 2366 1426 nisi
2421 1373 2576 1426 sunt.
2611 1369 2881 1426 Proxima
2917 1370 3132 1426 tuendo
3182 1369 3243 1425 in
3297 1369 3534 1438 marcis,

1882 1458 2205 1532 longinqua
2241 1459 2299 1514 in
2334 1459 2590 1516 Moravia
2627 1458 2911 1532 Misegoni
2957 1457 3304 1532 negligenda
3345 1462 3531 1526 erant,

1882 1547 2183 1604 Conradus
2204 1548 2438 1604 tandem
2472 1549 2590 1604 Rex
2619 1552 2675 1604 et
2703 1547 2834 1603 Otto
2863 1546 3042 1602 simul
3072 1546 3411 1602 invadentes
3443 1561 3532 1602 re-

1880 1635 2074 1708 liquas
2104 1636 2454 1692 Polonorum
2498 1640 2706 1705 terras,
2739 1635 2835 1691 ille
2866 1653 2968 1709 per
3006 1635 3252 1704 Marcas,
3284 1635 3380 1690 hic
3429 1650 3534 1708 per

1881 1724 2220 1781 Bohemiam
2252 1726 2404 1780 inter
2444 1725 2744 1794 facientes,
2778 1723 3060 1798 Misegoni
3092 1725 3143 1779 ΙΙ
3185 1727 3241 1779 et
3283 1722 3530 1779 Poloniaa

1881 1813 2100 1869 exitum
2141 1815 2443 1887 parabant.
2473 1814 2774 1869 Conradus
2803 1818 2936 1886 post
2981 1811 3308 1868 cessionem
3349 1812 3530 1867 Lusa-

1885 1902 1978 1958 tise
2005 1920 2038 1957 a
2063 1903 2357 1975 Misegone
2380 1903 2552 1968 facta,
2583 1919 2746 1957 arma
2766 1900 3032 1974 deponit;
3053 1904 3111 1956 at
3131 1900 3315 1956 nihilo
3334 1903 3530 1955 tamen

1884 1991 2074 2047 secius
2101 1993 2364 2048 fraternae
2396 1992 2724 2065 ﬂagrabant
2755 1990 2874 2047 irae.
2909 1991 3040 2045 Otto
3073 1988 3320 2045 factione
3349 2005 3531 2061 paga-

1880 2097 1977 2150 na,
2009 2097 2113 2135 seu
2146 2079 2701 2148 Graeco-Slavonica,
2734 2083 2800 2134 ut
2825 2078 3076 2145 videtur,
3109 2077 3315 2144 fultus,
3350 2092 3529 2148 regno

1879 2168 2100 2240 potitus
2133 2172 2239 2224 est.
2275 2169 2474 2224 Frater
2517 2167 2732 2239 Misego
2763 2168 2985 2238 ejectus
3024 2166 3268 2239 Pragam
3316 2165 3526 2238 pergit,

1879 2257 2340 2329 hospitalitatem
2367 2249 2632 2334 Bretislai
2663 2257 2930 2329 petitum.
2957 2256 3068 2312 Sed
3095 2273 3130 2312 a
3153 2256 3301 2311 duce
3329 2260 3529 2313 contu-

1879 2346 2069 2402 meliis
2099 2347 2374 2402 omnibus
2405 2347 2673 2402 affectum
2708 2347 2918 2402 ferunt.
2945 2345 3186 2402 Ulturus
3217 2361 3342 2418 qua
3369 2362 3404 2401 a
3426 2345 3530 2401 Bo-

1877 2434 2078 2491 lizlavo
2110 2436 2342 2508 Magno,
2369 2438 2531 2508 patre
2563 2434 2899 2508 Misegonis,
2922 2433 2984 2489 in
3018 2433 3373 2490 Bolizlavum
3405 2433 3528 2489 Ru-

1876 2524 2020 2592 fum,
2046 2524 2354 2591 Bohemiae,
2384 2524 2622 2592 Ducem,
2655 2526 2884 2595 patrata
2931 2522 3180 2591 fuerant,
3204 2513 3524 2602 BIetislaus

1875 2629 2010 2668 eum
2043 2637 2070 2663 «
2105 2630 2205 2686 per
2255 2613 2605 2668 traditionem
2659 2613 2818 2684 cepit,
2872 2615 2922 2667 et
2971 2613 3240 2683 genitalia
3285 2613 3423 2686 ejus,
3454 2627 3524 2668 ne

1875 2723 1903 2751 «
1933 2703 2156 2773 gignere
2180 2705 2378 2773 posset,
2411 2701 2665 2772 corrigiis
2694 2701 2963 2756 astrinxit
2993 2700 3163 2772 (435).

1945 2792 2080 2854 Quae
2102 2807 2279 2846 causa
2303 2789 2449 2845 mihi
2477 2789 2658 2844 fuisse
2682 2789 2912 2844 videtur
2931 2789 3058 2861 ejus
3083 2787 3288 2845 mortis
3309 2787 3518 2844 imma-

1871 2883 2036 2935 turae.
2061 2880 2260 2936 Fratre
2308 2878 2464 2935 enim
2497 2879 2704 2934 Ottone
2735 2895 2769 2934 a
2801 2877 3268 2933 Christianorum
3309 2876 3518 2933 latino-

1873 2986 2003 3024 rum
2036 2969 2229 3024 forsan
2264 2968 2511 3024 factione
2540 2984 2666 3039 qum
2697 2969 2825 3022 tum
2857 2967 2918 3022 in
2949 2965 3050 3021 illa
3077 2965 3326 3023 Polonia
3358 2969 3520 3039 parte

1864 3058 1990 3129 jam
2009 3058 2297 3130 potentior
2313 3057 2494 3112 fuisse
2508 3056 2756 3123 videtur,
2777 3058 3007 3122 necato;
3032 3054 3250 3129 Misego
3271 3071 3518 3128 regnum

1872 3146 2109 3218 quidem
2144 3145 2534 3219 recuperavit;
2568 3149 2646 3215 at,
2671 3161 2789 3200 non
2820 3144 2901 3199 ita
2925 3142 3111 3200 multo
3139 3147 3291 3216 post,
3315 3144 3517 3201 morbo

1871 3236 2028 3308 gravi
2061 3235 2332 3302 afflictus,
2367 3239 2441 3300 et,
2474 3251 2578 3307 per
2625 3233 2850 3304 aliquot
2895 3248 3126 3288 menses
3175 3233 3518 3305 plerumque

1875 3342 2098 3394 amens,
2133 3325 2444 3381 defunctus
2475 3329 2582 3379 est.

1945 3414 2113 3470 Illum
2145 3415 2386 3470 modum
2417 3411 2695 3484 genitalia
2709 3409 3520 3484 astringendi,amputandive

1872 3500 2675 3575 antiquissimum,veteribus
2697 3499 2854 3555 Indis
2868 3499 3036 3572 (436),
3053 3498 3518 3572 Egyptiis(437),

1874 3591 2270 3664 Romanisque
2301 3592 2446 3665 (438)
2479 3607 2544 3645 ac
2587 3588 2892 3645 Germanis
2925 3588 3072 3660 (439)
3111 3591 3338 3655 notum,
3370 3587 3522 3645 inter

1873 3681 2072 3738 Slavos
2089 3679 2450 3736 Christianos
2467 3683 2592 3734 tum
2613 3677 2803 3732 adhuc
2834 3675 3150 3732 invaluisse
3172 3676 3298 3749 jam
3321 3676 3517 3734 Thiet-

1873 3786 2073 3826 marus
2104 3768 2347 3824 tradidit
2375 3769 2544 3839 (440).

1872 3876 2004 3932 CAP.
2038 3875 2229 3931 XLIV.
2253 3905 2322 3915 —
2353 3875 2489 3930 hixa
2515 3877 2687 3946 potest
2720 3873 2800 3927 bis
2824 3888 2911 3946 ex;
2931 3872 3165 3928 Polonia
3192 3873 3440 3946 cantasse
3467 3878 3519 3930 et

1937 3949 2096 4020 prior
2125 3947 2343 4018 quidem
2379 3945 2524 4020 emn’
2554 3946 2672 4016 filio
2702 3945 2993 4011 Casimiro,
3020 3945 3291 4016 posterior
3335 3951 3520 4002 autem

1940 4019 2121 4090 ﬁlium
2146 4019 2505 4090 praecessisse.

1928 4126 2108 4180 Nemo
2126 4125 2432 4196 hucusque
2447 4124 2600 4178 Rixaa
2620 4122 2738 4178 fata
2753 4121 3515 4194 investigans,quaastionem

1872 4213 2212 4286 movit,qua3
2243 4213 2452 4269 fuisset
2482 4229 2608 4268 sors
2653 4211 2832 4284 hujus
2863 4209 3090 4286 Regina:
3135 4211 3382 4284 ejusque
3413 4212 3517 4268 filii

1869 4302 2159 4370 Casimiri,
2177 4319 2359 4374 quum
2383 4301 2602 4374 Misego
2627 4301 2693 4356 Il.
2718 4318 2748 4357 e
2777 4301 2974 4373 Regno
3002 4298 3248 4356 Polonia;
3281 4300 3517 4373 ejicere-

1869 4391 2138 4447 tur.Mihi
2163 4390 2401 4463 quidem
2426 4390 2569 4446 Rixa
2598 4391 2655 4445 in
2690 4389 2928 4446 Polonia
2959 4388 3245 4446 mansisse
3275 4389 3520 4447 minime

1867 4479 2114 4535 videtur.
2153 4480 2298 4534 Nam
2333 4480 2382 4534 si
2415 4479 2588 4546 hanc,
2620 4477 3089 4534 Christianorum
3119 4478 3426 4535 fautricem
3458 4479 3517 4535 in

1867 4568 2238 4624 monasteriis
2260 4567 2553 4640 refugium
2577 4568 2869 4623 invenisse
2890 4571 3146 4624 statuere
3162 4568 3272 4634 vis,
3288 4585 3514 4636 moneo,

1791 4681 1835 4745 Β
1867 4675 1938 4714 ne
1969 4664 2025 4714 te
2055 4659 2258 4730 fugiat,
2280 4657 2639 4713 monasteria
2667 4656 2814 4728 ipsa,
2835 4655 3132 4726 ecclesias,
3150 4655 3518 4730 presbyteros

1868 4747 1926 4802 in
1962 4747 2214 4802 maximo
2256 4746 2600 4801 discrimine
2644 4745 2844 4800 fuisse.
2880 4746 3166 4802 Incertam
3208 4746 3278 4802 de
3321 4745 3516 4801 mariti

1872 4836 2084 4903 reditu,
2113 4851 2244 4892 cum
2278 4834 2395 4890 lilio
2425 4833 2484 4888 in
2516 4833 2890 4889 Germaniam
2922 4832 3033 4889 iter
3061 4833 3288 4900 fecisse,
3311 4834 3522 4890 veresi-

1870 4924 2163 4980 milimum
2195 4926 2301 4980 est.
2326 4946 2352 4972 «
2387 4922 2674 4978 Barbaros
2704 4923 3008 4978 Slavorum
3049 4927 3291 4995 pertaesa
3345 4923 3516 4993 ritus,

1943 5066 2091 5138 (438)
2122 5065 2387 5138 Horat.__1.
2422 5063 2541 5138 Sat.
2574 5065 2626 5117 2.
2661 5080 2713 5118 ν.
2749 5064 2836 5120 45.

1941 5135 2133 5194 Leonis
2165 5135 2400 5192 Novella
2429 5137 2518 5190 32.

1942 5211 2090 5279 (439)
2122 5211 2230 5265 Lex
2260 5207 2430 5264 Salio.
2453 5207 2580 5262 Em.
2600 5204 2730 5279 _Tit.
2763 5205 2974 5279 Χξξξίῐ.
2997 5223 3046 5262 c.
3081 5207 3151 5262 48
3181 5211 3238 5266 et
3267 5208 3370 5278 19;
3406 5211 3518 5266 Lex

1873 5277 2003 5352 Rip.
2034 5277 2146 5336 Tit.
2178 5280 2296 5348 VL;
2330 5280 2442 5352 Lex
2469 5277 2705 5352 anglor.
2732 5281 2793 5352 _et_
2819 5277 3043 5352 Werin:
3076 5279 3191 5336 Tit.
3225 5280 3288 5336 V.
3321 5277 3371 5336 ο.
3401 5282 3514 5349 3-7;

1874 5348 1989 5408 Lex
2037 5351 2282 5407 Frision.
2317 5350 2430 5405 Tit.
2485 5348 2594 5403 XX.
2628 5352 2686 5403 et
2714 5348 2860 5403 Add.
2893 5348 2985 5416 IL;
3021 5350 3134 5405 Lex
3183 5352 3315 5408 Sax.
3351 5353 3393 5409 Ι.
3429 5348 3514 5408 15.

1874 5455 1939 5465 --
1973 5425 2086 5479 Lex
2113 5423 2299 5479 Alem.
2338 5420 2766 5494 L.iL_XV.c.28.
2789 5424 3168 5494 ettanquam
3189 5439 3360 5494 pmna
3379 5423 3520 5480 furti

1874 5495 1931 5549 in
1957 5495 2181 5567 templo
2213 5495 2367 5567 apud
2398 5492 2687 5567 Erisiones
2708 5491 2956 5567 gentiles
2977 5491 3129 5567 inter
3148 5491 3518 5567 Laubacham

1873 5571 1928 5621 et
1955 5563 2267 5622 Wes‘erum—
2297 5564 2637 5631 incolentes,
2668 5563 2778 5620 lex.
2811 5565 2956 5621 Fris.
2989 5563 3133 5620 Add.
3167 5563 3279 5621 XI].

1946 5637 2093 5707 (440)
2129 5638 2398 5693 Thietmar
2426 5636 2464 5691 l.
2499 5653 2550 5692 c.
2585 5654 2640 5709 p.
2673 5639 2804 5692 247.
