3950 6408
369 434 528 505 1395

1651 441 1988 506 APPEND.
2033 437 2140 502 AD
2185 437 2374 502 SJEC.
2420 437 2500 502 Χ.

3623 427 3791 497 1396

363 574 526 632 venit
554 575 626 636 ad
647 573 1060 650 Imperatorem
1079 575 1469 647 Conradum,«
1496 583 1562 634 ut
1585 576 1667 634 ait
1690 575 2012 634 Monachus
2039 574 2096 643 Α
2123 575 2181 630 et
2208 573 2423 630 fcedere
2451 573 2698 644 junctus
2728 569 2990 629 Conrado
3029 567 3377 645 Imperatori
3418 569 3787 628 Russorum-

367 665 1065 738 Brunwillerensisutl).
1085 666 1314 722 Poterat
1345 666 1526 739 igitur
1555 666 1697 722 Rixa
1727 683 1862 722 cum
1892 665 2014 721 ﬁlio

365 753 670 812 Coloniam
691 754 872 822 adire,
891 755 991 812 ubi
1020 759 1160 810 tunc
1189 755 1366 812 frater
1388 757 1438 828 ej
1449 773 1518 812 us
1541 757 1803 812 nondum
1824 754 2014 812 archi-

365 843 678 918 episcopus
701 843 779 916 (in
811 860 930 917 qua
953 860 1013 900 re
1035 843 1358 902 Monachus
1386 844 1484 900 ille
1513 844 1794 901 honorem
1817 847 2018 916 postea

365 926 703 991 assecutum
725 934 853 1006 jam
883 933 1202 1007 exprimit),
1235 935 1338 990 sed
1367 937 1508 990 tunc
1539 935 1735 991 forsan
1763 933 2016 990 ecclesiae

365 1021 719 1080 cathedralis
735 1022 1083 1093 canonicus;
1103 1021 1204 1078 ubi
1221 1039 1386 1079 soror
1400 1023 1576 1080 Beata
1587 1024 1708 1090 Ida,
1722 1022 2020 1080 abbatissa

365 1111 712 1168 monasterii
730 1113 958 1169 Sanctae
986 1111 1184 1168 Mariae
1214 1112 1274 1167 in
1297 1111 1580 1185 Capitolio
1609 1117 1760 1180 erat;
1793 1129 1863 1168 ea
1889 1113 2018 1184 ejus

366 1199 579 1274 patria,
605 1216 683 1256 ea
707 1201 1025 1257 Parentum
1057 1201 1224 1258 sedes
1245 1217 1259 1256 :
1279 1217 1414 1256 nam
1445 1205 1706 1257 castrum
1729 1201 2021 1272 Tomberg

369 1305 490 1363 quo
505 1289 659 1346 hanc
671 1289 860 1346 lucem
881 1289 1136 1362 primum
1148 1289 1432 1355 vidit,non
1449 1289 1621 1363 longe
1637 1290 1836 1346 aberat
1847 1290 2016 1362 (442).

370 1379 498 1436 Non
529 1377 732 1451 procul
762 1379 835 1435 ab
877 1379 1020 1435 urbe
1049 1378 1285 1436 Colonia
1323 1379 1584 1452 quinque
1612 1379 1759 1436 alias
1791 1395 2020 1436 sorores

369 1466 698 1524 abbatissas
723 1467 994 1524 habebat.
1015 1468 1098 1524 Ibi
1122 1467 1308 1541 igitur
1329 1467 1390 1523 in
1417 1467 1772 1524 monasterio
1796 1468 2021 1524 Sanctae

372 1554 594 1613 Ursula
624 1556 696 1612 ob
728 1555 904 1613 aliam
948 1556 1214 1630 reginam
1251 1556 1494 1613 fundato
1535 1556 1825 1630 optimum
1866 1555 2021 1612 refu-

368 1641 534 1716 gium
556 1641 908 1713 inveniebat,
923 1647 982 1700 et
995 1643 1291 1700 invenisse
1307 1643 1566 1718 diploma
1581 1648 1834 1702 testatur
1851 1644 2020 1717 (443).

443 1731 763 1806 Postquam
795 1737 990 1790 autem
1021 1731 1273 1790 maritus
1293 1733 1593 1790 Poloniam
1625 1750 1914 1803 reversus,
1939 1749 2026 1788 so.

371 1819 522 1878 lium
574 1822 802 1896 regium
855 1827 1316 1896 recuperaverat,
1357 1821 1504 1877 nihil
1554 1822 1880 1895 impedivit,
1910 1839 2026 1896 quo

375 1910 575 1967 minus
605 1910 750 1967 Rixa
779 1911 966 1967 ﬁlium
999 1911 1204 1968 eodem
1235 1911 1556 1967 reduceret.

450 1999 683 2056 Mortuo
725 2003 922 2055 autem
954 1999 1186 2067 marito,
1217 1998 1384 2067 Rixa,
1413 1997 1667 2055 ecclesiae
1720 1997 1912 2055 latina;
1966 1999 2024 2055 id

379 2091 469 2145 est
491 2087 848 2144 Germanicae
875 2087 1304 2155 amantissima,
1329 2103 1434 2160 per
1457 2080 1627 2144 breve
1653 2087 1911 2160 spatium
1941 2093 2028 2144 tu-

375 2176 492 2234 trix
521 2175 626 2232 ﬁlii
649 2176 938 2243 Casimiri,
959 2175 1160 2232 odium
1187 2175 1573 2232 inveteratum
1597 2176 2026 2250 indigenarum,

378 2283 528 2340 quos
557 2269 615 2322 et
642 2265 774 2338 ipsa
801 2266 1021 2334 oderat,
1054 2264 1216 2338 prior
1244 2263 1303 2320 in
1333 2266 1407 2337 :se
1447 2263 1632 2322 solam
1663 2267 1853 2323 vertit.
1881 2264 2028 2324 Exu-

377 2355 523 2412 lavit
548 2354 728 2428 igitur
757 2355 1013 2412 secundo
1043 2352 1170 2410 loco
1201 2351 1324 2410 sola
1363 2354 1436 2409 ad
1482 2355 1722 2411 fratrem
1753 2372 1908 2412 nunc
1939 2373 2030 2411 ar-

379 2443 820 2518 chiepiscopum
848 2441 1272 2500 Coloniensem.
1305 2443 1376 2498 Et
1403 2441 1512 2498 hac
1543 2441 1782 2510 quidem
1811 2444 1934 2501 vice
1964 2444 2032 2500 ﬁ-

378 2533 498 2590 lius
526 2549 657 2590 eam
687 2549 822 2589 mox
851 2536 1090 2589 secutus
1118 2547 1248 2588 esse
1277 2532 1524 2588 videtur.

455 2623 551 2680 Sic
578 2638 784 2679 omnes
826 2621 1173 2678 traditiones
1221 2621 1438 2694 optime
1486 2621 2036 2696 quadrant;_neque

384 2710 508 2768 ulla
533 2710 594 2766 in
625 2711 735 2767 hac
765 2726 828 2766 re
857 2725 1164 2783 superesse
1190 2709 1422 2766 videtur
1453 2710 1793 2768 difﬁcultas.

383 2847 520 2905 CAP.
553 2846 712 2902 XLV.
733 2845 1136 2901 —Bolizlavus
1173 2843 1370 2915 junior
1405 2845 1641 2915 paganis
1685 2861 1782 2900 seu
1831 2844 2038 2902 Graeco-

457 2919 763 2976 Stavonicis
791 2918 1029 2988 inuisus,
1065 2917 1240 2988 ejecta,
1258 2917 1436 2988 fratre
1465 2917 1754 2988 Gasimiro,
1787 2917 1900 2972 Rea:
1926 2919 2038 2973 Po-

461 2991 712 3046 lonorum
738 2989 835 3060 ﬁt;
864 2987 958 3060 sed
984 2985 1115 3060 mea:
1141 3003 1188 3060 a_
1209 2985 1540 3060 Christianis
1585 2987 1802 3060 Latinis
1828 2988 2042 3060 occidi-

463 3065 577 3117 tur.
609 3057 844 3115 Polonia
884 3057 1095 3122 divisa,-
1127 3057 1434 3112 σὴνῶείαηί
1477 3058 1663 3112 Latini
1709 3057 2043 3114 Casimirum

463 3137 740 3197 revocant,
771 3129 954 3186 Graeci
991 3131 1090 3184 aut
1123 3128 1332 3200 pagani
1360 3128 1518 3183 breve
1540 3144 1642 3200 per
1669 3131 1906 3202 spatium
1935 3130 2043 3186 Μα-

461 3204 582 3259 διαο
609 3205 842 3257 utuntur
869 3215 1014 3270 rege.

2126 677 2240 735 que
2268 663 2390 735 regi
2437 661 2722 729 Jaroslao,
2755 666 2889 734 post
2940 660 3162 718 bellum
3213 659 3696 718 cruentissimum
3728 662 3792 716 et

2123 751 2401 808 iteratum
2432 750 2616 808 victor
2635 750 2824 807 evadit
2851 751 3087 820 Maslai;
3119 749 3442 819 Poloniam,
3466 749 3518 806 si
3546 765 3666 806 non
3697 752 3790 806 to-

2123 843 2270 908 tam,
2305 843 2370 895 ut
2386 856 2515 896 eam
2541 857 2683 896 avus
2705 839 3026 896 Bolizlavus
3057 839 3101 896 I.
3125 837 3526 908 constituerat,
3546 837 3786 908 saltem,

2125 932 2192 985 ut
2224 933 2397 986 antea
2429 930 2634 995 fuerat,
2670 928 2784 986 sibi
2814 929 3097 986 subdidit.

2125 1044 2262 1102 CAP.
2295 1045 2486 1102 XLVI.
2520 1077 2588 1088 —
2620 1046 2929 1104 Crudelitas
2971 1047 3306 1102 Polonorum
3349 1053 3480 1103 tunc
3519 1048 3791 1104 temnori:

2198 1116 2406 1200 eadem,
2440 1133 2562 1200 guis
2587 1126 2912 1200 caeterorum
2939 1117 3500 1200 populorum._Russ§,
3531 1116 3788 1200 βοῆθνηξ,

2196 1187 2471 1316 [ἐῖίιῖῳανίς
2503 1190 2667 1260 Dani,
2696 1187 3024 1259 Normanizi,
3056 1187 3332 1246 Germani.
3351 1220 3420 1230 -—
3445 1187 3608 1262 Origo
3636 1191 3790 1246 vocis

2307 1276 2430 1316 ave.
3551 1281 3555 1284 ·

2307 1276 2430 1316 ΘΝΕ.
3551 1281 3555 1284 ’

2199 1374 2444 1432 Plurimi
2475 1376 2797 1434 Germania
2838 1377 3151 1450 scriptores
3195 1376 3511 1436 criminose
3551 1379 3786 1444 dicunt,

2129 1463 2313 1521 immo
2332 1465 2847 1522 criminationibus
2868 1470 3112 1523 onerant
3127 1465 3375 1524 Polonos
3394 1469 3536 1524 tunc
3554 1470 3790 1540 tempo-

2131 1554 2214 1610 ris
2243 1570 2565 1626 eorumque
2579 1570 2767 1628 reges,
2786 1555 3067 1612 barbaros
3085 1571 3184 1612 eos
3205 1572 3337 1613 esse
3355 1557 3793 1630 deprasdatores

2132 1642 2430 1700 facientes.
2452 1665 2480 1694 «
2507 1643 2779 1714 Miseco,»
2797 1643 2878 1700 ait
2900 1643 3392 1718 Chronographus
3419 1645 3590 1714 Saxo,
3613 1667 3641 1696 «
3659 1646 3795 1702 Dux

2135 1731 2485 1788 Polonorum
2515 1753 2543 1781 »
2575 1730 2760 1788 falsus
2803 1731 3184 1801 christianus,
3225 1731 3540 1802 homicida,
3587 1737 3794 1806 tyran-

2137 1837 2440 1876 nus........
2474 1819 2633 1876 Talis
2665 1825 2754 1877 est
2777 1837 2914 1894 ergo
2944 1820 3064 1877 Rex
3089 1820 3381 1891 Mesecbo,
3409 1821 3533 1878 haec
3558 1820 3796 1878 viarum

2058 1933 2104 1998 B
2137 1925 2382 1966 suarum
2414 1907 2854 1966 abhominanda
2889 1907 3258 1982 simplicitas,
3287 1908 3411 1966 haec
3439 1909 3798 1968 innocentiae

2135 1998 2510 2070 dampnanda
2538 1997 2787 2070 puritas,
2802 1998 2924 2054 haec
2941 1998 3199 2070 justitia,
3219 1997 3343 2054 hac
3367 1999 3514 2057 ﬁdes
3538 1999 3797 2058 falsissi-

2136 2103 2233 2144 ma
2262 2087 2392 2158 ejus
2423 2085 2888 2144 christianitatis.
2920 2087 2979 2142 Si
3009 2103 3145 2160 ergo
3176 2087 3314 2155 Rex,
3346 2104 3527 2160 quare
3555 2089 3802 2163 pmdo?

2137 2175 2188 2233 si
2215 2174 2483 2248 simplex,
2498 2191 2680 2248 quare
2701 2175 3132 2249 apostrophus?
3154 2175 3204 2232 si
3225 2176 3438 2246 ﬁdelis,
3457 2193 3639 2251 quare
3661 2195 3802 2254 apo-

2139 2268 2296 2320 stata
2319 2280 2384 2320 ac
2424 2268 2746 2338 tyrannus?
2765 2265 2915 2330 Quid
2943 2264 3078 2335 tibi,
3105 2269 3348 2322 cruenta
3377 2265 3570 2334 belua,
3600 2267 3803 2343 regale

2141 2357 2555 2410 ornamentum
2585 2353 2642 2409 in
2672 2370 2886 2410 corona
2941 2357 2999 2410 et
3055 2353 3258 2422 lancea
3312 2355 3632 2413 deaurata?
3663 2373 3798 2431 quas

2141 2441 2441 2500 consentio
2466 2442 2682 2499 Christi
2713 2459 2849 2498 cum
2881 2441 3101 2500 Belial?
3129 2445 3266 2511 Quae
3289 2446 3348 2501 te
3377 2445 3602 2502 tumide
3629 2451 3805 2504 vexat

2140 2531 2378 2588 vesania
2406 2535 2473 2588 ut
2502 2529 2562 2586 in
2593 2547 2842 2605 regnum
2870 2532 3144 2588 Romanae
3175 2531 3408 2590 virtutis
3438 2538 3658 2590 temere
3688 2535 3801 2590 du-

2144 2636 2305 2676 ceres
2335 2619 2542 2676 arma?
2571 2621 2952 2694 Quod,quam
2981 2619 3089 2676 tibi
3123 2619 3203 2677 sit
3231 2621 3650 2693 periculosum,
3668 2627 3804 2680 tum

2145 2725 2274 2766 sero
2305 2708 2610 2782 percipies,
2627 2725 2762 2765 cum
2793 2709 2881 2766 tui
2921 2707 3190 2782 imbelles
3229 2709 3487 2782 plurima
3522 2709 3801 2768 multitu-

2145 2797 2283 2854 dine
2326 2797 2558 2867 armati,
2595 2797 2813 2854 nostris
2851 2781 3007 2854 hella
3045 2797 3369 2856 scientibus
3409 2797 3593 2856 immo
3625 2805 3686 2856 et
3715 2801 3803 2856 fa-

2147 2885 2457 2953 cientibus,
2489 2891 2554 2942 ut
2583 2885 2747 2960 digni
2777 2891 2938 2955 sunt,
2973 2891 3348 2944 conterentur
3375 2887 3544 2960 (444).

2219 2975 2354 3040 Quae
2385 2973 2644 3030 convicia
2670 2975 2720 3032 si
2749 2975 3160 3049 componimus
3190 2991 3324 3032 cum
3364 2992 3600 3034 summa
3625 2975 3804 3036 laude

2151 3060 2470 3132 Mathildis,
2502 3061 2688 3120 risum
2731 3066 2926 3120 tenere
2967 3079 3082 3120 non
3114 3081 3454 3137 possumus,
3485 3069 3545 3122 et
3585 3065 3804 3123 huma-

2151 3166 2288 3206 nam
2315 3155 2584 3207 naturam
2627 3149 3026 3224 deploramus,
3053 3169 3181 3226 quae
3224 3171 3354 3211 raro
3384 3155 3626 3211 veritate
3655 3171 3802 3212 con-

2148 3243 2330 3306 tenta,
2363 3239 2582 3313 ubique
2620 3241 2976 3314 superlative
3003 3241 3229 3315 quaerit.
3261 3242 3546 3300 Caeterum
3574 3243 3807 3303 diceres

394 3335 415 3344 ”
463 3335 694 3391 Mortuo
722 3334 1034 3407 Misegone,
1058 3332 1232 3389 factio
1257 3348 1618 3406 paganorum
1640 3335 1901 3391 secunda
1915 3335 2040 3392 vice
2068 3301 2112 3370 Ο
2153 3301 2678 3404 Chronographum
2696 3301 3038 3388 .Saxonem‘
3070 3333 3422 3405 respondere
3471 3301 3808 3406 prmfationi

395 3427 574 3498 caput
601 3422 772 3492 tollit,
789 3427 848 3480 et
875 3421 1096 3496 Regina
1126 3421 1272 3478 Rixa
1297 3438 1328 3477 e
1357 3437 1536 3495 regno
1578 3421 1770 3496 pulsa,
1802 3422 2042 3481 Bolizla-

395 3530 536 3570 vum
557 3512 856 3586 juniorem
887 3510 1366 3584 primogenitum,
1389 3511 1492 3566 sed
1523 3527 1593 3567 ex
1617 3511 1732 3567 alia
1757 3529 1932 3570 uxore
1955 3513 2046 3570 vel

398 3601 628 3678 pellice,
649 3601 858 3658 ducem
889 3603 1078 3668 nacta,
1103 3602 1302 3671 aperte
1331 3614 1461 3670 quae
1489 3597 1630 3654 velit
1649 3600 2044 3671 demonstrat;

397 3688 709 3764 expellitur
730 3687 968 3746 Casimii
981 3703 1052 3742 us
1074 3703 1192 3755 rex,
1217 3685 1595 3756 monasteria,
1616 3687 1870 3744 ecclesiae
1893 3706 2048 3746 com-

396 3779 594 3848 busta,
614 3777 944 3836 sacerdotes
963 3775 1256 3844 trucidati,
1277 3779 1334 3832 et
1347 3774 1666 3831 Christiani
1684 3777 1834 3834 ferro
1859 3778 2044 3850 petiti.

395 3867 723 3926 Bolizlavus
752 3866 912 3939 regia
938 3865 999 3920 in
1030 3865 1280 3921 Polonos
1310 3863 1597 3937 dignitate
1626 3865 1860 3934 fruitur,
1888 3867 2046 3924 anti-

397 3973 576 4032 quam
598 3957 846 4014 fortasse
870 3954 1198 4010 libertatem
1219 3952 1434 4027 populo
1454 3951 1542 4010 vel
1563 3955 1900 4026 proceribus
1921 3957 2050 4013 red-

396 4044 566 4118 didit,
589 4047 664 4114 et,
685 4061 817 4101 cum
841 4042 1048 4100 ceteris
1078 4042 1254 4099 rebus
1283 4040 1501 4113 latinis,
1520 4041 1773 4100 latinum
1795 4067 1824 4095 «
1848 4047 1992 4118 regis
2013 4068 2042 4096 ››

393 4150 610 4193 nomen
641 4133 926 4206 abjecisse
947 4131 1200 4200 videtur.
1217 4130 1383 4188 Certe
1412 4148 1447 4188 a
1475 4130 1769 4204 plerisque
1798 4135 2043 4208 scripto-

391 4225 558 4282 ribus
588 4237 706 4281 non
743 4222 898 4280 inter
924 4219 1276 4278 Polonorum
1315 4237 1482 4293 reges
1525 4226 1889 4290 numeratur,
1923 4223 2044 4282 sive

393 4313 550 4388 quod
581 4313 808 4386 regium
839 4327 1053 4368 nomen
1103 4327 1220 4366 non
1263 4307 1633 4376 assumserit,
1675 4309 1793 4366 sive
1823 4313 1977 4384 quod
2010 4330 2044 4369 a

391 4401 715 4458 christiana
741 4399 928 4456 latina
950 4398 1066 4454 ﬁde
1093 4397 1420 4453 defecisset.
1445 4396 1570 4452 Non
1596 4397 1816 4470 profuit
1843 4403 2040 4458 tamen

392 4506 481 4559 ea,
497 4504 882 4562 quaecumque
903 4486 1078 4542 fuerit
1100 4485 1358 4559 dignitas
1381 4483 1695 4556 Bolizlavo;
1717 4503 1852 4543 nam
1880 4489 2042 4546 Chri-

391 4578 570 4636 stiani
601 4576 768 4635 latini
798 4575 859 4632 in
890 4575 991 4632 illo
1011 4573 1164 4632 civili
1183 4573 1441 4630 tumultu
1462 4579 1771 4646 certemox
1789 4577 2040 4638 victores

2155 3418 2532 3476 Mathildinae.
2565 3420 2627 3476 Si
2670 3435 2786 3492 quo
2830 3436 3092 3493 unquam
3143 3421 3203 3477 in
3242 3421 3385 3490 viro,
3417 3425 3570 3478 certe
3597 3421 3661 3480 in
3692 3421 3808 3479 hoc

2155 3507 2452 3582 Misegone
2479 3526 2654 3566 aurea
2686 3508 3059 3580 mediocritas
3087 3509 3310 3584 optima
3339 3515 3446 3567 est.

2225 3598 2524 3662 Quantum
2569 3597 2778 3654 attinet
2803 3599 2878 3654 ad
2922 3597 3056 3656 illas
3099 3599 3452 3656 Polonorum
3495 3600 3806 3674 depreda-

2152 3685 2342 3744 tiones
2367 3691 2438 3760 ,et
2477 3686 2872 3756 incursiones;
2913 3687 3060 3760 proh
3089 3687 3278 3746 dolor!
3321 3688 3625 3746 verissima
3653 3691 3807 3747 dixit

2153 3775 2646 3850 Chronographus
2680 3792 2694 3832 :
2727 3780 2806 3844 at,
2833 3776 2976 3850 quid
3019 3777 3091 3834 de
3139 3777 3304 3834 asino
3355 3777 3664 3849 faciamus,
3701 3780 3806 3852 qui

2155 3867 2389 3923 asinum
2420 3865 2628 3922 fricat?
2657 3863 2874 3922 Omnes
2893 3865 3096 3938 populi
3119 3869 3260 3922 tunc
3289 3865 3493 3922 eodem
3523 3865 3809 3924 bibebant

2153 3953 2383 4028 poculo.
2414 3955 2660 4011 Paratur
2696 3953 2919 4010 bellum
2945 3971 2981 4011 a
3006 3958 3198 4028 gente,
3229 3953 3424 4028 gloriae
3463 3959 3522 4012 et
3557 3955 3805 4013 divitia-

2150 4061 2286 4102 rum
2317 4043 2556 4118 cupida;
2589 4042 2948 4099 invaduntur
2965 4043 3112 4100 ﬁnes
3132 4043 3484 4117 populorum
3511 4045 3808 4123 proximo-

2151 4151 2313 4202 rum;
2345 4148 2578 4200 aurum,
2605 4136 2936 4206 argentum,
2967 4133 3242 4204 pecudes,
3276 4149 3368 4189 res
3395 4133 3664 4206 pretiosa
3693 4148 3802 4190 ca-

2150 4223 2413 4296 piuntur,
2433 4223 2646 4278 domus
2673 4221 3234 4290 comburuntur,viri
3259 4221 3470 4278 armati
3491 4221 3582 4280 vel
3612 4221 3799 4280 armis

2149 4313 2269 4384 apti
2301 4312 2626 4376 caeduntur,
2659 4309 2887 4367 feminae
2931 4309 3224 4368 violentur
3255 4315 3313 4368 et
3349 4312 3410 4368 in
3451 4310 3797 4369 servitutem

2149 4401 2460 4474 rapiuntur
2488 4417 2625 4457 cum
2666 4399 2966 4470 masculis,
3000 4399 3100 4472 qui
3131 4401 3394 4458 nondum
3439 4417 3606 4458 arma
3644 4401 3800 4458 ferre

2145 4489 2368 4560 valent;
2400 4491 2638 4547 tandem
2667 4506 2736 4546 ea
2761 4492 2926 4546 terra
2963 4505 3122 4563 pars,
3145 4507 3272 4564 quae
3303 4489 3524 4548 intacta
3551 4491 3798 4560 mansit,

2143 4579 2432 4636 tributum
2462 4578 2788 4654 pollicetur.
2811 4579 3044 4636 Abeunt
3066 4579 3801 4652 praedatores,dividuntur

388 4667 658 4726 maxime;
675 4665 926 4724 Polonia:
947 4663 1792 4738 partisevaserunt.Bolizlavus
1809 4669 2038 4727 occisus
2067 4673 2113 4738 D
2145 4668 2351 4743 spolia,
2387 4685 2460 4726 ne
2489 4669 2681 4724 dicam
2711 4668 2958 4742 rapina;
2995 4671 3053 4726 et
3080 4668 3174 4725 his
3205 4668 3402 4727 onusti
3439 4668 3662 4728 milites
3691 4671 3796 4728 do-

386 4763 445 4815 et
493 4756 736 4814 Polonia
763 4755 949 4812 divisa
998 4757 1110 4822 est,
1142 4752 1202 4808 in
1255 4753 1696 4812 meridiolanem
1739 4755 2033 4828 (christia-

387 4847 618 4920 namve)
649 4849 876 4919 partem
904 4848 962 4900 et
990 4843 1050 4898 in
1084 4842 1599 4915 septentrionalem
1629 4844 2034 4920 (paganamve)

384 4936 468 4992 ita
494 4939 561 4991 ut
588 4933 700 4990 ille
755 4931 1086 4990 simultates
1129 4931 1280 4988 inter
1324 4931 1598 4990 ecclesias
1654 4933 1920 4990 Latinam
1977 4941 2036 4992 et

385 5024 644 5081 Graecam
658 5021 812 5078 veris
832 5020 1078 5094 paganis
1107 5023 1336 5078 tantum
1366 5021 1709 5094 profuerint.
1729 5023 1860 5079 Haec
1881 5024 2032 5081 Mas-

385 5111 547 5168 laum
568 5111 885 5183 quendam,
901 5109 1354 5182 subpincernam
1373 5111 1691 5183 Misegonis
1712 5111 1806 5180 11.,
1825 5111 2036 5184 princi-

385 5217 523 5275 pem
551 5199 642 5256 vel
685 5214 880 5272 regem
920 5198 1268 5272 proclamat;
1301 5199 1404 5256 illa
1431 5217 1586 5266 vero,
1619 5199 1678 5254 id
1709 5204 1798 5255 est
1849 5199 2035 5259 latina

383 5306 521 5364 pars
536 5287 876 5361 aliquandiu
895 5293 1122 5345 vastata
1145 5292 1203 5344 et
1231 5287 1383 5344 bello
1401 5287 1554 5344 civili
1585 5292 1642 5342 et
1672 5304 1707 5342 a
1735 5287 2030 5360 Bohemis,

379 5378 621 5436 tandem
650 5380 880 5434 revocat
897 5378 1272 5435 Casimirum.
1292 5376 1426 5445 Qui,
1442 5376 1503 5431 in
1529 5374 1828 5432 Poloniam
1849 5377 2033 5436 redux

477 5605 600 5694 442)
617 5605 870 5692 To'niberg
896 5625 1075 5682 prope
1091 5606 1424 5664 Rheinbaeh
1459 5607 1517 5662 in
1541 5605 1782 5680 antiquo
1805 5613 2028 5668 Ducatu

379 5683 723 5738 Juliacensi.

398 5753 509 5824 ην.
541 5752 785 5822 Spruner
839 5749 1057 5824 Hister:
1096 5746 1261 5824 A_tlas
1315 5749 1390 5824 N3
1437 5750 1523 5824 i_3_.
1557 5753 1646 5824 et_
1671 5751 1853 5824 patris
1911 5754 2026 5810 mei

384 5819 589 5893 dignae
624 5821 936 5876 memoriae.
969 5819 1102 5876 Joh.
1131 5819 1296 5876 Peter
1345 5820 1567 5878 Dethier
1616 5819 1875 5897 Beitrage
1924 5841 2029 5882 zur

472 5539 600 5612 411)
628 5540 735 5611 Ap.
769 5539 1056 5594 lenermn
1083 5537 1142 5592 in
1173 5537 1315 5592 hist.
1348 5535 1530 5592 Palat.
1565 5552 1624 5607 p.
1655 5535 1752 5592 261
1792 5541 1859 5593 Α.

449 5541 600 5736 ζμ2)
617 5611 870 5692 Topiberg
896 5625 1075 5682 prope
1091 5606 1424 5664 Rheinbaeh
1459 5607 1517 5662 in
1541 5605 1782 5680 antiquo
1805 5613 1859 5664 Οι

449 5706 454 5736 ι
482 5697 723 5736 incensi.

2143 4773 2308 4814 mum
2335 4757 2597 4826 reduces,
2613 4761 2788 4831 caput
2806 4758 2880 4814 ad
2897 4757 3093 4815 sidera
3111 4757 3346 4828 tollunt,
3363 4762 3540 4832 atque
3567 4759 3798 4817 familia

2143 4849 2201 4900 et
2228 4844 2447 4902 divitiis
2487 4845 2664 4914 aucti,
2695 4862 2988 4920 generosae
3029 4847 3233 4920 stirpis
3275 4847 3438 4922 origo
3475 4848 3656 4918 ﬁunt;
3689 4849 3797 4905 do-

2133 4945 2248 4989 ‘nec
2281 4933 2394 5008 ipsi
2425 4951 2460 4990 a
2488 4933 2826 4992 fortioribus
2865 4939 2966 4992 aut
3007 4933 3366 4992 felicioribus
3413 4935 3686 4994 ﬁnitimis
3714 4938 3794 4996 si-

2143 5021 2305 5078 milia
2335 5023 2606 5080 tolerant.
2639 5032 2826 5082 Touﬁﬁ’
2851 5031 2878 5081 ὁ
2905 5033 3110 5097 τλὴμων
3136 5031 3350 5096 πόλεμος
3379 5033 3708 5099 ἐνεργάζεται.

2213 5111 2309 5168 Sic
2337 5113 2494 5169 Βαδδί
2523 5129 2728 5168 omnes
2766 5113 3052 5169 ﬁnitimos
3089 5112 3336 5186 populos
3369 5118 3428 5170 et
3455 5113 3794 5174 Graecorum

2141 5200 2455 5272 imperium
2487 5218 2639 5274 saepe
2677 5201 2992 5274 depraedati
3022 5206 3182 5271 sunt,
3207 5202 3546 5278 incolasque
3578 5205 3639 5262 in
3669 5221 3794 5262 ser-

2138 5290 2384 5346 vitutem
2421 5291 2532 5346 sub
2563 5289 2734 5348 hasta
2762 5291 3167 5348 vendiderunt.

2210 5378 2306 5436 Sic
2343 5379 2604 5438 Bohemo:
2649 5380 2908 5438 vidimus
2964 5397 3100 5438 cum
3147 5371 3430 5459 Bzetislao
3481 5380 3792 5442 Poloniam

2137 5540 2347 5616 Gesch.
2377 5540 2698 5616 d,_I_{reises
2729 5540 3234 5616 BergheimLKoln
3267 5542 3424 5616 1833.

2209 5613 2356 5688 (443)
2385 5613 2531 5688 Vide
2553 5629 2752 5688 supra:
2775 5613 2906 5686 cap.
2928 5613 3119 5688 XXIV.
3151 5615 3226 5688 N0
3255 5616 3307 5672 1.
3331 5615 3448 5688 (ap.

2232 5614 2336 5669 443
2385 5614 2531 5668 Vide
2553 5629 2752 5684 supra.
2775 5614 2906 5686 cap.
2928 5614 3119 5670 XXIV.
3151 5615 3226 5670 Νο

2230 5614 2356 5813 Mi}
2387 5685 2684 5752 Chronogr.
2714 5684 2857 5740 Saxo
2887 5686 2960 5740 ad
2992 5702 3046 5741 a.
3081 5686 3240 5743 1030.

2230 5757 2287 5813 1f.
2355 5757 2511 5813 nnal.
2545 5755 2710 5812 Saxo.
2743 5756 2816 5813 ad
2846 5773 2899 5812 a.
2931 5757 3095 5813 4030.

3505 5584 3518 5598 .
3549 5544 3646 5600 21.

3533 5613 3788 5686 imum).

2355 5757 2511 5814 nnal.
2545 5755 2710 5812 Saxo.
2743 5756 2816 5813 ad
2846 5773 2899 5812 a.
2931 5757 3095 5814 4030.
