3950 6366
183 525 3590 558 ω

1533 663 1686 703 ANNO
1726 664 1930 704 DOMINI
1969 663 2234 704 DCCCCXC.

433 816 1302 978 JOANNES
1398 816 2040 974 SMERA
2159 818 3340 982 POLOVECIUS

1258 1145 1764 1241 ΝΟΤΙΤΙΑ
1840 1146 2518 1241 HISTOBICA

949 1316 1116 1384 vaa,
1151 1315 1486 1388 Scriptorum
1511 1317 2002 1372 ecclesiasticorum
2030 1317 2259 1372 historia
2289 1316 2584 1383 litterario,
2620 1333 2675 1390 p.
2706 1318 2830 1374 509.

257 1547 517 1604 Joannes
549 1548 754 1603 Smera
783 1545 1132 1614 Polovecius,
1167 1547 1400 1603 natione
1423 1547 1832 1615 Russus,Wla-
1861 1549 1918 1616 Α
1945 1547 2243 1620 religionis
2271 1547 2590 1604 cultoribus
2622 1549 2929 1606 certiorem
2961 1551 3232 1609 reddidit.
3269 1553 3332 1610 In
3371 1554 3598 1613 Graeco-

189 1636 389 1694 dimiri
421 1635 574 1710 regis
604 1635 870 1692 medicus
917 1640 974 1692 et
1021 1636 1236 1704 rhetor,
1280 1636 1492 1692 claruit
1520 1654 1674 1693 anno
1712 1638 1835 1692 990.

190 1728 351 1784 Inter
392 1725 708 1798 scriptores
752 1725 1177 1782 ecclesiasticos
1232 1725 1425 1781 locum
1478 1726 1674 1796 habet,
1724 1743 1839 1782 non

192 1817 348 1889 quod
376 1815 549 1888 plura
577 1817 710 1888 post
747 1831 808 1870 se
840 1813 1078 1887 reliquit
1122 1815 1408 1887 epuscula
1451 1820 1639 1871 exstat
1686 1816 1838 1871 enim

192 1923 309 1962 non
342 1905 458 1961 nisi
489 1905 736 1978 epistola
765 1904 956 1970 unica,
986 1906 1086 1960 sed
1117 1906 1189 1960 ob
1223 1905 1581 1978 singularem
1626 1905 1708 1961 rei
1739 1922 1841 1961 no-

189 1993 844 2051 vitatem.Wladimirus
865 2011 1178 2066 supremus
1201 1995 1525 2050 Russorum
1551 1994 1842 2068 princeps,

195 2083 474 2156 religione
505 2081 1066 2156 gentilis,Helenam,
1101 2083 1240 2152 sive,
1276 2087 1340 2138 ut
1369 2083 1466 2138 alii
1495 2087 1842 2150 vocant,An-

195 2172 563 2240 nam,Basilii
581 2176 637 2228 et
653 2172 1019 2228 Constantini
1036 2172 1457 2244 imperatorum
1480 2173 1731 2229 Orientis
1750 2190 1842 2228 so-

195 2277 409 2329 rorem,
441 2262 502 2316 in
532 2277 773 2317 uxorem
805 2261 988 2316 duxit.
1021 2263 1146 2327 Qua
1175 2261 1476 2318 occasione
1501 2262 1842 2335 religionem

195 2350 587 2409 Christianam
620 2349 924 2422 amplexus
955 2355 1060 2418 est,
1094 2353 1152 2406 et
1191 2350 1367 2406 Russi
1412 2350 1470 2404 in
1513 2350 1842 2406 Graecorum

196 2441 345 2497 ritus
355 2440 892 2496 transferunt.Ante
910 2455 1044 2494 vero
1069 2455 1246 2510 quam
1265 2439 1385 2494 haec
1401 2439 1846 2508 ﬁerent,Wladi-

197 2528 703 2600 mirus,idolorum
735 2527 919 2584 cultui
942 2527 1134 2582 adhuc
1165 2527 1483 2596 deditus,in
1503 2529 1692 2583 varias
1716 2545 1842 2599 qua:

195 2624 323 2674 tum
366 2617 644 2691 vigebant
689 2615 1001 2689 religiones
1048 2616 1341 2688 inquirere
1398 2617 1592 2688 coepit,
1645 2615 1844 2672 missis

196 2708 588 2780 undequaque
615 2706 769 2761 hanc
793 2705 853 2760 in
886 2720 1008 2760 rem
1041 2703 1523 2776 exploratoribus.
1566 2705 1846 2761 Instanti-

198 2798 311 2854 bus
338 2793 1268 2862 Mahumetanis,illorumcultum
1298 2793 1457 2849 velut
1487 2793 1706 2849 foedum
1727 2799 1846 2849 tur-

198 2900 451 2960 pemque
463 2883 820 2956 contemptui
839 2882 1064 2938 habuit.
1075 2882 1136 2937 In
1151 2883 1482 2938 Gracorum
1504 2881 1843 2956 religionem

199 2974 618 3048 prependebat.
663 2974 785 3037 Quo
842 2989 976 3028 vero
1024 2971 1211 3026 tutius
1268 2973 1626 3044 procederet,
1687 2972 1851 3027 misit

198 3064 491 3121 Joannem
517 3065 789 3117 nostrum
820 3060 920 3132 qui
956 3061 1144 3117 varias
1176 3061 1440 3132 regiones
1493 3065 1846 3134 peragraret,

200 3167 382 3224 seque
411 3150 483 3207 de
510 3150 788 3206 omnibus
819 3149 1123 3205 certiorem
1156 3149 1710 3221 faceret.Peragrata
1741 3150 1848 3205 ita-

199 3257 314 3314 que
341 3239 665 3308 Pannonia,
698 3238 916 3307 Servia,
950 3237 1244 3311 Bulgaria,
1280 3239 1483 3309 Mysia,
1519 3255 1852 3311 magnoque

201 3330 536 3387 Graecorum
584 3327 851 3401 imperio,
884 3326 1208 3394 Antiochia,
1249 3326 1690 3399 Hierosolymis,
1722 3331 1850 3382 tan-

199 3419 335 3476 dem
365 3417 596 3474 devenit
621 3417 683 3473 in
713 3419 1088 3490 Egyptum,et
1108 3416 1465 3472 Alexandriae
1483 3415 1582 3472 diu
1601 3433 1854 3472 commo-

199 3512 366 3566 ratus
395 3511 503 3576 est,
537 3523 701 3564 sacro
733 3506 962 3562 lavacro
993 3505 1074 3561 ibi
1107 3506 1392 3562 initiatus.
1428 3506 1506 3561 Ex
1543 3506 1652 3561 hac
1709 3506 1853 3561 urbe

199 3596 426 3655 litteras
448 3597 520 3652 ad
541 3595 960 3652 Wladimirum
993 3594 1391 3667 dedit,quibus
1419 3611 1553 3650 eum
1579 3595 1650 3650 de
1674 3594 1852 3650 variis

1950 1654 2082 1692 rum
2114 1653 2305 1693 mores
2337 1642 2394 1693 et
2420 1637 2691 1694 instituta
2723 1637 2912 1696 acrius
2940 1640 3252 1711 invehitur,
3277 1659 3600 1718 eorumque

1950 1725 2183 1781 ruinam
2197 1731 2254 1782 et
2273 1726 2513 1782 exitium
2537 1727 2608 1783 ob
2622 1727 3600 1807 idololatriam,hypocrisin,super-

1949 1814 2540 1882 biam,crudelitatem
2574 1816 2805 1889 aliaque
2834 1818 2977 1874 vitia
3003 1820 3598 1891 praedicitmltimam-

1951 1920 2064 1975 que
2084 1907 2316 1975 gentem
2337 1905 2646 1960 Judaicam
2678 1905 2750 1961 ad
2783 1906 3109 1964 doctrinam
3132 1908 3346 1966 Christi
3369 1927 3602 1968 conver-

1950 1993 2210 2048 tendam.
2243 1992 2477 2049 Claudit
2507 1993 2733 2050 litteras
2778 1995 2872 2052 his
2919 1988 3338 2056 Wladimirum
3386 2001 3598 2057 verbis.

1950 2083 2193 2153 Ideoque,
2228 2097 2257 2137 o
2290 2099 2406 2150 rex,
2437 2099 2549 2138 non
2581 2084 2706 2139 licet
2735 2084 2838 2139 tibi
2864 2087 3138 2158 suscipere
3183 2104 3362 2145 mores
3386 2094 3438 2145 et
3465 2092 3600 2146 reli-

1947 2171 2164 2241 gionem
2195 2170 2461 2227 Graecam.
2493 2171 2592 2226 Sin
2625 2188 2744 2228 vero
2784 2189 2905 2229 eam
2945 2177 3261 2247 susceperis,
3292 2193 3386 2248 ego
3433 2179 3504 2234 ad
3552 2187 3605 2236 te

1949 2276 2239 2330 nunquam
2280 2262 2617 2331 proﬁciscar,
2667 2262 2761 2317 sed
2813 2263 2901 2317 hic
2946 2263 3288 2321 obdormiens
3333 2266 3605 2338 judicium

1948 2349 2081 2403 Filii
2107 2350 2205 2403 Dei
2233 2349 2568 2420 exspectabo.
2601 2349 2841 2421 Scripsit
2869 2351 3022 2408 hanc
3053 2353 3365 2426 epistolam
3399 2355 3604 2429 lingua

1951 2436 2278 2508 Bulgarica,
2312 2439 2371 2492 in
2402 2437 2619 2494 tabulis
2649 2439 2836 2506 aereis,
2866 2439 3076 2497 litteris
3107 2442 3330 2499 ferreis.
3367 2444 3603 2502 Tabulas

1951 2525 2011 2580 in
2045 2526 2396 2582 monasterio
2427 2526 2744 2583 Salvatoris
2777 2527 3208 2601 Praemisliensi,
3241 2549 3358 2587 non
3396 2534 3601 2606 procul

1952 2631 1987 2670 a
2015 2614 2192 2670 veteri
2223 2615 2888 2681 Sambore,delituerunt
2899 2619 2970 2674 ad
2987 2635 3209 2676 annum
3232 2637 3420 2694 usque
3441 2623 3602 2690 4567,

1953 2720 2066 2777 quo
2091 2703 2351 2759 Andreas
2383 2703 2775 2777 Kolodynsky,
2811 2706 3129 2763 Bassorum
3168 2709 3472 2778 diaconus,
3506 2727 3605 2767 eas

1953 2794 2012 2847 in
2045 2809 2376 2849 sermonem
2401 2792 2719 2849 Russicum
2752 2797 2809 2849 et
2839 2793 3174 2852 Polonicum
3200 2799 3610 2857 transtulit.Ex

1952 2880 2244 2949 Polonico,
2279 2899 2374 2936 an.
2408 2881 2567 2950 4677,
2601 2882 2806 2938 Latine
2835 2884 3007 2939 vertit
3058 2885 3402 2944 Benedictus
3440 2889 3605 2944 Wis-

1955 2969 2610 3026 sowatius.Versionem
2636 2970 2765 3040 eius
2797 2971 2856 3026 in
2877 2971 3070 3029 lucem
3093 2975 3332 3046 prolulit
3352 2976 3608 3034 Sandius

1957 3062 2015 3115 in
2046 3059 2360 3132 Append.ad
2389 3061 2525 3115 Hist.
2553 3060 3112 3132 Eccl.,p.6l.Exinde
3141 3065 3404 3122 Andreas
3427 3065 3606 3122 Wen-

1957 3147 2219 3221 gerscius
2248 3150 2309 3202 in
2336 3148 2574 3220 Append.
2605 3149 2676 3204 ad
2702 3151 3045 3207 Hist.Eccles.
3074 3155 3606 3224 provinc.Sclavon.,

1958 3255 2016 3310 p.
2049 3238 2172 3292 499.
2204 3237 2329 3293 Non
2360 3253 2598 3309 parvam
2629 3237 2766 3292 huic
2797 3239 3054 3310 epistolae
3077 3239 3267 3297 lucem
3301 3243 3607 3301 effundent

1959 3325 2330 3381 Miechowita
2360 3326 2496 3380 Hist.
2529 3326 2720 3380 Polon.
2754 3323 2885 3382 libr.
2938 3343 3001 3395 ιι,
3053 3345 3178 3400 cap.
3221 3331 3275 3400 3,
3327 3331 3426 3387 fol.
3475 3333 3601 3389 990.

1960 3415 2270 3470 Cromerus
2299 3418 2384 3469 De
2408 3414 2556 3483 Orig.
2589 3417 2641 3470 et
2663 3414 2821 3472 rebus
2846 3419 3010 3485 gestis
3038 3419 3229 3475 Polon.
3263 3419 3364 3476 lib.
3417 3437 3498 3490 ιιι,
3539 3439 3597 3494 p.

1959 3504 2048 3573 3-l,
2077 3509 2144 3560 ut
2174 3503 2317 3560 alios
2349 3504 2598 3559 mittam.
3017 3503 3021 3509 “

1109 3870 1749 3973 ΞΜΕΒΙΕ
1832 3867 2711 3972 Ροιονεοιι

1701 4059 2112 4134 EPISTOLA

702 4225 870 4340 AD
979 4224 1816 4340 WLADIMIRUM
1931 4223 2586 4341 RUSSORUM
2701 4227 3107 4343 REGEM

1054 4407 1349 4479 (SANDIUS,
1381 4404 1621 4477 Append.
1653 4406 1724 4462 ad
1752 4405 2048 4461 Historiam
2075 4406 2514 4474 ecclesiasticam,
2550 4424 2607 4480 p.
2639 4408 2754 4480 61.)

1164 4644 1970 4738 APOGBAPHUM
2042 4644 2644 4738 EPISTOLJE

271 4825 450 4894 Quam
488 4826 710 4902 scripsit
755 4825 1067 4896 explorator
1105 4841 1204 4902 seu
1247 4828 1474 4902 nuntius
1521 4826 1867 4902 _Wladimiri,
1898 4827 2143 4898 supremi
2189 4827 2484 4902 Bassorum
2526 4828 2822 4902 principis,
2872 4827 3212 4884 Alexandria
3261 4830 3606 4902 Egyptiaca,

197 4897 346 4972 circa
361 4913 585 4972 annum
611 4897 737 4965 990,
769 4904 1002 4972 tempore
1030 4913 1132 4972 quo
1161 4899 1356 4972 Russia
1384 4898 1628 4972 nondum
1657 4897 1986 4972 baptismum
2012 4900 2363 4972 suscepisset;
2394 4913 2512 4969 qua
2528 4897 2814 4972 translata
2846 4904 2942 4972 est
2986 4917 3056 4956 ea:
3100 4902 3316 4972 scriptis
3333 4897 3346 4899 ⁷
3363 4897 3612 4972 antiquae

196 4967 456 5024 doctrinm
485 4969 796 5034 Russorum,
824 4967 922 5039 per
950 4967 1222 5023 Andream
1249 4968 1588 5041 Iiolodynsky
1619 4987 1654 5025 a
1689 4967 1972 5041 Witepsko,
2005 4971 2065 5024 in
2095 4967 2417 5025 hodiernum
2462 4971 2747 5041 scriptum,
2781 4985 2810 5024 e
2837 4971 3032 5042 lingua
3060 4967 3166 5027 But
3203 4967 3374 5041 arica,
3403 4967 3606 5027 etabu-

199 5039 269 5094 lis
298 5040 458 5094 aereis
484 5041 720 5095 inventis
748 5041 810 5094 in
829 5042 1155 5095 monasterio
1186 5040 1502 5097 Saluatoris.
1538 5046 1696 5096 terrae
1719 5043 2172 5097 Praemissiensis.
2205 5057 2317 5097 non
2343 5042 2528 5097 procul
2558 5059 2591 5096 a
2620 5043 2791 5096 veteri
2818 5042 3098 5097 Sambore.
3121 4990 3218 5097 agi
3244 5044 3470 5097 celebris
3499 5042 3606 5097 dua

199 5039 269 5112 lis
298 5040 458 5112 aereis
484 5041 720 5095 inventis
748 5041 1155 5112 inrmonasterio
1186 5039 1502 5112 Saluatoris,
1538 5039 1696 5096 terrae
1719 5039 2172 5107 Pra’missiensis,
2205 5057 2317 5097 non
2339 5042 2528 5112 procul
2558 5039 2591 5096 ἀ
2620 5043 2791 5096 veteri
2818 5039 3098 5108 Sambore.
3121 5060 3157 5098 u

3197 5045 3218 5098 i
3244 5044 3470 5100 celebris
3499 5042 3612 5099 dua:

201 5111 303 5185 beo
331 5111 469 5165 situs
495 5119 593 5185 est,
622 5127 774 5185 anno
804 5111 960 5166 1567.
993 5113 1185 5185 Postea
1202 5127 1338 5185 ivero
1368 5111 1513 5168 idem
1542 5113 1781 5168 Andreas
1805 5114 2087 5169 transtulit
2116 5129 2238 5168 eam
2265 5129 2293 5166 e
2321 5111 2612 5181 Bulgarico
2647 5114 2846 5185 scripto
2881 5115 2941 5168 in
2970 5115 3287 5170 Polonicam
3336 5116 3606 5185 linguam.

198 5180 414 5256 Dictum
441 5182 726 5256 epistolam
752 5199 822 5256 ea:
983 5182 1162 5238 codice
1190 5184 1444 5256 Polonico
1473 5185 1499 5256 ζ
1526 5185 1833 5256 Ryniovicii
1862 5186 2152 5240 Trembecii
2180 5202 2215 5239 a
2242 5200 2300 5239 se
2323 5180 2642 5240 verbotenus
2675 5180 2844 5239 latine
2871 5185 3140 5241 redditam
3171 5202 3348 5243 meam
3375 5180 3612 5243 commu-

197 5252 410 5310 nicavit
435 5252 756 5311 Benedictus
793 5255 1176 5318 Wissowatius,
1210 5254 1358 5322 ﬁlius
1377 5252 1605 5310 Andreae
1641 5258 2009 5328 lVissowu-tii,
2037 5260 2094 5312 ut
2124 5257 2372 5328 sequitur
2403 5273 2422 5311 :

270 5402 686 5462 Potentissime
711 5421 812 5462 rex
856 5404 1219 5472 Wladimire,
1251 5403 1465 5478 inclyte
1521 5406 1715 5474 heros,
1749 5409 1851 5465 do-
1879 5409 1922 5477 ι’]
1952 5411 2009 5464 et
2038 5408 2198 5466 solus
2230 5408 2463 5482 sapiens
2494 5411 2659 5482 regat
2687 5411 2744 5464 te
2773 5407 2927 5464 sicut
2954 5405 3078 5479 ipse
3109 5407 3238 5476 scit,
3257 5406 3316 5462 in
3347 5407 3612 5480 potentia

203 5491 362 5548 mine
409 5492 491 5548 mi
535 5493 727 5563 chare,
768 5495 1131 5551 hereditario
1178 5492 1510 5550 dominator
1547 5496 1853 5569 regionum

201 5578 659 5652 Slavonicarum,
692 5587 826 5656 post
856 5584 1298 5641 aediﬁcationem
1336 5583 1516 5639 turris
1565 5602 1854 5659 propaga-

201 5671 397 5726 tarum
429 5686 460 5726 e
488 5673 860 5746 generatione
885 5672 1275 5747 Japhet,Deus
1297 5673 1460 5734 vivus
1484 5673 1854 5748 omnipotens

1963 5502 2022 5553 et
2049 5501 2356 5569 potestate,
2391 5498 2463 5554 ad
2497 5497 2713 5554 multos
2743 5513 2948 5553 annos.

2035 5586 2214 5642 Hodie
2244 5587 2396 5643 scias
2427 5604 2462 5644 a
2491 5604 2604 5658 me,
2636 5604 2758 5657 rex,
2786 5586 2955 5643 fletus
2988 5583 3131 5641 mihi
3163 5599 3395 5658 semper
3425 5585 3613 5644 obori~

1961 5678 2060 5737 tur
2087 5691 2218 5731 cum
2252 5675 2531 5749 suspirio,
2565 5677 2719 5751 quod
2751 5693 2843 5736 me
2870 5672 3224 5751 ablegaveris
3252 5672 3313 5730 in
3343 5672 3611 5750 regiones
