3950 6368
344 393 499 482 uo":

1618 412 1957 479 APPEND.
2004 414 2111 478 AD
2157 397 2346 482 SIEC.
2392 417 2470 482 Χ.

3594 416 3622 482 Ι
3635 415 3757 483 408

342 551 589 618 Graecas,
622 567 657 608 a
687 547 1099 608 communione
1130 548 1430 608 charitatis
1460 552 1575 607 tuae
1604 553 1662 606 et
1699 521 1988 606 terrarum
2019 549 2074 616 Α
2106 551 2556 624 firmatus,quod
2589 551 2744 626 apud
2775 549 3137 610 Christianos
3168 554 3369 626 posset
3399 553 3617 611 servari
3647 553 3755 610 ho-

341 641 744 708 Russicarum,
778 644 1014 713 propter
1060 639 1517 712 explorationem
1566 638 1864 711 religionis
1925 656 1991 694 ac

340 747 749 803 morumzquas
780 729 852 785 ob
885 746 977 784 res
1007 728 1101 784 hic
1135 745 1532 802 saepenumero
1559 743 1765 801 parum
1803 727 1991 783 abfuit

339 821 482 894 quin
515 819 762 894 perirem
798 837 810 876 :
846 817 1162 891 nullusque
1185 816 1328 890 mihi
1352 835 1507 873 nunc
1533 817 1668 873 hinc
1689 816 1746 872 in
1769 819 1985 872 terram

337 914 502 966 tuam
535 911 692 982 patet
722 907 1015 964 introitus.
1051 906 1176 971 Qua
1203 907 1274 963 de
1311 923 1372 963 re
1423 905 1858 980 magniﬁcentia
1887 910 1988 960 tua

339 999 422 1055 sic
452 997 759 1070 intelligat.
793 995 1059 1053 Transivi
1107 997 1336 1052 deserta
1382 1012 1484 1068 per
1516 995 1820 1051 cacumina
1852 1010 1983 1052 cum

336 1087 626 1156 molestia,
661 1086 1021 1142 Pannoniam
1057 1085 1261 1140 itidem
1290 1083 1626 1151 transivi,et
1655 1083 1984 1138 Danubium

333 1175 538 1249 trajeci
569 1191 704 1231 cum
735 1190 949 1247 magna
978 1191 1258 1229 aerumna.
1292 1175 1501 1229 Postea
1541 1172 1824 1241 Serbiam,
1857 1170 1987 1227 Bul-

335 1266 582 1340 gariam,
641 1264 908 1337 Mysiam,
942 1266 1000 1318 et
1047 1279 1329 1336 magnum
1381 1260 1606 1317 celebre
1670 1260 1984 1333 imperium

334 1357 686 1422 Graecorum,
720 1369 853 1409 cum
885 1352 1143 1424 quinque
1170 1350 1364 1422 regnis
1393 1349 1751 1421 ejus,fuique
1780 1349 1983 1404 Antio-

333 1444 499 1512 chia,
532 1443 736 1517 postea
764 1439 1198 1513 Hierosolymis.
1231 1439 1632 1512 Hierosolyma
1661 1443 1856 1494 autem
1888 1455 1980 1493 ve-

332 1534 393 1592 ni
417 1533 534 1592 huc
557 1529 987 1588 Alexandriam.
1030 1529 1135 1585 Hic
1188 1545 1324 1584 vero
1368 1527 1488 1585 vidi
1537 1527 1754 1599 ubique
1805 1543 1980 1600 syna-

330 1639 512 1697 gogas
542 1623 888 1693 sumptuose
910 1617 1311 1686 fabricatas,in
1330 1616 1551 1690 quibus
1572 1616 1840 1673 homines
1862 1633 1981 1671 mo-

328 1729 463 1768 rum
495 1709 765 1782 aspidum
797 1712 854 1764 et
881 1706 1312 1764 basiliscorum.
1357 1709 1638 1762 Praeterea
1677 1721 1812 1761 vero
1861 1704 1978 1760 vidi

329 1800 508 1858 etiam
539 1815 656 1854 non
689 1813 904 1868 paucos
936 1794 1404 1850 Christianorum
1449 1796 1788 1858 conventus,
1821 1793 1974 1864 apud

328 1905 477 1962 quos
499 1889 627 1959 jam
658 1884 1393 1950 nullaidolasunt,tantum
1414 1898 1618 1937 mensa
1637 1885 1694 1937 et
1715 1898 1974 1936 scamna.

327 1978 398 2041 Hi
430 1981 626 2041 autem
673 1973 942 2030 homines
991 1976 1129 2030 sunt
1181 1970 1436 2044 theologi
1470 1971 1553 2044 (in
1585 1969 1856 2028 Polonico
1888 1975 1978 2026 est

326 2069 699 2138 Bogomowey,
757 2065 798 2118 ἱ.
855 2062 920 2120 de
971 2064 1076 2120 Deo
1146 2061 1437 2134 loquentes)
1510 2059 1760 2123 honesti,
1802 2076 1977 2130 super

327 2155 527 2212 omnia
555 2153 865 2226 diligentes
913 2167 1137 2223 pacem,
1190 2150 1366 2223 plane
1408 2148 1566 2206 velut
1614 2147 1806 2221 angeli
1838 2148 1964 2204 Dei.

324 2242 690 2302 Conveniunt
737 2245 933 2298 autem
964 2242 1036 2298 ad
1067 2240 1367 2297 doctrinas
1414 2237 1676 2311 quotidie
1704 2253 1772 2292 ex
1801 2253 1973 2292 man-

324 2334 460 2397 dato
492 2332 612 2398 Dei,
645 2335 702 2388 et
732 2332 802 2388 ad
835 2345 1036 2402 preces
1070 2327 1416 2384 antelucano
1454 2331 1735 2397 tempore,
1769 2341 1974 2379 rursus

319 2439 456 2480 vero
512 2424 644 2494 post
685 2436 958 2476 occasum
1007 2417 1169 2486 solis,
1203 2415 1519 2488 aliquando
1567 2419 1762 2470 autem
1803 2414 1972 2469 tertia

321 2515 380 2568 et
410 2527 564 2568 nona
591 2509 737 2567 hora
764 2507 900 2564 diei.
932 2508 1049 2563 Hos
1081 2510 1277 2562 autem
1309 2505 1404 2562 hic
1453 2504 1723 2560 homines
1754 2502 1972 2575 ubique

320 2601 629 2674 nominant
641 2601 910 2655 sanctum
926 2595 1027 2653 Dei
1042 2612 1259 2652 novum
1272 2591 1969 2666 Israeliticumpopulum,

319 2706 422 2747 seu
448 2686 1094 2758 Israelem.Sequuntur
1122 2686 1316 2740 autem
1346 2682 1440 2738 hic
1461 2683 1613 2738 hanc
1644 2681 1970 2737 doctrinam

317 2782 375 2835 et
420 2793 587 2850 reges
636 2775 818 2848 aliqui
865 2790 1000 2830 cum
1047 2772 1172 2830 suis
1223 2773 1580 2838 doctoribus,
1615 2773 1672 2826 et
1710 2787 1816 2843 ego
1844 2769 1971 2842 ipse

318 2882 551 2939 semper
599 2882 698 2922 eos
747 2862 1023 2920 doctrinae
1071 2878 1250 2920 causa
1297 2861 1528 2919 accedo.
1563 2860 1630 2924 Et
1651 2860 1779 2930 jam
1837 2875 1971 2914 sum

318 2956 476 3029 apud
503 2971 604 3010 eos
632 2952 931 3025 regenitus
963 2968 1117 3022 aqua
1145 2955 1202 3006 et
1231 2950 1474 3022 Spiritu,
1507 2949 1567 3003 in
1598 2948 1834 3004 nomine
1865 2947 1970 3003 Pa-

317 3045 424 3101 iris
456 3043 558 3102 Dei
589 3039 1026 3112 omnipotentis,
1057 3044 1115 3096 et
1139 3038 1267 3096 Filii
1297 3040 1424 3110 ejus
1453 3036 1754 3105 Christi,et
1783 3037 1971 3092 sancti

318 3131 598 3205 Spiritus,
647 3147 716 3188 ex
762 3128 965 3185 eodem
1014 3127 1128 3184 Deo
1175 3125 1572 3200 procedentis;
1625 3142 1745 3197 qua
1791 3126 1862 3182 de
1910 3142 1970 3181 re

315 3221 533 3282 librum
561 3235 766 3278 eorum
804 3217 1283 3290 cognominatum
1330 3213 1662 3288 Evangelia,
1696 3230 1831 3270 cum
1862 3214 1966 3268 do-

2098 641 2518 713 neste,etiamsi
2551 642 2773 715 absque
2805 642 3151 699 necessitate
3191 647 3454 716 urgente,
3483 648 3755 700 caventes

2098 731 2208 787 sibi
2242 731 2312 786 ab
2343 730 2581 798 invidia,
2613 734 2671 785 et
2701 730 2931 786 interna
2957 731 3415 787 exacerbatione.
3436 731 3524 787 Illi
3554 737 3754 789 autem

2097 819 2205 874 hoc
2235 818 2293 873 in
2328 836 2434 874 sua
2466 821 2752 891 potestate
2782 817 3048 888 retinent,
3082 817 3214 875 ideo
3247 823 3314 875 ut
3341 817 3402 875 in
3432 818 3543 876 isto
3569 821 3750 876 inter-

2096 908 2251 964 dicto
2283 908 2537 965 habeant
2570 924 2853 980 magnum
2903 907 3186 980 populum
3219 908 3280 964 in
3313 909 3590 966 servitute
3620 927 3750 966 sua.

2094 997 2355 1069 Denique
2386 999 2519 1068 post
2551 1001 2795 1052 mortem
2829 1013 2996 1052 suam
3020 996 3233 1068 jubent
3270 996 3557 1071 imagines
3608 1013 3750 1053 suas

2094 1086 2409 1154 adorari,et
2433 1085 2745 1157 imponunt
2773 1084 3084 1140 nominum
3125 1101 3370 1140 suorum
3403 1085 3750 1141 denomina-

2091 1175 2281 1231 tiones
2312 1191 2447 1230 cum
2476 1173 2647 1246 signo
2680 1173 3056 1237 domnum,ut
3085 1173 3140 1228 in
3175 1177 3458 1229 aeternum
3480 1173 3600 1230 sint
3630 1191 3749 1230 me-

2093 1263 2406 1321 morabiles
2453 1266 2512 1319 et
2561 1262 2844 1330 celebres;
2897 1262 2956 1316 in
3010 1261 3142 1318 illas
3193 1266 3388 1318 autem
3435 1261 3746 1334 predictas

2091 1354 2297 1409 domos
2321 1353 2534 1424 jubent
2563 1367 2662 1406 eos
2694 1351 2764 1406 ad
2798 1367 2999 1422 preces
3030 1350 3112 1406 ire
3141 1367 3276 1406 cum
3308 1350 3479 1408 thure
3516 1368 3581 1406 ac
3612 1368 3747 1408 can-

2089 1440 2256 1510 delis,
2290 1445 2346 1497 et
2366 1457 2501 1496 cum
2533 1438 2845 1512 omnigena
2872 1437 3187 1495 esculentis
3219 1439 3744 1508 sacrificiis,nomi-

2088 1535 2297 1588 nautes
2327 1530 2436 1586 hoc
2465 1544 2569 1585 seu
2597 1532 2872 1584 vocantes
2893 1528 3107 1584 bonam
3139 1528 3549 1598 reverentiam;
3583 1530 3742 1602 quod

2087 1619 2171 1676 eis
2199 1619 2259 1674 in
2291 1618 2416 1674 dies
2445 1616 2658 1674 electos
2690 1616 3092 1685 fundantes,in
3124 1619 3476 1688 perpetuum
3506 1617 3744 1689 privile-

2085 1708 2180 1781 gio
2213 1704 3031 1762 muniverunt.Verumtamen
3065 1705 3185 1761 scio
3219 1705 3373 1777 quod
3397 1704 3607 1762 ultima
3634 1722 3742 1778 ge-

2087 1797 2307 1853 neratio
2336 1797 2409 1852 ab
2439 1794 2548 1852 hoc
2597 1794 2755 1850 omni
2810 1809 3164 1867 magnopere
3207 1793 3570 1864 liberabitur,
3603 1811 3742 1851 cum

2085 1885 2551 1943 animadvertent
2581 1883 2736 1956 quod
2761 1883 2821 1938 in
2851 1882 2966 1938 illis
2999 1883 3216 1939 coactis
3243 1881 3746 1955 ecclesiis,praster

2083 1974 2444 2030 voluntatem
2475 1972 2576 2028 Dei
2605 1970 3046 2044 omnipotentis,
3078 1971 3245 2028 valde
3290 1971 3603 2028 voracitate
3649 1972 3743 2028 in-

2085 2063 2421 2135 quinentur.
2473 2061 2758 2126 Quoniam
2819 2064 2950 2132 post
2998 2060 3395 2116 adorationem
3445 2059 3740 2118 idolorum

2082 2151 2489 2224 supplaudunt
2517 2148 3086 2221 pedibus,plaudunt
3118 2149 3742 2218 manibus,eﬁ'erentes

2080 2257 2250 2298 voces
2280 2255 2417 2296 suas
2449 2240 2520 2294 ad
2555 2237 2974 2305 cantum,sicut
2994 2238 3222 2294 musica
3245 2239 3436 2307 varia;
3470 2243 3740 2312 gerentes

2083 2347 2144 2386 se
2171 2330 2393 2402 absque
2423 2327 2826 2400 pudore,quod
2859 2326 3736 2385 nonlicetdicerenecscribere.

2081 2424 2147 2474 In
2178 2417 2296 2473 illis
2327 2422 2522 2474 autem
2545 2416 2754 2472 diebus
2767 2416 3055 2489 quosdam
3069 2416 3470 2485 donant,sicut
3487 2417 3738 2490 dignum

2081 2511 2190 2573 est,
2221 2507 2441 2580 gratia;
2475 2505 2621 2562 alios
2649 2521 2783 2561 vero
2805 2509 2940 2577 post
2966 2505 3088 2561 haec
3121 2505 3268 2562 festa
3297 2505 3553 2576 puniunt
3576 2505 3740 2562 velut

2082 2597 2272 2670 legem
2295 2595 3132 2668 transgredientes.Propterea
3151 2593 3395 2666 quidam
3416 2594 3737 2651 Christiani

2081 2686 2141 2741 in
2173 2701 2429 2749 secessu,
2462 2683 2522 2739 in
2572 2682 2882 2755 sepulcris,
2911 2687 2968 2738 et
2997 2683 3150 2739 inter
3197 2687 3427 2740 montes
3464 2687 3641 2756 atque
3671 2683 3735 2740 in

2081 2773 2244 2832 silvis
2273 2777 2330 2830 et
2357 2773 2616 2830 hiatibus
2647 2776 2813 2828 terrae
2843 2772 3360 2839 convenientes,ob
3391 2772 3735 2830 servitutem

2081 2862 2433 2936 iniquitatis,
2457 2859 3164 2930 vaticinantur,.dicentes
3198 2879 3211 2917 :
3247 2860 3525 2917 Peribunt
3573 2878 3734 2920 arro-

2080 2956 2286 3026 gantes
2309 2951 2487 3008 Graeci
2518 2951 2629 3022 ipsi
2661 2950 2720 3005 in
2753 2950 2886 3022 igne
2915 2949 3418 3022 aeterno.Denique
3447 2953 3505 3006 et
3533 2946 3616 3016 hi,
3631 2949 3734 3022 qui

2081 3043 2153 3102 ab
2185 3040 2268 3097 eis
2295 3056 2525 3097 morum
2557 3055 2762 3095 ansam
2788 3037 3028 3104 habent,
3051 3037 3226 3094 etiam
3245 3043 3386 3095 sunt
3413 3038 3733 3109 inhonesti,

2080 3131 2352 3198 infames,
2383 3129 2717 3199 mendaces,
2748 3127 3392 3194 abominandi.Dictum
3424 3131 3620 3186 autem
3641 3132 3737 3184 est

2079 3219 2247 3286 mihi,
2282 3235 2382 3275 rex
2410 3218 2646 3274 domine
2678 3216 2843 3284 mi,te
2877 3219 3155 3288 tuamque
3183 3216 3620 3289 generationem
3643 3221 3730 3274 ta-

317 3309 530 3374 ctl‘inis.
551 3289 974 3382 apostolorum,
1005 3305 1134 3372 tibi.
1163 3322 1283 3372 rell,
1320 3304 1512 3372 mitto,
1545 3308 1610 3360 ut
1651 3302 1960 3375 percipias.
1993 3289 2036 3356 (ἶ
2075 3308 2190 3366 lem
2220 3307 2362 3374 fore,
2395 3311 2453 3365 et
2482 3306 2686 3362 dicunt
2713 3306 2784 3362 de
2809 3304 3029 3362 talibus
3059 3305 3399 3374 hominibus
3432 3305 3732 3378 praesenti-

314 3400 424 3463 Sgd
473 3399 545 3455 de
595 3399 704 3456 hoc
744 3397 920 3453 etiam
970 3395 1117 3452 sciat
1165 3397 1357 3451 vestra
1394 3396 1661 3466 potestas
1695 3409 1708 3448 :
1738 3391 1856 3448 vidi
1899 3391 1958 3448 in

314 3487 558 3545 Caesaris
589 3487 830 3556 ditione,
863 3485 1020 3558 quod
1050 3482 1168 3540 illis
1198 3482 1418 3556 probis,
1451 3481 1565 3554 piis
1595 3480 1957 3549 hominibus,

313 3575 532 3648 injuria
562 3591 777 3648 magna
804 3574 932 3642 ﬁat;
969 3573 1250 3646 quoniam
1279 3571 1459 3628 Graeci
1484 3570 1796 3626 existentes
1838 3586 1958 3625 ser-

314 3681 487 3722 mone
517 3663 733 3732 callidi,
764 3665 821 3718 et
850 3665 1218 3734 arrogantes,
1248 3678 1317 3725 ex
1363 3659 1664 3716 mendacio
1711 3661 1961 3730 possunt

312 3756 500 3811 facere
529 3769 653 3809 rem
677 3752 924 3823 justam,
956 3750 1257 3807 imitantes
1287 3749 1347 3804 i1
1377 3748 1488 3803 hoc
1518 3747 1807 3820 quasdam
1856 3747 1958 3802 do—

313 3843 615 3910 ctrinas,et
641 3840 914 3898 instituta
935 3840 1218 3909 Romana,
1232 3837 1594 3895 attrahentes
1615 3852 1724 3892 sua
1743 3834 1961 3892 astutia

311 3932 584 3988 homines
614 3929 912 4000 simplices
928 3928 1000 3983 ad
1017 3945 1158 3983 suas
1184 3941 1510 3999 synagogas
1539 3929 1596 3980 et
1615 3922 1955 3980 ecclesias...

311 4022 424 4094 (hic
471 4021 614 4076 deest
665 4019 877 4095 vocula,
910 4033 1029 4088 quae
1086 4018 1146 4071 in
1176 4017 1431 4072 Polom‘co
1478 4015 1784 4087 exemplari
1853 4014 1962 4085 legi

309 4110 540 4182 nequit),
572 4107 686 4180 ipsi
717 4107 922 4162 dicunt
950 4122 1077 4162 esse
1107 4105 1292 4161 Deum
1321 4102 1958 4175 unicum,omnipoten-

309 4203 464 4268 tem;
499 4196 710 4254 Filium
742 4201 938 4252 autem
969 4195 1070 4252 Dei
1101 4193 1472 4267 unigenitum
1490 4193 1693 4248 Jesum
1717 4191 1960 4248 Nazare-

309 4286 748 4359 num,ejusdem
777 4283 994 4356 Spiritu
1016 4287 1218 4340 sancto
1239 4286 1372 4354 post
1387 4282 1654 4354 quaedam
1675 4284 1956 4353 tempora,

308 4394 344 4434 θ
371 4374 610 4434 Davidis
641 4372 1034 4447 generatione,
1066 4371 1391 4446 secundum
1423 4369 1666 4443 antiqua
1685 4370 1813 4442 ejus
1834 4386 1962 4444 pro-

308 4465 514 4534 missa,
539 4462 598 4518 in
631 4466 792 4518 casta
814 4460 1054 4533 Virgine
1083 4458 1263 4516 Maria
1287 4461 1629 4531 conceptum
1654 4461 1711 4514 et
1732 4460 1956 4536 natum,

308 4555 480 4626 cujus
509 4551 724 4609 solium
755 4550 990 4607 durabit
1019 4565 1208 4622 usque
1250 4547 1309 4604 in
1341 4552 1644 4613 aeternum,
1678 4547 1956 4620 quoniam

2068 3399 2183 3454 bus
2207 3395 2399 3465 hodie,
2433 3395 2587 3468 quod
2620 3393 2776 3451 oculi
2805 3410 3008 3450 eorum
3059 3399 3118 3451 et
3165 3395 3342 3454 corda
3386 3393 3506 3462 sint
3542 3395 3727 3453 obcae-

2069 3489 2218 3543 cata.
2247 3486 2380 3541 Ideo
2413 3484 2623 3550 ultima
2659 3482 2958 3555 generatio
3008 3499 3212 3540 eorum
3258 3484 3556 3557 judicabit
3601 3501 3726 3554 eos,

2067 3591 2282 3632 vocans
2301 3590 2399 3631 eos
2420 3571 2958 3641 canes,t‘abularum
2980 3572 3286 3642 ﬁctores,a
3305 3573 3420 3638 Deo
3441 3573 3720 3630 deficien-

2067 3668 2158 3722 tes
2188 3667 2245 3720 et
2264 3663 2598 3719 aberrantes
2618 3678 2653 3717 a
2669 3661 2943 3731 veritate;
2972 3665 3230 3718 attamen
3251 3667 3307 3716 et
3339 3661 3424 3716 illi
3444 3661 3719 3734 judican-

2066 3756 2154 3809 tes
2177 3752 2287 3825 ipsi
2310 3751 2560 3807 multum
2583 3750 2740 3807 exitii
2761 3749 2917 3806 haud
2945 3751 3210 3819 evadent,
3242 3754 3477 3823 propter
3506 3751 3722 3807 foedam

2068 3840 2443 3908 discordiam,
2467 3843 2526 3895 et
2553 3838 2928 3912 iniquitatem
2961 3855 3080 3895 sum
3130 3839 3440 3911 superbiae.
3473 3839 3725 3904 Quidam

2066 3948 2200 3987 vero
2230 3929 2473 3985 humilis
2503 3928 2719 3996 cordis,
2751 3927 2824 3984 ab
2876 3927 3274 4000 omnipotente
3318 3929 3456 3996 Deo,
3489 3932 3729 4001 propter

2069 4019 2281 4077 Filium
2308 4019 2456 4089 ejus,
2489 4033 2665 4090 opera
2715 4016 2970 4089 Spiritus
3021 4016 3230 4085 sancti,
3261 4017 3461 4072 omnia
3507 4016 3730 4089 scripta

2067 4107 2214 4181 legis
2247 4107 2691 4179 investigabunt
2720 4105 2832 4162 sibi
2863 4105 2923 4160 in
2954 4104 3231 4161 salutem.
3255 4105 3366 4161 Sed
3396 4105 3491 4162 via
3519 4122 3727 4162 eorum

2069 4200 2332 4270 angusta
2360 4195 2471 4252 erit
2498 4194 2583 4251 eis
2616 4211 2628 4248 :
2661 4198 2720 4250 et
2743 4195 3048 4251 scrutabar
3071 4194 3183 4250 hoc
3231 4194 3584 4267 perlustrata
3626 4196 3732 4251 do-

2068 4285 2257 4342 ctrina
2286 4283 2577 4356 aspiciens
2627 4284 2699 4340 ab
2749 4282 2918 4339 initio
2970 4282 3199 4353 mundi,
3232 4300 3376 4339 num
3425 4283 3537 4339 erit
3575 4284 3729 4340 bene

2065 4373 2290 4443 talibus
2316 4377 2374 4428 et
2400 4372 2632 4451 validis,
2665 4371 3021 4446 sapientium
3053 4371 3342 4428 dictorum
3381 4371 3727 4428 hominibus

2068 4462 2282 4539 Graecis
2297 4461 2752 4535 opulentis,cum
2766 4460 3375 4534 aliisgenerationibus
3388 4461 3694 4517 hominum
3709 4505 3726 4531 ,

2068 4568 2299 4607 morum
2331 4566 2553 4619 eorum,
2587 4553 2645 4605 et
2681 4548 2934 4605 intellexi
2965 4549 3122 4622 quod
3151 4549 3309 4606 brevi
3343 4552 3606 4622 tempore
3635 4549 3722 4605 vi-

306 4646 396 4700 est
443 4642 579 4713 jure
631 4645 871 4698 vocatus
931 4637 1114 4695 Filius
1179 4638 1302 4705 Dei,
1352 4642 1411 4694 et
1464 4638 1753 4707 Servator,
1804 4638 1958 4694 Deus
1986 4661 2035 4726 Ι)
2067 4641 2290 4697 debunt
2329 4639 2706 4710 omnigenam
2751 4638 3162 4711 ignominiam,
3195 4637 3494 4694 interitum
3518 4654 3722 4694 suum.

305 4731 494 4804 fortis,
525 4731 695 4787 Pater
725 4728 906 4786 futuri
939 4727 1165 4796 saeculi;
1197 4731 1475 4800 praeterea
1502 4743 1634 4783 vero
1677 4731 1743 4782 ut
1772 4742 1871 4782 rex
1900 4730 1958 4782 et
2065 4729 2226 4786 Idola
2249 4733 2446 4786 autem
2469 4743 2673 4784 eorum
2712 4727 2968 4784 externis
3007 4726 3226 4800 linguis
3254 4727 3315 4782 in
3347 4726 3723 4799 proverbium

296 4823 480 4894 judex
512 4837 547 4876 a
575 4824 688 4876 Deo
720 4817 955 4875 Israelis
984 4820 1071 4874 est
1097 4817 1203 4872 toti
1246 4817 1470 4873 mundo
1519 4814 1950 4884 manifestatus,

305 4911 457 4968 sicut
479 4909 590 4966 hoc
616 4907 762 4963 mihi
806 4925 841 4963 a
891 4907 1191 4980 magistro,
1225 4905 1448 4962 dudum
1499 4922 1602 4978 pro
1645 4907 1802 4960 certo
1849 4920 1950 4959 no-

302 5003 432 5057 tum
463 5001 572 5054 est.
605 4998 749 5054 Ecce
779 4999 975 5052 autem
1005 4993 1186 5052 Graeci
1217 4996 1554 5052 deserentes
1605 4992 1707 5048 Dei
1759 4992 1953 5048 omni-

302 5087 560 5163 potentis
591 5089 966 5159 przeceptum,
999 5089 1053 5141 et
1083 5084 1379 5158 pr0priam
1413 5099 1580 5139 suam
1611 5079 1952 5153 explicatio-

303 5193 463 5245 nem,
491 5176 683 5233 Casar
710 5191 776 5230 ac
807 5175 1145 5248 patriarcha
1175 5191 1311 5230 cum
1345 5175 1551 5228 cetero
1599 5187 1706 5226 suo
1745 5174 1951 5227 senatu

302 5265 596 5324 nominari
641 5281 704 5321 se
746 5264 922 5321 etiam
954 5281 1169 5320 novum
1205 5260 1476 5318 Israelem
1510 5259 1829 5328 mandant;
1852 5261 1949 5331 ju-

300 5359 441 5414 bent
487 5356 665 5413 etiam
719 5353 848 5410 illos
899 5355 1104 5410 fratres
1154 5369 1294 5407 suos
1345 5367 1654 5424 pauperes,
1687 5349 1799 5421 ipsi
1832 5349 1951 5405 exi-

302 5449 523 5504 stentes
551 5444 747 5513 vividi,
781 5442 994 5499 invitos
1025 5441 1138 5497 sibi
1170 5439 1404 5508 servire,
1439 5443 1496 5495 et
1516 5454 1758 5494 censum
1789 5438 1947 5494 dare.

300 5536 584 5592 Praeterea
611 5551 744 5590 vero
775 5531 1086 5605 prohibent
1117 5528 1232 5585 illis
1262 5545 1470 5584 uxores
1502 5528 1734 5593 ducere,
1765 5527 1948 5584 victu-

301 5641 416 5698 que
446 5624 770 5681 secundum
800 5621 1161 5677 voluntatem
1195 5635 1363 5676 suam
1385 5634 1520 5674 cum
1541 5617 1950 5674 benedictione

302 5712 448 5780 frui;
481 5712 564 5768 sic
593 5710 770 5766 etiam
802 5713 860 5765 et
886 5712 1040 5766 artes
1069 5707 1361 5774 liberales,
1393 5711 1451 5764 et
1479 5723 1664 5773 arma,
1699 5706 1839 5778 quia
1862 5712 1952 5766 est

2063 4819 2254 4886 ibunt,
2288 4816 2589 4890 quoniam,
2623 4833 2740 4873 non
2771 4816 3097 4873 consistent
3126 4816 3410 4873 adversus
3437 4815 3588 4872 iram
3619 4815 3723 4871 Dei

2065 4907 2198 4977 vivi,
2231 4923 2366 4963 cum
2397 4907 2516 4963 sint
2543 4906 2724 4962 surda
2747 4910 2806 4962 et
2835 4908 3024 4962 muta.
3065 4905 3348 4961 Praeterea
3393 4919 3529 4961 vero
3559 4904 3720 4960 dice-

2062 4998 2205 5054 bant
2233 4995 2414 5070 aliqui
2447 4994 2911 5051 Christianorum
2948 4998 3004 5050 et
3031 4993 3290 5052 Judaicae
3319 4993 3537 5067 gentis,
3560 4993 3720 5066 quod

2061 5091 2119 5143 et
2146 5086 2271 5158 ipse
2301 5101 2435 5141 cum
2451 5084 2536 5140 eis
2547 5100 2616 5140 ex
2636 5083 2993 5157 quibusdam
3015 5082 3253 5158 scriptis
3273 5081 3721 5156 intelleﬁ,quod_

2062 5174 2270 5231 ultima
2287 5173 2583 5246 generatio
2606 5173 2914 5229 Slavonica
2928 5172 3092 5228 uniet
3104 5189 3166 5228 se
3185 5188 3320 5228 cum
3344 5187 3558 5245 magno
3569 5169 3719 5239 zelo,

2063 5263 2442 5336 applicabunt
2471 5279 2533 5320 se
2564 5261 2636 5318 ad
2668 5262 3031 5318 laudandum
3063 5265 3120 5317 et
3151 5260 3544 5334 proﬁtendum
3581 5260 3718 5316 uni-

2062 5369 2197 5407 cum
2229 5356 2414 5407 Deum
2447 5350 2702 5420 lsraelis,
2737 5351 3066 5409 Creatorem
3100 5349 3422 5406 visibilium
3443 5351 3500 5404 et
3519 5347 3721 5406 invisi-

2061 5439 2272 5496 bilium
2303 5439 2628 5513 rerum,qui
2657 5440 2926 5496 liberavit
2953 5438 3238 5512 pOpulum
3270 5453 3446 5494 suum
3472 5437 3716 5495 creden-

2058 5533 2180 5587 tem
2211 5547 2245 5584 a
2273 5529 2528 5602 peccatis
2559 5544 2784 5596 eorum,
2818 5528 3150 5586 obedientia
3182 5527 3329 5598 Filii,
3363 5541 3540 5601 opera
3581 5525 3716 5598 Spi-

2061 5615 2210 5675 ritus
2227 5619 2354 5690 ejus
2377 5617 2735 5675 sancti.Cum
2761 5617 2976 5691 quibus
2999 5621 3055 5673 et
3070 5616 3281 5674 ultima
3301 5633 3447 5691 gens
3467 5613 3718 5671 Judaica

2059 5712 2446 5782 agnoscentes
2477 5723 2613 5765 cum
2636 5705 2767 5764 aliis
2787 5706 3007 5781 linguis
3029 5706 3359 5765 doctrinam
3382 5703 3598 5762 Christi
3620 5704 3716 5762 sui
