3950 6360
137 340 294 404 ΜΠ

136 545 544 622 observations
561 564 673 622 que
683 547 783 621 j’ai
805 545 970 622 faites
988 565 1058 622 au
1074 549 1318 622 _sujet_de
1336 545 1654 622 laformule
1671 550 1794 622 pre-

135 619 386 674 cédente
412 621 547 674 sont
579 619 728 675 dono
760 637 829 675 en
858 620 1091 691 général
1115 619 1469 692 applicahles
1496 623 1530 676 ὲ
1549 619 1788 675 cells—ci.

134 724 162 797 §
203 725 248 780 Ι.
285 735 467 780 CARTA
512 728 899 790 TRADITIONIS,
941 742 1101 788 QUAM
1141 743 1239 781 vm
1287 743 1445 782 morr
1493 743 1564 781 DE
1609 741 1794 781 REBUS

208 827 364 882 SUIS,
405 827 472 869 ET
498 829 646 870 VULT
677 831 751 870 UT
783 829 937 870 UXOR
961 825 1097 870 EJUS
1138 831 1354 870 ΗΑΒΕΑΤ
1382 831 1520 870 POST
1551 831 1648 883 SE;
1681 831 1792 869 AUT

206 915 372 966 QUAM
403 917 560 959 UXOR
599 919 758 958 FAClT
798 919 868 957 DE
907 919 1093 959 REBUS
1125 919 1272 972 SUIS,
1306 920 1373 959 ET
1401 920 1549 960 VULT
1586 920 1662 958 UT
1698 919 1793 957 VIR

203 1007 346 1047 EJUS
376 1008 594 1047 HABEAT
626 1008 766 1048 pos'r
794 1000 858 1047 si:
889 992 1023 1064 (46).

205 1097 273 1153 In
305 1097 406 1153 Dei
438 1098 696 1165 nomine,
721 1099 1181 1171 perpetrandum
1215 1103 1304 1155 est
1338 1099 1652 1170 unicuique
1681 1098 1790 1169 (47)

137 1187 296 1258 quod
327 1187 617 1259 sapientia
661 1187 760 1242 Dei
810 1204 914 1260 per
952 1187 1323 1243 Salomonem
1357 1188 1536 1243 dixit:
1572 1187 1790 1242 Redem-

132 1277 255 1348 ptio
284 1277 469 1331 anime
498 1277 610 1332 viri
632 1277 858 1348 praprie
900 1277 1096 1332 divicie
1131 1277 1264 1348 ejus.
1290 1307 1358 1317 —-
1389 1275 1793 1348 Redemptoris

137 1357 376 1436 quoque
421 1357 597 1420 verba
645 1364 937 1420 dicentis:
976 1366 1110 1421 Date
1161 1366 1532 1435 elemosinam,
1583 1367 1631 1420 et
1678 1380 1794 1419 ecce

136 1455 328 1510 omnia
359 1453 568 1508 munda
597 1457 725 1509 sunt
766 1454 932 1510 vobis.
959 1454 1210 1528 Ideoque
1240 1469 1352 1526 ego
1380 1453 1498 1520 ille,
1531 1453 1623 1508 his
1667 1470 1790 1508 am-

138 1541 567 1598 monitionibus
599 1546 987 1614 compunctus
1035 1542 1214 1598 simul
1254 1546 1311 1598 et
1340 1542 1616 1610 confisus,
1640 1541 1792 1597 dono

137 1631 420 1688 donatum
447 1647 550 1703 pro
575 1631 831 1686 remedio
855 1631 1051 1686 anime
1077 1647 1216 1686 mea:
1239 1631 1370 1702 (58),
1397 1632 1552 1703 quod
1582 1630 1640 1684 in
1670 1647 1794 1702 per-

137 1724 381 1792 petuum
404 1736 532 1775 esse
550 1719 699 1785 volo,
718 1722 771 1774 et
790 1719 897 1773 hoc
917 1720 1187 1792 est,quod
1212 1720 1382 1786 dono,
1399 1719 1459 1774 in
1480 1736 1627 1791 pago
1650 1737 1794 1773 nun-

1418 342 1816 431 FOBMULE
1873 343 2262 420 vs'reass.

136 476 316 550 profit
347 476 427 550 de
464 474 522 532 la
552 475 875 550 femme,_si__
898 475 1006 536 elle
1036 477 1222 550 survit
1251 479 1648 550 asoniépouu.
1685 478 1792 533 Les
1819 476 1875 546 Α

3381 357 3544 434 μω

1902 477 2034 533 vina
2065 478 2446 552 inspiratione
2485 483 2599 538 sibi
2647 486 2848 556 procul
2880 487 3058 545 dubio
3089 490 3235 548 sciat
3275 491 3384 548 hoc
3413 509 3541 565 per»

1900 570 2149 624 venisse.
2177 569 2448 641 Ideoque,
2480 574 2542 625 tu
2574 572 2660 628 vir
2685 572 2781 629 ille
2805 577 2935 648 (59),
2960 578 3313 652 complacuit
3342 579 3447 637 tibi
3479 585 3545 638 ut

1901 671 1992 710 res
2023 660 2347 729 tuas,quas
2385 659 2443 713 in
2492 663 2746 734 presenti
2796 665 3009 722 habere
3055 667 3218 724 visus
3266 669 3451 738 fuisti,
3485 670 3545 734 in

1899 743 2035 799 villa
2058 761 2182 816 quae
2205 751 2442 802 vocatur
2461 747 2589 816 illa;
2624 751 2682 806 in
2715 753 2862 825 pago
2886 761 3264 830 nuncupante
3293 751 3414 828 illo,
3435 762 3548 814 tra-

1901 832 2070 888 deres
2101 834 2171 888 ad
2204 833 2329 890 loca
2372 841 2709 894 sanctorum
2739 839 2992 909 illorum,
3017 844 3088 900 ad
3120 845 3544 914 monasterium

1903 922 2060 993 quod
2091 922 2430 979 nominatur
2459 924 2626 994 illud,
2659 928 2758 984 ubi
2801 947 2929 999 nos,
2962 937 3199 990 auctore
3227 933 3366 1002 Deo,
3399 951 3549 1008 prae-

1902 1010 2195 1079 sidemus;
2229 1013 2330 1068 sed
2369 1018 2572 1085 postea
2613 1020 2668 1072 te
2711 1019 3043 1090 postulante
3073 1025 3363 1095 quatenus
3412 1023 3546 1092 illa

1904 1115 1996 1154 res
2026 1099 2137 1155 sub
2171 1117 2281 1156 usu
2320 1102 2640 1160 fructuario
2683 1105 2790 1162 tibi
2835 1110 3194 1180 cederemus,
3218 1128 3335 1168 non
3367 1129 3544 1186 nega-

1899 1189 2093 1244 vimus
2137 1188 2273 1245 huic
2319 1191 2754 1264 postulationis,
2787 1197 2888 1253 sed
2941 1198 3099 1254 sicut
3146 1197 3547 1273 posta-laveras

1901 1276 1983 1330 ita
2030 1276 2294 1345 fecimus,
2328 1280 2384 1334 id
2437 1284 2524 1336 est
2574 1286 2659 1350 ut,
2694 1286 2980 1356 quamdiu
3007 1287 3402 1362 vixeris,-illas
3451 1307 3547 1362 res

1901 1365 2010 1419 sub
2042 1382 2153 1420 usu
2196 1367 2511 1425 fructuario
2551 1370 2787 1441 habeas,
2822 1391 3184 1450 censumque
3221 1379 3394 1436 annis
3423 1379 3546 1442 sin,-

1899 1453 2053 1542 gulis
2084 1453 2218 1510 inde
2266 1457 2582 1528 prosolvas,
2616 1465 2673 1515 et
2702 1461 2752 1518 si
2783 1479 2926 1520 uxor
2967 1449 3168 1522 tuaite
3210 1467 3542 1542 supervixe—

1901 1541 1996 1630 rit,
2027 1544 2398 1614 supradictas
2446 1563 2538 1603 res
2585 1553 2820 1624 tempus
2866 1552 2984 1610 vite
3029 1571 3149 1611 suis
3194 1554 3429 1630 habeat,
3460 1541 3543 1616 si»

1901 1629 2218 1702 milemque
2248 1649 2489 1690 censum
2519 1653 2587 1692 ex
2623 1638 2841 1695 eisdem
2873 1642 3048 1699 rebus
3075 1644 3290 1704 annuis
3317 1629 3543 1720 tempo-

1902 1718 2065 1774 ribus
2097 1720 2330 1789 reddat;
2366 1740 2495 1794 quae
2525 1726 2722 1782 statim
2754 1731 2886 1801 post
2914 1731 3090 1787 istam
3122 1717 3546 1798 difﬁnicionem

135 1813 390 1881 cupante
411 1807 510 1866 illo
533 1807 616 1905 [in
637 1807 789 1874 villa]
815 1807 928 1879 (49)
953 1808 1126 1878 cujus
1146 1807 1494 1863 vocabulum
1517 1813 1605 1862 est
1623 1807 1788 1875 illud,
1823 1840 1870 1905 B
1902 1808 2228 1905 statu[t]am
2252 1826 2386 1868 cum
2430 1813 2590 1868 omni
2623 1815 2975 1890 integritate,
2997 1820 3150 1878 sicut
3178 1822 3546 1884 cartula-trav
3584 1826 3587 1828 ’

134 1912 373 1951 omnem
417 1894 744 1984 portionem
782 1911 995 1962 meam,
1031 1913 1156 1968 quae
1196 1896 1414 1984 ibidem
1455 1897 1533 1952 sit
1563 1897 1699 1969 (50),
1732 1896 1788 1950 id
1824 1894 1867 1905 “’
1901 1895 2140 1953 ditionis
2171 1901 2282 1952 tuac
2314 1917 2445 1956 cum
2478 1905 2793 1960 earundem
2831 1922 3029 1964 rerum
3063 1910 3340 1982 continet,
3366 1929 3547 1984 quam

133 1989 225 2040 est
253 1989 376 2040 tam
413 1983 586 2040 terris
629 2001 806 2055 quam
852 1985 1148 2052 domibus,
1166 1983 1432 2051 adiﬁciis,
1458 1984 1787 2056 mancipiis,

135 2071 341 2145 pratis,
361 2072 620 2146 pascuis,
641 2071 823 2140 silvis,
844 2073 1013 2144 aquis
1038 2090 1396 2144 aquarumve
1419 2074 1788 2142 decursibus,

137 2179 271 2217 cum
316 2160 596 2217 omnibus
640 2161 984 2232 adjacentiis
1015 2151 1160 2227 Suis,
1185 2162 1256 2216 ad
1301 2161 1629 2230 basilicam,
1661 2178 1791 2234 quae

137 2254 224 2307 est
251 2252 593 2308 constructa
621 2249 680 2304 in
721 2249 939 2305 honore
987 2250 1173 2306 sancti
1205 2249 1504 2318 illius,ubi
1536 2250 1630 2306 ille
1663 2268 1788 2306 ser-

137 2357 242 2396 vus
270 2339 373 2396 Dei
405 2343 597 2397 rector
617 2356 744 2395 esse
771 2339 1029 2408 videtur;
1065 2340 1124 2394 in
1155 2353 1223 2395 ea
1252 2339 1471 2397 ratione
1501 2339 1786 2406 videlicet,

139 2433 224 2495 ut,
247 2419 537 2501 quamdiu
572 2428 786 2496 vixero,
819 2429 1056 2485 easdem
1088 2445 1179 2484 res
1216 2421 1484 2498 habeam,
1516 2446 1788 2484 censum-

138 2535 250 2590 que
282 2517 456 2574 annis
489 2516 738 2590 singulis
769 2517 1021 2582 solvam;
1055 2523 1111 2572 et
1141 2517 1187 2573 si
1219 2535 1361 2575 uxor
1386 2535 1514 2573 mea
1540 2519 1651 2588 (51)
1673 2517 1788 2574 mei

138 2606 544 2680 supervixerit,
565 2622 632 2662 eo
663 2607 818 2677 quod
867 2606 1121 2662 ﬁliorum
1172 2607 1493 2679 procreatio
1543 2607 1791 2662 minima

135 2697 260 2752 visa
310 2694 802 2768 est-processisse
835 2695 970 2768 (52),
1001 2695 1160 2768 ipsas
1193 2712 1283 2750 res
1328 2695 1452 2751 dies
1508 2695 1620 2751 vite
1671 2713 1787 2751 suae

140 2784 373 2852 habeat,
399 2787 457 2840 et
487 2783 890 2856 supradictum
922 2800 1161 2839 censum
1195 2783 1408 2851 solvat;
1431 2788 1487 2839 et
1515 2788 1648 2856 post
1678 2785 1793 2840 dis-

143 2885 378 2932 cessum
409 2871 538 2943 ejus
560 2870 685 2928 sine
708 2870 906 2944 aliqua
931 2871 1269 2929 marritione
1290 2873 1361 2928 ad
1387 2872 1790 2944 supradictum

138 2953 516 3018 traditionem
557 2965 916 3017 revertantur
957 2960 1388 3033 perpetualiter.
1422 2960 1789 3033 Nunlusque,

136 3066 326 3121 neque
359 3055 465 3122 ego
520 3053 621 3105 aut
676 3048 922 3121 quilibet
951 3048 1232 3104 heredum
1263 3048 1355 3105 vel
1403 3049 1791 3122 proheredum

138 3138 368 3195 occasio
401 3140 501 3193 aut
531 3138 982 3210 qualiscumque
1019 3155 1288 3210 persona,
1312 3143 1643 3209 presentem
1676 3143 1791 3194 tra-

143 3227 427 3283 ditionem
445 3207 792 3299 per‘nullius
813 3207 1038 3300 ingenii
1056 3207 1439 3282 subtilitatem
1465 3227 1652 3283 valeat
1676 3244 1793 3284 cor-
1824 3207 1865 3274 (ἶ

138 3328 444 3389 rumpere;
478 3317 576 3372 sed
609 3317 848 3389 perenni
874 3317 1071 3389 vigore
1099 3316 1325 3372 stabilis
1351 3317 1558 3372 debeat
1583 3317 1792 3389 perdu-

140 3415 290 3461 rare.
315 3404 388 3460 Et
429 3409 493 3460 ut
524 3405 735 3461 certior
780 3405 1084 3473 habeatur,
1115 3410 1172 3460 et
1201 3405 1380 3461 nullis
1428 3405 1790 3478 temporibus

140 3493 517 3550 subventuris
538 3494 648 3564 (53)
671 3494 1053 3561 destruatur),
1088 3494 1137 3549 si
1170 3494 1303 3566 quis
1335 3511 1462 3549 eam
1495 3495 1791 3550 destruere

136 3582 388 3639 voluerit
416 3584 550 3652 (5’s),
585 3599 814 3655 pmnam
859 3581 1200 3654 inscriptam
1236 3583 1293 3637 in
1336 3582 1510 3638 rebus
1540 3583 1790 3655 publicis

135 3662 248 3744 (55)
282 3671 598 3745 prosolvat,
631 3671 688 3726 id
719 3675 808 3727 est
839 3671 962 3726 auri
995 3675 1249 3739 tantum,
1279 3673 1501 3744 argenti
1537 3676 1786 3740 tantum,

134 3765 190 3817 et
220 3758 652 3816 nihilh‘ominus
700 3775 945 3832 presens
986 3760 1212 3816 cartula
1241 3777 1376 3816 cum
1427 3761 1701 3816 omnibus
1733 3760 1790 3814 in

131 3867 198 3906 ea
227 3847 671 3905 continentibus
705 3866 893 3921 usque
945 3851 1003 3903 in
1044 3865 1213 3904 evum
1266 3848 1616 3904 inconcussa
1663 3865 1790 3921 per-

135 3942 375 3996 maneat
402 3955 537 3994 cum
570 3936 951 4010 stipulatione
982 3939 1094 4010 (56)
1126 3938 1397 3994 subnixa.

199 4033 412 4083 Actum
445 4026 505 4082 in
543 4019 642 4081 illo
674 4026 799 4083 loco
835 4027 970 4100 (57),
994 4025 1228 4098 publice
1258 4027 1392 4099 (58),
1422 4021 1793 4098 presentibus

134 4117 236 4190 qui
258 4115 712 4173 subscribunlur
727 4114 813 4172 vel
842 4115 1064 4187 reliquo
1097 4114 1332 4188 populo.
1354 4113 1473 4188 Sig.
1493 4114 1672 4182 illius,
1695 4119 1792 4189 qui

136 4199 316 4263 istam
353 4204 725 4262 traditionem
761 4205 884 4260 ﬁeri
917 4209 972 4260 et
998 4205 1230 4260 ﬁrmare
1260 4205 1503 4278 rogavit.

688 4288 718 4367 §
749 4293 819 4350 II.
844 4325 910 4334 -—-
941 4309 1240 4348 PRECARIA.

209 4377 360 4439 Dum
393 4381 549 4438 enim
583 4381 835 4454 quisque
863 4398 968 4454 pro
1017 4382 1280 4438 remedio
1313 4381 1506 4438 anime
1537 4400 1656 4437 suae
1690 4400 1797 4438 sua

140 4471 382 4545 propria
410 4487 478 4528 ex
499 4471 681 4543 justis
706 4469 1008 4526 laboribus
1039 4470 1239 4543 largiri
1262 4471 1595 4540 decreverit,
1619 4489 1686 4527 ex
1716 4472 1797 4526 di-

206 4585 326 4666 (46)
357 4597 515 4670 Cette
535 4596 825 4670 rubrique
866 4601 1238 4670 montreiqu'e
1279 4595 1337 4670 la
1378 4596 1624 4670 formule
1651 4613 1793 4670 pou-
1827 4573 1872 4638 D

136 4670 255 4726 vait
286 4669 472 4724 servir
513 4669 584 4740 de
633 4667 857 4740 modele
889 4671 922 4724 ὸ.
951 4684 1067 4723 une
1096 4667 1372 4740 donation
1405 4668 1540 4724 faite
1587 4667 1692 4740 par
1739 4667 1796 4724 la

139 4743 356 4824 femme
390 4739 550 4795 aussi
583 4740 717 4796 bien
757 4739 892 4812 qu’a
939 4746 1054 4794 un'e
1097 4739 1375 4795 donation
1422 4740 1560 4796 faite
1591 4739 1714 4812 ipar
1744 4740 1796 4795 le

139 4828 311 4868 mari.

207 4883 323 4956 (47)
355 4882 431 4956 βε
464 4885 587 4936 mot
618 4898 871 4956 manque
902 4882 1049 4937 dans
1081 4881 1138 4937 S.
1173 4877 1238 4937 G.

209 4953 321 5025 (48)
344 4953 449 5026 Ges
472 4956 677 5026 quatre
693 4953 962 5026 iderniers
985 4957 1136 5026 mpts
1156 4956 1482 5026 manquent
1498 4955 1645 5011 dans
1661 4955 1792 5011 S.G.

209 5024 326 5096 (40)
359 5024 643 5097 Suppléés
674 5024 991 5097 d’apresS.
1026 5024 1092 5079 G.

212 5097 329 5167 (50)
361 5096 418 5150 S.
446 5095 520 5151 Ci.
555 5111 658 5166 que
683 5095 1001 5152 me‘ibidem
1028 5097 1313 5167 contingit.

211 5169 328 5236 (51)
362 5167 420 5222 S.
452 5167 517 5222 G.
552 5169 745 5238 ajoute
775 5169 1016 5222 maritus
1047 5183 1215 5223 meus.

215 5240 329 5310 (52)
363 5242 519 5293 Cette
549 5237 830 5311 mention,
858 5239 1034 5311 qu’On
1063 5242 1264 5311 trouve
1295 5237 1622 5311 également
1650 5240 1797 5296 dans

141 5307 400 5366 d’autres
432 5308 732 5379 formules,
761 5307 992 5366 montre
1023 5325 1138 5376 que
1167 5307 1426 5364 l’entiere
1457 5310 1663 5366 liberte
1695 5312 1798 5368 des

141 5383 460 5454 donateurs
474 5381 786 5454 dépendait
802 5383 872 5454 de”
889 5381 1178 5454 l'absence
1195 5379 1567 5454 d_'er_1fants,et
1583 5399 1798 5453 prouve

139 5471 248 5526 par
279 5451 404 5509 cela
433 5450 623 5526 meme
655 5469 774 5526 que
813 5452 865 5509 le
891 5452 1176 5526 principe
1200 5452 1270 5526 de
1301 5450 1357 5526 la
1385 5450 1613 5526 reserva
1659 5454 1801 5509 était

142 5523 337 5581 connu
359 5523 733 5608 ethpratiquié1
755 5525 830 5580 Le
848 5523 994 5608 titre
1015 5523 1343 5608 li‘denla'Lqi
1367 5523 1469 5606 des
1491 5523 1799 5608 Ripuaires

142 5613 237 5653 me
270 5595 462 5668 parati
490 5595 692 5652 formel
716 5599 750 5651 a
778 5600 868 5651 cet
897 5596 1070 5721 eglard
1099 5613 1110 5649 :
1138 5595 1200 5651 Si
1225 5595 1348 5668 quis
1369 5596 1800 5667 procreationem

139 5668 389 5740 ﬁliorum
414 5667 499 5724 vel
523 5668 771 5738 ﬁliarum
802 5685 915 5723 NON
980 5667 1214 5740 (libuerit,
1249 5681 1454 5740 OMNEM
1481 5667 1802 5740 facultatem

141 5739 394 5811 Suam,...
422 5741 536 5796 sive
563 5740 651 5795 vir
669 5740 916 5811 mulieri,
940 5739 1023 5795 vel
1053 5739 1257 5797 mulier
1285 5739 1424 5811 viro,
1446 5746 1543 5797 seu
1563 5739 1802 5798 cuicum-

143 5783 1022 5894 ξ’ἱιὲἵὶἑὲϊ.ξ’ἱῗεὲἦιίὶὶὲῖιῗὶιῦἒῑιῐξ
1047 5783 1160 5871 ἔὶἔζ

470 5935 736 6024 ξιτ-θοι.
778 5937 925 6004 CLI.

1899 1985 2056 2056 apud
2088 2003 2194 2042 nos
2227 1988 2566 2058 retinemus,
2590 1991 2650 2048 in
2679 1995 2954 2053 omnibus
2979 1998 3280 2058 meliorate
3301 2001 3429 2058 sine
3447 2001 3551 2059 ali-

1899 2074 2070 2144 cujus
2091 2077 2548 2136 contradictione
2570 2082 2641 2136 ad
2666 2099 2771 2138 nos
2798 2102 3286 2162 successoresque
3314 2095 3548 2164 nostros

1897 2168 2262 2219 revertantur
2300 2165 2410 2221 sub
2457 2170 2843 2240 perpetuitate
2891 2175 3006 2245 (60)
3053 2176 3363 2234 retinendi.
3395 2178 3545 2237 Nul-

1895 2250 2130 2323 Iusque,
2154 2254 2280 2323 [nec
2327 2256 2454 2328 ego]
2489 2258 2597 2328 (61)
2649 2276 2752 2316 nec
2807 2262 3086 2333 quislibet
3134 2282 3541 2334 successorum

1897 2344 2253 2431 nostrorum,
2279 2342 2428 2399 hanc
2467 2347 2787 2416 precariam
2821 2350 2956 2408 ullis
2998 2353 3366 2431 temporibus
3393 2373 3547 2418 ausu

1894 2428 2202 2518 temerario
2234 2433 2445 2488 audeat
2493 2435 2791 2494 destruere
2820 2440 2954 2512 (62),
2981 2444 3093 2499 sed
3129 2428 3408 2518 quicquid
3440 2463 3544 2518 nq-

1897 2517 2036 2572 stris
2068 2519 2304 2575 statutis
2331 2521 2651 2580 ditﬁnitum
2674 2532 2763 2582 est
2786 2530 2896 2601 (63)
2920 2517 3329 2592 inconvulsum
3356 2517 3552 2594 valeat.

1897 2606 2544 2680 perdurare,quatenus
2593 2613 2849 2688 reliquos
2897 2619 3099 2679 fideles
3128 2623 3372 2680 delectet
3416 2624 3552 2682 sine

1898 2693 2094 2786 aliquo
2125 2700 2260 2786 typo
2291 2697 2380 2753 vel
2413 2701 2716 2759 occasione
2739 2705 2849 2775 (64)
2879 2709 3250 2767 contenciosa
3276 2712 3552 2786 proprias

1899 2801 1991 2838 res
2023 2784 2092 2838 ad
2125 2785 2428 2842 ecclesiam
2454 2788 2554 2847 Dei
2582 2794 2920 2852 contradere
2941 2798 3014 2852 ad
3045 2784 3369 2872 pauperum
3391 2784 3548 2860 Chri-

1899 2872 1974 2927 sti
2006 2873 2264 2945 inopiam
2297 2876 2738 2936 sublevandam.
3039 2916 3042 2918 η

1968 2962 2177 3052 factum
2204 2963 2262 3018 in
2289 2964 2415 3036 ipso
2443 2972 3030 3042 monasterio,~coram
3053 2974 3181 3050 ipso
3203 2959 3317 3052 (65)
3338 2979 3558 3038 abbate:

1899 3049 1990 3145 vel
2021 3051 2296 3145 fratribus
2323 3072 2431 3145 seu
2478 3056 2719 3131 reliquis
2750 3062 2864 3134 (66)
2893 3049 3184 3123 fidelibus.
3212 3049 3332 3145 Sig.
3360 3067 3548 3142 ipsius

1901 3139 2150 3208 abbatis,
2186 3143 2283 3213 qui
2317 3144 2490 3200 istam
2523 3149 2848 3218 precariam
2879 3153 3006 3209 ﬁeri
3035 3139 3450 3228 decrevit‘(67).

2673 3299 2778 3366 1ν.,

1971 3397 2124 3453 Cette
2158 3399 2402 3486 formula
2427 3474 2437 3485 υ
2459 3420 2532 3459 ne
2561 3404 2760 3463 differe
2785 3409 2912 3486 _des
2959 3411 3138 3486 deuxg
3166 3415 3542 3486 précédentes

1900 3485 2010 3546 quc
2043 3487 2146 3541 par
2180 3470 2516 3546 l’extension
2559 3489 2672 3532 aux
2703 3479 2934 3537 enfants
2982 3484 3060 3538 du
3108 3470 3400 3543 donateuﬁr'
3412 3470 3541 3546 11E;

1899 3541 2156 3597 reserves
2188 3544 2466 3615 stipulées
2510 3564 2614 3619 par
2641 3549 2867 3607 celui-ci
2900 3556 2934 3608 ὁ.
2961 3570 3066 3610 son
3099 3541 3289 3628 profit.

1899 3646 2297 3719 §I.—-CARTA
2351 3669 2731 3723 TRADITIONIS,
2792 3673 2948 3722 QUAM
3013 3677 3172 3718 morr
3237 3662 3417 3735 Hosto,
3478 3666 3548 3723 uir

1971 3754 2117 3792 vuur
2167 3755 2238 3793 u'r
2286 3757 2558 3798 INI-‘ANTES
2607 3760 2742 3801 mos
2800 3763 3059 3805 nassam
3110 3759 3247 3810 pos'r
3301 3770 3372 3810 ss
3421 3751 3548 3812 cuit

1973 3842 2172 3882 CENSU.
3259 3850 3266 3855 '

1973 3943 2112 4015 Ego,
2137 3943 2196 3999 in
2240 3944 2338 4000 Dei
2372 3948 2628 4019 nomine,
2655 3950 2772 4007 ille.
2797 3953 3145 4027 Conplaeuit
3173 3945 3319 4017 mihi
3349 3941 3410 4016 in
3438 3961 3568 4019 ani-

1903 4048 1998 4087 mo
2019 4050 2148 4089 meo
2171 4038 2235 4088 ut
2258 4034 2479 4106 aliquid
2498 4038 2568 4093 de
2592 4041 2766 4096 rebus
2789 4042 2937 4099 meis
2962 4062 3064 4116 pro
3087 4033 3341 4125 remedio
3363 4049 3566 4124 animo

1904 4138 2044 4177 meae
2077 4125 2406 4180 condonare
2436 4126 2730 4198 deberem,
2764 4132 2920 4203 quod
2959 4133 3041 4188 ita
3080 4137 3138 4190 et
3178 4135 3325 4205 .feci;
3359 4141 3417 4196 et
3445 4137 3558 4196 hoc

1905 4215 2015 4299 est,
2068 4213 2223 4283 quod
2271 4213 2456 4280 trado,
2498 4214 2559 4271 in
2607 4217 2837 4290 pagello
2889 4207 3264 4280 denominata
3315 4223 3437 4294 illo,
3469 4225 3554 4299 [in

1903 4297 2052 4370 loco]
2074 4301 2184 4372 (68)
2207 4302 2376 4372 cujus
2407 4305 2754 4361 vocabulum
2780 4312 2869 4364 est
2887 4308 3052 4365 illud.
3077 4310 3212 4369 Illas
3233 4329 3436 4372 omnes
3457 4297 3558 4378 {ea

1905 4405 2087 4454 meas,
2110 4406 2259 4460 quas
2291 4391 2434 4445 mihi
2481 4391 2697 4449 ibidem
2729 4400 2896 4467 pater
2941 4414 3109 4456 meus
3151 4387 3408 4460 moriens
3436 4389 3550 4473 (69)

1903 4476 2253 4548 dereliquid,
2279 4483 2444 4549 [quas
2479 4481 2698 4537 ibidem
2744 4490 2946 4542 contra
2987 4488 3195 4547 fratres
3220 4493 3408 4564 meos]
3435 4491 3565 4566 (70).

1995 4600 2085 4674 53)
2115 4601 2172 4655 S.
2209 4602 2272 4656 G.
2304 4609 2729 4674 superventuris.

1998 4673 2086 4748 ῥέε)
2119 4676 2192 4748 ge
2223 4677 2344 4748 mot
2369 4673 2626 4748 marique
2658 4677 2892 4736 dans’S.
2925 4679 2991 4737 G.

1976 4744 2087 4885 (55)
2121 4743 2274 4798 S.-G.
2300 4743 2562 4869 putilicis.

1976 4815 2064 4881 (56
2118 4815 2174 4870 S.
2209 4814 2275 4870 G.
2303 4823 2371 4870 sti
2411 4817 2562 4872 ulaci

1975 4814 2084 4881 (56)
2118 4815 2174 4870 S.
2209 4814 2275 4870 G.
2303 4814 2680 4874 stibulacioue.

1972 4887 2086 4959 (57)
2117 4886 2192 4942 Ge
2220 4890 2344 4959 mot
2373 4904 2627 4959 manque
2657 4891 2806 4949 dans
2837 4893 2894 4951 S.
2930 4893 3003 4954 ὃ.

1996 4957 2086 5028 58)
2117 4963 2172 5014 S.
2207 4957 2273 5030 (ξπ.
2303 4957 2541 5030 puplice;

1996 5029 2086 5112 50)
2305 5029 2504 5112 ὶῄόυιβ
2539 5032 2900 5112 :ﬁdelissima
2927 5040 3131 5112 conjua:
3153 5042 3275 5100 illa.

1975 5100 2087 5170 (60)
2120 5102 2177 5156 S.
2213 5100 2712 5173 G.7perpetualiter.

2123 5172 2410 5248 Suppléés
2434 5174 2663 5248 d’apres
2694 5177 2752 5233 S.
2787 5179 2853 5234 G.

1978 5241 2090 5376 (62)
2121 5247 2177 5299 S.
2208 5241 2274 5299 GI
2311 5241 2637 5302 comtruére.

1978 5314 2069 5376 (63
2121 5319 2177 5369 S.
2213 5315 2279 5371 G.
2311 5317 2637 5376 difﬁnicionc

1977 5314 2090 5388 (63)
2121 5319 2177 5369 S.
2213 5315 2279 5388 (ᾇ.
2311 5317 2666 5388 difﬁnicione.

1977 5387 2091 5458 (65)
2123 5388 2180 5442 S.
2216 5387 2282 5442 G.
2317 5387 2476 5458 quasi
2509 5392 2589 5446 in.

1979 5455 2089 5530 (65)
2121 5458 2177 5512 S.
2211 5458 2276 5530 (ᾖ.
2307 5455 2589 5530 praesente.

1979 5528 2087 5601 (66)
2127 5529 2185 5583 S.
2218 5529 2283 5601 G.
2308 5528 2514 5601 'ajoute
2537 5535 2894 5593 secutoribus.

2000 5600 2092 5668 67)
2124 5601 2181 5655 S.
2216 5599 2281 5656 G.
2313 5599 2628 5662 decreverit.

2002 5671 2092 5747 68)
2122 5671 2400 5747 8uppléés
2425 5676 2658 5747 d’apres
2686 5679 2744 5734 S.
2777 5681 2844 5736 G.

2003 5743 2094 5812 69)
2127 5742 2378 5812 Manque
2407 5742 2555 5802 dans
2586 5751 2641 5804 S.
2678 5749 2744 5805 G.

2039 5814 2093 5891 0)
2125 5814 2410 5891 Suppléés
2439 5817 2668 5900 d’apres
2695 5824 2750 5883 8.
2785 5820 2856 5883 Θ.

3159 5957 3241 6031 ιδ
