3950 6370
416 371 574 435 1419

413 597 528 666 (72)
560 596 707 652 mihi
736 597 1040 669 partiendo
1071 615 1198 672 sors
1230 597 1493 670 legitima
1523 595 1790 663 contulit,
1813 595 1902 652 vel
1934 612 2061 667 quae

413 700 522 757 ego
552 688 758 758 postea
787 685 1148 757 quibuslibet
1195 686 1376 758 justis
1435 684 1735 742 laboribus
1781 701 2062 757 augmen-

411 777 539 830 tare
565 774 751 847 potui,
782 791 916 831 cum
948 776 1108 832 omni
1140 775 1497 848 integritate,
1519 774 1576 830 id
1609 779 1698 831 est
1727 779 1886 830 curte
1909 773 2063 828 clau-

412 878 481 918 sa
511 879 644 918 cum
674 862 942 931 ediﬁciis,
969 864 1282 936 mancipiis
1312 865 1446 935 (73),
1480 863 1696 920 casatis
1739 861 1908 918 terris
1940 862 2060 916 cul-

410 949 489 1007 tis
520 954 576 1007 et
606 951 864 1022 incultis,
905 953 1110 1026 pratis,
1149 951 1310 1008 silvis
1343 955 1474 1024 (74),
1517 953 1706 1024 aquis,
1748 949 2060 1013 farinariis,

411 1038 556 1108 hac,
585 1043 652 1096 ut
671 1041 953 1113 praefatus
974 1059 1129 1110 sum,
1155 1059 1290 1097 cum
1313 1041 1589 1098 omnibus
1611 1039 1956 1112 adjacentiis
1975 1037 2060 1092 vel

413 1129 484 1184 ad
493 1129 778 1200 pendiciis
793 1131 960 1186 trado
978 1132 1050 1186 ad
1069 1131 1372 1187 ecclesiam
1391 1147 1516 1202 quae
1540 1133 1873 1186 constructa
1893 1133 1983 1183 est
2003 1127 2061 1181 in

412 1215 636 1273 honore
667 1219 854 1275 sancti
883 1219 1062 1288 illius,
1084 1221 1156 1275 ad
1187 1220 1610 1276 monasterium
1654 1219 1808 1290 quod
1849 1216 2064 1271 dicitur

413 1303 582 1374 illud,
607 1306 708 1362 ubi
732 1305 830 1362 ille
853 1307 1035 1364 abbas
1063 1307 1224 1380 gregi
1257 1309 1353 1364 Dei
1384 1308 1730 1381 regulariter
1754 1305 2061 1379 praesidere

401 1397 816 1468 "cognoscitur;
851 1397 908 1451 in
949 1414 1016 1453 ea
1059 1397 1279 1453 ratione
1322 1397 1609 1464 videlicet,
1644 1401 1728 1465 ut,
1775 1394 2058 1467 quamdiu

411 1485 559 1541 mihi
589 1486 708 1542 vita
751 1485 1062 1542 comitatur
1103 1486 1162 1541 in
1207 1503 1465 1558 corpore,
1499 1487 1771 1558 superius
1797 1483 2058 1540 denomi-

411 1580 578 1632 natas
608 1591 700 1632 res
740 1577 798 1631 in
829 1576 1178 1632 beneficium
1211 1593 1244 1632 a
1270 1576 1434 1632 vobis
1464 1574 1746 1647 accipiam
1791 1574 1902 1628 sub
1950 1589 2059 1627 usu

407 1663 752 1731 fructuario,
768 1665 1150 1737 debitumque
1170 1681 1411 1721 censum
1435 1663 1730 1736 [singulis]
1754 1664 1864 1734 (73)
1889 1661 2058 1716 annis

405 1753 572 1809 vobis
620 1754 1179 1825 successoribusque
1223 1753 1434 1810 vestris
1482 1751 1833 1826 prosolvam,
1864 1751 1921 1805 id
1970 1754 2060 1805 est

1681 371 2027 436 'APPEND.
2071 367 2175 432 AD
2219 367 2406 438 SEO.
2453 373 2530 438 X.

413 507 503 564 vel
536 525 683 580 quas
719 507 938 564 ibidem
982 512 1184 564 contra
1225 506 1500 565 heredem
1525 509 1637 580 (71)
1667 524 1866 564 meum
1897 506 2064 563 illum
2093 507 2150 573 Α

3667 373 3828 447 1420

2651 510 2681 581 §
2713 508 2780 565 ll.
2807 539 2876 549 —
2906 525 3184 566 pascaam
3211 509 3346 581 (83).

2244 596 2378 668 Ego,
2403 597 2463 652 in
2491 598 2590 654 Dei
2616 598 2868 667 nomine,
2893 597 2991 654 ille
3009 599 3193 654 abbas
3217 615 3334 654 una
3355 614 3488 654 cum
3511 598 3828 655 conmissis

2173 683 2454 741 fratribus
2484 687 2721 742 nostris.
2749 691 2898 742 Dum
2930 703 3045 742 non
3079 687 3156 742 sit
3184 687 3550 759 incognitum
3575 686 3833 760 qualiter

2172 778 2233 827 tu
2279 773 2391 843 ille,
2425 776 2784 832 exortatione
2833 775 3030 831 divina
3080 780 3446 848 suggerente,
3480 792 3688 832 omnes
3735 792 3830 832 res

2172 867 2324 930 tuas,
2360 880 2507 934 quas
2563 864 2622 919 in
2682 881 2831 938 pago
2880 863 3276 933 denominato,
3309 865 3370 920 in
3400 864 3541 921 villa
3597 882 3830 922 nuncu-

2172 956 2345 1022 pante
2377 953 2507 1025 (8.4),
2534 952 2748 1008 habere
2791 952 3106 1020 videbaris,
3141 969 3290 1025 quas
3321 952 3427 1008 tibi
3472 953 3693 1010 ibidem
3725 971 3832 1026 pa-

2172 1045 2258 1094 ter
2288 1045 2426 1096 tuus
2471 1042 2729 1097 moriens
2760 1041 3106 1114 dereliquid,
3136 1040 3225 1097 vel
3258 1059 3406 1113 quas
3454 1043 3687 1116 proprio
3743 1042 3830 1098 la-

2171 1128 2309 1184 bore
2331 1129 2546 1185 ibidem
2570 1129 2794 1186 lucrare
2817 1131 3080 1202 potuisti,
3099 1130 3185 1187 vel
3217 1147 3365 1203 quas
3387 1131 3604 1187 ibidem
3621 1136 3831 1188 contra

2170 1216 2406 1273 fratrem
2439 1220 2549 1291 (85)
2581 1219 2668 1275 vel
2700 1225 2904 1275 contra
2935 1219 3276 1276 coheredem
3309 1224 3477 1275 tuum
3509 1221 3620 1294 (86)
3651 1219 3825 1276 illum

2171 1309 2283 1377 (87)
2308 1308 2472 1378 justa
2504 1309 2608 1363 tibi
2641 1308 2827 1380 portio
2851 1311 2962 1378 (88)
2984 1308 3252 1374 contulit,
3275 1326 3408 1364 cum
3439 1314 3602 1366 curte
3621 1308 3830 1366 clausa

2171 1399 2226 1448 et
2281 1396 2528 1452 edificiis
2586 1397 2847 1469 ortisque
2905 1397 3228 1469 pomiferis,
3261 1397 3662 1470 singularibus
3703 1399 3828 1469 (89)

2171 1484 2500 1556 mancipiis,
2535 1485 2626 1540 his
2659 1485 2996 1541 nominibus
3030 1485 3142 1556 (90)
3173 1485 3311 1553 illis,
3343 1487 3578 1554 casatis,
3623 1487 3828 1554 terris,

2170 1573 2372 1643 pratis,
2415 1573 2600 1640 silvis,
2635 1573 2810 1629 cultis
2841 1580 2897 1629 et
2933 1573 3194 1643 incultis,
3231 1591 3334 1631 seu
3367 1591 3500 1630 cum
3545 1576 3828 1632 omnibus

2169 1662 2235 1715 ad
2237 1662 2530 1731 jacentiis,
2551 1663 2621 1717 ad
2630 1663 2935 1735 pendiciis,
2956 1665 3026 1718 ad
3053 1680 3183 1718 eam
3205 1664 3827 1738 pertinentibus,quod

2167 1766 2514 1806 enumerare
2563 1750 2909 1824 perlongum
2939 1756 3046 1820 est,
3087 1769 3222 1808 cum
3276 1753 3435 1808 omni
3487 1753 3828 1827 integritate

407 1842 958 1915 tantum,ﬁliusque
992 1859 1159 1900 meus
1189 1842 1316 1915 ipse
1337 1843 1447 1915 (76)
1477 1859 1569 1898 res
1613 1841 1824 1896 habeat
1853 1839 2057 1894 diebus
2096 1873 2142 1939 Β
2172 1838 2464 1894 tradidisti
2514 1841 2580 1894 ad
2636 1841 3068 1939 monasterium.
3115 1841 3259 1896 illud
3292 1841 3425 1914 (91),
3461 1843 3532 1939 ad
3562 1842 3831 1939 basilica

409 1930 526 1986 vite
548 1948 667 1987 suae
696 1933 1127 1999 tantummodo,
1148 1935 1205 1987 et
1241 1932 1644 2004 supradictum
1668 1946 1907 1986 censum
1936 1945 2062 2000 pro-

412 2018 630 2088 solvat;
655 2023 712 2076 et
732 2020 780 2076 si
803 2019 1057 2076 infantes
1088 2020 1202 2076 mei
1227 2037 1319 2076 me
1341 2020 1453 2092 (77)
1479 2018 1920 2092 supervixerint,
1937 2017 2060 2071 dies

409 2107 525 2180 vite
557 2125 674 2164 sua:
704 2109 938 2165 easdem
971 2126 1062 2164 res
1092 2108 1348 2164 habeant
1382 2107 1807 2175 tantummodo,
1832 2110 1888 2161 et
1917 2122 2057 2161 eun-

412 2196 546 2253 dem
577 2214 820 2253 censum
844 2197 957 2270 (78)
975 2197 1341 2270 prosolvant;
1366 2201 1421 2252 et
1450 2197 1499 2252 si
1530 2196 1674 2251 mihi
1698 2200 1849 2251 Deus
1871 2195 2057 2249 lilium

411 2285 484 2341 de
511 2283 775 2358 legitima
807 2303 980 2342 uxore
1011 2285 1250 2354 dederit,
1274 2285 1510 2341 easdem
1549 2301 1641 2340 res
1691 2283 1902 2340 habeat
1936 2283 2055 2338 die-

409 2375 524 2431 bus
555 2375 666 2448 (79)
690 2375 807 2431 vite
853 2391 971 2431 suae
1003 2375 1440 2443 tantummodo;
1473 2378 1605 2446 post
1651 2389 1900 2444 quorum
1933 2371 2054 2428 obi-

410 2468 536 2521 tum
568 2465 692 2536 ipse
718 2482 810 2522 res
833 2465 891 2520 in
914 2465 1188 2521 omnibus
1211 2463 1511 2519 meliorate
1532 2463 1770 2518 redeant
1790 2461 2056 2534 partibus

406 2554 616 2611 vestris
645 2555 757 2624 (80)
797 2554 857 2610 in
915 2558 1263 2626 perpetuum
1321 2553 1637 2608 retinende.
1678 2553 1747 2606 Et
1802 2551 1850 2606 si
1910 2549 2054 2604 mihi

408 2643 662 2700 ﬁliorum
696 2643 1018 2714 procreatio
1049 2644 1119 2699 de
1149 2642 1408 2714 legitimo
1456 2641 1728 2714 conjugio
1777 2639 2053 2705 evenerit,

405 2731 520 2806 ipsi
551 2732 786 2788 easdem
820 2747 910 2787 res
958 2736 1089 2804 post
1142 2731 1364 2786 obitum
1416 2747 1611 2785 meum
1663 2728 1967 2795 retineant,
2001 2733 2057 2782 et

391 2833 541 2877 ‘cum
575 2820 910 2894 supradicto
932 2837 1110 2876 censu
1133 2818 1470 2892 prosolvant
1493 2823 1728 2889 tempus
1758 2817 1872 2872 vite
1903 2833 2050 2884 suae;

407 2909 500 2965 sin
531 2913 726 2966 autem
757 2909 1022 2977 minime,
1045 2912 1180 2981 post
1211 2908 1434 2964 obitum
1468 2922 1667 2962 meum
1701 2906 1826 2961 sine
1855 2905 2050 2976 cujus-

407 2997 552 3053 libet
580 2997 1056 3070 tergiversatione
1095 2999 1229 3067 jure
1278 2996 1642 3052 auctoritatis
1671 3000 1876 3074 vestra:
1915 2995 2050 3049 reti-

409 3088 599 3143 nende
628 3089 991 3143 revertantur
1030 3086 1157 3158 ipse
1199 3102 1291 3142 res
1341 3085 1397 3139 in
1448 3089 1793 3157 perpetuum
1827 3083 1957 3155 (81).
1992 3083 2050 3138 Si

407 3175 542 3248 quis
566 3175 892 3247 vero,quod
925 3175 1187 3230 futurum
1210 3191 1337 3230 esse
1359 3190 1472 3229 non
1497 3174 1687 3241 credo,
1715 3172 1764 3228 si
1792 3189 1897 3245 ego
1928 3172 2052 3244 ipse

2172 1942 2284 1998 que
2316 1932 2648 1983 construcla
2673 1929 2936 1984 noscitur
2963 1929 3023 1984 in
3055 1929 3275 1986 honore
3299 1930 3486 1986 sancti
3516 1930 3696 1999 illius,
3721 1933 3826 1988 ubi

2172 2032 2297 2081 nos,
2331 2022 2564 2072 auctore
2608 2017 2742 2085 Deo,
2778 2017 3128 2090 pastoralem
3159 2035 3361 2073 curam
3393 2019 3681 2090 gerimus;
3715 2022 3826 2076 sed

2169 2109 2390 2176 postea,
2408 2112 2460 2160 te
2478 2106 2829 2178 postulante,
2844 2123 3168 2180 congruum
3192 2107 3382 2162 visum
3406 2111 3495 2162 est
3511 2109 3684 2164 nobis
3705 2109 3827 2181 (92)

2166 2191 2325 2264 ipsas
2357 2211 2448 2249 res
2480 2195 2583 2249 tibi
2617 2197 2817 2251 cedere
2862 2196 2971 2251 sub
3017 2213 3128 2252 usu
3162 2195 3482 2252 fructuario
3512 2196 3824 2254 habendas

2168 2281 2300 2354 (93),
2326 2300 2684 2355 censumque
2711 2285 2916 2340 exinde
2944 2283 3272 2356 prosolvere
3303 2285 3514 2341 annuis
3543 2287 3824 2360 tempori-

2167 2371 2277 2426 bus
2309 2389 2422 2426 non
2469 2372 2944 2445 negl[eg]as(9!i),
2975 2373 3031 2429 id
3064 2379 3152 2430 est
3199 2378 3452 2441 tantum;
3501 2379 3558 2430 et
3608 2375 3655 2431 si
3709 2375 3824 2431 tibi

2166 2459 2320 2516 Deus
2349 2461 2533 2516 lilium
2565 2461 2635 2517 de
2666 2461 2930 2534 legitima
2971 2479 3146 2518 uxore
3187 2463 3431 2532 dederit,
3456 2463 3692 2520 easdem
3727 2482 3826 2521 res

2166 2547 2399 2614 habeat,
2422 2550 2548 2604 dies
2577 2550 2691 2605 vite
2718 2567 2838 2606 suae
2868 2554 3099 2606 tantum
3132 2552 3326 2619 modo,
3355 2555 3413 2606 et
3441 2567 3686 2608 censum
3719 2571 3824 2609 su-

2166 2636 2492 2708 pradictum
2548 2636 2853 2711 neglegere
2901 2655 3020 2694 non
3068 2644 3389 2711 presumat,
3423 2640 3822 2715 similiterque

2167 2725 2267 2780 filii
2301 2726 2386 2782 tui
2409 2728 2540 2795 (95),
2567 2744 2712 2799 quas
2730 2728 2841 2800 (96)
2865 2727 2923 2782 in
2947 2728 3202 2800 presenti
3230 2728 3444 2785 habere
3464 2729 3627 2786 visus
3649 2731 3821 2788 fuisti

2163 2815 2298 2884 (97),
2328 2815 2831 2886 faciunt(98)dies
2873 2816 2988 2872 vite
3036 2833 3185 2886 sure;
3243 2821 3376 2890 post
3422 2835 3672 2889 quorum
3701 2819 3818 2892 (99)

2163 2903 2388 2958 obitum
2419 2921 2624 2960 omnes
2672 2921 2763 2959 res
2818 2905 3153 2976 supradicto
3183 2910 3548 2962 revertantur
3600 2908 3672 2963 ad
3707 2925 3818 2964 nos

2162 3009 2644 3065 successoresque
2688 2999 2922 3049 nostros
2966 2995 3406 3068 perpetualiter;
3444 3013 3590 3068 quos
3622 2998 3670 3053 si
3704 2998 3818 3053 tibi

2162 3081 2534 3156 [procreacio]
2567 3083 2714 3155 (100)
2762 3082 3018 3139 filiorum
3066 3083 3310 3140 minime
3360 3084 3562 3140 oborta
3611 3086 3816 3157 fuerit,

2163 3170 2363 3225 statim
2395 3175 2528 3243 post
2556 3171 2781 3226 obitum
2813 3175 2982 3227 tuum
3027 3173 3152 3228 sine
3184 3171 3432 3244 alicujus
3460 3174 3815 3246 prejudicia-

407 3237 510 3321 aut
539 3237 818 3337 quislibet
844 3281 1094 3336 persona
1138 3262 1310 3319 istius
1354 3261 1685 3318 traditionis
1715 3261 2052 3317 ﬁrmitatem
2082 3237 2125 3304 C
2165 3259 2253 3315 ria
2282 3261 2652 3316 contentione
2677 3261 2748 3316 ad
2777 3265 3000 3317 actores
3022 3278 3123 3317 seu
3151 3263 3222 3317 ad
3253 3262 3586 3319 defensores
3611 3281 3820 3337 supra-

407 3369 782 3427 corrumpere
809 3352 1072 3423 voluerit,
1107 3353 1377 3409 obviante
1421 3351 1472 3407 ei
1522 3352 1723 3408 ordine
1765 3351 2049 3419 veritatis,

404 3443 738 3500 nullatenus
777 3443 1060 3498 fallatiam
1109 3459 1278 3499 suam
1323 3434 1512 3497 valeat
1534 3441 1643 3513 (82)
1673 3441 1967 3512 perﬁcere,
1996 3445 2052 3496 et

402 3550 506 3606 pro
540 3550 684 3589 ausu
710 3531 1018 3589 temerario
1040 3531 1332 3603 prosolvat
1354 3529 1426 3584 ad
1448 3530 1736 3601 prefatum
1764 3533 2052 3584 monaste-

401 3623 555 3678 rium
587 3620 834 3694 duplum
859 3624 1084 3677 tantum
1109 3623 1397 3691 quantum
1429 3617 1582 3673 malo
1603 3617 1802 3673 ordine
1824 3617 2046 3688 cupidi-

398 3714 516 3767 tate
547 3714 873 3784 praaventus
893 3708 1231 3765 abstrahere
1251 3706 1516 3776 voluerit,
1540 3711 1595 3761 et
1623 3706 1864 3778 insuper
1893 3706 2047 3778 regie

401 3789 673 3874 potestati
714 3799 794 3855 sit
842 3797 1151 3871 culpabilis
1208 3797 1335 3853 auri
1389 3800 1641 3866 tantum,
1689 3800 1747 3850 et
1792 3795 2044 3851 nihilho-

401 3891 602 3948 minus
645 3905 886 3961 presens
917 3887 1141 3944 cartula
1169 3903 1305 3942 cum
1348 3885 1623 3941 omnibus
1655 3885 1714 3939 in
1758 3903 1818 3941 se
1861 3884 2042 3940 conti-

399 3979 678 4038 nentibus
706 3977 985 4034 inviolata
1013 3978 1353 4048 permaneat
1385 3991 1520 4030 cum
1551 3974 1802 4030 testibus
1837 3975 2043 4029 subor-

397 4069 636 4129 dinatis.

459 4163 671 4218 Actum
702 4158 763 4214 in
794 4155 896 4213 illo
927 4155 1072 4224 loco,
1105 4153 1353 4227 publice,
1386 4153 1478 4209 his
1510 4154 1611 4225 qui
1648 4154 2041 4209 subnotantur

385 4247 837 4323 [presentibus]
886 4245 975 4302 vel
1023 4243 1249 4316 reliqua
1301 4243 1613 4299 innumera
1658 4241 2038 4298 multitudine

387 4337 614 4412 popuﬁ.

478 4562 570 4634 71)
601 4558 662 4634 AS.
697 4559 761 4616 G.
793 4557 1122 4634 coheredem.

475 4631 568 4701 72)
598 4632 848 4704 Manque
879 4632 1026 4686 dans
1059 4631 1116 4686 S.
1151 4631 1216 4704 G.

453 4702 570 4774 (73)
601 4704 656 4760 S.
693 4702 771 4759 GI
794 4703 987 4774 ajoute
1012 4703 1216 4774 pratis,
1243 4702 1481 4772 pascuis.

451 4773 568 4844 (74)
589 4781 692 4832 Ces
724 4773 874 4830 deux
903 4773 1165 4829 derniers
1188 4777 1341 4828 mots
1364 4775 1684 4843 manquent
1710 4773 1856 4828 dans
1881 4775 1940 4830 S.
1965 4777 2030 4830 G.

474 4849 566 4916 75)
596 4845 848 4919 Suppléé
876 4844 1105 4917 d’apres
1135 4845 1189 4899 S.
1222 4845 1286 4900 G.

509 4863 566 4916 θ)
596 4863 848 4973 διιὲριθθ
876 4863 948 4900 αι

508 4919 562 4990 6)
592 4918 648 4990 8.
733 4958 746 4972 .
781 4919 948 4990 ipsas.

450 4987 564 5057 (77)
597 4987 848 5060 Manque
879 4987 1029 5060 dans
1058 4990 1112 5060 ξ.
1149 4987 1214 5060 (_}.

471 5061 565 5138 Z8)
596 5058 850 5138 Manque
880 5059 1027 5114 dans
1057 5058 1114 5113 S.
1148 5058 1216 5112 G.

474 5131 566 5198 79)
597 5130 656 5186 S.
675 5130 753 5185 'G.
791 5131 923 5185 dies.

451 5218 561 5291 (8(I)
596 5218 653 5274 S.
689 5219 755 5274 G.
789 5219 983 5290 ajoute
1014 5219 1163 5274 vobis
1193 5217 1692 5288 suecessoribusque
1720 5220 1929 5274 vestris.

447 5309 558 5380 (81)
590 5311 747 5380 Gette
798 5305 992 5363 clause
1040 5323 1256 5380 prouve
1288 5310 1321 5362 a
1352 5306 1408 5380 la
1449 5306 1816 5380 fois__que_1e
1864 5307 2024 5377 prin-

375 5377 502 5453 cipe
529 5377 600 5436 de
629 5378 686 5435 1a
716 5381 944 5434 réserve
985 5377 1236 5443 existait,
1272 5377 1421 5432 mais
1453 5377 1591 5448 qu’il
1636 5378 1776 5433 était
1819 5394 2025 5433 encore

375 5451 494 5504 mal
525 5451 700 5504 déﬁni
729 5456 787 5504 et
831 5450 1312 5504 singulierement
1356 5449 1646 5504 restreint.
1682 5454 1836 5504 Dans
1863 5450 1921 5504 S.
1953 5449 2020 5504 G.

375 5450 494 5508 mal
525 5451 700 5507 déﬁni
729 5456 787 5506 et
831 5450 1312 5522 singulierement
1356 5450 1646 5504 restreint.
1682 5454 1836 5504 Dans
1863 5450 1921 5504 S.
1953 5450 2020 5504 G.

375 5520 434 5596 lia
461 5522 798 5596 negligence
829 5522 915 5596 du_
939 5522 1158 5596 copiste
1199 5536 1251 5596 a,
1285 5536 1390 5590 par
1419 5521 1569 5596 suite
1600 5520 2021 5596 de_l’omission

373 5594 512 5649 d’un
539 5591 730 5658 grand
760 5591 1107 5649 nombre‘de
1140 5595 1314 5658 mots,
1340 5591 1523 5646 rendu
1546 5607 1642 5647 ces
1667 5592 1816 5648 deux
1845 5610 2024 5649 mem-

370 5665 506 5721 bres
538 5661 609 5720 de
639 5664 852 5735 phrase
885 5661 1506 5733 incompréhensibles.

447 5753 560 5821 (82)
594 5752 846 5823 Manque
873 5751 1019 5806 dans
1052 5751 1110 5806 S.
1142 5750 1207 5805 G.
1325 5805 1336 5814 ,

449 5838 562 5922 (83)
590 5839 748 5898 Cotto
775 5838 1055 5913 rubrique
1084 5854 1337 5919 manquo
1367 5839 1515 5900 dans
1543 5845 1600 5898 S.
1632 5841 1697 5902 G.

2057 4608 2106 4674 D

2161 3348 2312 3404 dicte
2343 3349 2597 3405 eccelsize
2631 3354 2998 3405 revertantur
3035 3350 3093 3406 in
3138 3355 3505 3423 perpetuum.
3531 3353 3645 3408 Nec
3674 3354 3813 3426 qui-

2159 3437 2319 3504 libet,
2355 3443 2455 3494 aut
2485 3456 2592 3495 nos
2624 3439 2737 3511 ipsi
2769 3439 2856 3494 vel
2897 3457 3265 3497 successores
3296 3441 3502 3511 nostri,
3536 3441 3656 3498 haec
3688 3447 3816 3499 sta-

2156 3532 2284 3582 tuta
2313 3526 2501 3583 valeat
2521 3545 2669 3583 ausu
2690 3529 2998 3584 temerario
3031 3529 3434 3585 inordinanter
3464 3531 3813 3588 destruhere

2157 3617 2325 3689 (101),
2356 3617 2478 3684 sed,
2512 3621 2683 3689 prout
2729 3621 2964 3690 tempus
2996 3618 3052 3674 in
3086 3619 3343 3691 presenti
3395 3621 3655 3691 precaria
3705 3639 3812 3694 po-

2157 3706 2427 3777 poscerit,
2460 3705 2866 3761 inconvulsum
2900 3706 3088 3762 valeat
3129 3708 3466 3779 perdurare,
3489 3725 3664 3781 quam
3699 3727 3813 3766 nos

2155 3811 2287 3850 cum
2320 3811 2606 3852 consensu
2648 3797 2894 3851 fratrum
2935 3800 3270 3852 nostrorum
3302 3797 3572 3853 roborare
3603 3798 3807 3854 decre-

2153 3884 2365 3939 vimus.

2221 3976 2430 4030 Actum
2461 3974 2520 4029 in
2555 3973 2653 4029 illo
2682 3973 2828 4044 loco,
2863 3976 2972 4030 sub
3017 3975 3312 4048 presentia
3338 3975 3574 4032 illorum
3605 3981 3662 4033 et
3691 3993 3805 4035 cae-

2150 4066 2428 4130 terorum,
2471 4081 2618 4135 quos
2673 4080 3015 4120 enumerare
3072 4062 3306 4119 libitum
3361 4081 3478 4121 non
3536 4070 3646 4122 est.
3679 4066 3800 4140 Sig.

2149 4153 2336 4225 ipsius
2367 4153 2616 4221 abbatis,
2644 4154 2745 4225 qui
2775 4153 2926 4209 hanc
2951 4153 3274 4226 precariam
3301 4154 3425 4210 ﬁeri
3452 4155 3726 4212 decrevit.

2645 4243 2712 4311 ν,
2745 4242 2841 4310 VI,
2876 4247 2999 4311 VII,
3030 4242 3184 4311 VIII,
3217 4243 3306 4299 Ix.

2217 4331 2361 4388 Rien
2381 4332 2529 4389 n’cst
2557 4331 2689 4404 plus
2720 4347 2928 4405 propre
2959 4349 3072 4404 que
3102 4331 3186 4388 les
3212 4332 3346 4405 cinq
3375 4332 3657 4392 formules
3678 4335 3806 4392 sui-

2212 4556 2324 4628 (84)
2355 4556 2415 4613 S.
2449 4557 2513 4612 G.
2546 4557 2609 4612 in
2641 4559 2803 4629 pagis
2849 4557 3236 4625 denominatis,
3269 4559 3330 4612 in
3375 4558 3528 4616 villis
3574 4577 3802 4617 nuncu-

2133 4631 2301 4700 palis.

2216 4700 2327 4771 (85)
2359 4703 2414 4754 S.
2449 4700 2514 4756 G.
2547 4703 2748 4771 fratres
2775 4704 2912 4756 tuos.

2239 4773 2329 4828 86)
2361 4775 2417 4825 S.
2450 4776 2515 4827 G.
2546 4771 2764 4828 heredes
2790 4780 2928 4828 tuos.

2235 4843 2326 4914 87)
2360 4843 2610 4914 Manque
2635 4844 2783 4899 dans
2810 4845 2867 4899 S.
2901 4844 2966 4899 G.

2234 4915 2323 4986 88)
2355 4915 2412 4969 S.
2447 4917 2511 4970 G.
2543 4917 2816 4986 porcione.

2234 4925 2301 4968 88
2355 4925 2412 4969 δ.
2447 4925 2511 4970 ti.
2543 4925 2816 4986 porczone.

2210 4925 2323 5056 (89)
2353 4986 2409 5042 S.
2445 4987 2510 5042 G.
2544 4987 2886 5057 singulariis.

2210 5058 2320 5127 (90)
2351 5058 2407 5111 S.
2442 5058 2508 5114 G.
2537 5060 2857 5112 nominatis.

2211 5131 2322 5204 (91)
2439 5130 2505 5184 G.
2543 5130 2642 5184 vel.
