3950 6368
413 387 571 453 1433

1691 393 2030 458 APP‘END.
2075 393 2179 456 AD
2226 394 2416 458 ελδερ.
2464 396 2541 457 Χ.

3670 386 3836 458 1424

411 524 514 594 qui
546 524 606 581 in
644 523 814 587 illum
859 525 1052 584 lacum
1104 527 1340 596 deﬁuet,
1391 528 1655 601 adjacere
1699 528 1949 598 videtur,
2000 532 2059 584 et
2085 529 2139 597 Α
2168 532 2225 585 81
2254 527 2514 596 incultis,
2537 543 2672 585 cum
2689 528 2965 586 omnibus
2981 526 3328 602 adjacentiis
3343 524 3437 589 vel
3454 523 3831 599 adpendiciis

412 629 650 675 omnem
689 615 898 673 silvam
947 617 1167 675 ibidem
1213 617 1591 674 adherentem
1639 634 1827 691 usque
1874 618 1945 674 ad
1999 616 2064 672 il-

410 699 535 758 lam
558 702 713 760 viam
742 704 1038 777 publicam
1068 711 1126 763 et
1167 723 1356 780 usque
1403 707 1475 763 ad
1523 706 1719 764 lacum
1767 710 1825 763 et
1869 723 2065 779 usque

414 790 489 845 ad
544 807 782 848 sursum
838 792 900 849 in
958 793 1138 851 eccha
1194 795 1343 867 (121)
1402 812 1537 851 cum
1588 794 1748 851 omni
1816 793 2063 868 integri-

411 881 531 934 tate
560 896 706 949 sua;
740 885 798 937 et
826 881 1021 955 accepi
1051 899 1086 938 a
1114 883 1375 956 predicto
1416 884 1624 940 abbate
1671 887 1729 939 et
1766 884 1838 939 ab
1890 884 2063 939 advo-

413 968 560 1025 catis
590 984 695 1026 seu
726 971 1053 1028 rectoribus
1082 970 1273 1045 ipsius
1304 972 1644 1030 monasterii
1674 972 1938 1045 precium
1972 990 2063 1028 ar-

412 1057 575 1132 genti
603 1057 817 1117 libram
858 1057 1042 1117 unam
1092 1065 1152 1117 et
1201 1078 1388 1118 unum
1437 1062 1728 1118 caballum
1774 1065 1831 1118 et
1876 1078 2062 1117 unum

416 1145 677 1219 palleum
707 1153 945 1205 contum
977 1149 1196 1207 solidos
1226 1150 1517 1207 valentem
1548 1151 1728 1222 (122);
1764 1153 1822 1206 et
1852 1151 1924 1205 ob
1956 1149 2066 1205 hoc

415 1240 751 1308 presentem
808 1242 1029 1295 cartam
1080 1239 1432 1296 venditionis
1475 1243 1712 1312 propter
1766 1238 2065 1294 ﬁrmitatis

416 1324 679 1382 studium
705 1326 831 1382 ﬁeri
860 1328 1224 1385 decrevimus
1250 1329 1422 1401 (123),
1460 1331 1526 1384 ut
1567 1344 1755 1400 neque
1804 1344 1910 1383 nos
1959 1343 2066 1383 nec

414 1412 692 1486 quislibet
709 1414 992 1472 heredum
1006 1416 1095 1473 vel
1114 1433 1520 1473 successorum
1542 1420 1879 1473 nostrorum
1915 1416 2067 1471 hanc

412 1503 808 1561 venditionem
826 1504 1017 1562 valeat
1037 1509 1294 1563 evertere
1316 1510 1417 1562 aut
1433 1507 1753 1573 destruere,
1775 1506 1877 1562 sed
1904 1505 2066 1561 omni

412 1594 675 1664 tempore
698 1593 868 1650 ﬁrma
911 1594 1087 1651 debet
1136 1594 1451 1667 perdurare
1500 1610 1635 1650 cum
1688 1593 2066 1666 stipulatione

415 1680 686 1738 subnixa.

1100 1772 1172 1827 x1
1203 1773 1373 1845 (424).

486 1871 643 1926 Cette
674 1867 924 1937 formula
954 1868 1098 1926 offre
1126 1868 1184 1925 la
1208 1869 1347 1995 plus
1378 1869 1597 1942 grande
1628 1868 1893 1941 analogie
1933 1885 2067 1925 avec

487 1938 563 1995 lle
593 1956 709 1995 aue
736 1956 886 1995 nous
916 1956 1096 1995 avons
1126 1957 1203 1995 nu
1251 1940 1361 1995 liée
1390 1957 1530 1995 sous
1552 1940 1604 1995 Ie
1626 1953 1691 1995 no
1710 1940 1810 1995 IV:
1841 1940 1981 1995 c’cst
1999 1941 2067 1995 de

418 1938 563 1996 cells
593 1956 709 2013 que
736 1956 886 2013 nous
916 1938 1361 2013 avouspubliée
1382 1938 1530 1996 scus
1552 1940 1604 1995 Ie
1626 1953 1691 1995 no
1710 1940 1781 1995 IV
1797 1938 1981 1996 :‘c’est
1999 1941 2069 1996 de

419 2010 758 2083 meme'iun‘e
786 2010 1062 2083 donation
1096 2010 1232 2067 faite
1260 2015 1295 2067 a
1324 2029 1401 2067 un
1435 2014 1785 2079 monasterc,
1811 2028 1948 2066 avec
1980 2013 2067 2067 ré-

420 2081 585 2155 serve
609 2082 681 2138 de
710 2081 767 2155 18
783 2082 1124 2155 jouissance
1153 2086 1287 2155 tant
1314 2100 1388 2137 au
1438 2083 1611 2155 proﬁt
1657 2083 1736 2155 du
1785 2083 2071 2155 donateur

464 2153 593 2210 u’au
626 2154 803 2226 proﬁt
826 2154 899 2208 de
927 2169 1021 2209 ses
1044 2153 1509 2210 descendants‘ct
1531 2170 1672 2210 sous
1695 2154 1749 2209 la
1770 2154 2067 2210 condition

418 2170 558 2282 g’un
589 2241 727 2282 cens
755 2224 1002 2282 annuel;
1036 2229 1183 2281 cette
1214 2226 1557 2282 convention
1588 2229 1696 2282 est.
1729 2241 1957 2281 comme
2013 2225 2067 2281 la

480 2242 558 2280 un
589 2224 727 2282 cens
755 2224 1002 2292 annuel;
1036 2229 1183 2281 cette
1214 2226 1557 2282 convention
1588 2229 1696 2292 est,
1729 2241 1957 2281 comme
2013 2225 2071 2281 1a

418 2296 658 2423 plu'péart
703 2296 806 2352 des
853 2296 1249 2378 précédeptcs,
1298 2297 1528 2370 rédigée
1572 2297 1721 2352 dans
1768 2296 1828 2353 1a
1884 2297 2068 2354 forme

418 2385 510 2424 usi
573 2384 604 2423 e
632 2384 781 2424 nour
807 2366 893 2423 les
923 2369 1231 2424 nrécaires.

418 2384 604 2424 usitce
632 2384 781 2440 pour
807 2384 893 2423 les
923 2384 1231 2439 precaires.

488 2439 648 2521 l‘lous
675 2439 868 2521 terens
899 2438 1620 2521 sculementﬂremarqucr:
1656 2439 1844 2521 1°‘quc
1880 2438 1936 2494 18
1966 2440 2067 2521 do-

417 2510 617 2567 nation
649 2514 739 2567 est
765 2510 902 2566 taite
935 2527 1041 2582 par
1070 2528 1187 2582 une
1216 2510 1427 2565 femme
1456 2526 1662 2582 veuve;
1708 2510 1768 2566 2°
1815 2527 1929 2582 que
1980 2510 2066 2566 les

417 2582 587 2637 biens
604 2582 828 2637 donnés
845 2580 1073 2653 parelle
1098 2581 1180 2636 lui
1207 2581 1587 2653 provenaient
1608 2582 1678 2653 de
1698 2599 1803 2637 son
1827 2580 1921 2637 ﬁls
1944 2584 2070 2653 pré-

419 2653 659 2720 décédé;
692 2654 750 2708 3ο
779 2652 895 2724 que
923 2652 1009 2708 les
1038 2652 1476 2724 petits-cnt‘ants
1525 2653 1595 2724 de
1644 2652 1702 2708 la
1750 2652 2069 2720 donatrice,

420 2725 521 2796 qui
553 2723 858 2780 doivent’a
886 2740 954 2779 sa
982 2723 1136 2779 mort
1173 2740 1481 2779 conserver
1527 2723 1584 2779 la
1617 2724 1957 2796 jouissance
1979 2724 2071 2796 _de

418 2793 519 2859 ,ccs
548 2796 743 2867 biens,
772 2800 906 2867 sont
932 2796 1157 2867 soumis
1187 2801 1601 2867 aupayement
1620 2793 1917 2867 d’unrcens
1938 2793 2073 2866 plus

423 2865 827 2925 considerable
857 2883 971 2938 que
1003 2865 1152 2922 cclui
1184 2865 1391 2938 qu’élle
1422 2867 1677 2938 acquitte
1706 2865 2068 2933 elle-meine;

425 2940 485 2992 4ο
512 2938 692 3063 qp’un
737 2936 954 2993 certain
978 2936 1257 3026 "nombre
1301 2936 1638 3004 d’esclaves,
1689 2942 2074 3009 appartenant

425 3025 531 3063 pro
577 3008 870 3063 ablement
900 3007 972 3063 al
994 3007 1311 3063 immeuble
1332 3010 1543 3063 donné.
1567 3012 1700 3063 sont
1718 3011 1984 3063 excentés
2001 3009 2071 3063 de

469 3007 870 3081 robablement
900 3012 935 3063 a
952 3007 1543 3081 l'immeuble‘donné,
1567 3012 1700 3081 sont
1718 3007 1984 3081 eiceptés
2001 3009 2071 3064 de

452 3096 487 3135 a
516 3077 825 3151 donation;
854 3080 921 3134 5ο»
943 3079 1115 3151 qu’au
1136 3078 1261 3151 Alicu
1293 3078 1432 3151 d’un
1465 3079 1590 3136 seul
1620 3084 1745 3137 acte
1777 3077 2073 3136 (1888188-

428 3150 657 3224 cession
689 3166 763 3224 o_u
794 3148 1097 3224 prestaire,
1130 3148 1172 3205 il
1203 3167 1273 3224 en
1305 3150 1485 3224 existe
1534 3152 1704 3217 deux,
1734 3150 1874 3224 _l’un
1924 3168 2075 3224 pour

425 3222 485 3296 la
514 3221 777 3296 garantie
796 3220 876 3296 ide
907 3220 965 3277 la
992 3222 1315 3296 donatrice,
1342 3221 1546 3278 l’autrc
1566 3240 1715 3296 pour
1734 3222 1789 3278 la
1809 3220 2073 3296 garantie

426 3295 499 3350 de
521 3293 757 3349 chacun
790 3293 860 3349 de
891 3308 983 3349 ses
1013 3293 1468 3366 petits-enfants.

425 3410 456 3483 §
496 3409 586 3467 10?.
637 3425 819 3466 CARTA
865 3425 1225 3483 DQNATIONIS,
1282 3427 1437 3472 QUAM
1487 3427 1647 3465 FACIT
1692 3426 1911 3466 MULIER
1961 3427 2073 3466 pno

494 3497 845 3537 ABSENTIBUS
876 3480 1024 3553 (125)
1055 3498 1208 3537 VIRIS
1250 3498 1319 3536 AC
1370 3498 1533 3537 FILIIS
1580 3499 1715 3538 sws
1760 3499 1834 3538 AD
1880 3498 2073 3537 MONA-

499 3569 750 3609 STEBIUM
759 3595 770 3607 .

496 3650 563 3705 In
592 3649 695 3706 Dei
712 3649 967 3718 nomine,
988 3651 1442 3722 perpetrandum
1459 3654 1548 3706 est
1564 3650 1892 3724 uniquique
1914 3651 2070 3723 quod

427 3737 760 3812 evangelica
784 3756 894 3796 vox
923 3744 1223 3795 ammonet
1250 3739 1478 3796 dicens:
1519 3740 1653 3795 Date
1695 3741 2070 3810 elemosinam,

428 3832 480 3884 et
508 3843 625 3885 ecce
653 3830 841 3884 omnia
867 3827 1076 3884 munda
1103 3836 1229 3883 sunt
1260 3830 1426 3884 vobis.
1460 3828 1711 3900 Ideoque
1726 3845 1831 3902 ego
1854 3828 1957 3885 illa
1977 3847 2071 3886 co-

428 3914 608 3989 gitavi
635 3915 814 3972 vitam
836 3916 1093 3972 futuram
1116 3919 1392 3971 aeternam
1416 3916 1881 3987 retributionem,
1906 3919 2073 3973 trado

429 4007 608 4076 atque
635 4004 982 4060 transfundo
1006 4004 1205 4060 omnia
1235 4020 1600 4077 quecumque
1630 4005 1690 4060 in
1720 4005 1813 4062 his
1844 4006 2075 4063 duobus

427 4092 601 4163 villis,
635 4093 729 4150 his
778 4093 1135 4163 nominibus,
1186 4092 1304 4163 illa,
1357 4094 1476 4163 illa,
1524 4095 1595 4150 ad
1649 4095 2074 4151 monasterium

427 4183 581 4255 quod
612 4187 701 4239 est
730 4187 1129 4239 constructum
1152 4183 1211 4239 in
1234 4182 1453 4240 honore
1475 4187 1687 4239 sancta:
1710 4184 1903 4239 Mariae
1924 4200 2075 4241 sem-

424 4289 530 4346 per
555 4271 820 4345 virginis,
851 4270 953 4326 ubi
984 4270 1083 4327 ille
1131 4271 1313 4327 abbas
1362 4286 1597 4343 preesse
1638 4270 1888 4343 videtur,
1944 4290 2071 4345 quae

426 4360 573 4416 mihi
600 4359 696 4416 ille
724 4360 882 4416 ﬁlius
903 4376 1070 4416 meus
1087 4377 1265 4414 manu
1289 4358 1632 4432 potestativa
1646 4361 1905 4430 tradidit,
1931 4379 2071 4434 que-

427 4465 683 4521 cumque
713 4448 772 4504 in
802 4448 1155 4521 supradictis
1186 4447 1340 4505 villis
1369 4448 1585 4505 habere
1614 4449 1780 4506 visus
1829 4452 1957 4517 fuit,
2010 4451 2068 4508 id

424 4542 515 4595 est
538 4542 661 4595 tam
691 4537 860 4595 terris
892 4554 1070 4611 quam
1101 4537 1394 4605 domibus,
1428 4537 1694 4608 ediﬁciis,
1735 4540 2065 4613 mancipiis,

2177 621 2235 673 et
2264 635 2400 674 cum
2430 618 2590 673 omni
2624 618 2985 691 integritate;
3018 618 3141 675 haec
3172 617 3370 675 omnia
3386 632 3492 691 ego
3520 615 3593 671 ad
3620 630 3841 688 supra-

2174 706 2617 762 denominatum
2648 707 2815 763 trado
2833 709 3009 779 atque
3026 706 3376 763 transfundo
3392 721 3496 778 pro
3519 702 3842 761 animabus

2176 793 2433 851 ﬁliorum
2466 812 2756 865 meorum,
2789 795 2971 865 illius,
3005 794 3191 865 illius,
3222 798 3281 852 et
3321 810 3426 868 pro
3475 793 3678 851 anima
3723 789 3843 849 viri

2175 884 2288 939 mei
2320 883 2483 940 illius
2512 888 2569 940 et
2597 901 2701 957 pro
2734 883 2923 941 salute
2954 884 3171 953 anime,
3202 882 3457 956 exceptis
3496 880 3841 954 mancipiis,

2173 972 2311 1039 illis,
2344 972 2490 1042 illis;
2526 973 2752 1046 reliqua
2784 974 2982 1030 omnia
3011 990 3080 1030 ex
3109 974 3338 1047 integro
3369 971 3607 1040 tradidi,
3655 971 3716 1026 in
3768 985 3845 1025 ea

2174 1060 2445 1117 videlicet
2475 1062 2698 1118 ratione
2729 1066 2818 1135 ut,
2867 1062 3152 1136 quamdiu
3196 1063 3411 1129 vixero,
3463 1059 3843 1133 supradictas

2176 1166 2269 1206 res
2295 1151 2567 1219 habeam,
2601 1168 2964 1224 censumque
2993 1167 3062 1207 ex
3086 1151 3171 1208 eis
3201 1150 3373 1207 annis
3404 1147 3656 1222 singulis
3694 1164 3839 1221 pro—

2176 1239 2422 1304 solvam,
2452 1239 2511 1295 id
2543 1244 2634 1296 est
2661 1244 2917 1312 quatuor
2944 1240 3195 1308 solidos;
3239 1243 3298 1296 et
3344 1239 3396 1296 si
3433 1238 3539 1294 ﬁlii
3586 1236 3673 1292 illi
3725 1235 3839 1298 ﬁlii

2176 1327 2289 1383 mei
2308 1344 2400 1383 me
2421 1345 2485 1383 su
2497 1329 2869 1400 pervixerint,
2890 1345 3141 1401 quorum
3154 1345 3309 1385 unus
3322 1325 3668 1393 diciturille,
3683 1324 3843 1382 alter

2176 1416 2293 1485 ille,
2325 1421 2466 1472 tunc
2498 1416 2595 1473 ille
2617 1417 2831 1473 habeat
2855 1418 2986 1486 hoc,
3020 1418 3179 1490 quod
3209 1417 3269 1472 in
3304 1416 3404 1472 illa
3427 1415 3569 1472 villa
3586 1414 3837 1482 tradidi,

2176 1510 2404 1561 tantum
2440 1507 2565 1562 dies
2594 1506 2708 1563 vite
2730 1524 2849 1562 suae
2872 1506 2931 1562 in
2952 1506 3325 1572 beneficium,
3344 1509 3402 1562 et
3417 1503 3633 1562 solidos
3656 1503 3841 1577 quin-

2176 1611 2287 1666 que
2315 1594 2499 1649 solvat
2528 1594 2700 1650 annis
2730 1594 2984 1667 singulis
3002 1595 3072 1650 ad
3101 1594 3506 1668 supradictum
3527 1595 3841 1655 monaste-

2177 1684 2360 1749 rium;
2394 1682 2489 1738 ille
2521 1700 2652 1738 vero
2683 1682 2830 1739 alter
2860 1683 2967 1739 hoc
2997 1687 3211 1752 teneat,
3245 1683 3401 1755 quod
3432 1682 3492 1738 in
3541 1680 3645 1737 illa
3694 1678 3842 1735 villa

2175 1771 2415 1839 tradidi,
2448 1773 2653 1827 eodem
2684 1778 2886 1828 tenore
2919 1789 3036 1845 quo
3063 1772 3241 1828 frater
3269 1771 3398 1844 ejus
3439 1787 3543 1844 per
3589 1769 3838 1837 omnia;

2099 1898 2147 1963 B
2178 1865 2312 1933 post
2341 1877 2539 1917 meum
2572 1878 2704 1917 vero
2735 1865 2793 1917 et
2822 1860 3059 1917 illorum
3108 1862 3436 1918 discessum
3485 1875 3619 1916 cum
3669 1858 3843 1959 omni

2178 1950 2511 2022 integritate
2542 1949 2669 2006 sine
2700 1950 2951 2023 alicujus
2982 1950 3441 2007 contradictione
3464 1949 3536 2005 ad
3566 1948 3845 2021 supradi-

2176 2043 2332 2094 ctum
2366 2040 2789 2095 monasterium
2821 2044 3186 2096 revertantur
3199 2037 3616 2112 perpetualiter
3641 2037 3842 2111 possi-

2178 2129 2385 2184 dende.

2765 2261 2795 2335 §
2826 2262 2897 2318 II.
2931 2279 3228 2320 PMCARIA.

2248 2396 2385 2469 Ego,
2416 2396 2473 2451 in
2508 2395 2608 2452 Dei
2641 2396 2896 2465 nomine,
2932 2395 3027 2452 ille
3059 2397 3240 2453 abbas
3282 2393 3622 2453 monasterii
3670 2396 3838 2470 quod

2174 2488 2415 2538 vocatur
2443 2482 2609 2539 illud.
2643 2484 2795 2540 Dum
2826 2483 3099 2557 pluribus
3127 2488 3334 2540 notum
3364 2484 3440 2540 sit
3462 2483 3718 2557 qualiter
3770 2488 3840 2540 tu

2177 2571 2280 2627 illa
2310 2572 2527 2642 omnia,
2556 2590 2924 2646 quecumque
2964 2574 3023 2628 in
3072 2572 3173 2630 illa
3217 2571 3356 2629 villa
3403 2577 3460 2629 et
3503 2573 3563 2629 in
3615 2571 3721 2629 illa
3769 2589 3842 2630 ex

2176 2659 2489 2716 traditione
2522 2661 2623 2715 ﬁlii
2657 2662 2738 2716 tui
2775 2661 2935 2718 illius
2965 2662 3180 2719 habere
3209 2661 3477 2735 potuisti,
3532 2661 3655 2717 haec
3705 2661 3840 2717 sine

2179 2747 2378 2820 aliqua
2403 2749 2458 2803 di
2469 2750 2587 2804 .nin
2600 2750 2797 2807 utione
2818 2767 2951 2806 cum
2966 2750 3125 2807 omni
3141 2750 3474 2825 integritate
3487 2767 3598 2806 sua
3621 2750 3699 2807 ad
3717 2767 3843 2810 mo-

2181 2838 2503 2893 nasterium
2537 2840 2691 2911 quod
2723 2844 2963 2895 vocatur
2989 2838 3152 2907 illud,
3185 2840 3441 2912 exceptis
3491 2839 3835 2913 mancipiis,

2179 2926 2272 2982 his
2301 2927 2640 2984 nominibus
2666 2928 2783 2984 illis
2814 2932 2872 2984 et
2901 2928 3043 2998 illis,
3077 2927 3305 3001 reliqua
3334 2929 3551 2995 omnia,
3586 2933 3653 2984 ut
3681 2928 3838 2985 dixi-

2180 3032 2334 3086 mus,
2368 3033 2736 3090 quecumque
2767 3017 2879 3073 dici
2921 3021 3022 3074 aut
3066 3018 3359 3075 nominari
3405 3022 3679 3091 possunt,
3731 3036 3839 3092 pro

2180 3104 2378 3161 anima
2407 3105 2513 3161 viri
2544 3106 2629 3162 tui
2655 3106 2815 3163 illius
2846 3110 2904 3163 et
2934 3124 3037 3180 pro
3069 3107 3382 3164 animabus
3418 3106 3679 3163 ﬁliorum
3705 3112 3839 3164 tuo-

2182 3211 2314 3249 rum
2346 3194 2504 3252 illius
2535 3200 2592 3253 ct
2622 3195 2778 3252 illius
2808 3200 2867 3253 et
2881 3213 2985 3270 pro
3017 3196 3204 3254 salute
3236 3197 3443 3253 anima:
3463 3200 3576 3252 tuaa
3603 3196 3843 3254 donasti

2105 3262 2148 3329 (ἶ
2187 3285 2259 3340 ad
2291 3284 2711 3342 monasterium
2744 3262 3058 3355 tradidisti;
3093 3288 3193 3343 sed
3221 3291 3425 3360 postea
3453 3286 3564 3343 fuit
3600 3291 3708 3343 tua
3738 3305 3842 3361 pe.-

2185 3372 2333 3443 titio,
2366 3378 2567 3430 nostra
2596 3391 2824 3448 quoque
2857 3393 2971 3432 non
3004 3376 3234 3449 negavit
3261 3374 3555 3447 voluntas,
3610 3382 3680 3432 ut
3728 3376 3841 3433 tibi

2183 3463 2418 3519 easdem
2448 3481 2542 3520 res
2573 3464 2632 3519 in
2655 3464 3008 3521 beneﬁcium
3035 3466 3378 3522 cederemus
3398 3464 3520 3522 dies
3544 3466 3673 3522 vitae
3696 3469 3838 3534 tuae,

2184 3551 2244 3607 in
2273 3569 2341 3608 ea
2369 3553 2594 3609 ratione
2623 3557 2707 3621 ut,
2740 3553 3023 3626 quamdiu
3053 3553 3286 3622 vixeris,
3319 3553 3694 3628 supradictas
3744 3571 3841 3612 res

2184 3640 2424 3711 habeas,
2456 3646 2513 3698 et
2537 3660 2777 3699 censum
2807 3660 2877 3700 ex
2904 3643 2989 3700 cis
3019 3644 3192 3701 annis
3215 3643 3465 3717 singulis
3483 3642 3706 3713 solvas,
3723 3644 3839 3706 hoc

2183 3738 2268 3787 est
2299 3736 2552 3804 quatuor
2578 3732 2826 3801 solidos;
2859 3737 2989 3805 post
3016 3736 3186 3789 tuum
3213 3750 3348 3790 vero
3379 3732 3739 3802 discessum,
3782 3735 3835 3791 si

2181 3823 2236 3875 te
2269 3825 2508 3893 nepotes
2532 3821 2640 3888 tui,
2673 3822 2728 3877 id
2761 3825 2851 3877 est
2878 3821 2983 3877 ﬁlii
3008 3821 3157 3893 [ﬁlii]
3182 3823 3268 3878 tui
3301 3821 3397 3878 ille
3427 3826 3484 3879 81
3513 3820 3612 3879 ille
3628 3838 3838 3898 super-

2180 3909 2445 3977 vixerint,
2476 3912 2710 3966 easdem
2744 3928 2835 3966 res
2876 3910 3131 3967 habeant
3178 3911 3303 3967 dies
3345 3911 3472 3967 vitae
3524 3929 3645 3968 sua:
3698 3918 3835 3969 tan-

2181 4002 2329 4068 tum,
2362 4004 2420 4055 et
2448 4016 2690 4056 censum
2721 3999 2928 4056 exinde
2956 3999 3205 4070 solvant,
3237 4000 3297 4055 id
3339 4004 3429 4057 est
3470 3999 3569 4057 ille
3615 4000 3837 4059 habeat

2182 4086 2345 4143 illam
2367 4087 2567 4144 villam
2585 4093 2642 4145 et
2658 4088 2917 4162 quinque
2934 4088 3150 4146 solidos
3169 4089 3340 4146 annis
3361 4090 3613 4163 singulis
3635 4091 3709 4147 ad
3732 4108 3833 4148 su-

2181 4177 2509 4249 pradictum
2541 4176 2962 4234 monasterium
2988 4194 3093 4252 pro
3115 4194 3355 4235 censum
3377 4178 3587 4245 solvat,
3613 4184 3691 4247 [et
3713 4179 3832 4252 ille]

2180 4265 2342 4322 illam
2372 4266 2570 4322 villam
2600 4267 2803 4323 eodem
2833 4271 3034 4323 tenore
3065 4284 3179 4341 quo
3210 4268 3387 4324 frater
3405 4269 3534 4340 ejus
3557 4267 3837 4325 similiter

2180 4354 2373 4424 fatiat;
2407 4360 2540 4428 post
2578 4355 2815 4412 illorum
2862 4372 2993 4413 vero
3040 4355 3389 4425 discessum,
3442 4357 3641 4413 statim
3693 4374 3831 4414 cum

2179 4444 2337 4500 omni
2368 4444 2700 4518 integritate
2733 4462 2823 4501 res
2855 4446 3412 4518 supradenominate
3441 4447 3514 4501 ad
3556 4445 3833 4519 supradi-

2177 4537 2336 4589 ctum
2368 4534 2790 4590 monasterium
2823 4538 3185 4592 revertantur
3203 4534 3619 4609 perpetualiter
3640 4536 3835 4609 possi-

419 4627 627 4701 pratis,
648 4627 905 4701 pascuis,
931 4626 1101 4699 aquis
1123 4643 1481 4699 aquarumve
1498 4627 1867 4698 decursibus,
1892 4629 2069 4687 cultis
2099 4635 2144 4701 1)
2175 4623 2382 4679 dende.
2415 4622 2744 4696 Nllllusque
2772 4627 2821 4679 et
2850 4628 3046 4681 cetera.

491 4754 642 4826 (121)
674 4754 869 4826 Eccita,
903 4755 1093 4825 parait
1123 4755 1243 4807 etrc
1275 4756 1330 4807 la
1360 4754 1549 4808 meme
1574 4752 1751 4826 chose
1776 4771 1890 4826 que
1911 4758 2068 4823 Ewa,

419 4824 521 4896 qui
553 4824 784 4898 signiﬁe
816 4824 1191 4898 proprement
1219 4827 1362 4898 eoin,
1396 4829 1453 4879 et
1482 4842 1588 4897 par
1615 4824 1933 4882 derivation
1989 4847 2068 4885 un

456 4897 571 4969 pint
608 4895 976 4969 ξςαίιιαη1η18
1019 4897 1157 4969 cime
1201 4895 1364 4950 d’une
1410 4895 1718 4967 montagne,
1769 4903 1903 4969 etc.,
1956 4906 2066 4957 etc.

471 4984 560 5036 ογ.
593 4967 770 5035 Graii",
806 4972 848 5023 t.
884 4968 926 5036 Ι,
960 4966 1069 5022 801.
1098 4968 1220 5021 112.

489 4984 503 5022 )
549 5010 560 5021 .
593 4984 770 5035 uran,
806 4984 848 5023 ι.
884 4984 926 5036 1,
960 4984 1069 5022 cm.
1098 4984 1220 5021 112.

489 4984 635 5109 (l22)
666 5037 751 5094 On
782 5054 1161 5110 remarquera
1190 5054 1302 5110 que
1324 5036 1376 5093 le
1399 5037 1526 5110 prix
1547 5038 1803 5110 consiste
1830 5043 1862 5095 a
1882 5040 1937 5095 la
1959 5041 2068 5097 fois

418 5125 491 5164 en
519 5108 722 5181 argent
742 5114 800 5164 et
821 5126 891 5164 en
916 5108 1376 5181 marchandises;
1399 5108 1550 5163 inuis
1573 5109 1818 5164 cellas-ci
1844 5128 1915 5165 ne
1937 5118 2069 5167 Sunt

390 5246 393 5251 η
417 5178 778 5256 8881181888
808 5185 966 5256 sorte
996 5179 1589 5256 quel’accessoireet
1613 5181 1936 5238 n'enlevent
1962 5203 2066 5256 pas

418 5254 452 5307 8
479 5251 644 5307 1’8818
675 5251 727 5306 18
760 5251 1047 5307 caractére
1077 5252 1214 5307 d’un
1246 5254 1457 5307 contrat
1485 5252 1548 5305 de
1578 5260 1750 5307 vente.

486 5324 641 5405 (123)
669 5324 747 5405 La
774 5322 851 5379 loi
882 5324 985 5405 des
1025 5323 1361 5405 Allemands
1410 5338 1481 5376 ne
1519 5323 1789 5405 contient
1837 5341 2066 5405 aucune

459 5394 804 5467 rescription
838 5412 941 5467 sur
967 5394 1024 5450 la
1054 5396 1237 5451 torme
1268 5395 1371 5448 des
1401 5397 1661 5467 contrats
1690 5395 1763 5467 de
1779 5401 1964 5451 vente.
1990 5398 2068 5453 La

441 5468 495 5523 oi
529 5464 970 5539 des—Ripuaircs
1001 5467 1216 5539 (tit.r_59_
1237 5470 1294 5519 et
1325 5465 1437 5535 60),
1486 5469 1544 5518 et
1587 5464 1644 5520 la
1686 5465 1766 5539 loi
1798 5467 2065 5539 _desBa-

414 5538 610 5594 varois
638 5536 754 5610 (tit:
780 5538 892 5606 XV,
925 5536 1018 5594 ch;
1054 5536 1387 5610 12)]aissent
1415 5536 1765 5610 auxparties
1797 5536 1849 5593 le
1896 5538 2067 5595 choix

419 5611 492 5665 de
521 5605 753 5680 dresser
784 5605 1028 5680 un'acte
1050 5605 1193 5664 écrit
1222 5623 1293 5661 ou
1328 5605 1621 5680 d’appeler
1649 5609 1752 5680 des
1791 5610 2062 5680 témoins;

421 5679 572 5754 mais
601 5679 819 5754 ilpous
850 5678 1070 5735 semblc
1103 5694 1215 5754 que
1238 5694 1332 5732 ces
1353 5678 1462 5733 lois
1479 5678 1771 5754 optivoulu
1793 5678 2067 5754 indiquer

416 5750 504 5811 les
535 5749 831 5808 meilleurs
861 5766 1102 5827 moycns
1121 5748 1200 5806 de
1230 5765 1442 5826 prcuvc
1472 5748 1663 5825 plutOt
1710 5748 2067 5829 qu’imposcr

2179 4766 2293 4805 une
2323 4748 2619 4824 condition
2643 4749 2714 4805 de
2736 4748 2991 4806 validité.
3014 4750 3177 4824 Noua
3196 4767 3451 4824 pensons
3473 4768 3585 4824 que
3607 4751 3662 4807 le
3683 4768 3829 4824 con-

2179 4825 2526 4895 sentement,
2575 4821 2627 4877 le
2673 4826 2983 4895 paycment
3031 4822 3106 4895 du
3156 4821 3305 4895 prixi
3334 4828 3390 4878 81
3437 4821 3509 4895 la;
3539 4823 3827 4881 tradition

2178 4892 2393 4948 étaient
2421 4909 2648 4948 comme
2676 4892 2766 4947 on'
2785 4892 2838 4948 le
2866 4893 2987 4949 voit
3017 4892 3177 4950 dans
3197 4893 3254 4949 la
3282 4893 3532 4950 formulc
3570 4895 3700 4950 XIX
3748 4897 3829 4951 du

2176 4964 2274 5019 liv.
2309 4966 2365 5038 ll_
2390 4965 2460 5021 de
2489 4963 2903 5038 Marculfe,_les
2943 4964 3135 5022 seules
3182 4966 3512 5038 conditione
3561 4965 3829 5038 requises

2178 5053 2325 5120 pour
2351 5034 2409 5090 la
2436 5035 2671 5118 validité
2697 5036 2767 5120 de
2795 5035 2852 5092 la
2881 5041 3067 5120 vente.
3099 5041 3156 5093 et
3184 5034 3703 5120 qu’ennl’absenéc
3756 5039 3828 5120 de

2176 5113 2335 5162 toute
2367 5123 2576 5178 preuve
2605 5107 2781 5162 ecrite
2811 5124 2883 5163 ou
2912 5107 3325 5175 testimoniale,
3360 5107 3694 5165 l’existence
3747 5109 3827 5165 du

2177 5186 2403 5251 contrat
2431 5179 2666 5251 pouvait
2690 5183 2809 5234 etre
2834 5179 3044 5236 établie
3073 5179 3375 5251 parl’aveu
3394 5198 3469 5236 ou
3490 5179 3543 5235 le
3562 5189 3823 5251 sermoni.

2176 5249 2221 5304 ll
2249 5252 2378 5335 iant
2407 5249 2731 5335 cependant
2759 5251 2986 5322 ajouter
3016 5249 3129 5335 que
3158 5249 3475 5335 l'usagege
3493 5250 3731 5335 rediger
3748 5268 3825 5307 un

2174 5328 2300 5378 acte
2329 5340 2390 5396 se
2421 5321 2698 5396 repandit
2716 5321 3151 5396 enproportion
3178 5323 3249 5379 de
3275 5321 3611 5396 _l’inﬁuence
3626 5321 3824 5396 qu’ac-

2175 5394 2401 5466 quérait
2429 5393 2653 5465 ch’aque
2675 5393 2901 5466 jourjla
2927 5393 3141 5466 prcuve
3170 5394 3366 5450 écrite.

2244 5466 2392 5539 (124)
2424 5463 2578 5521 Cetté
2608 5463 2857 5539 formule
2882 5463 2953 5539 ne
2984 5481 3046 5521 se
3079 5470 3281 5539 t'rouve
3308 5483 3414 5539 pas
3445 5465 3594 5522 dans
3645 5469 3703 5539 S.
3751 5466 3818 5539 _G,

2243 5536 2391 5610 (125)
2426 5541 2496 5592 Le
2528 5541 2649 5592 mot
2677 5536 3106 5610 a_bsentibus_est
3135 5536 3542 5610 évidemment
3575 5538 3700 5610 pris
3747 5537 3819 5610 ici

2214 5606 2321 5664 our
2348 5606 2639 5735 dlefunctis,
2669 5607 2820 5664 ainsi
2850 5623 2964 5685 que
2991 5606 3043 5666 18
3091 5626 3305 5685 prouve
3351 5608 3410 5667 la
3455 5606 3609 5667 suits
3657 5610 3730 5667 de
3766 5608 3821 5666 la

2214 5696 2361 5735 )rmu
2390 5696 2441 5735 c.

2196 5696 2441 5738 ormmc.
