1975 3182
75 186 155 218 1437

721 179 922 213 FORMULIE
941 178 1133 210 VETERES.

1700 179 1779 210 1438

75 254 236 283 secundum
251 252 356 290 legem.
372 252 401 280 Si
419 251 485 289 quis
500 259 578 285 vero,
590 249 667 288 quod
683 250 745 278 fieri
762 258 819 277 non
836 256 898 277 cre-
912 246 940 280 Α
954 245 1072 282 propria
1089 230 1224 282 largitate
1237 244 1405 290 decreverit,
1420 245 1471 274 ille
1491 245 1566 274 bene
1586 246 1700 281 tribuit,
1716 247 1785 284 qui,

74 299 186 333 dimus,
201 298 226 327 si
242 306 294 335 ego
310 297 371 333 ipse
387 299 438 325 aut
453 296 531 324 ullus
547 296 688 323 heredum
701 294 746 322 vel
762 294 899 330 prohere-

74 344 146 372 dum
163 337 305 376 meorum,
318 342 368 378 qui
379 343 480 370 contra
495 341 570 368 hanc
585 340 718 368 libellum
729 339 806 366 dotis
817 347 902 375 agere

74 391 126 417 aut
140 388 239 416 venire
255 386 389 422 voluerit,
401 385 535 423 partibus
549 385 617 413 ﬁsce
632 385 705 420 (167)
722 383 816 412 multa
831 392 901 411 con-

74 434 174 470 ponat,
187 433 216 460 id
232 433 276 460 est
297 431 360 459 auri
386 432 514 463 tantum,
530 429 643 465 argenti
668 428 797 465 pondera
820 430 903 455 tanta

73 480 194 506 coactus
220 475 359 511 exsolvat,
376 477 404 503 et
418 475 496 511 quod
523 474 628 510 repetit
653 482 706 510 per
731 473 903 508 nulliusque

73 521 211 558 ingenuis
224 520 298 556 (168)
315 519 479 547 evindicare
500 526 559 545 non
573 516 681 550 valeat;
699 517 749 544 sed
771 516 824 544 hec
840 516 903 552 cpi-

73 566 149 594 stola
164 565 240 593 dotis
256 564 335 592 omni
355 566 485 599 tempore
506 562 591 590 firma
605 563 634 589 et
648 561 762 590 stabilis
788 568 903 597 perma-

73 612 152 639 neat.

110 654 233 690 Signum
247 653 335 686 illius,
348 652 398 689 qui
411 652 498 680 istam
515 652 610 680 dotem
623 651 742 679 donavit
752 652 839 686 atque
857 650 904 679 (ir.

74 707 156 727 mare
171 698 293 734 rogavit.

362 750 478 769 LIBELLU
482 750 503 769 Μ
523 749 605 769 DOTIS
611 762 616 768 .
838 760 841 762 -

110 787 185 821 Quia
195 796 246 824 per
254 786 476 823 dispositionem
488 786 603 814 Domini
615 785 707 813 nostri
718 785 789 814 Jesu
799 785 905 820 Christi

80 835 111 861 et
125 840 272 861 consensu
287 831 449 859 amicorum
466 833 632 858 nostrorum
647 838 700 866 ego
714 830 761 858 ille
776 832 804 858 te
820 830 860 857 ita
875 831 908 857 ﬁ-

79 877 152 906 liam
167 876 248 905 illius
260 876 290 903 in
301 875 466 912 legitimum
478 875 648 911 conjugium
660 875 787 911 suscepi,
799 874 907 902 idcirco

79 922 136 950 tibi
147 922 244 950 dotem
254 921 418 957 legitimum
428 920 577 948 decretum
586 920 622 947 do
634 928 723 947 manu
734 920 908 956 potestativa

80 967 111 994 in
128 974 204 1002 pago
219 967 408 1001 nuncupante
423 964 484 998 illo,
500 964 530 991 in
545 964 614 991 villa
634 972 690 999 que
712 966 833 991 vocatur
849 964 899 991 illa

80 1000 195 1039 euntem
209 1000 340 1038 clausam
354 1018 420 1037 cum
433 1009 538 1036 ceteris
549 1008 684 1041 edificiis,
697 1017 764 1036 cum
778 1010 856 1036 terra
866 1000 911 1036 sa:

75 1055 130 1083 lice
144 1054 229 1090 (169),
242 1054 271 1081 id
287 1056 333 1081 est
344 1053 479 1089 jurnales
501 1055 608 1086 tantos,
624 1055 708 1089 prata
722 1053 757 1080 ad
773 1053 909 1080 carradas

75 1101 174 1127 tantes
186 1099 260 1134 (170)
268 1099 296 1126 et
307 1097 399 1125 hobas
411 1099 519 1131 tantas,
528 1106 594 1125 cum
606 1097 693 1133 agris,
704 1097 807 1133 pratis,
817 1097 909 1125 silvis»

74 1143 205 1180 pascuis,
218 1142 303 1179 aquis
319 1150 505 1178 aquarumve
516 1142 702 1174 decursibus,
712 1143 770 1169 uta
781 1142 827 1169 die
843 1151 909 1178 pre-

75 1190 160 1216 sente
176 1187 409 1219 habeas,teneas
433 1188 521 1222 atque
548 1186 715 1222 possideas;
732 1186 761 1213 in
777 1195 811 1214 ea
831 1186 911 1216 vide-

75 1232 147 1260 licet
162 1231 279 1260 racione
294 1233 336 1265 ut,
349 1231 491 1266 quamdiu
515 1230 632 1263 vixeris,
649 1231 767 1258 easdem
784 1239 830 1258 res
856 1232 910 1259 sub

75 1285 134 1304 usu
151 1276 311 1304 fructuario
327 1275 451 1309 habeas;
466 1277 533 1310 post
543 1275 656 1303 obitum
669 1283 735 1302 vero
748 1277 832 1302 tuum
849 1276 912 1311 ipse

79 1329 129 1349 res
144 1321 174 1348 in
190 1328 286 1348 meam
303 1322 486 1348 revertantur
511 1322 684 1355 potestatem
700 1319 744 1347 vel
770 1320 806 1347 ad
831 1328 912 1348 meos

79 1365 203 1394 heredes
217 1364 373 1401 legitimos,
383 1365 407 1392 si
423 1372 470 1392 me
486 1363 732 1399 supervixeris.Si
749 1364 815 1400 quis
831 1373 909 1405 vero,

81 1410 160 1446 quod
175 1409 308 1438 futurum
320 1417 385 1437 esse
400 1417 458 1436 non
474 1409 570 1442 credo,
583 1408 608 1436 si
623 1417 676 1445 ego
692 1409 755 1444 ipse
766 1411 817 1436 aut
833 1409 912 1437 ullus

77 1454 220 1482 heredum
238 1453 282 1481 vel
303 1453 503 1489 proximorum
520 1461 664 1486 meorum,
681 1453 757 1481 hanc
777 1454 910 1481 donatio-

79 1506 147 1527 nem
159 1498 237 1526 dotis
251 1497 384 1534 legaliter
399 1506 415 1525 ε
426 1506 472 1525 me
486 1497 592 1525 factam
604 1497 764 1533 infringere
775 1498 912 1533 voluerit,

79 1544 116 1571 ad
133 1544 231 1579 partes
253 1542 316 1570 ﬁsci
332 1542 427 1569 multa
441 1544 608 1577 componat,
620 1542 650 1569 id
665 1544 710 1569 est
735 1542 799 1570 auri
820 1542 911 1571 libras

78 1589 187 1620 tantas,
200 1587 312 1623 argenti
335 1586 425 1614 libras
448 1588 557 1620 tantas,
570 1588 598 1614 et
623 1586 745 1622 insuper
760 1586 813 1614 tibi
832 1587 911 1615 aliud

78 1634 194 1663 tantum
209 1633 352 1668 quantum
368 1631 472 1667 repetit
483 1633 602 1659 coactus
615 1631 745 1658 exsolvat
756 1632 845 1667 (171);
858 1632 912 1660 hec

78 1684 146 1704 vero
162 1675 280 1704 donatio
295 1676 380 1703 ﬁrma
395 1678 423 1704 et
444 1674 559 1703 stabilis
580 1678 752 1711 permaneat
774 1684 842 1703 cum
859 1676 910 1703 sti-

78 1720 130 1749 bul
137 1720 240 1748 acione
258 1720 394 1748 subnixa.

120 1766 226 1793 Actum
247 1764 278 1792 in
292 1764 362 1792 villa
376 1763 436 1797 illa,
453 1772 529 1792 anno
553 1763 702 1791 Ludowici
725 1763 911 1792 invictissimi

84 1809 172 1846 regis,
182 1809 213 1836 in
226 1816 342 1836 menses
356 1808 417 1842 illo,
432 1808 478 1836 die
490 1808 580 1837 Jovis.
592 1808 751 1836 indictione
762 1816 803 1842 III,
814 1817 910 1836 coram

85 1853 192 1882 comite
208 1853 258 1881 illo
273 1857 300 1881 et
312 1853 476 1888 frequentia
492 1851 591 1889 populi
607 1852 791 1888 testibusque
804 1853 912 1880 subno-

84 1899 156 1926 tatis
173 1898 258 1934 (172).

121 1942 172 1979 Sig
188 1942 278 1976 illius,
295 1942 345 1978 qui
361 1942 437 1970 hanc
454 1941 640 1970 donationem
655 1941 732 1969 dotis
747 1942 808 1969 fieri
825 1951 910 1978 roga-

83 1987 135 2015 vit.
153 1987 214 2023 Sig.
232 1988 393 2015 ceterorum
410 1986 542 2014 testium.

120 2032 180 2068 Ego
196 2031 295 2068 itaque
314 2030 364 2058 ille
379 2031 474 2058 notavi
491 2030 567 2059 diem
584 2033 613 2058 et
627 2039 748 2064 annum,
764 2031 868 2067 scripsi
884 2033 912 2059 et

86 2075 252 2111 subscripsi
266 2074 396 2107 feliciter,
415 2082 510 2102 amen.

475 2132 522 2160 IX.

121 2179 200 2205 Cettc
217 2177 341 2204 formnle
357 2179 384 2204 et
399 2177 441 2204 les
463 2177 527 2203 huit
549 2179 656 2209 autres,
675 2177 723 2211 qui
749 2177 775 2203 la
798 2177 912 2204 suiveut

86 2213 347 2243 immédiatement,
364 2221 394 2239 se
411 2215 579 2247 rapportent
599 2221 655 2239 nux
677 2215 754 2239 actes
771 2212 805 2239 de
821 2213 910 2239 dona-

85 2249 158 2276 tion.
168 2249 221 2276 Les
233 2248 390 2284 premieres
403 2251 469 2275 sont
479 2249 514 2275 de
526 2248 647 2283 simplos
659 2248 856 2284 préambules;
869 2247 911 2275 les

86 2285 163 2312 deux
179 2283 326 2311 dernieres
342 2285 446 2311 ofl'rcnt
462 2284 512 2311 des
530 2284 657 2311 modcles
674 2283 826 2319 complete.

421 2349 580 2369 PROLOGUS.

121 2386 198 2414 Dum
215 2386 418 2422 unusquisque
442 2394 494 2422 pro
518 2385 637 2414 modulo
665 2385 838 2422 quantitatis
862 2395 915 2414 sue

134 2488 197 2524 167)
213 2488 340 2522 Strasb.,
353 2488 421 2524 ﬁsci.

136 2524 198 2559 168)
214 2524 339 2558 Strasb.,
354 2524 459 2552 nullius
478 2525 593 2559 ingenii.

136 2558 199 2594 169)
214 2559 269 2593 Cf.,
281 2568 318 2587 au
335 2560 412 2595 sujet
423 2560 458 2586 de
475 2558 585 2587 la'terre
594 2560 709 2595 salique,
724 2558 868 2595 l’ouvrage
879 2559 914 2587 de

87 2595 126 2622 M.
144 2594 305 2623 Pardessus
320 2594 376 2623 sur
387 2595 415 2623 la
430 2596 480 2623 Loi
492 2596 607 2630 salique,
624 2594 722 2630 p.7705
737 2596 765 2622 et
781 2594 855 2622 suiv.

138 2631 198 2666 170)
215 2630 339 2665 Strasb.,
357 2632 454 2666 ajoute
473 2639 479 2657 :
498 2631 636 2666 mancipia
659 2631 800 2658 nominata
815 2632 913 2658 tantos.

137 2665 201 2700 171)
217 2666 328 2695 Strasb.
334 2687 341 2700 ,
356 2665 493 2695 restituat.
589 2665 592 2666 ⁷
761 2691 764 2693 .

137 2701 199 2737 172)
215 2701 254 2730 Le
267 2702 421 2730 souverain
447 2701 566 2738 désigne
581 2701 669 2738 dans_
681 2701 844 2738 cette_date
869 2709 915 2728 me

109 2738 184 2773 aratt
199 2738 259 2773 ρει-θ
281 2738 368 2766 Louis
383 2738 409 2766 le
425 2736 635 2773 Germanique;
662 2736 689 2764 le
712 2736 915 2773 diplomersur

99 2772 184 2808 equel
199 2772 228 2800 1a
243 2773 367 2801 formule
384 2782 401 2801 a
425 2775 470 2801 été
495 2772 610 2808 rédigée
634 2772 817 2808 appartenait
840 2772 914 2799 donc

90 2807 146 2836 nux
161 2809 269 2836 années
294 2809 357 2843 840,
373 2809 426 2836 855
441 2818 478 2837 ou
493 2807 612 2843 870,les
636 2807 708 2836 trois
731 2807 827 2844 seules
852 2807 913 2844 qui,

88 2844 220 2908 pandant
234 2844 260 2885 le
275 2846 363 2886 regne
379 2845 413 2873 de
436 2853 467 2873 ce
490 2845 599 2881 prince,
615 2843 841 2880 correspondent
857 2843 873 2871 ὗ.
887 2843 916 2871 la

103 2881 239 2908 ronstéme
254 2880 405 2908 indiction.

103 2880 239 2908 r‘oisiéme
254 2880 405 2909 indiction.

955 290 1089 326 quamvis
1105 298 1220 326 parum,
1237 289 1310 318 nihil
1331 292 1428 318 tamen
1443 292 1524 318 extra
1542 291 1643 319 datum
1658 291 1778 320 dimise-

956 335 1002 363 rit.
1022 335 1086 363 Ideo
1103 335 1132 362 in
1148 335 1211 362 Dei.
1224 355 1229 362 .
1242 356 1247 362 .
1260 355 1265 363 .

1288 402 1446 422 PROLOGUS.

993 451 1043 479 Ille
1058 452 1131 479 bene
1146 451 1287 487 possidet,
1297 452 1346 487 qui
1358 451 1413 479 sibi
1430 452 1457 479 in
1471 452 1577 480 saecula
1591 452 1648 480 ista
1662 441 1780 489 compa-

958 498 1001 523 rat
1019 496 1131 532 premia
1145 496 1332 532 sempiterna.
1350 496 1506 532 Propterea
1520 505 1585 533 ego.
1598 517 1603 525 .
1615 518 1621 526 .
1633 518 1639 524 .
1651 518 1657 525 .
1669 519 1675 525 .
1688 518 1693 525 .
1741 520 1744 522 .

1348 554 1394 582 Xl.

1291 607 1448 627 PROLOGUS.

995 653 1117 682 Domino
1133 662 1217 681 sacra
1227 655 1329 681 sancta
1339 653 1460 681 basilica
1470 654 1582 681 Sanctae
1600 654 1699 688 Marie,
1709 663 1783 683 sem-

959 707 1011 734 per
1024 698 1145 735 virginis
1161 706 1211 726 seu
1224 698 1323 726 Sancti
1335 698 1412 726 Petri
1426 698 1548 734 apostoli
1562 701 1785 735 ceterorumque

961 745 1126 771 sanctorum
1140 743 1225 779 (I73),
1235 750 1290 779 que
1305 744 1350 770 est
1362 744 1531 771 constructa
1545 743 1574 770 in
1590 742 1653 771 loco
1669 751 1783 771 nuncu-

961 790 1048 824 pante
1063 787 1122 815 illo.
1139 788 1214 815 Dum
1231 795 1287 815 non
1303 789 1348 815 est
1362 786 1556 824 incognitum.
1569 809 1574 816 .
1586 808 1592 816 .
1605 809 1611 816 .
1623 808 1628 815 .
1641 808 1646 816 .
1659 809 1664 816 .

1342 846 1400 873 XII.

1293 898 1451 918 PROLOGUS.

1000 946 1031 973 In
1053 944 1102 972 Dei
1128 944 1255 978 nomine,
1273 944 1501 980 perpetrandum
1524 944 1684 981 unicuique
1708 945 1785 981 quod

964 989 1130 1025 evangelica
1144 997 1198 1016 vox
1221 990 1369 1016 ammonet
1393 988 1590 1016 dicenszDate
1612 989 1788 1017 elemosinam

964 1038 990 1062 ct
1004 1043 1061 1062 ecce
1082 1035 1174 1061 omnia
1189 1033 1292 1061 munda
1306 1034 1369 1060 sunt
1389 1034 1473 1069 (171).
1487 1033 1581 1068 Hujus
1596 1042 1663 1070 ergo
1685 1034 1787 1062 saluti-

964 1079 1017 1107 feri
1034 1078 1161 1115 precepti
1176 1077 1391 1105 ammonicione
1404 1079 1599 1113 conpunctus,
1610 1078 1686 1106 dono
1701 1079 1789 1107 dona-

964 1126 1148 1151 tum.......

1340 1166 1412 1194 Xlll.

1296 1219 1453 1238 PROLOGUS.

1000 1260 1069 1293 Ego,
1086 1257 1115 1284 in
1132 1256 1182 1284 Dei
1200 1256 1326 1289 nomine,
1339 1255 1415 1283 talis'
1426 1255 1496 1283 Mihi
1514 1255 1639 1283 decrevit
1652 1256 1787 1284 voluntas

965 1303 994 1329 in
1010 1298 1108 1329 animo
1125 1309 1188 1328 meo
1205 1302 1238 1328 ut
1259 1299 1388 1336 aliquam
1404 1300 1570 1336 porcionem
1591 1301 1626 1328 de
1648 1301 1735 1328 rebus
1751 1301 1786 1328 ad

965 1345 1115 1374 ecclesiam
1132 1344 1225 1372 sancti
1242 1344 1322 1372 illius
1336 1344 1450 1372 tradere
1464 1344 1642 1378 debuissem,
1655 1345 1732 1381 quod
1747 1345 1788 1373 ita

965 1393 993 1419 et
1009 1389 1235 1418 tradidi.......

1344 1432 1413 1460 XIV.

1298 1485 1456 1505 PROLOGUS.

1001 1524 1060 1559 Ego
1075 1525 1173 1550 tamen
1188 1521 1279 1557 hujus
1295 1521 1335 1549 rei
1350 1521 1518 1557 exemplum
1541 1522 1613 1559 elegi
1630 1523 1738 1551 donare
1753 1523 1789 1550 ad

965 1567 1135 1601 oratorium,
1149 1567 1234 1602 cujus
1248 1565 1421 1594 vocabulum
1440 1565 1511 1594 illud
1528 1566 1601 1602 [ubi]
1616 1569 1715 1595 turma
1727 1575 1789 1595 mo-

927 1616 948 1650 C
967 1612 1140 1643 nachorum,
1150 1610 1264 1638 Christo
1278 1610 1418 1646 propicio,
1431 1619 1487 1638 non
1502 1611 1617 1638 modica
1631 1619 1695 1639 esse
1710 1611 1791 1639 vide-

966 1658 1024 1690 tur,
1038 1664 1140 1684 omnes
1156 1663 1201 1683 res
1217 1663 1307 1689 meas,
1320 1663 1376 1691 que
1392 1654 1465 1682 mihi
1488 1654 1619 1691 legitimo
1639 1656 1707 1690 jure
1721 1664 1789 1683 con-

967 1701 1079 1737 tingere
1093 1700 1239 1734 videntur,
1254 1701 1287 1727 ut
1300 1708 1334 1727 ex
1349 1707 1381 1727 eo
1397 1699 1640 1736 augmentacione
1654 1700 1748 1727 victus
1762 1702 1791 1728 et

965 1745 1089 1773 vestitus
1104 1745 1220 1772 habeat.
1232 1765 1238 1771 .
1251 1765 1256 1771 .
1269 1765 1273 1771 .
1287 1765 1292 1771 .
1304 1765 1310 1772 .
1322 1765 1328 1772 .

1348 1788 1406 1815 XV.

1229 1841 1390 1860 lNDlCULUM
1410 1841 1528 1860 REGALE.

1003 1886 1048 1915 llli
1064 1895 1113 1915 rex
1135 1887 1323 1919 Francorum,
1335 1885 1406 1913 viris
1428 1885 1613 1918 inlustribus,
1630 1885 1680 1913 illo
1704 1885 1790 1919 duce,

966 1931 1016 1959 illo
1032 1931 1148 1959 comite.
1165 1930 1234 1958 Illut
1248 1930 1333 1958 nobis
1348 1931 1384 1958 ad
1401 1932 1499 1958 eterna
1515 1930 1737 1958 retributionem
1747 1930 1791 1958 vel

967 1975 1157 2004 stabilitatem
1173 1975 1254 2011 regni
1271 1975 1362 2002 nostri
1379 1974 1537 2009 credimus,
1549 1974 1579 2001 in
1595 1974 1645 2002 Dei
1662 1975 1790 2008 nomine,

966 2020 1121 2057 pertinere,
1131 2019 1154 2047 si
1167 2019 1379 2055 pe[ti]tionibus
1393 2019 1578 2047 sacerdotum
1589 2018 1632 2046 vel
1644 2018 1792 2054 oportuni-

966 2067 1056 2092 tatem
1071 2064 1134 2092 loca
1148 2065 1317 2091 sanctorum
1334 2066 1384 2091 aut
1398 2063 1597 2094 ecclesiarum,
1608 2063 1636 2090 in
1649 2072 1707 2099 quo
1719 2063 1804 2102 meis:

966 2109 1075 2136 fuerint
1090 2108 1211 2136 auribus
1235 2107 1350 2143 prolati,
1371 2107 1464 2135 eﬂ‘ecti
1484 2107 1698 2143 mancipamus.
1716 2107 1805 2136 Dum.

966 2156 1033 2182 ante
1044 2154 1097 2181 hos
1107 2153 1170 2181 dies
1185 2152 1321 2189 paginola
1336 2151 1482 2188 aliqua...
1495 2173 1518 2180 ..
1535 2154 1635 2180 nostra
1645 2152 1732 2188 (175).
1745 2172 1751 2181 .
1763 2173 1768 2180 .
1781 2173 1787 2181 .

966 2198 996 2225 in
1012 2197 1074 2225 loco
1091 2199 1292 2233 nuncupante.
1305 2218 1310 2224 .
1322 2217 1329 2225 .
1341 2217 1346 2224 .
1359 2218 1364 2224 .
1377 2218 1401 2224 ..

1342 2250 1416 2278 XVI.

929 2301 952 2333 Β
967 2303 1056 2323 οΑιιτΑ
1076 2302 1319 2322 DENOMINATIONIS
1336 2295 1409 2330 (176)
1424 2303 1460 2322 AD
1476 2303 1631 2322 ECCLESIAM
1652 2303 1687 2322 ns
1700 2302 1793 2322 TERRA

1175 2338 1322 2357 MANCIPIIS
1337 2339 1394 2358 AUT
1409 2338 1567 2361 QUISLIBET.

1006 2384 1036 2412 In
1052 2383 1102 2412 Dei
1118 2383 1246 2416 nomine,
1257 2391 1310 2419 ego
1326 2383 1384 2411 ille.
1398 2383 1575 2412 Recordatus
1592 2383 1792 2411 innumerabi-

1005 2487 1078 2527 (173)
1094 2487 1132 2527 Le
1151 2486 1462 2527 monasteredésigne
1474 2486 1520 2527 _ic_i
1545 2494 1592 2527 me
1615 2488 1716 2527 paratt.
1732 2487 1793 2515 etrc

970 2522 1043 2550 celui
1060 2522 1095 2550 do
1111 2522 1269 2555 Reichnau,
1282 2522 1332 2558 qui
1348 2522 1424 2549 avait
1439 2523 1482 2549 été
1505 2522 1594 2558 fondér
1606 2530 1675 2550 sous
1689 2522 1793 2550 l‘invo-

970 2558 1165 2620 catiotnpdella
1189 2558 1283 2585 sainte
1297 2557 1410 2594 Vierge,
1428 2558 1463 2585 de
1485 2557 1563 2585 saint
1586 2557 1681 2586 Pierre
1704 2560 1734 2586 et
1757 2559 1793 2586 de

970 2602 1033 2620 Sﬂll‘l
1087 2603 1123 2620 au
1139 2615 1145 2620 .

970 2594 1048 2622 saint
1063 2594 1145 2621 Paul.

1096 2630 1204 2670 lfvang
1221 2638 1278 2670 sec.
1295 2630 1376 2670 Luc.,
1392 2637 1455 2670 cap.
1473 2637 1511 2661 x1,
1526 2629 1614 2670 $2111.

1005 2658 1079 2706 (175)
1094 2665 1148 2706 Qes
1163 2658 1294 2706 d‘érniers
1309 2658 1396 2706 mots,
1407 2658 1473 2706 bien
1486 2658 1542 2699 que
1551 2665 1706 2706 ‘t‘ronques,
1719 2672 1793 2706 sem-

969 2699 1202 2736 blentrindiquer
1217 2700 1285 2736 qu'il
1303 2709 1339 2728 ne
1359 2699 1444 2736 s‘agit
1465 2709 1517 2736 pas
1542 2699 1640 2727 d‘une’
1653 2700 1791 2728 donation

969 2735 1102 2769 actuelle,
1117 2735 1192 2764 niais
1216 2735 1252 2764 de
1274 2736 1301 2764 la
1328 2735 1529 2764 confirmation
1545 2736 1630 2763 d’une
1654 2736 1792 2764 donation

969 2771 1098 2799 antérieu
1104 2780 1143 2798 re.

1005 2807 1079 2844 (176)
1094 2809 1131 2844 Le
1155 2809 1216 2844 mot
1243 2807 1440 2840 denominatio,
1456 2808 1504 2844 qui
1531 2806 1645 2844 signiﬁe
1673 2806 1792 2844 simple-

970 2844 1052 2870 ment
1066 2842 1102 2880 _ici
1119 2850 1175 2869 une
1195 2842 1336 2880 donatio",
1347 2842 1517 2880 farexpri‘mé
1539 2842 1605 2879 plus
1618 2843 1683 2880 tard
1701 2842 1791 2880 lare—

970 2878 1179 2907 connaisssnce
1195 2878 1328 2906 ofﬁcielle
1342 2879 1410 2907 faite
1424 2878 1478 2915 par
1492 2879 1518 2908 le
1532 2878 1627 2908 vaesal
1643 2878 1694 2906 des
1710 2878 1793 2909 biens
