  <div class='ocr_page' id='page_1' title='image "/cluster/home/n/w/nwhite01/storage/ocr_20150623/151/umn.31951002477444s/853.png"; bbox 0 0 3950 6402; ppageno 0'>
   <div class='ocr_carea' id='block_1_1' title="bbox 346 377 502 442">
    <p class='ocr_par' dir='ltr' id='par_1_1' title="bbox 346 377 502 442">
     <span class='ocr_line' id='line_1_1' title="bbox 346 377 502 442; baseline 0 0"><span class='ocrx_word' id='word_1_1' title='bbox 346 377 502 442; x_wconf 75' lang='grc'>1439</span> 
     </span>
    </p>
   </div>
   <div class='ocr_carea' id='block_1_2' title="bbox 1620 377 2464 446">
    <p class='ocr_par' dir='ltr' id='par_1_2' title="bbox 1620 377 2464 446">
     <span class='ocr_line' id='line_1_2' title="bbox 1620 377 2464 446; baseline -0.001 -4"><span class='ocrx_word' id='word_1_2' title='bbox 1620 379 1958 442; x_wconf 81' lang='lat' dir='ltr'>APPEND.</span> <span class='ocrx_word' id='word_1_3' title='bbox 2001 377 2106 440; x_wconf 89' lang='lat' dir='ltr'><strong>AD</strong></span> <span class='ocrx_word' id='word_1_4' title='bbox 2151 379 2343 444; x_wconf 66' lang='lat' dir='ltr'>SEO.</span> <span class='ocrx_word' id='word_1_5' title='bbox 2388 381 2464 446; x_wconf 83' lang='lat' dir='ltr'>X.</span> 
     </span>
    </p>
   </div>
   <div class='ocr_carea' id='block_1_3' title="bbox 3596 376 3755 441">
    <p class='ocr_par' dir='ltr' id='par_1_3' title="bbox 3596 376 3755 441">
     <span class='ocr_line' id='line_1_3' title="bbox 3596 376 3755 441; baseline 0.013 -1"><span class='ocrx_word' id='word_1_6' title='bbox 3596 376 3755 441; x_wconf 67' lang='lat' dir='ltr'>i440</span> 
     </span>
    </p>
   </div>
   <div class='ocr_carea' id='block_1_4' title="bbox 339 510 3755 591">
    <p class='ocr_par' dir='ltr' id='par_1_4' title="bbox 339 510 3755 591">
     <span class='ocr_line' id='line_1_4' title="bbox 339 510 3755 591; baseline 0 -20"><span class='ocrx_word' id='word_1_7' title='bbox 339 510 420 572; x_wconf 88' lang='lat' dir='ltr'>lia</span> <span class='ocrx_word' id='word_1_8' title='bbox 447 517 818 587; x_wconf 79' lang='lat' dir='ltr'>peccatorum</span> <span class='ocrx_word' id='word_1_9' title='bbox 858 529 1147 583; x_wconf 88' lang='lat' dir='ltr'>meorum,</span> <span class='ocrx_word' id='word_1_10' title='bbox 1175 513 1328 571; x_wconf 87' lang='lat' dir='ltr'>dono</span> <span class='ocrx_word' id='word_1_11' title='bbox 1371 513 1445 571; x_wconf 91' lang='lat' dir='ltr'>ad</span> <span class='ocrx_word' id='word_1_12' title='bbox 1486 512 1791 571; x_wconf 81' lang='lat' dir='ltr'>ecclesiam</span> <span class='ocrx_word' id='word_1_13' title='bbox 1820 512 1983 571; x_wconf 89' lang='lat' dir='ltr'>illius</span> <span class='ocrx_word' id='word_1_14' title='bbox 2011 514 2067 582; x_wconf 79' lang='grc' dir='ltr'><strong>Α</strong></span> <span class='ocrx_word' id='word_1_15' title='bbox 2096 515 2352 574; x_wconf 80' lang='lat' dir='ltr'>donandi</span> <span class='ocrx_word' id='word_1_16' title='bbox 2382 515 2471 574; x_wconf 88' lang='lat' dir='ltr'>vel</span> <span class='ocrx_word' id='word_1_17' title='bbox 2499 514 2778 591; x_wconf 87' lang='lat' dir='ltr'>quicquid</span> <span class='ocrx_word' id='word_1_18' title='bbox 2804 517 3011 575; x_wconf 83' lang='lat' dir='ltr'>exinde</span> <span class='ocrx_word' id='word_1_19' title='bbox 3031 516 3220 576; x_wconf 88' lang='lat' dir='ltr'>facere</span> <span class='ocrx_word' id='word_1_20' title='bbox 3247 514 3525 586; x_wconf 88' lang='lat' dir='ltr'>volueris,</span> <span class='ocrx_word' id='word_1_21' title='bbox 3546 516 3604 573; x_wconf 91' lang='lat' dir='ltr'>in</span> <span class='ocrx_word' id='word_1_22' title='bbox 3628 531 3755 573; x_wconf 88' lang='lat' dir='ltr'>om-</span> 
     </span>
    </p>
   </div>
   <div class='ocr_carea' id='block_1_5' title="bbox 343 604 1990 677">
    <p class='ocr_par' dir='ltr' id='par_1_5' title="bbox 343 604 1990 677">
     <span class='ocr_line' id='line_1_5' title="bbox 343 604 1990 677; baseline -0.001 -16"><span class='ocrx_word' id='word_1_23' title='bbox 343 604 548 673; x_wconf 86' lang='lat' dir='ltr'>sancti,</span> <span class='ocrx_word' id='word_1_24' title='bbox 567 606 720 660; x_wconf 90' lang='lat' dir='ltr'>dono</span> <span class='ocrx_word' id='word_1_25' title='bbox 741 605 899 676; x_wconf 86' lang='lat' dir='ltr'>quod</span> <span class='ocrx_word' id='word_1_26' title='bbox 930 605 988 660; x_wconf 92' lang='lat' dir='ltr'>in</span> <span class='ocrx_word' id='word_1_27' title='bbox 1017 608 1362 677; x_wconf 89' lang='lat' dir='ltr'>perpetuum</span> <span class='ocrx_word' id='word_1_28' title='bbox 1384 621 1513 661; x_wconf 90' lang='lat' dir='ltr'>esse</span> <span class='ocrx_word' id='word_1_29' title='bbox 1533 605 1816 660; x_wconf 89' lang='lat' dir='ltr'>donatum</span> <span class='ocrx_word' id='word_1_30' title='bbox 1838 604 1990 676; x_wconf 90' lang='lat' dir='ltr'>volo,</span> 
     </span>
    </p>
   </div>
   <div class='ocr_carea' id='block_1_6' title="bbox 344 693 1988 768">
    <p class='ocr_par' dir='ltr' id='par_1_6' title="bbox 344 693 1988 768">
     <span class='ocr_line' id='line_1_6' title="bbox 344 693 1988 768; baseline -0.001 -19"><span class='ocrx_word' id='word_1_31' title='bbox 344 711 446 768; x_wconf 90' lang='lat' dir='ltr'>pro</span> <span class='ocrx_word' id='word_1_32' title='bbox 480 693 804 750; x_wconf 82' lang='lat' dir='ltr'>remedium</span> <span class='ocrx_word' id='word_1_33' title='bbox 835 693 1041 750; x_wconf 70' lang='lat' dir='ltr'>anima:</span> <span class='ocrx_word' id='word_1_34' title='bbox 1073 710 1213 750; x_wconf 64' lang='lat' dir='ltr'>mea;</span> <span class='ocrx_word' id='word_1_35' title='bbox 1233 694 1321 750; x_wconf 90' lang='lat' dir='ltr'>vel</span> <span class='ocrx_word' id='word_1_36' title='bbox 1353 699 1550 750; x_wconf 86' lang='lat' dir='ltr'>eterne</span> <span class='ocrx_word' id='word_1_37' title='bbox 1579 694 1988 759; x_wconf 87' lang='lat' dir='ltr'>retribucione,</span> 
     </span>
    </p>
   </div>
   <div class='ocr_carea' id='block_1_7' title="bbox 342 783 1993 856">
    <p class='ocr_par' dir='ltr' id='par_1_7' title="bbox 342 783 1993 856">
     <span class='ocr_line' id='line_1_7' title="bbox 342 783 1993 856; baseline -0.001 -17"><span class='ocrx_word' id='word_1_38' title='bbox 342 783 452 840; x_wconf 90' lang='lat' dir='ltr'>hoc</span> <span class='ocrx_word' id='word_1_39' title='bbox 483 787 571 840; x_wconf 88' lang='lat' dir='ltr'>est</span> <span class='ocrx_word' id='word_1_40' title='bbox 595 783 750 855; x_wconf 91' lang='lat' dir='ltr'>quod</span> <span class='ocrx_word' id='word_1_41' title='bbox 791 783 1082 850; x_wconf 87' lang='lat' dir='ltr'>diximus;</span> <span class='ocrx_word' id='word_1_42' title='bbox 1117 800 1151 839; x_wconf 89' lang='lat' dir='ltr'>a</span> <span class='ocrx_word' id='word_1_43' title='bbox 1179 783 1272 839; x_wconf 90' lang='lat' dir='ltr'>die</span> <span class='ocrx_word' id='word_1_44' title='bbox 1304 789 1570 856; x_wconf 89' lang='lat' dir='ltr'>presente</span> <span class='ocrx_word' id='word_1_45' title='bbox 1605 784 1676 838; x_wconf 91' lang='lat' dir='ltr'>de</span> <span class='ocrx_word' id='word_1_46' title='bbox 1708 800 1834 839; x_wconf 83' lang='lat' dir='ltr'>meo</span> <span class='ocrx_word' id='word_1_47' title='bbox 1861 784 1993 855; x_wconf 82' lang='lat' dir='ltr'>jure</span> 
     </span>
    </p>
   </div>
   <div class='ocr_carea' id='block_1_8' title="bbox 342 871 1990 943">
    <p class='ocr_par' dir='ltr' id='par_1_8' title="bbox 342 871 1990 943">
     <span class='ocr_line' id='line_1_8' title="bbox 342 871 1990 943; baseline -0.001 -16"><span class='ocrx_word' id='word_1_48' title='bbox 342 873 413 927; x_wconf 91' lang='lat' dir='ltr'>ad</span> <span class='ocrx_word' id='word_1_49' title='bbox 446 871 750 927; x_wconf 84' lang='lat' dir='ltr'>ecclesiam</span> <span class='ocrx_word' id='word_1_50' title='bbox 782 872 970 927; x_wconf 84' lang='lat' dir='ltr'>sancti</span> <span class='ocrx_word' id='word_1_51' title='bbox 1004 871 1163 927; x_wconf 89' lang='lat' dir='ltr'>illius</span> <span class='ocrx_word' id='word_1_52' title='bbox 1192 871 1278 929; x_wconf 87' lang='lat' dir='ltr'>vel</span> <span class='ocrx_word' id='word_1_53' title='bbox 1311 873 1440 943; x_wconf 86' lang='lat' dir='ltr'>ejus</span> <span class='ocrx_word' id='word_1_54' title='bbox 1467 871 1706 927; x_wconf 81' lang='lat' dir='ltr'>rectoris</span> <span class='ocrx_word' id='word_1_55' title='bbox 1735 873 1900 926; x_wconf 89' lang='lat' dir='ltr'>trado</span> <span class='ocrx_word' id='word_1_56' title='bbox 1931 871 1990 926; x_wconf 92' lang='lat' dir='ltr'>in</span> 
     </span>
    </p>
   </div>
   <div class='ocr_carea' id='block_1_9' title="bbox 341 959 1991 1032">
    <p class='ocr_par' dir='ltr' id='par_1_9' title="bbox 341 959 1991 1032">
     <span class='ocr_line' id='line_1_9' title="bbox 341 959 1991 1032; baseline -0.001 -16"><span class='ocrx_word' id='word_1_57' title='bbox 341 959 835 1030; x_wconf 90' lang='lat' dir='ltr'>dominacionem,</span> <span class='ocrx_word' id='word_1_58' title='bbox 868 960 1142 1026; x_wconf 78' lang='lat' dir='ltr'>habeant,</span> <span class='ocrx_word' id='word_1_59' title='bbox 1164 965 1399 1016; x_wconf 88' lang='lat' dir='ltr'>teneant</span> <span class='ocrx_word' id='word_1_60' title='bbox 1428 965 1604 1032; x_wconf 90' lang='lat' dir='ltr'>atque</span> <span class='ocrx_word' id='word_1_61' title='bbox 1634 959 1991 1032; x_wconf 86' lang='lat' dir='ltr'>possideant,</span> 
     </span>
    </p>
   </div>
   <div class='ocr_carea' id='block_1_10' title="bbox 341 1048 1994 1121">
    <p class='ocr_par' dir='ltr' id='par_1_10' title="bbox 341 1048 1994 1121">
     <span class='ocr_line' id='line_1_10' title="bbox 341 1048 1994 1121; baseline -0.001 -17"><span class='ocrx_word' id='word_1_62' title='bbox 341 1049 634 1121; x_wconf 87' lang='lat' dir='ltr'>quidquid</span> <span class='ocrx_word' id='word_1_63' title='bbox 665 1048 872 1104; x_wconf 85' lang='lat' dir='ltr'>exinde</span> <span class='ocrx_word' id='word_1_64' title='bbox 902 1049 1089 1105; x_wconf 89' lang='lat' dir='ltr'>facere</span> <span class='ocrx_word' id='word_1_65' title='bbox 1110 1049 1397 1106; x_wconf 88' lang='lat' dir='ltr'>voluerint</span> <span class='ocrx_word' id='word_1_66' title='bbox 1424 1048 1670 1104; x_wconf 89' lang='lat' dir='ltr'>liberam</span> <span class='ocrx_word' id='word_1_67' title='bbox 1700 1066 1764 1103; x_wconf 89' lang='lat' dir='ltr'>ac</span> <span class='ocrx_word' id='word_1_68' title='bbox 1785 1049 1994 1103; x_wconf 81' lang='lat' dir='ltr'>ﬁrmis-</span> 
     </span>
    </p>
   </div>
   <div class='ocr_carea' id='block_1_11' title="bbox 342 1136 1990 1210">
    <p class='ocr_par' dir='ltr' id='par_1_11' title="bbox 342 1136 1990 1210">
     <span class='ocr_line' id='line_1_11' title="bbox 342 1136 1990 1210; baseline -0.003 -16"><span class='ocrx_word' id='word_1_69' title='bbox 342 1138 554 1194; x_wconf 83' lang='lat' dir='ltr'>simam</span> <span class='ocrx_word' id='word_1_70' title='bbox 586 1138 840 1193; x_wconf 84' lang='lat' dir='ltr'>habeant</span> <span class='ocrx_word' id='word_1_71' title='bbox 889 1142 1233 1210; x_wconf 86' lang='lat' dir='ltr'>potestatem</span> <span class='ocrx_word' id='word_1_72' title='bbox 1265 1137 1534 1206; x_wconf 87' lang='lat' dir='ltr'>faciendi,</span> <span class='ocrx_word' id='word_1_73' title='bbox 1564 1154 1697 1193; x_wconf 90' lang='lat' dir='ltr'>cum</span> <span class='ocrx_word' id='word_1_74' title='bbox 1748 1136 1990 1192; x_wconf 89' lang='lat' dir='ltr'>stibula-</span> 
     </span>
    </p>
   </div>
   <div class='ocr_carea' id='block_1_12' title="bbox 341 1225 1991 1297">
    <p class='ocr_par' dir='ltr' id='par_1_12' title="bbox 341 1225 1991 1297">
     <span class='ocr_line' id='line_1_12' title="bbox 341 1225 1991 1297; baseline -0.001 -17"><span class='ocrx_word' id='word_1_75' title='bbox 341 1225 506 1281; x_wconf 86' lang='lat' dir='ltr'>cione</span> <span class='ocrx_word' id='word_1_76' title='bbox 538 1225 810 1280; x_wconf 87' lang='lat' dir='ltr'>subnixa.</span> <span class='ocrx_word' id='word_1_77' title='bbox 839 1225 898 1280; x_wconf 91' lang='lat' dir='ltr'>Si</span> <span class='ocrx_word' id='word_1_78' title='bbox 932 1225 1064 1297; x_wconf 89' lang='lat' dir='ltr'>quis</span> <span class='ocrx_word' id='word_1_79' title='bbox 1110 1241 1264 1290; x_wconf 86' lang='lat' dir='ltr'>vero,</span> <span class='ocrx_word' id='word_1_80' title='bbox 1288 1225 1442 1296; x_wconf 88' lang='lat' dir='ltr'>quod</span> <span class='ocrx_word' id='word_1_81' title='bbox 1472 1225 1595 1281; x_wconf 81' lang='lat' dir='ltr'>fieri</span> <span class='ocrx_word' id='word_1_82' title='bbox 1646 1241 1759 1280; x_wconf 91' lang='lat' dir='ltr'>non</span> <span class='ocrx_word' id='word_1_83' title='bbox 1794 1225 1991 1292; x_wconf 88' lang='lat' dir='ltr'>credo,</span> 
     </span>
    </p>
   </div>
   <div class='ocr_carea' id='block_1_13' title="bbox 344 1312 1994 1386">
    <p class='ocr_par' dir='ltr' id='par_1_13' title="bbox 344 1312 1994 1386">
     <span class='ocr_line' id='line_1_13' title="bbox 344 1312 1994 1386; baseline -0.001 -16"><span class='ocrx_word' id='word_1_84' title='bbox 344 1314 395 1370; x_wconf 82' lang='lat' dir='ltr'>si</span> <span class='ocrx_word' id='word_1_85' title='bbox 426 1329 531 1386; x_wconf 88' lang='lat' dir='ltr'>ego</span> <span class='ocrx_word' id='word_1_86' title='bbox 559 1313 684 1386; x_wconf 89' lang='lat' dir='ltr'>ipse</span> <span class='ocrx_word' id='word_1_87' title='bbox 708 1318 810 1369; x_wconf 87' lang='lat' dir='ltr'>aut</span> <span class='ocrx_word' id='word_1_88' title='bbox 838 1312 994 1370; x_wconf 90' lang='lat' dir='ltr'>ullus</span> <span class='ocrx_word' id='word_1_89' title='bbox 1014 1315 1294 1370; x_wconf 87' lang='lat' dir='ltr'>heredum</span> <span class='ocrx_word' id='word_1_90' title='bbox 1320 1313 1405 1370; x_wconf 87' lang='lat' dir='ltr'>vel</span> <span class='ocrx_word' id='word_1_91' title='bbox 1430 1313 1817 1386; x_wconf 90' lang='lat' dir='ltr'>proheredum</span> <span class='ocrx_word' id='word_1_92' title='bbox 1842 1328 1994 1368; x_wconf 87' lang='lat' dir='ltr'>meo-</span> 
     </span>
    </p>
   </div>
   <div class='ocr_carea' id='block_1_14' title="bbox 341 1401 1991 1474">
    <p class='ocr_par' dir='ltr' id='par_1_14' title="bbox 341 1401 1991 1474">
     <span class='ocr_line' id='line_1_14' title="bbox 341 1401 1991 1474; baseline -0.001 -16"><span class='ocrx_word' id='word_1_93' title='bbox 341 1401 609 1474; x_wconf 78' lang='lat' dir='ltr'>rum,qui</span> <span class='ocrx_word' id='word_1_94' title='bbox 639 1406 841 1458; x_wconf 90' lang='lat' dir='ltr'>contra</span> <span class='ocrx_word' id='word_1_95' title='bbox 870 1402 1018 1458; x_wconf 89' lang='lat' dir='ltr'>hanc</span> <span class='ocrx_word' id='word_1_96' title='bbox 1048 1403 1430 1458; x_wconf 86' lang='lat' dir='ltr'>donacionem</span> <span class='ocrx_word' id='word_1_97' title='bbox 1461 1419 1494 1458; x_wconf 92' lang='lat' dir='ltr'>a</span> <span class='ocrx_word' id='word_1_98' title='bbox 1524 1419 1618 1457; x_wconf 90' lang='lat' dir='ltr'>me</span> <span class='ocrx_word' id='word_1_99' title='bbox 1647 1402 1860 1457; x_wconf 86' lang='lat' dir='ltr'>factam</span> <span class='ocrx_word' id='word_1_100' title='bbox 1891 1418 1991 1456; x_wconf 89' lang='lat' dir='ltr'>ve-</span> 
     </span>
    </p>
   </div>
   <div class='ocr_carea' id='block_1_15' title="bbox 339 1489 1985 1563">
    <p class='ocr_par' dir='ltr' id='par_1_15' title="bbox 339 1489 1985 1563">
     <span class='ocr_line' id='line_1_15' title="bbox 339 1489 1985 1563; baseline 0 -17"><span class='ocrx_word' id='word_1_101' title='bbox 339 1489 466 1546; x_wconf 86' lang='lat' dir='ltr'>nire</span> <span class='ocrx_word' id='word_1_102' title='bbox 523 1492 983 1563; x_wconf 72' lang='lat' dir='ltr'>praesumpserit,</span> <span class='ocrx_word' id='word_1_103' title='bbox 1045 1491 1304 1548; x_wconf 86' lang='lat' dir='ltr'>sociante</span> <span class='ocrx_word' id='word_1_104' title='bbox 1359 1493 1501 1548; x_wconf 85' lang='lat' dir='ltr'>ﬁsco</span> <span class='ocrx_word' id='word_1_105' title='bbox 1557 1491 1985 1547; x_wconf 85' lang='lat' dir='ltr'>restitutionem</span> 
     </span>
    </p>
   </div>
   <div class='ocr_carea' id='block_1_16' title="bbox 338 1578 1988 1653">
    <p class='ocr_par' dir='ltr' id='par_1_16' title="bbox 338 1578 1988 1653">
     <span class='ocr_line' id='line_1_16' title="bbox 338 1578 1988 1653; baseline -0.001 -17"><span class='ocrx_word' id='word_1_106' title='bbox 338 1580 523 1653; x_wconf 90' lang='lat' dir='ltr'>[cum]</span> <span class='ocrx_word' id='word_1_107' title='bbox 557 1578 742 1636; x_wconf 88' lang='lat' dir='ltr'>multa</span> <span class='ocrx_word' id='word_1_108' title='bbox 774 1585 1105 1652; x_wconf 86' lang='lat' dir='ltr'>componat,</span> <span class='ocrx_word' id='word_1_109' title='bbox 1128 1581 1185 1636; x_wconf 90' lang='lat' dir='ltr'>id</span> <span class='ocrx_word' id='word_1_110' title='bbox 1216 1585 1306 1637; x_wconf 90' lang='lat' dir='ltr'>est</span> <span class='ocrx_word' id='word_1_111' title='bbox 1349 1581 1474 1637; x_wconf 86' lang='lat' dir='ltr'>auri</span> <span class='ocrx_word' id='word_1_112' title='bbox 1507 1580 1687 1637; x_wconf 89' lang='lat' dir='ltr'>libras</span> <span class='ocrx_word' id='word_1_113' title='bbox 1718 1580 1864 1635; x_wconf 88' lang='lat' dir='ltr'>duos</span> <span class='ocrx_word' id='word_1_114' title='bbox 1896 1598 1988 1635; x_wconf 90' lang='lat' dir='ltr'>ar-</span> 
     </span>
    </p>
   </div>
   <div class='ocr_carea' id='block_1_17' title="bbox 338 1668 1988 1742">
    <p class='ocr_par' dir='ltr' id='par_1_17' title="bbox 338 1668 1988 1742">
     <span class='ocr_line' id='line_1_17' title="bbox 338 1668 1988 1742; baseline 0 -19"><span class='ocrx_word' id='word_1_115' title='bbox 338 1668 497 1740; x_wconf 86' lang='lat' dir='ltr'>genti</span> <span class='ocrx_word' id='word_1_116' title='bbox 531 1668 790 1742; x_wconf 85' lang='lat' dir='ltr'>pondera</span> <span class='ocrx_word' id='word_1_117' title='bbox 819 1669 1080 1741; x_wconf 85' lang='lat' dir='ltr'>quinque</span> <span class='ocrx_word' id='word_1_118' title='bbox 1111 1674 1346 1726; x_wconf 89' lang='lat' dir='ltr'>coactus</span> <span class='ocrx_word' id='word_1_119' title='bbox 1368 1669 1641 1738; x_wconf 85' lang='lat' dir='ltr'>exsolvat,</span> <span class='ocrx_word' id='word_1_120' title='bbox 1665 1673 1721 1724; x_wconf 90' lang='lat' dir='ltr'>et</span> <span class='ocrx_word' id='word_1_121' title='bbox 1741 1668 1988 1741; x_wconf 91' lang='lat' dir='ltr'>duplum</span> 
     </span>
    </p>
   </div>
   <div class='ocr_carea' id='block_1_18' title="bbox 339 1757 1991 1830">
    <p class='ocr_par' dir='ltr' id='par_1_18' title="bbox 339 1757 1991 1830">
     <span class='ocr_line' id='line_1_18' title="bbox 339 1757 1991 1830; baseline -0.001 -17"><span class='ocrx_word' id='word_1_122' title='bbox 339 1757 410 1813; x_wconf 88' lang='lat' dir='ltr'>ad</span> <span class='ocrx_word' id='word_1_123' title='bbox 453 1757 646 1830; x_wconf 86' lang='lat' dir='ltr'>ipsam</span> <span class='ocrx_word' id='word_1_124' title='bbox 697 1757 1001 1814; x_wconf 86' lang='lat' dir='ltr'>ecclesiam</span> <span class='ocrx_word' id='word_1_125' title='bbox 1053 1759 1340 1825; x_wconf 89' lang='lat' dir='ltr'>restituat,</span> <span class='ocrx_word' id='word_1_126' title='bbox 1364 1764 1420 1815; x_wconf 92' lang='lat' dir='ltr'>et</span> <span class='ocrx_word' id='word_1_127' title='bbox 1448 1759 1603 1830; x_wconf 90' lang='lat' dir='ltr'>quod</span> <span class='ocrx_word' id='word_1_128' title='bbox 1653 1758 1859 1830; x_wconf 89' lang='lat' dir='ltr'>repetit</span> <span class='ocrx_word' id='word_1_129' title='bbox 1889 1775 1991 1830; x_wconf 90' lang='lat' dir='ltr'>per</span> 
     </span>
    </p>
   </div>
   <div class='ocr_carea' id='block_1_19' title="bbox 338 1844 1638 1918">
    <p class='ocr_par' dir='ltr' id='par_1_19' title="bbox 338 1844 1638 1918">
     <span class='ocr_line' id='line_1_19' title="bbox 338 1844 1638 1918; baseline 0 -18"><span class='ocrx_word' id='word_1_130' title='bbox 338 1844 562 1901; x_wconf 91' lang='lat' dir='ltr'>nullius</span> <span class='ocrx_word' id='word_1_131' title='bbox 595 1846 898 1918; x_wconf 88' lang='lat' dir='ltr'>ingenium</span> <span class='ocrx_word' id='word_1_132' title='bbox 929 1847 1256 1902; x_wconf 90' lang='lat' dir='ltr'>evindicare</span> <span class='ocrx_word' id='word_1_133' title='bbox 1285 1864 1401 1902; x_wconf 91' lang='lat' dir='ltr'>non</span> <span class='ocrx_word' id='word_1_134' title='bbox 1432 1847 1638 1903; x_wconf 84' lang='lat' dir='ltr'>valeat.</span> 
     </span>
    </p>
   </div>
   <div class='ocr_carea' id='block_1_20' title="bbox 1076 1935 1243 1991">
    <p class='ocr_par' dir='ltr' id='par_1_20' title="bbox 1076 1935 1243 1991">
     <span class='ocr_line' id='line_1_20' title="bbox 1076 1935 1243 1991; baseline 0 0"><span class='ocrx_word' id='word_1_135' title='bbox 1076 1935 1243 1991; x_wconf 85' lang='lat' dir='ltr'>XVII.</span> 
     </span>
    </p>
   </div>
   <div class='ocr_carea' id='block_1_21' title="bbox 862 2039 1464 2079">
    <p class='ocr_par' dir='ltr' id='par_1_21' title="bbox 862 2039 1464 2079">
     <span class='ocr_line' id='line_1_21' title="bbox 862 2039 1464 2079; baseline 0.003 -2"><span class='ocrx_word' id='word_1_136' title='bbox 862 2039 1043 2079; x_wconf 77' lang='lat' dir='ltr'>CARTA</span> <span class='ocrx_word' id='word_1_137' title='bbox 1081 2039 1464 2079; x_wconf 77' lang='lat' dir='ltr'>TRADITIONIS.</span> 
     </span>
    </p>
   </div>
   <div class='ocr_carea' id='block_1_22' title="bbox 408 2110 1991 2185">
    <p class='ocr_par' dir='ltr' id='par_1_22' title="bbox 408 2110 1991 2185">
     <span class='ocr_line' id='line_1_22' title="bbox 408 2110 1991 2185; baseline 0 -17"><span class='ocrx_word' id='word_1_138' title='bbox 408 2112 472 2168; x_wconf 90' lang='lat' dir='ltr'>In</span> <span class='ocrx_word' id='word_1_139' title='bbox 497 2112 593 2168; x_wconf 91' lang='lat' dir='ltr'>Dei</span> <span class='ocrx_word' id='word_1_140' title='bbox 627 2111 882 2180; x_wconf 89' lang='lat' dir='ltr'>nomine,</span> <span class='ocrx_word' id='word_1_141' title='bbox 906 2127 1012 2185; x_wconf 85' lang='lat' dir='ltr'>ego</span> <span class='ocrx_word' id='word_1_142' title='bbox 1045 2110 1143 2167; x_wconf 92' lang='lat' dir='ltr'>ille</span> <span class='ocrx_word' id='word_1_143' title='bbox 1173 2111 1324 2168; x_wconf 84' lang='lat' dir='ltr'>talis.</span> <span class='ocrx_word' id='word_1_144' title='bbox 1354 2111 1497 2168; x_wconf 92' lang='lat' dir='ltr'>Mihi</span> <span class='ocrx_word' id='word_1_145' title='bbox 1521 2111 1772 2168; x_wconf 89' lang='lat' dir='ltr'>decrevit</span> <span class='ocrx_word' id='word_1_146' title='bbox 1791 2113 1991 2169; x_wconf 83' lang='lat' dir='ltr'>volun-</span> 
     </span>
    </p>
   </div>
   <div class='ocr_carea' id='block_1_23' title="bbox 333 2198 1985 2272">
    <p class='ocr_par' dir='ltr' id='par_1_23' title="bbox 333 2198 1985 2272">
     <span class='ocr_line' id='line_1_23' title="bbox 333 2198 1985 2272; baseline -0.001 -15"><span class='ocrx_word' id='word_1_147' title='bbox 333 2205 426 2258; x_wconf 87' lang='lat' dir='ltr'>tas</span> <span class='ocrx_word' id='word_1_148' title='bbox 445 2203 510 2255; x_wconf 91' lang='lat' dir='ltr'>ut</span> <span class='ocrx_word' id='word_1_149' title='bbox 526 2198 745 2272; x_wconf 91' lang='lat' dir='ltr'>aliquid</span> <span class='ocrx_word' id='word_1_150' title='bbox 763 2201 834 2254; x_wconf 90' lang='lat' dir='ltr'>de</span> <span class='ocrx_word' id='word_1_151' title='bbox 856 2200 1031 2255; x_wconf 88' lang='lat' dir='ltr'>rebus</span> <span class='ocrx_word' id='word_1_152' title='bbox 1055 2200 1201 2256; x_wconf 90' lang='lat' dir='ltr'>meis</span> <span class='ocrx_word' id='word_1_153' title='bbox 1225 2199 1324 2255; x_wconf 93' lang='lat' dir='ltr'>illo</span> <span class='ocrx_word' id='word_1_154' title='bbox 1346 2199 1568 2255; x_wconf 88' lang='lat' dir='ltr'>homini</span> <span class='ocrx_word' id='word_1_155' title='bbox 1587 2201 1985 2269; x_wconf 89' lang='lat' dir='ltr'>tradidissem,</span> 
     </span>
    </p>
   </div>
   <div class='ocr_carea' id='block_1_24' title="bbox 333 2288 1986 2363">
    <p class='ocr_par' dir='ltr' id='par_1_24' title="bbox 333 2288 1986 2363">
     <span class='ocr_line' id='line_1_24' title="bbox 333 2288 1986 2363; baseline 0.001 -19"><span class='ocrx_word' id='word_1_156' title='bbox 333 2289 488 2363; x_wconf 92' lang='lat' dir='ltr'>quod</span> <span class='ocrx_word' id='word_1_157' title='bbox 512 2288 593 2344; x_wconf 89' lang='lat' dir='ltr'>ita</span> <span class='ocrx_word' id='word_1_158' title='bbox 622 2292 680 2344; x_wconf 91' lang='lat' dir='ltr'>et</span> <span class='ocrx_word' id='word_1_159' title='bbox 708 2288 956 2356; x_wconf 89' lang='lat' dir='ltr'>tradidi;</span> <span class='ocrx_word' id='word_1_160' title='bbox 991 2288 1066 2362; x_wconf 78' lang='grc' dir='ltr'>[θ]</span> <span class='ocrx_word' id='word_1_161' title='bbox 1097 2289 1189 2345; x_wconf 88' lang='lat' dir='ltr'>die</span> <span class='ocrx_word' id='word_1_162' title='bbox 1219 2295 1487 2362; x_wconf 89' lang='lat' dir='ltr'>presente</span> <span class='ocrx_word' id='word_1_163' title='bbox 1513 2289 1582 2344; x_wconf 92' lang='lat' dir='ltr'>de</span> <span class='ocrx_word' id='word_1_164' title='bbox 1614 2305 1743 2345; x_wconf 91' lang='lat' dir='ltr'>meo</span> <span class='ocrx_word' id='word_1_165' title='bbox 1765 2291 1900 2362; x_wconf 90' lang='lat' dir='ltr'>jure</span> <span class='ocrx_word' id='word_1_166' title='bbox 1928 2292 1986 2346; x_wconf 89' lang='lat' dir='ltr'>in</span> 
     </span>
    </p>
   </div>
   <div class='ocr_carea' id='block_1_25' title="bbox 329 2377 1984 2449">
    <p class='ocr_par' dir='ltr' id='par_1_25' title="bbox 329 2377 1984 2449">
     <span class='ocr_line' id='line_1_25' title="bbox 329 2377 1984 2449; baseline 0 -15"><span class='ocrx_word' id='word_1_167' title='bbox 329 2383 434 2435; x_wconf 90' lang='lat' dir='ltr'>tua</span> <span class='ocrx_word' id='word_1_168' title='bbox 456 2378 623 2434; x_wconf 89' lang='lat' dir='ltr'>trado</span> <span class='ocrx_word' id='word_1_169' title='bbox 658 2377 1079 2446; x_wconf 90' lang='lat' dir='ltr'>dominatione,</span> <span class='ocrx_word' id='word_1_170' title='bbox 1097 2378 1351 2434; x_wconf 89' lang='lat' dir='ltr'>habendi</span> <span class='ocrx_word' id='word_1_171' title='bbox 1394 2377 1513 2434; x_wconf 84' lang='lat' dir='ltr'>sive</span> <span class='ocrx_word' id='word_1_172' title='bbox 1549 2380 1984 2449; x_wconf 87' lang='lat' dir='ltr'>commodandi,</span> 
     </span>
    </p>
   </div>
   <div class='ocr_carea' id='block_1_26' title="bbox 328 2466 1988 2540">
    <p class='ocr_par' dir='ltr' id='par_1_26' title="bbox 328 2466 1988 2540">
     <span class='ocr_line' id='line_1_26' title="bbox 328 2466 1988 2540; baseline 0.001 -18"><span class='ocrx_word' id='word_1_173' title='bbox 328 2467 618 2523; x_wconf 89' lang='lat' dir='ltr'>vendendi</span> <span class='ocrx_word' id='word_1_174' title='bbox 640 2466 728 2523; x_wconf 88' lang='lat' dir='ltr'>vel</span> <span class='ocrx_word' id='word_1_175' title='bbox 751 2466 1028 2539; x_wconf 89' lang='lat' dir='ltr'>quicquid</span> <span class='ocrx_word' id='word_1_176' title='bbox 1053 2467 1258 2522; x_wconf 90' lang='lat' dir='ltr'>exinde</span> <span class='ocrx_word' id='word_1_177' title='bbox 1281 2467 1467 2523; x_wconf 90' lang='lat' dir='ltr'>facere</span> <span class='ocrx_word' id='word_1_178' title='bbox 1489 2483 1593 2540; x_wconf 91' lang='lat' dir='ltr'>pro</span> <span class='ocrx_word' id='word_1_179' title='bbox 1617 2467 1864 2523; x_wconf 86' lang='lat' dir='ltr'>utilitate</span> <span class='ocrx_word' id='word_1_180' title='bbox 1886 2473 1988 2524; x_wconf 94' lang='lat' dir='ltr'>tua</span> 
     </span>
    </p>
   </div>
   <div class='ocr_carea' id='block_1_27' title="bbox 329 2555 1986 2629">
    <p class='ocr_par' dir='ltr' id='par_1_27' title="bbox 329 2555 1986 2629">
     <span class='ocr_line' id='line_1_27' title="bbox 329 2555 1986 2629; baseline 0.001 -19"><span class='ocrx_word' id='word_1_181' title='bbox 329 2555 603 2626; x_wconf 89' lang='lat' dir='ltr'>volueris,</span> <span class='ocrx_word' id='word_1_182' title='bbox 629 2555 875 2612; x_wconf 87' lang='lat' dir='ltr'>liberam</span> <span class='ocrx_word' id='word_1_183' title='bbox 918 2561 1093 2628; x_wconf 89' lang='lat' dir='ltr'>atque</span> <span class='ocrx_word' id='word_1_184' title='bbox 1125 2556 1525 2612; x_wconf 78' lang='lat' dir='ltr'>firmissimam</span> <span class='ocrx_word' id='word_1_185' title='bbox 1561 2555 1779 2612; x_wconf 89' lang='lat' dir='ltr'>habeas</span> <span class='ocrx_word' id='word_1_186' title='bbox 1826 2561 1986 2629; x_wconf 88' lang='lat' dir='ltr'>pote-</span> 
     </span>
    </p>
   </div>
   <div class='ocr_carea' id='block_1_28' title="bbox 330 2643 1986 2718">
    <p class='ocr_par' dir='ltr' id='par_1_28' title="bbox 330 2643 1986 2718">
     <span class='ocr_line' id='line_1_28' title="bbox 330 2643 1986 2718; baseline 0 -17"><span class='ocrx_word' id='word_1_187' title='bbox 330 2648 542 2702; x_wconf 89' lang='lat' dir='ltr'>statem</span> <span class='ocrx_word' id='word_1_188' title='bbox 579 2643 849 2700; x_wconf 77' lang='lat' dir='ltr'>faciendi.</span> <span class='ocrx_word' id='word_1_189' title='bbox 883 2645 953 2700; x_wconf 90' lang='lat' dir='ltr'>Et</span> <span class='ocrx_word' id='word_1_190' title='bbox 987 2643 1078 2716; x_wconf 86' lang='lat' dir='ltr'>[si]</span> <span class='ocrx_word' id='word_1_191' title='bbox 1111 2643 1270 2700; x_wconf 91' lang='lat' dir='ltr'>ullus</span> <span class='ocrx_word' id='word_1_192' title='bbox 1313 2648 1403 2701; x_wconf 90' lang='lat' dir='ltr'>est</span> <span class='ocrx_word' id='word_1_193' title='bbox 1445 2645 1516 2700; x_wconf 93' lang='lat' dir='ltr'>de</span> <span class='ocrx_word' id='word_1_194' title='bbox 1548 2645 1856 2718; x_wconf 86' lang='lat' dir='ltr'>agentibus</span> <span class='ocrx_word' id='word_1_195' title='bbox 1883 2663 1986 2702; x_wconf 83' lang='lat' dir='ltr'>no-</span> 
     </span>
    </p>
   </div>
   <div class='ocr_carea' id='block_1_29' title="bbox 331 2732 1984 2807">
    <p class='ocr_par' dir='ltr' id='par_1_29' title="bbox 331 2732 1984 2807">
     <span class='ocr_line' id='line_1_29' title="bbox 331 2732 1984 2807; baseline 0 -17"><span class='ocrx_word' id='word_1_196' title='bbox 331 2733 475 2790; x_wconf 79' lang='lat' dir='ltr'>stris</span> <span class='ocrx_word' id='word_1_197' title='bbox 505 2737 608 2790; x_wconf 91' lang='lat' dir='ltr'>aut</span> <span class='ocrx_word' id='word_1_198' title='bbox 635 2732 919 2789; x_wconf 88' lang='lat' dir='ltr'>heredum</span> <span class='ocrx_word' id='word_1_199' title='bbox 951 2733 1042 2788; x_wconf 87' lang='lat' dir='ltr'>vel</span> <span class='ocrx_word' id='word_1_200' title='bbox 1073 2733 1490 2805; x_wconf 89' lang='lat' dir='ltr'>postheredum</span> <span class='ocrx_word' id='word_1_201' title='bbox 1526 2750 1790 2789; x_wconf 89' lang='lat' dir='ltr'>meorum</span> <span class='ocrx_word' id='word_1_202' title='bbox 1824 2735 1984 2807; x_wconf 89' lang='lat' dir='ltr'>quis-</span> 
     </span>
    </p>
   </div>
   <div class='ocr_carea' id='block_1_30' title="bbox 328 2820 1988 2894">
    <p class='ocr_par' dir='ltr' id='par_1_30' title="bbox 328 2820 1988 2894">
     <span class='ocr_line' id='line_1_30' title="bbox 328 2820 1988 2894; baseline 0.001 -17"><span class='ocrx_word' id='word_1_203' title='bbox 328 2820 474 2877; x_wconf 91' lang='lat' dir='ltr'>libet</span> <span class='ocrx_word' id='word_1_204' title='bbox 503 2827 560 2876; x_wconf 92' lang='lat' dir='ltr'>et</span> <span class='ocrx_word' id='word_1_205' title='bbox 591 2821 712 2877; x_wconf 90' lang='lat' dir='ltr'>ulla</span> <span class='ocrx_word' id='word_1_206' title='bbox 741 2820 1012 2894; x_wconf 92' lang='lat' dir='ltr'>opposita</span> <span class='ocrx_word' id='word_1_207' title='bbox 1037 2839 1305 2894; x_wconf 89' lang='lat' dir='ltr'>persona,</span> <span class='ocrx_word' id='word_1_208' title='bbox 1336 2823 1437 2894; x_wconf 91' lang='lat' dir='ltr'>qui</span> <span class='ocrx_word' id='word_1_209' title='bbox 1470 2827 1673 2878; x_wconf 93' lang='lat' dir='ltr'>contra</span> <span class='ocrx_word' id='word_1_210' title='bbox 1704 2822 1853 2878; x_wconf 89' lang='lat' dir='ltr'>hanc</span> <span class='ocrx_word' id='word_1_211' title='bbox 1877 2827 1988 2879; x_wconf 87' lang='lat' dir='ltr'>tra-</span> 
     </span>
    </p>
   </div>
   <div class='ocr_carea' id='block_1_31' title="bbox 327 2910 1984 2983">
    <p class='ocr_par' dir='ltr' id='par_1_31' title="bbox 327 2910 1984 2983">
     <span class='ocr_line' id='line_1_31' title="bbox 327 2910 1984 2983; baseline 0.001 -17"><span class='ocrx_word' id='word_1_212' title='bbox 327 2910 616 2966; x_wconf 90' lang='lat' dir='ltr'>dicionem</span> <span class='ocrx_word' id='word_1_213' title='bbox 647 2928 682 2966; x_wconf 91' lang='lat' dir='ltr'>a</span> <span class='ocrx_word' id='word_1_214' title='bbox 711 2927 804 2966; x_wconf 92' lang='lat' dir='ltr'>me</span> <span class='ocrx_word' id='word_1_215' title='bbox 836 2911 1048 2966; x_wconf 80' lang='lat' dir='ltr'>tactam</span> <span class='ocrx_word' id='word_1_216' title='bbox 1097 2926 1266 2983; x_wconf 88' lang='lat' dir='ltr'>agere</span> <span class='ocrx_word' id='word_1_217' title='bbox 1298 2915 1400 2966; x_wconf 90' lang='lat' dir='ltr'>aut</span> <span class='ocrx_word' id='word_1_218' title='bbox 1427 2911 1625 2966; x_wconf 89' lang='lat' dir='ltr'>venire</span> <span class='ocrx_word' id='word_1_219' title='bbox 1673 2916 1774 2966; x_wconf 91' lang='lat' dir='ltr'>aut</span> <span class='ocrx_word' id='word_1_220' title='bbox 1805 2911 1984 2968; x_wconf 87' lang='lat' dir='ltr'>ullam</span> 
     </span>
    </p>
   </div>
   <div class='ocr_carea' id='block_1_32' title="bbox 329 2997 1988 3071">
    <p class='ocr_par' dir='ltr' id='par_1_32' title="bbox 329 2997 1988 3071">
     <span class='ocr_line' id='line_1_32' title="bbox 329 2997 1988 3071; baseline 0.001 -17"><span class='ocrx_word' id='word_1_221' title='bbox 329 2997 686 3054; x_wconf 88' lang='lat' dir='ltr'>calumniam</span> <span class='ocrx_word' id='word_1_222' title='bbox 718 3014 995 3070; x_wconf 90' lang='lat' dir='ltr'>generare</span> <span class='ocrx_word' id='word_1_223' title='bbox 1033 2998 1302 3068; x_wconf 86' lang='lat' dir='ltr'>voluerit,</span> <span class='ocrx_word' id='word_1_224' title='bbox 1324 2999 1592 3071; x_wconf 89' lang='lat' dir='ltr'>partibus</span> <span class='ocrx_word' id='word_1_225' title='bbox 1622 2999 1760 3054; x_wconf 85' lang='lat' dir='ltr'>fisce</span> <span class='ocrx_word' id='word_1_226' title='bbox 1802 3000 1988 3056; x_wconf 89' lang='lat' dir='ltr'>multa</span> 
     </span>
    </p>
   </div>
   <div class='ocr_carea' id='block_1_33' title="bbox 330 3085 1988 3162">
    <p class='ocr_par' dir='ltr' id='par_1_33' title="bbox 330 3085 1988 3162">
     <span class='ocr_line' id='line_1_33' title="bbox 330 3085 1988 3162; baseline 0.001 -19"><span class='ocrx_word' id='word_1_227' title='bbox 330 3089 663 3159; x_wconf 90' lang='lat' dir='ltr'>componat,</span> <span class='ocrx_word' id='word_1_228' title='bbox 686 3085 744 3141; x_wconf 94' lang='lat' dir='ltr'>id</span> <span class='ocrx_word' id='word_1_229' title='bbox 791 3090 880 3142; x_wconf 89' lang='lat' dir='ltr'>est</span> <span class='ocrx_word' id='word_1_230' title='bbox 920 3086 1048 3142; x_wconf 86' lang='lat' dir='ltr'>auri</span> <span class='ocrx_word' id='word_1_231' title='bbox 1090 3086 1271 3143; x_wconf 90' lang='lat' dir='ltr'>libras</span> <span class='ocrx_word' id='word_1_232' title='bbox 1304 3087 1439 3154; x_wconf 92' lang='lat' dir='ltr'>duo,</span> <span class='ocrx_word' id='word_1_233' title='bbox 1466 3089 1690 3162; x_wconf 89' lang='lat' dir='ltr'>argenti</span> <span class='ocrx_word' id='word_1_234' title='bbox 1729 3089 1988 3160; x_wconf 89' lang='lat' dir='ltr'>pondera</span> 
     </span>
    </p>
   </div>
   <div class='ocr_carea' id='block_1_34' title="bbox 331 3174 1984 3251">
    <p class='ocr_par' dir='ltr' id='par_1_34' title="bbox 331 3174 1984 3251">
     <span class='ocr_line' id='line_1_34' title="bbox 331 3174 1984 3251; baseline 0.002 -21"><span class='ocrx_word' id='word_1_235' title='bbox 331 3174 594 3248; x_wconf 88' lang='lat' dir='ltr'>quinque</span> <span class='ocrx_word' id='word_1_236' title='bbox 626 3179 860 3232; x_wconf 87' lang='lat' dir='ltr'>coactus</span> <span class='ocrx_word' id='word_1_237' title='bbox 909 3174 1184 3243; x_wconf 81' lang='lat' dir='ltr'>exsolvat,</span> <span class='ocrx_word' id='word_1_238' title='bbox 1208 3179 1266 3231; x_wconf 92' lang='lat' dir='ltr'>et</span> <span class='ocrx_word' id='word_1_239' title='bbox 1300 3177 1455 3248; x_wconf 90' lang='lat' dir='ltr'>quod</span> <span class='ocrx_word' id='word_1_240' title='bbox 1486 3176 1694 3250; x_wconf 90' lang='lat' dir='ltr'>repetit</span> <span class='ocrx_word' id='word_1_241' title='bbox 1722 3194 1825 3251; x_wconf 89' lang='lat' dir='ltr'>per</span> <span class='ocrx_word' id='word_1_242' title='bbox 1855 3177 1984 3234; x_wconf 90' lang='lat' dir='ltr'>nul-</span> 
     </span>
    </p>
   </div>
   <div class='ocr_carea' id='block_1_35' title="bbox 330 3258 2056 3339">
    <p class='ocr_par' dir='ltr' id='par_1_35' title="bbox 330 3258 2056 3339">
     <span class='ocr_line' id='line_1_35' title="bbox 330 3258 2056 3339; baseline 0.002 -19"><span class='ocrx_word' id='word_1_243' title='bbox 330 3263 567 3336; x_wconf 87' lang='lat' dir='ltr'>linsque</span> <span class='ocrx_word' id='word_1_244' title='bbox 593 3262 847 3336; x_wconf 89' lang='lat' dir='ltr'>ingeniis</span> <span class='ocrx_word' id='word_1_245' title='bbox 873 3263 1200 3321; x_wconf 91' lang='lat' dir='ltr'>evindicare</span> <span class='ocrx_word' id='word_1_246' title='bbox 1221 3281 1336 3320; x_wconf 88' lang='lat' dir='ltr'>non</span> <span class='ocrx_word' id='word_1_247' title='bbox 1361 3263 1577 3336; x_wconf 88' lang='lat' dir='ltr'>valeat;</span> <span class='ocrx_word' id='word_1_248' title='bbox 1603 3266 1704 3322; x_wconf 91' lang='lat' dir='ltr'>sed</span> <span class='ocrx_word' id='word_1_249' title='bbox 1727 3265 1833 3323; x_wconf 92' lang='lat' dir='ltr'>hec</span> <span class='ocrx_word' id='word_1_250' title='bbox 1862 3283 1986 3339; x_wconf 87' lang='lat' dir='ltr'>pre-</span> <span class='ocrx_word' id='word_1_251' title='bbox 2013 3258 2056 3324; x_wconf 87' lang='lat' dir='ltr'>C</span> 
     </span>
    </p>
   </div>
   <div class='ocr_carea' id='block_1_36' title="bbox 331 3351 1981 3427">
    <p class='ocr_par' dir='ltr' id='par_1_36' title="bbox 331 3351 1981 3427">
     <span class='ocr_line' id='line_1_36' title="bbox 331 3351 1981 3427; baseline 0.002 -19"><span class='ocrx_word' id='word_1_252' title='bbox 331 3369 468 3424; x_wconf 88' lang='lat' dir='ltr'>sens</span> <span class='ocrx_word' id='word_1_253' title='bbox 497 3351 750 3425; x_wconf 85' lang='lat' dir='ltr'>epistula</span> <span class='ocrx_word' id='word_1_254' title='bbox 778 3353 937 3408; x_wconf 90' lang='lat' dir='ltr'>omni</span> <span class='ocrx_word' id='word_1_255' title='bbox 978 3357 1240 3426; x_wconf 90' lang='lat' dir='ltr'>tempore</span> <span class='ocrx_word' id='word_1_256' title='bbox 1275 3351 1446 3408; x_wconf 84' lang='lat' dir='ltr'>ﬁrma</span> <span class='ocrx_word' id='word_1_257' title='bbox 1487 3357 1544 3410; x_wconf 87' lang='lat' dir='ltr'>et</span> <span class='ocrx_word' id='word_1_258' title='bbox 1591 3354 1818 3411; x_wconf 88' lang='lat' dir='ltr'>stabilis</span> <span class='ocrx_word' id='word_1_259' title='bbox 1848 3372 1981 3427; x_wconf 92' lang='lat' dir='ltr'>per-</span> 
     </span>
    </p>
   </div>
   <div class='ocr_carea' id='block_1_37' title="bbox 332 3441 1448 3499">
    <p class='ocr_par' dir='ltr' id='par_1_37' title="bbox 332 3441 1448 3499">
     <span class='ocr_line' id='line_1_37' title="bbox 332 3441 1448 3499; baseline 0.001 -1"><span class='ocrx_word' id='word_1_260' title='bbox 332 3446 567 3498; x_wconf 89' lang='lat' dir='ltr'>maneat</span> <span class='ocrx_word' id='word_1_261' title='bbox 596 3457 730 3498; x_wconf 89' lang='lat' dir='ltr'>cum</span> <span class='ocrx_word' id='word_1_262' title='bbox 761 3442 1147 3499; x_wconf 87' lang='lat' dir='ltr'>stibulacione</span> <span class='ocrx_word' id='word_1_263' title='bbox 1177 3441 1448 3499; x_wconf 86' lang='lat' dir='ltr'>subnixa.</span> 
     </span>
    </p>
   </div>
   <div class='ocr_carea' id='block_1_38' title="bbox 399 3530 1981 3605">
    <p class='ocr_par' dir='ltr' id='par_1_38' title="bbox 399 3530 1981 3605">
     <span class='ocr_line' id='line_1_38' title="bbox 399 3530 1981 3605; baseline 0.001 -19"><span class='ocrx_word' id='word_1_264' title='bbox 399 3532 610 3587; x_wconf 85' lang='lat' dir='ltr'>Actum</span> <span class='ocrx_word' id='word_1_265' title='bbox 637 3531 697 3586; x_wconf 92' lang='lat' dir='ltr'>in</span> <span class='ocrx_word' id='word_1_266' title='bbox 730 3530 885 3598; x_wconf 88' lang='lat' dir='ltr'>villa,</span> <span class='ocrx_word' id='word_1_267' title='bbox 919 3531 1170 3604; x_wconf 90' lang='lat' dir='ltr'>publice,</span> <span class='ocrx_word' id='word_1_268' title='bbox 1201 3532 1572 3605; x_wconf 88' lang='lat' dir='ltr'>presentibus</span> <span class='ocrx_word' id='word_1_269' title='bbox 1605 3549 1853 3604; x_wconf 90' lang='lat' dir='ltr'>quorum</span> <span class='ocrx_word' id='word_1_270' title='bbox 1887 3533 1981 3589; x_wconf 90' lang='lat' dir='ltr'>hic</span> 
     </span>
    </p>
   </div>
   <div class='ocr_carea' id='block_1_39' title="bbox 331 3619 1062 3693">
    <p class='ocr_par' dir='ltr' id='par_1_39' title="bbox 331 3619 1062 3693">
     <span class='ocr_line' id='line_1_39' title="bbox 331 3619 1062 3693; baseline 0 -17"><span class='ocrx_word' id='word_1_271' title='bbox 331 3619 638 3693; x_wconf 89' lang='lat' dir='ltr'>signacula</span> <span class='ocrx_word' id='word_1_272' title='bbox 669 3621 1062 3676; x_wconf 88' lang='lat' dir='ltr'>continentur.</span> 
     </span>
    </p>
   </div>
   <div class='ocr_carea' id='block_1_40' title="bbox 402 3707 1524 3782">
    <p class='ocr_par' dir='ltr' id='par_1_40' title="bbox 402 3707 1524 3782">
     <span class='ocr_line' id='line_1_40' title="bbox 402 3707 1524 3782; baseline 0 -18"><span class='ocrx_word' id='word_1_273' title='bbox 402 3707 520 3782; x_wconf 90' lang='lat' dir='ltr'>Sig.</span> <span class='ocrx_word' id='word_1_274' title='bbox 555 3709 656 3782; x_wconf 91' lang='lat' dir='ltr'>qui</span> <span class='ocrx_word' id='word_1_275' title='bbox 688 3709 840 3765; x_wconf 92' lang='lat' dir='ltr'>hanc</span> <span class='ocrx_word' id='word_1_276' title='bbox 871 3712 1093 3765; x_wconf 89' lang='lat' dir='ltr'>cartam</span> <span class='ocrx_word' id='word_1_277' title='bbox 1126 3709 1251 3766; x_wconf 84' lang='lat' dir='ltr'>ﬁeri</span> <span class='ocrx_word' id='word_1_278' title='bbox 1284 3708 1524 3782; x_wconf 88' lang='lat' dir='ltr'>rogavit.</span> 
     </span>
    </p>
   </div>
   <div class='ocr_carea' id='block_1_41' title="bbox 1053 3815 1252 3872">
    <p class='ocr_par' dir='ltr' id='par_1_41' title="bbox 1053 3815 1252 3872">
     <span class='ocr_line' id='line_1_41' title="bbox 1053 3815 1252 3872; baseline -0.005 0"><span class='ocrx_word' id='word_1_279' title='bbox 1053 3815 1252 3872; x_wconf 88' lang='lat' dir='ltr'>XVIII.</span> 
     </span>
    </p>
   </div>
   <div class='ocr_carea' id='block_1_42' title="bbox 348 3904 1982 3978">
    <p class='ocr_par' dir='ltr' id='par_1_42' title="bbox 348 3904 1982 3978">
     <span class='ocr_line' id='line_1_42' title="bbox 348 3904 1982 3978; baseline 0.001 -16"><span class='ocrx_word' id='word_1_280' title='bbox 348 3941 349 3944; x_wconf 60' lang='grc' dir='ltr'><strong>η</strong></span> <span class='ocrx_word' id='word_1_281' title='bbox 400 3906 558 3978; x_wconf 72' lang='lat' dir='ltr'>cette</span> <span class='ocrx_word' id='word_1_282' title='bbox 587 3904 857 3978; x_wconf 80' lang='lat' dir='ltr'>formule,</span> <span class='ocrx_word' id='word_1_283' title='bbox 885 3904 1208 3978; x_wconf 88' lang='lat' dir='ltr'>semblable</span> <span class='ocrx_word' id='word_1_284' title='bbox 1257 3922 1406 3978; x_wconf 90' lang='lat' dir='ltr'>pour</span> <span class='ocrx_word' id='word_1_285' title='bbox 1436 3905 1489 3961; x_wconf 92' lang='lat' dir='ltr'>le</span> <span class='ocrx_word' id='word_1_286' title='bbox 1520 3907 1658 3962; x_wconf 90' lang='lat' dir='ltr'>fond</span> <span class='ocrx_word' id='word_1_287' title='bbox 1707 3910 1741 3962; x_wconf 68' lang='grc' dir='ltr'><strong>ὴ</strong></span> <span class='ocrx_word' id='word_1_288' title='bbox 1789 3911 1982 3964; x_wconf 86' lang='lat' dir='ltr'>toutes</span> 
     </span>
    </p>
   </div>
   <div class='ocr_carea' id='block_1_43' title="bbox 328 3976 1984 4052">
    <p class='ocr_par' dir='ltr' id='par_1_43' title="bbox 328 3976 1984 4052">
     <span class='ocr_line' id='line_1_43' title="bbox 328 3976 1984 4052; baseline 0.002 -20"><span class='ocrx_word' id='word_1_289' title='bbox 328 3977 415 4033; x_wconf 90' lang='lat' dir='ltr'>les</span> <span class='ocrx_word' id='word_1_290' title='bbox 448 3976 738 4052; x_wconf 70' lang='lat' dir='ltr'>formulas</span> <span class='ocrx_word' id='word_1_291' title='bbox 775 3978 1061 4052; x_wconf 78' lang='lat' dir='ltr'>de__vente</span> <span class='ocrx_word' id='word_1_292' title='bbox 1108 3976 1297 4052; x_wconf 78' lang='lat' dir='ltr'>qu’ori_</span> <span class='ocrx_word' id='word_1_293' title='bbox 1336 3980 1591 4052; x_wconf 83' lang='lat' dir='ltr'>connait,</span> <span class='ocrx_word' id='word_1_294' title='bbox 1615 3982 1704 4052; x_wconf 85' lang='lat' dir='ltr'>est</span> <span class='ocrx_word' id='word_1_295' title='bbox 1753 3978 1984 4052; x_wconf 87' lang='lat' dir='ltr'>rédigée</span> 
     </span>
    </p>
   </div>
   <div class='ocr_carea' id='block_1_44' title="bbox 329 4047 1981 4139">
    <p class='ocr_par' dir='ltr' id='par_1_44' title="bbox 329 4047 1981 4139">
     <span class='ocr_line' id='line_1_44' title="bbox 329 4047 1981 4139; baseline 0 0"><span class='ocrx_word' id='word_1_296' title='bbox 329 4047 630 4139; x_wconf 51' lang='lat' dir='ltr'>saecla?</span> <span class='ocrx_word' id='word_1_297' title='bbox 661 4047 1360 4139; x_wconf 50' lang='lat' dir='ltr'>fliiaﬁ&#39;éllisaaaeﬁeali</span> <span class='ocrx_word' id='word_1_298' title='bbox 1388 4049 1629 4139; x_wconf 51' lang='lat' dir='ltr'>alapas.</span> <span class='ocrx_word' id='word_1_299' title='bbox 1671 4051 1774 4139; x_wconf 56' lang='lat' dir='ltr'>das</span> <span class='ocrx_word' id='word_1_300' title='bbox 1804 4047 1981 4139; x_wconf 59' lang='lat'>905&quot;:</span> 
     </span>
    </p>
   </div>
   <div class='ocr_carea' id='block_1_45' title="bbox 329 4121 1985 4193">
    <p class='ocr_par' dir='ltr' id='par_1_45' title="bbox 329 4121 1985 4193">
     <span class='ocr_line' id='line_1_45' title="bbox 329 4121 1985 4193; baseline 0 -16"><span class='ocrx_word' id='word_1_301' title='bbox 329 4125 524 4193; x_wconf 83' lang='lat' dir='ltr'>ments</span> <span class='ocrx_word' id='word_1_302' title='bbox 555 4121 627 4176; x_wconf 89' lang='lat' dir='ltr'>de</span> <span class='ocrx_word' id='word_1_303' title='bbox 656 4124 803 4193; x_wconf 83' lang='lat' dir='ltr'>cette</span> <span class='ocrx_word' id='word_1_304' title='bbox 835 4125 1060 4193; x_wconf 81' lang='lat' dir='ltr'>nature.</span> <span class='ocrx_word' id='word_1_305' title='bbox 1095 4121 1366 4193; x_wconf 82' lang='lat' dir='ltr'>L’auteur</span> <span class='ocrx_word' id='word_1_306' title='bbox 1397 4137 1468 4193; x_wconf 88' lang='lat' dir='ltr'>ne</span> <span class='ocrx_word' id='word_1_307' title='bbox 1497 4121 1640 4193; x_wconf 80' lang='lat' dir='ltr'>s’est</span> <span class='ocrx_word' id='word_1_308' title='bbox 1667 4138 1773 4193; x_wconf 89' lang='lat' dir='ltr'>pas</span> <span class='ocrx_word' id='word_1_309' title='bbox 1804 4122 1985 4193; x_wconf 82' lang='lat' dir='ltr'>borné</span> 
     </span>
    </p>
   </div>
   <div class='ocr_carea' id='block_1_46' title="bbox 326 4191 1986 4264">
    <p class='ocr_par' dir='ltr' id='par_1_46' title="bbox 326 4191 1986 4264">
     <span class='ocr_line' id='line_1_46' title="bbox 326 4191 1986 4264; baseline 0.001 -17"><span class='ocrx_word' id='word_1_310' title='bbox 326 4196 362 4254; x_wconf 69' lang='grc' dir='ltr'>δ</span> <span class='ocrx_word' id='word_1_311' title='bbox 391 4192 589 4264; x_wconf 85' lang='lat' dir='ltr'>copier</span> <span class='ocrx_word' id='word_1_312' title='bbox 624 4191 997 4264; x_wconf 76' lang='lat' dir='ltr'>servilement</span> <span class='ocrx_word' id='word_1_313' title='bbox 1043 4191 1101 4247; x_wconf 90' lang='lat' dir='ltr'>la</span> <span class='ocrx_word' id='word_1_314' title='bbox 1139 4191 1338 4247; x_wconf 90' lang='lat' dir='ltr'>charte</span> <span class='ocrx_word' id='word_1_315' title='bbox 1369 4191 1469 4263; x_wconf 91' lang='lat' dir='ltr'>qui</span> <span class='ocrx_word' id='word_1_316' title='bbox 1519 4191 1602 4246; x_wconf 91' lang='lat' dir='ltr'>lui</span> <span class='ocrx_word' id='word_1_317' title='bbox 1649 4191 1862 4248; x_wconf 78' lang='lat' dir='ltr'>servait</span> <span class='ocrx_word' id='word_1_318' title='bbox 1915 4194 1986 4248; x_wconf 90' lang='lat' dir='ltr'>de</span> 
     </span>
    </p>
   </div>
   <div class='ocr_carea' id='block_1_47' title="bbox 328 4262 1986 4330">
    <p class='ocr_par' dir='ltr' id='par_1_47' title="bbox 328 4262 1986 4330">
     <span class='ocr_line' id='line_1_47' title="bbox 328 4262 1986 4330; baseline 0 -11"><span class='ocrx_word' id='word_1_319' title='bbox 328 4262 586 4330; x_wconf 74' lang='lat' dir='ltr'>modele;</span> <span class='ocrx_word' id='word_1_320' title='bbox 619 4262 657 4317; x_wconf 91' lang='lat' dir='ltr'>il</span> <span class='ocrx_word' id='word_1_321' title='bbox 687 4281 720 4317; x_wconf 92' lang='lat' dir='ltr'>a</span> <span class='ocrx_word' id='word_1_322' title='bbox 739 4262 917 4318; x_wconf 91' lang='lat' dir='ltr'>voulu</span> <span class='ocrx_word' id='word_1_323' title='bbox 945 4263 1168 4318; x_wconf 89' lang='lat' dir='ltr'>donner</span> <span class='ocrx_word' id='word_1_324' title='bbox 1189 4265 1223 4318; x_wconf 72' lang='grc' dir='ltr'>ὲ,</span> <span class='ocrx_word' id='word_1_325' title='bbox 1243 4280 1348 4318; x_wconf 92' lang='lat' dir='ltr'>son</span> <span class='ocrx_word' id='word_1_326' title='bbox 1381 4262 1573 4317; x_wconf 76' lang='lat' dir='ltr'>muvre</span> <span class='ocrx_word' id='word_1_327' title='bbox 1596 4280 1676 4317; x_wconf 91' lang='lat' dir='ltr'>un</span> <span class='ocrx_word' id='word_1_328' title='bbox 1698 4266 1986 4319; x_wconf 77' lang='lat' dir='ltr'>caractere</span> 
     </span>
    </p>
   </div>
   <div class='ocr_carea' id='block_1_48' title="bbox 330 4332 1986 4414">
    <p class='ocr_par' dir='ltr' id='par_1_48' title="bbox 330 4332 1986 4414">
     <span class='ocr_line' id='line_1_48' title="bbox 330 4332 1986 4414; baseline -0.001 -25"><span class='ocrx_word' id='word_1_329' title='bbox 330 4333 763 4414; x_wconf 74' lang='lat' dir='ltr'>degeneralité,</span> <span class='ocrx_word' id='word_1_330' title='bbox 787 4341 844 4414; x_wconf 79' lang='lat' dir='ltr'>et</span> <span class='ocrx_word' id='word_1_331' title='bbox 873 4333 1254 4414; x_wconf 33' lang='lat' dir='ltr'>1&quot;;approprier</span> <span class='ocrx_word' id='word_1_332' title='bbox 1283 4350 1398 4388; x_wconf 87' lang='lat' dir='ltr'>aux</span> <span class='ocrx_word' id='word_1_333' title='bbox 1428 4332 1764 4390; x_wconf 72' lang='lat' dir='ltr'>differentes</span> <span class='ocrx_word' id='word_1_334' title='bbox 1795 4335 1986 4407; x_wconf 90' lang='lat' dir='ltr'>appli-</span> 
     </span>
    </p>
   </div>
   <div class='ocr_carea' id='block_1_49' title="bbox 331 4403 1245 4460">
    <p class='ocr_par' dir='ltr' id='par_1_49' title="bbox 331 4403 1245 4460">
     <span class='ocr_line' id='line_1_49' title="bbox 331 4403 1245 4460; baseline -0.002 0"><span class='ocrx_word' id='word_1_335' title='bbox 331 4403 559 4460; x_wconf 72' lang='lat' dir='ltr'>catione</span> <span class='ocrx_word' id='word_1_336' title='bbox 589 4403 668 4458; x_wconf 91' lang='lat' dir='ltr'>du</span> <span class='ocrx_word' id='word_1_337' title='bbox 700 4408 930 4459; x_wconf 88' lang='lat' dir='ltr'>contrat</span> <span class='ocrx_word' id='word_1_338' title='bbox 953 4403 1029 4459; x_wconf 68' lang='lat' dir='ltr'>de</span> <span class='ocrx_word' id='word_1_339' title='bbox 1058 4403 1245 4460; x_wconf 82' lang='lat' dir='ltr'>vente.</span> 
     </span>
    </p>
   </div>
   <div class='ocr_carea' id='block_1_50' title="bbox 876 4526 1452 4566">
    <p class='ocr_par' dir='ltr' id='par_1_50' title="bbox 876 4526 1452 4566">
     <span class='ocr_line' id='line_1_50' title="bbox 876 4526 1452 4566; baseline 0.002 -1"><span class='ocrx_word' id='word_1_340' title='bbox 876 4526 1051 4566; x_wconf 74' lang='lat' dir='ltr'>CARTA</span> <span class='ocrx_word' id='word_1_341' title='bbox 1089 4527 1452 4566; x_wconf 72' lang='lat' dir='ltr'>VINDITIONIS.</span> 
     </span>
    </p>
   </div>
   <div class='ocr_carea' id='block_1_51' title="bbox 404 4597 2066 4694">
    <p class='ocr_par' dir='ltr' id='par_1_51' title="bbox 404 4597 2066 4694">
     <span class='ocr_line' id='line_1_51' title="bbox 404 4597 2066 4694; baseline 0.002 -39"><span class='ocrx_word' id='word_1_342' title='bbox 404 4599 469 4655; x_wconf 65' lang='lat' dir='ltr'>in</span> <span class='ocrx_word' id='word_1_343' title='bbox 503 4598 600 4654; x_wconf 86' lang='lat' dir='ltr'>Dei</span> <span class='ocrx_word' id='word_1_344' title='bbox 649 4597 906 4694; x_wconf 73' lang='lat' dir='ltr'>nomine,</span> <span class='ocrx_word' id='word_1_345' title='bbox 949 4598 1182 4694; x_wconf 62' lang='lat' dir='ltr'>ego_i_lle</span> <span class='ocrx_word' id='word_1_346' title='bbox 1210 4600 1476 4657; x_wconf 87' lang='lat' dir='ltr'>venditor</span> <span class='ocrx_word' id='word_1_347' title='bbox 1503 4603 1563 4657; x_wconf 89' lang='lat' dir='ltr'>et</span> <span class='ocrx_word' id='word_1_348' title='bbox 1594 4600 1691 4694; x_wconf 83' lang='lat' dir='ltr'>ille</span> <span class='ocrx_word' id='word_1_349' title='bbox 1737 4606 1985 4675; x_wconf 88' lang='lat' dir='ltr'>emptor.</span> <span class='ocrx_word' id='word_1_350' title='bbox 2018 4627 2066 4694; x_wconf 83' lang='lat' dir='ltr'><strong>D</strong></span> 
     </span>
    </p>
   </div>
   <div class='ocr_carea' id='block_1_52' title="bbox 333 4687 1987 4761">
    <p class='ocr_par' dir='ltr' id='par_1_52' title="bbox 333 4687 1987 4761">
     <span class='ocr_line' id='line_1_52' title="bbox 333 4687 1987 4761; baseline 0.002 -17"><span class='ocrx_word' id='word_1_351' title='bbox 333 4687 577 4744; x_wconf 88' lang='lat' dir='ltr'>Constat</span> <span class='ocrx_word' id='word_1_352' title='bbox 616 4705 709 4744; x_wconf 94' lang='lat' dir='ltr'>me</span> <span class='ocrx_word' id='word_1_353' title='bbox 758 4687 865 4744; x_wconf 87' lang='lat' dir='ltr'>tibi</span> <span class='ocrx_word' id='word_1_354' title='bbox 916 4688 1260 4756; x_wconf 89' lang='lat' dir='ltr'>vindidisse,</span> <span class='ocrx_word' id='word_1_355' title='bbox 1294 4690 1449 4761; x_wconf 87' lang='lat' dir='ltr'>quod</span> <span class='ocrx_word' id='word_1_356' title='bbox 1499 4694 1557 4745; x_wconf 91' lang='lat' dir='ltr'>et</span> <span class='ocrx_word' id='word_1_357' title='bbox 1603 4689 1685 4747; x_wconf 89' lang='lat' dir='ltr'>ita</span> <span class='ocrx_word' id='word_1_358' title='bbox 1731 4691 1987 4760; x_wconf 89' lang='lat' dir='ltr'>vendidi,</span> 
     </span>
    </p>
   </div>
   <div class='ocr_carea' id='block_1_53' title="bbox 333 4776 1991 4852">
    <p class='ocr_par' dir='ltr' id='par_1_53' title="bbox 333 4776 1991 4852">
     <span class='ocr_line' id='line_1_53' title="bbox 333 4776 1991 4852; baseline 0.002 -19"><span class='ocrx_word' id='word_1_359' title='bbox 333 4781 549 4833; x_wconf 85' lang='lat' dir='ltr'>terram</span> <span class='ocrx_word' id='word_1_360' title='bbox 577 4781 680 4832; x_wconf 88' lang='lat' dir='ltr'>aut</span> <span class='ocrx_word' id='word_1_361' title='bbox 703 4777 1065 4850; x_wconf 87' lang='lat' dir='ltr'>mancipium</span> <span class='ocrx_word' id='word_1_362' title='bbox 1089 4778 1246 4850; x_wconf 87' lang='lat' dir='ltr'>juris</span> <span class='ocrx_word' id='word_1_363' title='bbox 1271 4777 1415 4846; x_wconf 88' lang='lat' dir='ltr'>mei;</span> <span class='ocrx_word' id='word_1_364' title='bbox 1449 4776 1498 4834; x_wconf 89' lang='lat' dir='ltr'>si</span> <span class='ocrx_word' id='word_1_365' title='bbox 1525 4779 1857 4852; x_wconf 90' lang='lat' dir='ltr'>mancipius</span> <span class='ocrx_word' id='word_1_366' title='bbox 1877 4785 1991 4852; x_wconf 89' lang='lat' dir='ltr'>est,</span> 
     </span>
    </p>
   </div>
   <div class='ocr_carea' id='block_1_54' title="bbox 333 4864 2002 4942">
    <p class='ocr_par' dir='ltr' id='par_1_54' title="bbox 333 4864 2002 4942">
     <span class='ocr_line' id='line_1_54' title="bbox 333 4864 2002 4942; baseline 0.002 -20"><span class='ocrx_word' id='word_1_367' title='bbox 333 4865 570 4922; x_wconf 90' lang='lat' dir='ltr'>nomine</span> <span class='ocrx_word' id='word_1_368' title='bbox 601 4864 734 4934; x_wconf 92' lang='lat' dir='ltr'>illo;</span> <span class='ocrx_word' id='word_1_369' title='bbox 769 4866 818 4922; x_wconf 89' lang='lat' dir='ltr'>si</span> <span class='ocrx_word' id='word_1_370' title='bbox 869 4870 1025 4922; x_wconf 89' lang='lat' dir='ltr'>terra</span> <span class='ocrx_word' id='word_1_371' title='bbox 1055 4871 1163 4934; x_wconf 92' lang='lat' dir='ltr'>est,</span> <span class='ocrx_word' id='word_1_372' title='bbox 1197 4867 1258 4922; x_wconf 91' lang='lat' dir='ltr'>in</span> <span class='ocrx_word' id='word_1_373' title='bbox 1288 4866 1414 4924; x_wconf 92' lang='lat' dir='ltr'>loco</span> <span class='ocrx_word' id='word_1_374' title='bbox 1462 4873 1842 4941; x_wconf 90' lang='lat' dir='ltr'>nuncupante</span> <span class='ocrx_word' id='word_1_375' title='bbox 1891 4870 2002 4942; x_wconf 85' lang='lat' dir='ltr'>ubi</span> 
     </span>
    </p>
   </div>
   <div class='ocr_carea' id='block_1_55' title="bbox 333 4955 1994 5030">
    <p class='ocr_par' dir='ltr' id='par_1_55' title="bbox 333 4955 1994 5030">
     <span class='ocr_line' id='line_1_55' title="bbox 333 4955 1994 5030; baseline 0.002 -20"><span class='ocrx_word' id='word_1_376' title='bbox 333 4958 447 5023; x_wconf 89' lang='lat' dir='ltr'>est,</span> <span class='ocrx_word' id='word_1_377' title='bbox 475 4955 536 5009; x_wconf 91' lang='lat' dir='ltr'>in</span> <span class='ocrx_word' id='word_1_378' title='bbox 565 4971 714 5028; x_wconf 89' lang='lat' dir='ltr'>pago</span> <span class='ocrx_word' id='word_1_379' title='bbox 745 4955 846 5010; x_wconf 89' lang='lat' dir='ltr'>illo</span> <span class='ocrx_word' id='word_1_380' title='bbox 878 4959 980 5013; x_wconf 91' lang='lat' dir='ltr'>aut</span> <span class='ocrx_word' id='word_1_381' title='bbox 1009 4957 1070 5012; x_wconf 91' lang='lat' dir='ltr'>in</span> <span class='ocrx_word' id='word_1_382' title='bbox 1099 4955 1236 5012; x_wconf 93' lang='lat' dir='ltr'>villa</span> <span class='ocrx_word' id='word_1_383' title='bbox 1265 4962 1367 5013; x_wconf 89' lang='lat' dir='ltr'>aut</span> <span class='ocrx_word' id='word_1_384' title='bbox 1415 4957 1473 5012; x_wconf 92' lang='lat' dir='ltr'>in</span> <span class='ocrx_word' id='word_1_385' title='bbox 1523 4957 1636 5014; x_wconf 89' lang='lat' dir='ltr'>sito</span> <span class='ocrx_word' id='word_1_386' title='bbox 1686 4957 1805 5030; x_wconf 90' lang='lat' dir='ltr'>illo,</span> <span class='ocrx_word' id='word_1_387' title='bbox 1838 4963 1994 5015; x_wconf 90' lang='lat' dir='ltr'>terra</span> 
     </span>
    </p>
   </div>
   <div class='ocr_carea' id='block_1_56' title="bbox 332 5045 1993 5119">
    <p class='ocr_par' dir='ltr' id='par_1_56' title="bbox 332 5045 1993 5119">
     <span class='ocr_line' id='line_1_56' title="bbox 332 5045 1993 5119; baseline 0.002 -19"><span class='ocrx_word' id='word_1_388' title='bbox 332 5047 568 5100; x_wconf 85' lang='lat' dir='ltr'>tantum</span> <span class='ocrx_word' id='word_1_389' title='bbox 595 5048 917 5114; x_wconf 86' lang='lat' dir='ltr'>quantum;</span> <span class='ocrx_word' id='word_1_390' title='bbox 953 5045 1003 5100; x_wconf 91' lang='lat' dir='ltr'>si</span> <span class='ocrx_word' id='word_1_391' title='bbox 1035 5061 1314 5102; x_wconf 86' lang='lat' dir='ltr'>mensura</span> <span class='ocrx_word' id='word_1_392' title='bbox 1338 5049 1446 5112; x_wconf 90' lang='lat' dir='ltr'>est,</span> <span class='ocrx_word' id='word_1_393' title='bbox 1470 5063 1604 5102; x_wconf 91' lang='lat' dir='ltr'>cum</span> <span class='ocrx_word' id='word_1_394' title='bbox 1638 5047 1993 5119; x_wconf 87' lang='lat' dir='ltr'>adpenditiis</span> 
     </span>
    </p>
   </div>
   <div class='ocr_carea' id='block_1_57' title="bbox 333 5133 1996 5207">
    <p class='ocr_par' dir='ltr' id='par_1_57' title="bbox 333 5133 1996 5207">
     <span class='ocr_line' id='line_1_57' title="bbox 333 5133 1996 5207; baseline 0.003 -19"><span class='ocrx_word' id='word_1_395' title='bbox 333 5133 492 5204; x_wconf 84' lang='lat' dir='ltr'>ejus;</span> <span class='ocrx_word' id='word_1_396' title='bbox 526 5136 582 5188; x_wconf 91' lang='lat' dir='ltr'>et</span> <span class='ocrx_word' id='word_1_397' title='bbox 622 5133 948 5205; x_wconf 87' lang='lat' dir='ltr'>accipimus</span> <span class='ocrx_word' id='word_1_398' title='bbox 979 5139 1096 5191; x_wconf 89' lang='lat' dir='ltr'>ate</span> <span class='ocrx_word' id='word_1_399' title='bbox 1146 5134 1404 5207; x_wconf 90' lang='lat' dir='ltr'>precium</span> <span class='ocrx_word' id='word_1_400' title='bbox 1455 5135 1794 5190; x_wconf 88' lang='lat' dir='ltr'>adtaxatum</span> <span class='ocrx_word' id='word_1_401' title='bbox 1841 5136 1996 5193; x_wconf 89' lang='lat' dir='ltr'>inter</span> 
     </span>
    </p>
   </div>
   <div class='ocr_carea' id='block_1_58' title="bbox 335 5224 1994 5296">
    <p class='ocr_par' dir='ltr' id='par_1_58' title="bbox 335 5224 1994 5296">
     <span class='ocr_line' id='line_1_58' title="bbox 335 5224 1994 5296; baseline 0.002 -19"><span class='ocrx_word' id='word_1_402' title='bbox 335 5239 477 5278; x_wconf 89' lang='lat' dir='ltr'>auro</span> <span class='ocrx_word' id='word_1_403' title='bbox 507 5225 564 5277; x_wconf 92' lang='lat' dir='ltr'>et</span> <span class='ocrx_word' id='word_1_404' title='bbox 592 5227 832 5294; x_wconf 85' lang='lat' dir='ltr'>argento</span> <span class='ocrx_word' id='word_1_405' title='bbox 864 5228 921 5278; x_wconf 90' lang='lat' dir='ltr'>et</span> <span class='ocrx_word' id='word_1_406' title='bbox 959 5224 1213 5280; x_wconf 89' lang='lat' dir='ltr'>cavallos</span> <span class='ocrx_word' id='word_1_407' title='bbox 1245 5229 1300 5280; x_wconf 91' lang='lat' dir='ltr'>et</span> <span class='ocrx_word' id='word_1_408' title='bbox 1335 5225 1504 5279; x_wconf 92' lang='lat' dir='ltr'>boves</span> <span class='ocrx_word' id='word_1_409' title='bbox 1548 5229 1606 5279; x_wconf 93' lang='lat' dir='ltr'>et</span> <span class='ocrx_word' id='word_1_410' title='bbox 1648 5224 1831 5280; x_wconf 89' lang='lat' dir='ltr'>alium</span> <span class='ocrx_word' id='word_1_411' title='bbox 1864 5242 1994 5296; x_wconf 90' lang='lat' dir='ltr'>pre-</span> 
     </span>
    </p>
   </div>
   <div class='ocr_carea' id='block_1_59' title="bbox 336 5311 1997 5385">
    <p class='ocr_par' dir='ltr' id='par_1_59' title="bbox 336 5311 1997 5385">
     <span class='ocr_line' id='line_1_59' title="bbox 336 5311 1997 5385; baseline 0.002 -19"><span class='ocrx_word' id='word_1_412' title='bbox 336 5311 493 5366; x_wconf 90' lang='lat' dir='ltr'>cium</span> <span class='ocrx_word' id='word_1_413' title='bbox 525 5314 718 5367; x_wconf 89' lang='lat' dir='ltr'>tanter</span> <span class='ocrx_word' id='word_1_414' title='bbox 746 5315 806 5368; x_wconf 91' lang='lat' dir='ltr'>et</span> <span class='ocrx_word' id='word_1_415' title='bbox 838 5315 1059 5382; x_wconf 88' lang='lat' dir='ltr'>tanter;</span> <span class='ocrx_word' id='word_1_416' title='bbox 1094 5313 1225 5380; x_wconf 91' lang='lat' dir='ltr'>hoc,</span> <span class='ocrx_word' id='word_1_417' title='bbox 1257 5312 1411 5385; x_wconf 92' lang='lat' dir='ltr'>quod</span> <span class='ocrx_word' id='word_1_418' title='bbox 1442 5327 1570 5384; x_wconf 86' lang='lat' dir='ltr'>ego,</span> <span class='ocrx_word' id='word_1_419' title='bbox 1601 5311 1778 5368; x_wconf 89' lang='lat' dir='ltr'>homo</span> <span class='ocrx_word' id='word_1_420' title='bbox 1810 5313 1928 5382; x_wconf 92' lang='lat' dir='ltr'>ille,</span> <span class='ocrx_word' id='word_1_421' title='bbox 1963 5332 1997 5370; x_wconf 89' lang='lat' dir='ltr'>a</span> 
     </span>
    </p>
   </div>
   <div class='ocr_carea' id='block_1_60' title="bbox 337 5398 1992 5471">
    <p class='ocr_par' dir='ltr' id='par_1_60' title="bbox 337 5398 1992 5471">
     <span class='ocr_line' id='line_1_60' title="bbox 337 5398 1992 5471; baseline 0.002 -17"><span class='ocrx_word' id='word_1_422' title='bbox 337 5398 429 5455; x_wconf 88' lang='lat' dir='ltr'>die</span> <span class='ocrx_word' id='word_1_423' title='bbox 463 5404 731 5471; x_wconf 77' lang='lat' dir='ltr'>prasente</span> <span class='ocrx_word' id='word_1_424' title='bbox 770 5401 826 5456; x_wconf 91' lang='lat' dir='ltr'>in</span> <span class='ocrx_word' id='word_1_425' title='bbox 862 5405 964 5457; x_wconf 90' lang='lat' dir='ltr'>tua</span> <span class='ocrx_word' id='word_1_426' title='bbox 1004 5404 1171 5458; x_wconf 89' lang='lat' dir='ltr'>trado</span> <span class='ocrx_word' id='word_1_427' title='bbox 1204 5400 1685 5469; x_wconf 88' lang='lat' dir='ltr'>dominicatione,</span> <span class='ocrx_word' id='word_1_428' title='bbox 1717 5401 1992 5471; x_wconf 86' lang='lat' dir='ltr'>habendi,</span> 
     </span>
    </p>
   </div>
   <div class='ocr_carea' id='block_1_61' title="bbox 2018 1887 2066 1952">
    <p class='ocr_par' dir='ltr' id='par_1_61' title="bbox 2018 1887 2066 1952">
     <span class='ocr_line' id='line_1_61' title="bbox 2018 1887 2066 1952; baseline 0 0"><span class='ocrx_word' id='word_1_429' title='bbox 2018 1887 2066 1952; x_wconf 91' lang='lat' dir='ltr'><strong>B</strong></span> 
     </span>
    </p>
   </div>
   <div class='ocr_carea' id='block_1_62' title="bbox 2101 606 3752 680">
    <p class='ocr_par' dir='ltr' id='par_1_62' title="bbox 2101 606 3752 680">
     <span class='ocr_line' id='line_1_62' title="bbox 2101 606 3752 680; baseline 0 -18"><span class='ocrx_word' id='word_1_430' title='bbox 2101 606 2275 663; x_wconf 89' lang='lat' dir='ltr'>nibus</span> <span class='ocrx_word' id='word_1_431' title='bbox 2305 607 2592 679; x_wconf 84' lang='lat' dir='ltr'>[liberam]</span> <span class='ocrx_word' id='word_1_432' title='bbox 2621 606 3120 680; x_wconf 67' lang='lat' dir='ltr'>acfﬁrmissimam</span> <span class='ocrx_word' id='word_1_433' title='bbox 3151 607 3368 665; x_wconf 88' lang='lat' dir='ltr'>habeas</span> <span class='ocrx_word' id='word_1_434' title='bbox 3397 609 3752 680; x_wconf 86' lang='lat' dir='ltr'>potestatem</span> 
     </span>
    </p>
   </div>
   <div class='ocr_carea' id='block_1_63' title="bbox 2103 697 2310 753">
    <p class='ocr_par' dir='ltr' id='par_1_63' title="bbox 2103 697 2310 753">
     <span class='ocr_line' id='line_1_63' title="bbox 2103 697 2310 753; baseline 0 -1"><span class='ocrx_word' id='word_1_435' title='bbox 2103 697 2310 753; x_wconf 88' lang='lat' dir='ltr'>facere.</span> 
     </span>
    </p>
   </div>
   <div class='ocr_carea' id='block_1_64' title="bbox 2859 787 2997 844">
    <p class='ocr_par' dir='ltr' id='par_1_64' title="bbox 2859 787 2997 844">
     <span class='ocr_line' id='line_1_64' title="bbox 2859 787 2997 844; baseline -0.007 -1"><span class='ocrx_word' id='word_1_436' title='bbox 2859 787 2997 844; x_wconf 82' lang='lat' dir='ltr'>XIX.</span> 
     </span>
    </p>
   </div>
   <div class='ocr_carea' id='block_1_65' title="bbox 2173 876 3757 948">
    <p class='ocr_par' dir='ltr' id='par_1_65' title="bbox 2173 876 3757 948">
     <span class='ocr_line' id='line_1_65' title="bbox 2173 876 3757 948; baseline 0.001 -16"><span class='ocrx_word' id='word_1_437' title='bbox 2173 877 2254 932; x_wconf 92' lang='lat' dir='ltr'>La</span> <span class='ocrx_word' id='word_1_438' title='bbox 2283 877 2556 934; x_wconf 83' lang='lat' dir='ltr'>réflexion</span> <span class='ocrx_word' id='word_1_439' title='bbox 2588 893 2699 948; x_wconf 89' lang='lat' dir='ltr'>que</span> <span class='ocrx_word' id='word_1_440' title='bbox 2734 877 2837 948; x_wconf 81' lang='lat' dir='ltr'>j‘ai</span> <span class='ocrx_word' id='word_1_441' title='bbox 2881 876 3019 933; x_wconf 90' lang='lat' dir='ltr'>faite</span> <span class='ocrx_word' id='word_1_442' title='bbox 3051 894 3153 933; x_wconf 86' lang='lat' dir='ltr'>sur</span> <span class='ocrx_word' id='word_1_443' title='bbox 3181 877 3239 932; x_wconf 92' lang='lat' dir='ltr'>la</span> <span class='ocrx_word' id='word_1_444' title='bbox 3269 876 3561 934; x_wconf 75' lang='lat' dir='ltr'>reduction</span> <span class='ocrx_word' id='word_1_445' title='bbox 3591 877 3660 934; x_wconf 91' lang='lat' dir='ltr'>de</span> <span class='ocrx_word' id='word_1_446' title='bbox 3693 876 3757 933; x_wconf 86' lang='lat' dir='ltr'>la</span> 
     </span>
    </p>
   </div>
   <div class='ocr_carea' id='block_1_66' title="bbox 2101 948 3757 1076">
    <p class='ocr_par' dir='ltr' id='par_1_66' title="bbox 2101 948 3757 1076">
     <span class='ocr_line' id='line_1_66' title="bbox 2101 948 3757 1074; baseline 0.002 -71"><span class='ocrx_word' id='word_1_447' title='bbox 2101 948 2350 1074; x_wconf 58' lang='lat' dir='ltr'>feil‘inule</span> <span class='ocrx_word' id='word_1_448' title='bbox 2387 949 2487 1021; x_wconf 91' lang='lat' dir='ltr'>qui</span> <span class='ocrx_word' id='word_1_449' title='bbox 2537 949 2779 1020; x_wconf 81' lang='lat' dir='ltr'>precede</span> <span class='ocrx_word' id='word_1_450' title='bbox 2832 953 2922 1004; x_wconf 90' lang='lat' dir='ltr'>est</span> <span class='ocrx_word' id='word_1_451' title='bbox 2969 948 3297 1021; x_wconf 86' lang='lat' dir='ltr'>également</span> <span class='ocrx_word' id='word_1_452' title='bbox 3339 948 3663 1022; x_wconf 89' lang='lat' dir='ltr'>applicable</span> <span class='ocrx_word' id='word_1_453' title='bbox 3717 953 3757 1005; x_wconf 73' lang='grc' dir='ltr'>ὲ.</span> 
     </span>
     <span class='ocr_line' id='line_1_67' title="bbox 2101 1037 2348 1076; baseline -0.004 0"><span class='ocrx_word' id='word_1_454' title='bbox 2101 1037 2164 1076; x_wconf 90' lang='lat' dir='ltr'>ce</span> <span class='ocrx_word' id='word_1_455' title='bbox 2214 1037 2348 1075; x_wconf 79' lang='lat' dir='ltr'>e-ci.</span> 
     </span>
    </p>
   </div>
   <div class='ocr_carea' id='block_1_67' title="bbox 2632 1126 3208 1166">
    <p class='ocr_par' dir='ltr' id='par_1_67' title="bbox 2632 1126 3208 1166">
     <span class='ocr_line' id='line_1_68' title="bbox 2632 1126 3208 1166; baseline 0.002 -1"><span class='ocrx_word' id='word_1_456' title='bbox 2632 1127 2811 1166; x_wconf 79' lang='lat' dir='ltr'>CARTA</span> <span class='ocrx_word' id='word_1_457' title='bbox 2849 1126 3188 1166; x_wconf 77' lang='lat' dir='ltr'>CUMCAMBIO</span> <span class='ocrx_word' id='word_1_458' title='bbox 3199 1155 3208 1166; x_wconf 91' lang='lat'>.</span> 
     </span>
    </p>
   </div>
   <div class='ocr_carea' id='block_1_68' title="bbox 2173 1217 3757 1274">
    <p class='ocr_par' dir='ltr' id='par_1_68' title="bbox 2173 1217 3757 1274">
     <span class='ocr_line' id='line_1_69' title="bbox 2173 1217 3757 1274; baseline 0.001 -1"><span class='ocrx_word' id='word_1_459' title='bbox 2173 1217 2434 1274; x_wconf 89' lang='lat' dir='ltr'>Dominis</span> <span class='ocrx_word' id='word_1_460' title='bbox 2460 1217 2740 1272; x_wconf 80' lang='lat' dir='ltr'>fratribus</span> <span class='ocrx_word' id='word_1_461' title='bbox 2785 1217 2845 1271; x_wconf 92' lang='lat' dir='ltr'>in</span> <span class='ocrx_word' id='word_1_462' title='bbox 2886 1217 3157 1273; x_wconf 86' lang='lat' dir='ltr'>societate</span> <span class='ocrx_word' id='word_1_463' title='bbox 3183 1217 3282 1272; x_wconf 91' lang='lat' dir='ltr'>illo</span> <span class='ocrx_word' id='word_1_464' title='bbox 3324 1221 3381 1273; x_wconf 91' lang='lat' dir='ltr'>et</span> <span class='ocrx_word' id='word_1_465' title='bbox 3426 1217 3544 1273; x_wconf 92' lang='lat' dir='ltr'>illo.</span> <span class='ocrx_word' id='word_1_466' title='bbox 3567 1217 3658 1273; x_wconf 80' lang='lat' dir='ltr'>Sic</span> <span class='ocrx_word' id='word_1_467' title='bbox 3693 1223 3757 1274; x_wconf 89' lang='lat' dir='ltr'>et</span> 
     </span>
    </p>
   </div>
   <div class='ocr_carea' id='block_1_69' title="bbox 2098 1306 3732 1380">
    <p class='ocr_par' dir='ltr' id='par_1_69' title="bbox 2098 1306 3732 1380">
     <span class='ocr_line' id='line_1_70' title="bbox 2098 1306 3732 1380; baseline 0.001 -18"><span class='ocrx_word' id='word_1_468' title='bbox 2098 1307 2250 1362; x_wconf 86' lang='lat' dir='ltr'>inter</span> <span class='ocrx_word' id='word_1_469' title='bbox 2271 1323 2376 1364; x_wconf 91' lang='lat' dir='ltr'>nos</span> <span class='ocrx_word' id='word_1_470' title='bbox 2392 1307 2746 1379; x_wconf 89' lang='lat' dir='ltr'>complacuit</span> <span class='ocrx_word' id='word_1_471' title='bbox 2763 1311 2940 1378; x_wconf 87' lang='lat' dir='ltr'>atque</span> <span class='ocrx_word' id='word_1_472' title='bbox 2956 1306 3224 1362; x_wconf 89' lang='lat' dir='ltr'>convenit</span> <span class='ocrx_word' id='word_1_473' title='bbox 3243 1310 3307 1362; x_wconf 88' lang='lat' dir='ltr'>ut</span> <span class='ocrx_word' id='word_1_474' title='bbox 3326 1306 3548 1380; x_wconf 86' lang='lat' dir='ltr'>aliquid</span> <span class='ocrx_word' id='word_1_475' title='bbox 3571 1307 3644 1363; x_wconf 88' lang='lat' dir='ltr'>de</span> <span class='ocrx_word' id='word_1_476' title='bbox 3663 1324 3732 1363; x_wconf 86' lang='lat' dir='ltr'>re</span> 
     </span>
    </p>
   </div>
   <div class='ocr_carea' id='block_1_70' title="bbox 2097 1395 3751 1464">
    <p class='ocr_par' dir='ltr' id='par_1_70' title="bbox 2097 1395 3751 1464">
     <span class='ocr_line' id='line_1_71' title="bbox 2097 1395 3751 1464; baseline 0.001 -14"><span class='ocrx_word' id='word_1_477' title='bbox 2097 1397 2209 1452; x_wconf 88' lang='lat' dir='ltr'>bus</span> <span class='ocrx_word' id='word_1_478' title='bbox 2250 1395 2466 1450; x_wconf 89' lang='lat' dir='ltr'>nostris</span> <span class='ocrx_word' id='word_1_479' title='bbox 2509 1395 2565 1451; x_wconf 91' lang='lat' dir='ltr'>in</span> <span class='ocrx_word' id='word_1_480' title='bbox 2600 1395 2939 1452; x_wconf 89' lang='lat' dir='ltr'>concambio</span> <span class='ocrx_word' id='word_1_481' title='bbox 2970 1395 3316 1450; x_wconf 78' lang='lat' dir='ltr'>confirmare</span> <span class='ocrx_word' id='word_1_482' title='bbox 3343 1395 3751 1464; x_wconf 89' lang='lat' dir='ltr'>debuerimus,</span> 
     </span>
    </p>
   </div>
   <div class='ocr_carea' id='block_1_71' title="bbox 2098 1483 3754 1557">
    <p class='ocr_par' dir='ltr' id='par_1_71' title="bbox 2098 1483 3754 1557">
     <span class='ocr_line' id='line_1_72' title="bbox 2098 1483 3754 1557; baseline 0.001 -18"><span class='ocrx_word' id='word_1_483' title='bbox 2098 1486 2251 1556; x_wconf 84' lang='lat' dir='ltr'>quod</span> <span class='ocrx_word' id='word_1_484' title='bbox 2285 1489 2342 1540; x_wconf 90' lang='lat' dir='ltr'>et</span> <span class='ocrx_word' id='word_1_485' title='bbox 2367 1484 2448 1538; x_wconf 92' lang='lat' dir='ltr'>ita</span> <span class='ocrx_word' id='word_1_486' title='bbox 2478 1484 2746 1550; x_wconf 85' lang='lat' dir='ltr'>fecimus,</span> <span class='ocrx_word' id='word_1_487' title='bbox 2765 1489 2868 1540; x_wconf 88' lang='lat' dir='ltr'>aut</span> <span class='ocrx_word' id='word_1_488' title='bbox 2888 1483 3165 1556; x_wconf 87' lang='lat' dir='ltr'>quicquid</span> <span class='ocrx_word' id='word_1_489' title='bbox 3190 1484 3366 1540; x_wconf 87' lang='lat' dir='ltr'>fuerit</span> <span class='ocrx_word' id='word_1_490' title='bbox 3390 1485 3754 1557; x_wconf 87' lang='lat' dir='ltr'>accepimus,</span> 
     </span>
    </p>
   </div>
   <div class='ocr_carea' id='block_1_72' title="bbox 2098 1572 3752 1645">
    <p class='ocr_par' dir='ltr' id='par_1_72' title="bbox 2098 1572 3752 1645">
     <span class='ocr_line' id='line_1_73' title="bbox 2098 1572 3752 1645; baseline 0.001 -17"><span class='ocrx_word' id='word_1_491' title='bbox 2098 1573 2208 1628; x_wconf 92' lang='lat' dir='ltr'>hoc</span> <span class='ocrx_word' id='word_1_492' title='bbox 2232 1577 2322 1628; x_wconf 91' lang='lat' dir='ltr'>est</span> <span class='ocrx_word' id='word_1_493' title='bbox 2343 1578 2443 1628; x_wconf 89' lang='lat' dir='ltr'>aut</span> <span class='ocrx_word' id='word_1_494' title='bbox 2466 1572 2756 1644; x_wconf 89' lang='lat' dir='ltr'>mancipia</span> <span class='ocrx_word' id='word_1_495' title='bbox 2778 1576 2880 1628; x_wconf 90' lang='lat' dir='ltr'>aut</span> <span class='ocrx_word' id='word_1_496' title='bbox 2898 1576 3081 1640; x_wconf 88' lang='lat' dir='ltr'>terra;</span> <span class='ocrx_word' id='word_1_497' title='bbox 3106 1589 3139 1628; x_wconf 90' lang='lat' dir='ltr'>a</span> <span class='ocrx_word' id='word_1_498' title='bbox 3162 1576 3215 1627; x_wconf 89' lang='lat' dir='ltr'>te</span> <span class='ocrx_word' id='word_1_499' title='bbox 3236 1572 3593 1645; x_wconf 89' lang='lat' dir='ltr'>mancipium</span> <span class='ocrx_word' id='word_1_500' title='bbox 3615 1573 3752 1642; x_wconf 88' lang='lat' dir='ltr'>hoc,</span> 
     </span>
    </p>
   </div>
   <div class='ocr_carea' id='block_1_73' title="bbox 2099 1661 3754 1734">
    <p class='ocr_par' dir='ltr' id='par_1_73' title="bbox 2099 1661 3754 1734">
     <span class='ocr_line' id='line_1_74' title="bbox 2099 1661 3754 1734; baseline 0 -16"><span class='ocrx_word' id='word_1_501' title='bbox 2099 1663 2335 1718; x_wconf 89' lang='lat' dir='ltr'>nomine</span> <span class='ocrx_word' id='word_1_502' title='bbox 2361 1661 2480 1729; x_wconf 93' lang='lat' dir='ltr'>illo,</span> <span class='ocrx_word' id='word_1_503' title='bbox 2505 1665 2562 1717; x_wconf 92' lang='lat' dir='ltr'>et</span> <span class='ocrx_word' id='word_1_504' title='bbox 2580 1662 2712 1717; x_wconf 87' lang='lat' dir='ltr'>dedi</span> <span class='ocrx_word' id='word_1_505' title='bbox 2737 1661 2916 1716; x_wconf 89' lang='lat' dir='ltr'>alium</span> <span class='ocrx_word' id='word_1_506' title='bbox 2940 1661 3302 1734; x_wconf 88' lang='lat' dir='ltr'>mancipium</span> <span class='ocrx_word' id='word_1_507' title='bbox 3327 1662 3386 1717; x_wconf 90' lang='lat' dir='ltr'>in</span> <span class='ocrx_word' id='word_1_508' title='bbox 3408 1662 3754 1718; x_wconf 85' lang='lat' dir='ltr'>concambio</span> 
     </span>
    </p>
   </div>
   <div class='ocr_carea' id='block_1_74' title="bbox 2097 1750 3754 1819">
    <p class='ocr_par' dir='ltr' id='par_1_74' title="bbox 2097 1750 3754 1819">
     <span class='ocr_line' id='line_1_75' title="bbox 2097 1750 3754 1819; baseline 0.001 -13"><span class='ocrx_word' id='word_1_509' title='bbox 2097 1751 2232 1819; x_wconf 88' lang='lat' dir='ltr'>isto,</span> <span class='ocrx_word' id='word_1_510' title='bbox 2267 1751 2504 1807; x_wconf 89' lang='lat' dir='ltr'>nomine</span> <span class='ocrx_word' id='word_1_511' title='bbox 2533 1750 2652 1817; x_wconf 93' lang='lat' dir='ltr'>illo,</span> <span class='ocrx_word' id='word_1_512' title='bbox 2679 1755 2981 1818; x_wconf 79' lang='lat' dir='ltr'>vexatum;</span> <span class='ocrx_word' id='word_1_513' title='bbox 3015 1755 3071 1806; x_wconf 89' lang='lat' dir='ltr'>et</span> <span class='ocrx_word' id='word_1_514' title='bbox 3100 1751 3149 1806; x_wconf 89' lang='lat' dir='ltr'>si</span> <span class='ocrx_word' id='word_1_515' title='bbox 3182 1754 3338 1808; x_wconf 86' lang='lat' dir='ltr'>terra</span> <span class='ocrx_word' id='word_1_516' title='bbox 3368 1751 3560 1819; x_wconf 85' lang='lat' dir='ltr'>fuerit,</span> <span class='ocrx_word' id='word_1_517' title='bbox 3581 1751 3754 1807; x_wconf 90' lang='lat' dir='ltr'>dedi-</span> 
     </span>
    </p>
   </div>
   <div class='ocr_carea' id='block_1_75' title="bbox 2099 1838 3752 1910">
    <p class='ocr_par' dir='ltr' id='par_1_75' title="bbox 2099 1838 3752 1910">
     <span class='ocr_line' id='line_1_76' title="bbox 2099 1838 3752 1910; baseline 0.001 -16"><span class='ocrx_word' id='word_1_518' title='bbox 2099 1856 2233 1894; x_wconf 87' lang='lat' dir='ltr'>mus</span> <span class='ocrx_word' id='word_1_519' title='bbox 2254 1838 2360 1895; x_wconf 85' lang='lat' dir='ltr'>tibi</span> <span class='ocrx_word' id='word_1_520' title='bbox 2380 1843 2595 1895; x_wconf 89' lang='lat' dir='ltr'>terram</span> <span class='ocrx_word' id='word_1_521' title='bbox 2617 1839 2790 1895; x_wconf 90' lang='lat' dir='ltr'>istam</span> <span class='ocrx_word' id='word_1_522' title='bbox 2813 1839 2873 1894; x_wconf 92' lang='lat' dir='ltr'>in</span> <span class='ocrx_word' id='word_1_523' title='bbox 2899 1839 3239 1896; x_wconf 90' lang='lat' dir='ltr'>concambio</span> <span class='ocrx_word' id='word_1_524' title='bbox 3256 1841 3448 1896; x_wconf 89' lang='lat' dir='ltr'>tanter</span> <span class='ocrx_word' id='word_1_525' title='bbox 3461 1845 3520 1896; x_wconf 90' lang='lat' dir='ltr'>et</span> <span class='ocrx_word' id='word_1_526' title='bbox 3532 1841 3752 1910; x_wconf 84' lang='lat' dir='ltr'>tanter,</span> 
     </span>
    </p>
   </div>
   <div class='ocr_carea' id='block_1_76' title="bbox 2099 1927 3758 2002">
    <p class='ocr_par' dir='ltr' id='par_1_76' title="bbox 2099 1927 3758 2002">
     <span class='ocr_line' id='line_1_77' title="bbox 2099 1927 3758 2002; baseline 0.001 -18"><span class='ocrx_word' id='word_1_527' title='bbox 2099 1929 2158 1984; x_wconf 88' lang='lat' dir='ltr'>in</span> <span class='ocrx_word' id='word_1_528' title='bbox 2195 1929 2318 1984; x_wconf 92' lang='lat' dir='ltr'>loco</span> <span class='ocrx_word' id='word_1_529' title='bbox 2368 1933 2766 2001; x_wconf 88' lang='lat' dir='ltr'>nuncupante,</span> <span class='ocrx_word' id='word_1_530' title='bbox 2800 1929 2859 1983; x_wconf 89' lang='lat' dir='ltr'>in</span> <span class='ocrx_word' id='word_1_531' title='bbox 2892 1928 3003 1983; x_wconf 88' lang='lat' dir='ltr'>sito</span> <span class='ocrx_word' id='word_1_532' title='bbox 3036 1927 3137 1984; x_wconf 90' lang='lat' dir='ltr'>illo</span> <span class='ocrx_word' id='word_1_533' title='bbox 3189 1929 3379 1984; x_wconf 88' lang='lat' dir='ltr'>autin</span> <span class='ocrx_word' id='word_1_534' title='bbox 3411 1929 3658 2002; x_wconf 84' lang='lat' dir='ltr'>pagello,</span> <span class='ocrx_word' id='word_1_535' title='bbox 3695 1935 3758 1986; x_wconf 89' lang='lat' dir='ltr'>et</span> 
     </span>
    </p>
   </div>
   <div class='ocr_carea' id='block_1_77' title="bbox 2099 2017 3752 2092">
    <p class='ocr_par' dir='ltr' id='par_1_77' title="bbox 2099 2017 3752 2092">
     <span class='ocr_line' id='line_1_78' title="bbox 2099 2017 3752 2092; baseline 0.001 -18"><span class='ocrx_word' id='word_1_536' title='bbox 2099 2017 2433 2090; x_wconf 89' lang='lat' dir='ltr'>accepimus</span> <span class='ocrx_word' id='word_1_537' title='bbox 2459 2034 2494 2072; x_wconf 88' lang='lat' dir='ltr'>a</span> <span class='ocrx_word' id='word_1_538' title='bbox 2517 2022 2573 2074; x_wconf 91' lang='lat' dir='ltr'>te</span> <span class='ocrx_word' id='word_1_539' title='bbox 2595 2017 2838 2073; x_wconf 90' lang='lat' dir='ltr'>alteram</span> <span class='ocrx_word' id='word_1_540' title='bbox 2858 2021 3098 2084; x_wconf 88' lang='lat' dir='ltr'>terram,</span> <span class='ocrx_word' id='word_1_541' title='bbox 3120 2017 3180 2072; x_wconf 91' lang='lat' dir='ltr'>in</span> <span class='ocrx_word' id='word_1_542' title='bbox 3201 2017 3326 2074; x_wconf 93' lang='lat' dir='ltr'>loco</span> <span class='ocrx_word' id='word_1_543' title='bbox 3347 2023 3752 2092; x_wconf 86' lang='lat' dir='ltr'>nuncupante,</span> 
     </span>
    </p>
   </div>
   <div class='ocr_carea' id='block_1_78' title="bbox 2098 2105 3754 2180">
    <p class='ocr_par' dir='ltr' id='par_1_78' title="bbox 2098 2105 3754 2180">
     <span class='ocr_line' id='line_1_79' title="bbox 2098 2105 3754 2180; baseline 0.002 -19"><span class='ocrx_word' id='word_1_544' title='bbox 2098 2107 2158 2161; x_wconf 89' lang='lat' dir='ltr'>in</span> <span class='ocrx_word' id='word_1_545' title='bbox 2190 2107 2302 2163; x_wconf 90' lang='lat' dir='ltr'>sito</span> <span class='ocrx_word' id='word_1_546' title='bbox 2333 2106 2432 2162; x_wconf 94' lang='lat' dir='ltr'>illo</span> <span class='ocrx_word' id='word_1_547' title='bbox 2463 2111 2566 2162; x_wconf 89' lang='lat' dir='ltr'>aut</span> <span class='ocrx_word' id='word_1_548' title='bbox 2593 2107 2650 2160; x_wconf 92' lang='lat' dir='ltr'>in</span> <span class='ocrx_word' id='word_1_549' title='bbox 2683 2122 2832 2180; x_wconf 89' lang='lat' dir='ltr'>pago</span> <span class='ocrx_word' id='word_1_550' title='bbox 2863 2105 2984 2173; x_wconf 92' lang='lat' dir='ltr'>illo,</span> <span class='ocrx_word' id='word_1_551' title='bbox 3008 2111 3201 2163; x_wconf 89' lang='lat' dir='ltr'>tanter</span> <span class='ocrx_word' id='word_1_552' title='bbox 3237 2110 3294 2162; x_wconf 90' lang='lat' dir='ltr'>et</span> <span class='ocrx_word' id='word_1_553' title='bbox 3332 2111 3544 2164; x_wconf 87' lang='lat' dir='ltr'>tanter.</span> <span class='ocrx_word' id='word_1_554' title='bbox 3575 2109 3754 2174; x_wconf 84' lang='lat' dir='ltr'>Quic-</span> 
     </span>
    </p>
   </div>
   <div class='ocr_carea' id='block_1_79' title="bbox 2099 2195 3758 2269">
    <p class='ocr_par' dir='ltr' id='par_1_79' title="bbox 2099 2195 3758 2269">
     <span class='ocr_line' id='line_1_80' title="bbox 2099 2195 3758 2269; baseline 0.001 -17"><span class='ocrx_word' id='word_1_555' title='bbox 2099 2196 2236 2269; x_wconf 85' lang='lat' dir='ltr'>quid</span> <span class='ocrx_word' id='word_1_556' title='bbox 2272 2213 2378 2269; x_wconf 88' lang='lat' dir='ltr'>ego</span> <span class='ocrx_word' id='word_1_557' title='bbox 2415 2196 2522 2251; x_wconf 88' lang='lat' dir='ltr'>tibi</span> <span class='ocrx_word' id='word_1_558' title='bbox 2557 2196 2710 2264; x_wconf 89' lang='lat' dir='ltr'>dedi,</span> <span class='ocrx_word' id='word_1_559' title='bbox 2739 2200 2961 2268; x_wconf 85' lang='lat' dir='ltr'>teneas,</span> <span class='ocrx_word' id='word_1_560' title='bbox 2984 2195 3202 2252; x_wconf 88' lang='lat' dir='ltr'>habeas</span> <span class='ocrx_word' id='word_1_561' title='bbox 3245 2199 3417 2268; x_wconf 91' lang='lat' dir='ltr'>atque</span> <span class='ocrx_word' id='word_1_562' title='bbox 3447 2196 3758 2268; x_wconf 85' lang='lat' dir='ltr'>possideas</span> 
     </span>
    </p>
   </div>
   <div class='ocr_carea' id='block_1_80' title="bbox 2098 2284 3758 2357">
    <p class='ocr_par' dir='ltr' id='par_1_80' title="bbox 2098 2284 3758 2357">
     <span class='ocr_line' id='line_1_81' title="bbox 2098 2284 3758 2357; baseline 0.002 -16"><span class='ocrx_word' id='word_1_563' title='bbox 2098 2285 2393 2342; x_wconf 88' lang='lat' dir='ltr'>licentiam</span> <span class='ocrx_word' id='word_1_564' title='bbox 2423 2286 2646 2357; x_wconf 90' lang='lat' dir='ltr'>absque</span> <span class='ocrx_word' id='word_1_565' title='bbox 2668 2284 2790 2340; x_wconf 90' lang='lat' dir='ltr'>ulla</span> <span class='ocrx_word' id='word_1_566' title='bbox 2813 2285 3171 2341; x_wconf 87' lang='lat' dir='ltr'>contradicto</span> <span class='ocrx_word' id='word_1_567' title='bbox 3200 2286 3356 2342; x_wconf 92' lang='lat' dir='ltr'>unde</span> <span class='ocrx_word' id='word_1_568' title='bbox 3385 2290 3758 2344; x_wconf 83' lang='lat' dir='ltr'>commutare</span> 
     </span>
    </p>
   </div>
   <div class='ocr_carea' id='block_1_81' title="bbox 2099 2373 3756 2448">
    <p class='ocr_par' dir='ltr' id='par_1_81' title="bbox 2099 2373 3756 2448">
     <span class='ocr_line' id='line_1_82' title="bbox 2099 2373 3756 2448; baseline 0.002 -18"><span class='ocrx_word' id='word_1_569' title='bbox 2099 2391 2199 2432; x_wconf 89' lang='lat' dir='ltr'>seu</span> <span class='ocrx_word' id='word_1_570' title='bbox 2229 2391 2332 2448; x_wconf 91' lang='lat' dir='ltr'>pro</span> <span class='ocrx_word' id='word_1_571' title='bbox 2363 2374 2563 2430; x_wconf 83' lang='lat' dir='ltr'>anima</span> <span class='ocrx_word' id='word_1_572' title='bbox 2583 2373 2833 2430; x_wconf 89' lang='lat' dir='ltr'>salutem</span> <span class='ocrx_word' id='word_1_573' title='bbox 2864 2375 3102 2439; x_wconf 90' lang='lat' dir='ltr'>donare,</span> <span class='ocrx_word' id='word_1_574' title='bbox 3129 2379 3194 2429; x_wconf 92' lang='lat' dir='ltr'>ut</span> <span class='ocrx_word' id='word_1_575' title='bbox 3224 2390 3327 2430; x_wconf 89' lang='lat' dir='ltr'>nec</span> <span class='ocrx_word' id='word_1_576' title='bbox 3351 2389 3459 2447; x_wconf 87' lang='lat' dir='ltr'>ego</span> <span class='ocrx_word' id='word_1_577' title='bbox 3487 2373 3614 2446; x_wconf 87' lang='lat' dir='ltr'>ipse</span> <span class='ocrx_word' id='word_1_578' title='bbox 3644 2391 3756 2433; x_wconf 91' lang='lat' dir='ltr'>nec</span> 
     </span>
    </p>
   </div>
   <div class='ocr_carea' id='block_1_82' title="bbox 2101 2462 3754 2521">
    <p class='ocr_par' dir='ltr' id='par_1_82' title="bbox 2101 2462 3754 2521">
     <span class='ocr_line' id='line_1_83' title="bbox 2101 2462 3754 2521; baseline 0.001 -1"><span class='ocrx_word' id='word_1_579' title='bbox 2101 2463 2256 2520; x_wconf 84' lang='lat' dir='ltr'>ullus</span> <span class='ocrx_word' id='word_1_580' title='bbox 2287 2463 2568 2519; x_wconf 89' lang='lat' dir='ltr'>heredum</span> <span class='ocrx_word' id='word_1_581' title='bbox 2601 2478 2864 2519; x_wconf 90' lang='lat' dir='ltr'>meorum</span> <span class='ocrx_word' id='word_1_582' title='bbox 2907 2462 3010 2518; x_wconf 90' lang='lat' dir='ltr'>tibi</span> <span class='ocrx_word' id='word_1_583' title='bbox 3057 2463 3167 2519; x_wconf 93' lang='lat' dir='ltr'>hoc</span> <span class='ocrx_word' id='word_1_584' title='bbox 3215 2465 3612 2520; x_wconf 85' lang='lat' dir='ltr'>contradicere</span> <span class='ocrx_word' id='word_1_585' title='bbox 3644 2481 3754 2521; x_wconf 89' lang='lat' dir='ltr'>nec</span> 
     </span>
    </p>
   </div>
   <div class='ocr_carea' id='block_1_83' title="bbox 2097 2551 3754 2624">
    <p class='ocr_par' dir='ltr' id='par_1_83' title="bbox 2097 2551 3754 2624">
     <span class='ocr_line' id='line_1_84' title="bbox 2097 2551 3754 2624; baseline 0 -16"><span class='ocrx_word' id='word_1_586' title='bbox 2097 2553 2363 2608; x_wconf 90' lang='lat' dir='ltr'>minuare</span> <span class='ocrx_word' id='word_1_587' title='bbox 2395 2551 2598 2624; x_wconf 90' lang='lat' dir='ltr'>possit,</span> <span class='ocrx_word' id='word_1_588' title='bbox 2619 2551 2900 2624; x_wconf 87' lang='lat' dir='ltr'>quicquid</span> <span class='ocrx_word' id='word_1_589' title='bbox 2931 2552 3138 2608; x_wconf 85' lang='lat' dir='ltr'>exinde</span> <span class='ocrx_word' id='word_1_590' title='bbox 3181 2552 3368 2608; x_wconf 90' lang='lat' dir='ltr'>facere</span> <span class='ocrx_word' id='word_1_591' title='bbox 3397 2552 3648 2609; x_wconf 78' lang='lat' dir='ltr'>volueris</span> <span class='ocrx_word' id='word_1_592' title='bbox 3682 2553 3754 2608; x_wconf 91' lang='lat' dir='ltr'>li-</span> 
     </span>
    </p>
   </div>
   <div class='ocr_carea' id='block_1_84' title="bbox 2094 2637 3753 2713">
    <p class='ocr_par' dir='ltr' id='par_1_84' title="bbox 2094 2637 3753 2713">
     <span class='ocr_line' id='line_1_85' title="bbox 2094 2637 3753 2713; baseline 0.001 -16"><span class='ocrx_word' id='word_1_593' title='bbox 2094 2643 2294 2697; x_wconf 89' lang='lat' dir='ltr'>beram</span> <span class='ocrx_word' id='word_1_594' title='bbox 2327 2658 2393 2697; x_wconf 89' lang='lat' dir='ltr'>ac</span> <span class='ocrx_word' id='word_1_595' title='bbox 2417 2641 2734 2697; x_wconf 83' lang='lat' dir='ltr'>firmissam</span> <span class='ocrx_word' id='word_1_596' title='bbox 2765 2640 2984 2697; x_wconf 89' lang='lat' dir='ltr'>habeas</span> <span class='ocrx_word' id='word_1_597' title='bbox 3013 2644 3362 2713; x_wconf 87' lang='lat' dir='ltr'>potestatem</span> <span class='ocrx_word' id='word_1_598' title='bbox 3391 2637 3664 2697; x_wconf 84' lang='lat' dir='ltr'>faciendi.</span> <span class='ocrx_word' id='word_1_599' title='bbox 3692 2643 3753 2698; x_wconf 87' lang='lat' dir='ltr'>Si</span> 
     </span>
    </p>
   </div>
   <div class='ocr_carea' id='block_1_85' title="bbox 2097 2729 3754 2803">
    <p class='ocr_par' dir='ltr' id='par_1_85' title="bbox 2097 2729 3754 2803">
     <span class='ocr_line' id='line_1_86' title="bbox 2097 2729 3754 2803; baseline 0.001 -17"><span class='ocrx_word' id='word_1_600' title='bbox 2097 2731 2232 2803; x_wconf 90' lang='lat' dir='ltr'>quis</span> <span class='ocrx_word' id='word_1_601' title='bbox 2260 2747 2414 2801; x_wconf 90' lang='lat' dir='ltr'>vero,</span> <span class='ocrx_word' id='word_1_602' title='bbox 2430 2731 2586 2802; x_wconf 88' lang='lat' dir='ltr'>quod</span> <span class='ocrx_word' id='word_1_603' title='bbox 2614 2730 2738 2786; x_wconf 82' lang='lat' dir='ltr'>fieri</span> <span class='ocrx_word' id='word_1_604' title='bbox 2765 2745 2881 2785; x_wconf 89' lang='lat' dir='ltr'>non</span> <span class='ocrx_word' id='word_1_605' title='bbox 2911 2729 3101 2797; x_wconf 92' lang='lat' dir='ltr'>credo,</span> <span class='ocrx_word' id='word_1_606' title='bbox 3121 2730 3169 2785; x_wconf 92' lang='lat' dir='ltr'>si</span> <span class='ocrx_word' id='word_1_607' title='bbox 3193 2745 3298 2803; x_wconf 89' lang='lat' dir='ltr'>ego</span> <span class='ocrx_word' id='word_1_608' title='bbox 3321 2730 3444 2802; x_wconf 88' lang='lat' dir='ltr'>ipse</span> <span class='ocrx_word' id='word_1_609' title='bbox 3465 2734 3567 2785; x_wconf 90' lang='lat' dir='ltr'>aut</span> <span class='ocrx_word' id='word_1_610' title='bbox 3590 2730 3754 2788; x_wconf 89' lang='lat' dir='ltr'>ullus</span> 
     </span>
    </p>
   </div>
   <div class='ocr_carea' id='block_1_86' title="bbox 2096 2819 3756 2892">
    <p class='ocr_par' dir='ltr' id='par_1_86' title="bbox 2096 2819 3756 2892">
     <span class='ocr_line' id='line_1_87' title="bbox 2096 2819 3756 2892; baseline 0.001 -17"><span class='ocrx_word' id='word_1_611' title='bbox 2096 2820 2379 2876; x_wconf 88' lang='lat' dir='ltr'>heredum</span> <span class='ocrx_word' id='word_1_612' title='bbox 2409 2819 2497 2875; x_wconf 87' lang='lat' dir='ltr'>vel</span> <span class='ocrx_word' id='word_1_613' title='bbox 2528 2819 2920 2892; x_wconf 86' lang='lat' dir='ltr'>proheredum</span> <span class='ocrx_word' id='word_1_614' title='bbox 2951 2833 3238 2886; x_wconf 86' lang='lat' dir='ltr'>meorum,</span> <span class='ocrx_word' id='word_1_615' title='bbox 3263 2819 3362 2892; x_wconf 86' lang='lat' dir='ltr'>qui</span> <span class='ocrx_word' id='word_1_616' title='bbox 3393 2822 3597 2875; x_wconf 85' lang='lat' dir='ltr'>contra</span> <span class='ocrx_word' id='word_1_617' title='bbox 3626 2819 3756 2876; x_wconf 88' lang='lat' dir='ltr'>lite-</span> 
     </span>
    </p>
   </div>
   <div class='ocr_carea' id='block_1_87' title="bbox 2095 2907 3752 2980">
    <p class='ocr_par' dir='ltr' id='par_1_87' title="bbox 2095 2907 3752 2980">
     <span class='ocr_line' id='line_1_88' title="bbox 2095 2907 3752 2980; baseline 0 -16"><span class='ocrx_word' id='word_1_618' title='bbox 2095 2909 2257 2964; x_wconf 89' lang='lat' dir='ltr'>rulas</span> <span class='ocrx_word' id='word_1_619' title='bbox 2287 2907 2777 2964; x_wconf 88' lang='lat' dir='ltr'>concambitairas</span> <span class='ocrx_word' id='word_1_620' title='bbox 2808 2924 2842 2963; x_wconf 92' lang='lat' dir='ltr'>a</span> <span class='ocrx_word' id='word_1_621' title='bbox 2879 2923 2973 2963; x_wconf 91' lang='lat' dir='ltr'>me</span> <span class='ocrx_word' id='word_1_622' title='bbox 3021 2908 3207 2963; x_wconf 89' lang='lat' dir='ltr'>factas</span> <span class='ocrx_word' id='word_1_623' title='bbox 3237 2908 3431 2964; x_wconf 89' lang='lat' dir='ltr'>venire</span> <span class='ocrx_word' id='word_1_624' title='bbox 3477 2921 3752 2980; x_wconf 88' lang='lat' dir='ltr'>presum-</span> 
     </span>
    </p>
   </div>
   <div class='ocr_carea' id='block_1_88' title="bbox 2096 2996 3752 3070">
    <p class='ocr_par' dir='ltr' id='par_1_88' title="bbox 2096 2996 3752 3070">
     <span class='ocr_line' id='line_1_89' title="bbox 2096 2996 3752 3070; baseline 0.001 -18"><span class='ocrx_word' id='word_1_625' title='bbox 2096 2996 2278 3070; x_wconf 86' lang='lat' dir='ltr'>pserit</span> <span class='ocrx_word' id='word_1_626' title='bbox 2297 3001 2400 3053; x_wconf 88' lang='lat' dir='ltr'>aut</span> <span class='ocrx_word' id='word_1_627' title='bbox 2419 2996 2750 3069; x_wconf 90' lang='lat' dir='ltr'>infrangere</span> <span class='ocrx_word' id='word_1_628' title='bbox 2769 2996 3035 3062; x_wconf 89' lang='lat' dir='ltr'>voluerit,</span> <span class='ocrx_word' id='word_1_629' title='bbox 3051 2997 3307 3052; x_wconf 89' lang='lat' dir='ltr'>sociante</span> <span class='ocrx_word' id='word_1_630' title='bbox 3328 2997 3468 3052; x_wconf 86' lang='lat' dir='ltr'>ﬁsco</span> <span class='ocrx_word' id='word_1_631' title='bbox 3491 2997 3752 3053; x_wconf 87' lang='lat' dir='ltr'>multum</span> 
     </span>
    </p>
   </div>
   <div class='ocr_carea' id='block_1_89' title="bbox 2095 3085 3754 3158">
    <p class='ocr_par' dir='ltr' id='par_1_89' title="bbox 2095 3085 3754 3158">
     <span class='ocr_line' id='line_1_90' title="bbox 2095 3085 3754 3158; baseline 0.001 -16"><span class='ocrx_word' id='word_1_632' title='bbox 2095 3090 2405 3158; x_wconf 91' lang='lat' dir='ltr'>conponat,</span> <span class='ocrx_word' id='word_1_633' title='bbox 2429 3085 2488 3141; x_wconf 91' lang='lat' dir='ltr'>id</span> <span class='ocrx_word' id='word_1_634' title='bbox 2521 3089 2609 3141; x_wconf 91' lang='lat' dir='ltr'>est</span> <span class='ocrx_word' id='word_1_635' title='bbox 2661 3085 2787 3142; x_wconf 90' lang='lat' dir='ltr'>auri</span> <span class='ocrx_word' id='word_1_636' title='bbox 2833 3089 3087 3155; x_wconf 84' lang='lat' dir='ltr'>tantum,</span> <span class='ocrx_word' id='word_1_637' title='bbox 3112 3085 3337 3158; x_wconf 85' lang='lat' dir='ltr'>argenti</span> <span class='ocrx_word' id='word_1_638' title='bbox 3383 3089 3621 3143; x_wconf 84' lang='lat' dir='ltr'>tantum</span> <span class='ocrx_word' id='word_1_639' title='bbox 3653 3103 3754 3144; x_wconf 86' lang='lat' dir='ltr'>co—</span> 
     </span>
    </p>
   </div>
   <div class='ocr_carea' id='block_1_90' title="bbox 2096 3173 2614 3248">
    <p class='ocr_par' dir='ltr' id='par_1_90' title="bbox 2096 3173 2614 3248">
     <span class='ocr_line' id='line_1_91' title="bbox 2096 3173 2614 3248; baseline -0.004 -17"><span class='ocrx_word' id='word_1_640' title='bbox 2096 3179 2264 3232; x_wconf 89' lang='lat' dir='ltr'>actus</span> <span class='ocrx_word' id='word_1_641' title='bbox 2293 3173 2614 3248; x_wconf 84' lang='lat' dir='ltr'>exso[l]vat.</span> 
     </span>
    </p>
   </div>
   <div class='ocr_carea' id='block_1_91' title="bbox 2864 3264 2976 3318">
    <p class='ocr_par' dir='ltr' id='par_1_91' title="bbox 2864 3264 2976 3318">
     <span class='ocr_line' id='line_1_92' title="bbox 2864 3264 2976 3318; baseline 0 0"><span class='ocrx_word' id='word_1_642' title='bbox 2864 3264 2976 3318; x_wconf 85' lang='lat' dir='ltr'>XX.</span> 
     </span>
    </p>
   </div>
   <div class='ocr_carea' id='block_1_92' title="bbox 2162 3353 3751 3425">
    <p class='ocr_par' dir='ltr' id='par_1_92' title="bbox 2162 3353 3751 3425">
     <span class='ocr_line' id='line_1_93' title="bbox 2162 3353 3751 3425; baseline 0.001 -16"><span class='ocrx_word' id='word_1_643' title='bbox 2162 3355 2271 3411; x_wconf 92' lang='lat' dir='ltr'>Les</span> <span class='ocrx_word' id='word_1_644' title='bbox 2302 3356 2782 3425; x_wconf 72' lang='lat' dir='ltr'>motscartapost</span> <span class='ocrx_word' id='word_1_645' title='bbox 2807 3361 3038 3424; x_wconf 82' lang='lat' dir='ltr'>cartam,</span> <span class='ocrx_word' id='word_1_646' title='bbox 3063 3353 3162 3425; x_wconf 88' lang='lat' dir='ltr'>qui</span> <span class='ocrx_word' id='word_1_647' title='bbox 3196 3357 3427 3409; x_wconf 89' lang='lat' dir='ltr'>servent</span> <span class='ocrx_word' id='word_1_648' title='bbox 3455 3354 3526 3410; x_wconf 90' lang='lat' dir='ltr'>de</span> <span class='ocrx_word' id='word_1_649' title='bbox 3557 3354 3751 3410; x_wconf 85' lang='lat' dir='ltr'>rubri-</span> 
     </span>
    </p>
   </div>
   <div class='ocr_carea' id='block_1_93' title="bbox 2091 3423 3750 3552">
    <p class='ocr_par' dir='ltr' id='par_1_93' title="bbox 2091 3423 3750 3552">
     <span class='ocr_line' id='line_1_94' title="bbox 2091 3423 3750 3552; baseline 0.001 -71"><span class='ocrx_word' id='word_1_650' title='bbox 2091 3442 2204 3552; x_wconf 61' lang='lat' dir='ltr'>gue</span> <span class='ocrx_word' id='word_1_651' title='bbox 2227 3429 2261 3507; x_wconf 70' lang='grc' dir='ltr'><strong>ᾲ</strong></span> <span class='ocrx_word' id='word_1_652' title='bbox 2285 3429 2432 3480; x_wconf 90' lang='lat' dir='ltr'>cette</span> <span class='ocrx_word' id='word_1_653' title='bbox 2454 3423 2724 3492; x_wconf 89' lang='lat' dir='ltr'>formule,</span> <span class='ocrx_word' id='word_1_654' title='bbox 2745 3429 2880 3480; x_wconf 91' lang='lat' dir='ltr'>sont</span> <span class='ocrx_word' id='word_1_655' title='bbox 2899 3423 3252 3496; x_wconf 82' lang='lat' dir='ltr'>synonymes</span> <span class='ocrx_word' id='word_1_656' title='bbox 3275 3426 3344 3481; x_wconf 90' lang='lat' dir='ltr'>de</span> <span class='ocrx_word' id='word_1_657' title='bbox 3364 3427 3750 3512; x_wconf 61' lang='lat' dir='ltr'>praem-impii</span> 
     </span>
     <span class='ocr_line' id='line_1_95' title="bbox 2132 3496 3748 3552; baseline 0 0"><span class='ocrx_word' id='word_1_658' title='bbox 2132 3501 2304 3552; x_wconf 80' lang='lat' dir='ltr'>evait.</span> <span class='ocrx_word' id='word_1_659' title='bbox 2337 3513 2408 3552; x_wconf 90' lang='lat' dir='ltr'>en</span> <span class='ocrx_word' id='word_1_660' title='bbox 2439 3497 2591 3552; x_wconf 81' lang='lat' dir='ltr'>ell‘et.</span> <span class='ocrx_word' id='word_1_661' title='bbox 2619 3496 2766 3552; x_wconf 88' lang='lat' dir='ltr'>dans</span> <span class='ocrx_word' id='word_1_662' title='bbox 2797 3496 2883 3552; x_wconf 91' lang='lat' dir='ltr'>les</span> <span class='ocrx_word' id='word_1_663' title='bbox 2912 3500 3170 3552; x_wconf 86' lang='lat' dir='ltr'>contrats</span> <span class='ocrx_word' id='word_1_664' title='bbox 3201 3497 3271 3552; x_wconf 91' lang='lat' dir='ltr'>de</span> <span class='ocrx_word' id='word_1_665' title='bbox 3294 3513 3569 3552; x_wconf 81' lang='lat' dir='ltr'>precaire.</span> <span class='ocrx_word' id='word_1_666' title='bbox 3598 3499 3748 3552; x_wconf 81' lang='lat' dir='ltr'>redi-</span> 
     </span>
    </p>
   </div>
   <div class='ocr_carea' id='block_1_94' title="bbox 2132 3496 3748 3569">
    <p class='ocr_par' dir='ltr' id='par_1_94' title="bbox 2132 3496 3748 3569">
     <span class='ocr_line' id='line_1_96' title="bbox 2132 3496 3748 3569; baseline -0.001 -16"><span class='ocrx_word' id='word_1_667' title='bbox 2132 3497 2304 3569; x_wconf 87' lang='lat' dir='ltr'>evait,</span> <span class='ocrx_word' id='word_1_668' title='bbox 2337 3513 2408 3552; x_wconf 90' lang='lat' dir='ltr'>en</span> <span class='ocrx_word' id='word_1_669' title='bbox 2439 3497 2591 3569; x_wconf 72' lang='lat' dir='ltr'>ell‘et,</span> <span class='ocrx_word' id='word_1_670' title='bbox 2619 3496 2883 3569; x_wconf 88' lang='lat' dir='ltr'>dans_les</span> <span class='ocrx_word' id='word_1_671' title='bbox 2912 3500 3170 3569; x_wconf 74' lang='lat' dir='ltr'>contrats</span> <span class='ocrx_word' id='word_1_672' title='bbox 3201 3497 3271 3552; x_wconf 91' lang='lat' dir='ltr'>de</span> <span class='ocrx_word' id='word_1_673' title='bbox 3293 3496 3569 3569; x_wconf 78' lang='lat' dir='ltr'>precaire,</span> <span class='ocrx_word' id='word_1_674' title='bbox 3598 3499 3748 3554; x_wconf 82' lang='lat' dir='ltr'>redi-</span> 
     </span>
    </p>
   </div>
   <div class='ocr_carea' id='block_1_95' title="bbox 2133 3566 3748 3642">
    <p class='ocr_par' dir='ltr' id='par_1_95' title="bbox 2133 3566 3748 3642">
     <span class='ocr_line' id='line_1_97' title="bbox 2133 3566 3748 3642; baseline 0 -18"><span class='ocrx_word' id='word_1_675' title='bbox 2133 3585 2194 3642; x_wconf 79' lang='lat' dir='ltr'>er</span> <span class='ocrx_word' id='word_1_676' title='bbox 2223 3568 2372 3642; x_wconf 80' lang='lat' dir='ltr'>deux</span> <span class='ocrx_word' id='word_1_677' title='bbox 2404 3566 2730 3642; x_wconf 73' lang='lat' dir='ltr'>originaux,</span> <span class='ocrx_word' id='word_1_678' title='bbox 2756 3567 2899 3642; x_wconf 74' lang='lat' dir='ltr'>dont</span> <span class='ocrx_word' id='word_1_679' title='bbox 2944 3566 3065 3622; x_wconf 89' lang='lat' dir='ltr'>l’un</span> <span class='ocrx_word' id='word_1_680' title='bbox 3087 3637 3099 3642; x_wconf 87' lang='lat'><strong><em>_</em></strong></span> <span class='ocrx_word' id='word_1_681' title='bbox 3119 3566 3410 3623; x_wconf 76' lang='lat' dir='ltr'>conlenait</span> <span class='ocrx_word' id='word_1_682' title='bbox 3439 3567 3525 3623; x_wconf 90' lang='lat' dir='ltr'>les</span> <span class='ocrx_word' id='word_1_683' title='bbox 3557 3569 3748 3642; x_wconf 88' lang='lat' dir='ltr'>stipu-</span> 
     </span>
    </p>
   </div>
   <div class='ocr_carea' id='block_1_96' title="bbox 2117 3637 3755 3712">
    <p class='ocr_par' dir='ltr' id='par_1_96' title="bbox 2117 3637 3755 3712">
     <span class='ocr_line' id='line_1_98' title="bbox 2117 3637 3755 3712; baseline 0.001 -17"><span class='ocrx_word' id='word_1_684' title='bbox 2117 3637 2306 3695; x_wconf 89' lang='lat' dir='ltr'>ations</span> <span class='ocrx_word' id='word_1_685' title='bbox 2337 3638 2415 3712; x_wconf 86' lang='lat' dir='ltr'>du</span> <span class='ocrx_word' id='word_1_686' title='bbox 2466 3637 2806 3712; x_wconf 68' lang='lat' dir='ltr'>concedant,</span> <span class='ocrx_word' id='word_1_687' title='bbox 2840 3638 3044 3712; x_wconf 77' lang='lat' dir='ltr'>l’autre</span> <span class='ocrx_word' id='word_1_688' title='bbox 3087 3637 3171 3695; x_wconf 92' lang='lat' dir='ltr'>les</span> <span class='ocrx_word' id='word_1_689' title='bbox 3219 3637 3755 3712; x_wconf 62' lang='lat' dir='ltr'>engagementsdu</span> 
     </span>
    </p>
   </div>
   <div class='ocr_carea' id='block_1_97' title="bbox 2093 3709 3755 3782">
    <p class='ocr_par' dir='ltr' id='par_1_97' title="bbox 2093 3709 3755 3782">
     <span class='ocr_line' id='line_1_99' title="bbox 2093 3709 3755 3782; baseline 0.001 -16"><span class='ocrx_word' id='word_1_690' title='bbox 2093 3709 2578 3782; x_wconf 88' lang='lat' dir='ltr'>concessionaire.</span> <span class='ocrx_word' id='word_1_691' title='bbox 2614 3709 2658 3765; x_wconf 93' lang='lat' dir='ltr'>Il</span> <span class='ocrx_word' id='word_1_692' title='bbox 2702 3710 2853 3782; x_wconf 83' lang='lat' dir='ltr'>n’est</span> <span class='ocrx_word' id='word_1_693' title='bbox 2901 3711 3050 3766; x_wconf 87' lang='lat' dir='ltr'>done</span> <span class='ocrx_word' id='word_1_694' title='bbox 3088 3725 3193 3781; x_wconf 90' lang='lat' dir='ltr'>pas</span> <span class='ocrx_word' id='word_1_695' title='bbox 3225 3709 3504 3766; x_wconf 75' lang='lat' dir='ltr'>étdnﬁant</span> <span class='ocrx_word' id='word_1_696' title='bbox 3552 3727 3672 3782; x_wconf 88' lang='lat' dir='ltr'>que</span> <span class='ocrx_word' id='word_1_697' title='bbox 3699 3711 3755 3768; x_wconf 88' lang='lat' dir='ltr'>le</span> 
     </span>
    </p>
   </div>
   <div class='ocr_carea' id='block_1_98' title="bbox 2095 3780 3752 3854">
    <p class='ocr_par' dir='ltr' id='par_1_98' title="bbox 2095 3780 3752 3854">
     <span class='ocr_line' id='line_1_100' title="bbox 2095 3780 3752 3854; baseline -0.001 -16"><span class='ocrx_word' id='word_1_698' title='bbox 2095 3783 2306 3839; x_wconf 91' lang='lat' dir='ltr'>second</span> <span class='ocrx_word' id='word_1_699' title='bbox 2339 3781 2410 3854; x_wconf 89' lang='lat' dir='ltr'>de</span> <span class='ocrx_word' id='word_1_700' title='bbox 2442 3798 2538 3854; x_wconf 84' lang='lat' dir='ltr'>ces</span> <span class='ocrx_word' id='word_1_701' title='bbox 2567 3785 2734 3854; x_wconf 85' lang='lat' dir='ltr'>actes</span> <span class='ocrx_word' id='word_1_702' title='bbox 2756 3780 2837 3836; x_wconf 91' lang='lat' dir='ltr'>ait</span> <span class='ocrx_word' id='word_1_703' title='bbox 2883 3783 2972 3837; x_wconf 85' lang='lat' dir='ltr'>été</span> <span class='ocrx_word' id='word_1_704' title='bbox 3002 3780 3238 3854; x_wconf 69' lang='lat' dir='ltr'>nomine</span> <span class='ocrx_word' id='word_1_705' title='bbox 3285 3787 3440 3854; x_wconf 74' lang='lat' dir='ltr'>curta</span> <span class='ocrx_word' id='word_1_706' title='bbox 3475 3780 3601 3854; x_wconf 57' lang='lat' dir='ltr'>post</span> <span class='ocrx_word' id='word_1_707' title='bbox 3628 3799 3752 3838; x_wconf 84' lang='lat' dir='ltr'>car-</span> 
     </span>
    </p>
   </div>
   <div class='ocr_carea' id='block_1_99' title="bbox 2095 3853 3752 3926">
    <p class='ocr_par' dir='ltr' id='par_1_99' title="bbox 2095 3853 3752 3926">
     <span class='ocr_line' id='line_1_101' title="bbox 2095 3853 3752 3926; baseline 0.002 -19"><span class='ocrx_word' id='word_1_708' title='bbox 2095 3862 2229 3926; x_wconf 59' lang='lat' dir='ltr'>tam,</span> <span class='ocrx_word' id='word_1_709' title='bbox 2265 3853 2545 3926; x_wconf 79' lang='lat' dir='ltr'>puisqu’il</span> <span class='ocrx_word' id='word_1_710' title='bbox 2576 3853 2768 3908; x_wconf 90' lang='lat' dir='ltr'>devait</span> <span class='ocrx_word' id='word_1_711' title='bbox 2805 3856 2927 3908; x_wconf 82' lang='lat' dir='ltr'>etre</span> <span class='ocrx_word' id='word_1_712' title='bbox 2956 3853 3202 3924; x_wconf 83' lang='lat' dir='ltr'>précédé</span> <span class='ocrx_word' id='word_1_713' title='bbox 3231 3871 3337 3926; x_wconf 88' lang='lat' dir='ltr'>par</span> <span class='ocrx_word' id='word_1_714' title='bbox 3375 3853 3428 3910; x_wconf 85' lang='lat' dir='ltr'>le</span> <span class='ocrx_word' id='word_1_715' title='bbox 3473 3853 3752 3926; x_wconf 84' lang='lat' dir='ltr'>premier.</span> 
     </span>
    </p>
   </div>
   <div class='ocr_carea' id='block_1_100' title="bbox 2093 3923 3754 3997">
    <p class='ocr_par' dir='ltr' id='par_1_100' title="bbox 2093 3923 3754 3997">
     <span class='ocr_line' id='line_1_102' title="bbox 2093 3923 3754 3997; baseline 0.001 -17"><span class='ocrx_word' id='word_1_716' title='bbox 2093 3925 2159 3980; x_wconf 90' lang='lat' dir='ltr'>Je</span> <span class='ocrx_word' id='word_1_717' title='bbox 2191 3923 2332 3980; x_wconf 78' lang='lat' dir='ltr'>ferai</span> <span class='ocrx_word' id='word_1_718' title='bbox 2364 3923 2691 3997; x_wconf 31' lang='lat' dir='ltr'>se’ulement</span> <span class='ocrx_word' id='word_1_719' title='bbox 2719 3923 3198 3997; x_wconf 76' lang='lat' dir='ltr'>remarquer_que</span> <span class='ocrx_word' id='word_1_720' title='bbox 3230 3923 3383 3997; x_wconf 69' lang='lat' dir='ltr'>cette</span> <span class='ocrx_word' id='word_1_721' title='bbox 3411 3923 3754 3997; x_wconf 76' lang='lat' dir='ltr'>expression</span> 
     </span>
    </p>
   </div>
   <div class='ocr_carea' id='block_1_101' title="bbox 2097 3995 3754 4071">
    <p class='ocr_par' dir='ltr' id='par_1_101' title="bbox 2097 3995 3754 4071">
     <span class='ocr_line' id='line_1_103' title="bbox 2097 3995 3754 4071; baseline 0.002 -20"><span class='ocrx_word' id='word_1_722' title='bbox 2097 3997 2308 4071; x_wconf 85' lang='lat' dir='ltr'>n’_a_été</span> <span class='ocrx_word' id='word_1_723' title='bbox 2337 3995 2594 4071; x_wconf 78' lang='lat' dir='ltr'>signalée</span> <span class='ocrx_word' id='word_1_724' title='bbox 2624 3995 2684 4050; x_wconf 92' lang='lat' dir='ltr'>ni</span> <span class='ocrx_word' id='word_1_725' title='bbox 2728 3995 2890 4071; x_wconf 65' lang='lat' dir='ltr'>dans</span> <span class='ocrx_word' id='word_1_726' title='bbox 2919 3995 2972 4071; x_wconf 93' lang='lat' dir='ltr'>l_e</span> <span class='ocrx_word' id='word_1_727' title='bbox 2999 3995 3308 4071; x_wconf 76' lang='lat' dir='ltr'>_Glossaire</span> <span class='ocrx_word' id='word_1_728' title='bbox 3336 3996 3408 4071; x_wconf 86' lang='lat' dir='ltr'>de</span> <span class='ocrx_word' id='word_1_729' title='bbox 3439 3995 3527 4052; x_wconf 72' lang='lat' dir='ltr'>Dii</span> <span class='ocrx_word' id='word_1_730' title='bbox 3559 4001 3754 4071; x_wconf 82' lang='lat' dir='ltr'>Gange</span> 
     </span>
    </p>
   </div>
   <div class='ocr_carea' id='block_1_102' title="bbox 2097 4066 3533 4140">
    <p class='ocr_par' dir='ltr' id='par_1_102' title="bbox 2097 4066 3533 4140">
     <span class='ocr_line' id='line_1_104' title="bbox 2097 4066 3533 4140; baseline 0.001 -17"><span class='ocrx_word' id='word_1_731' title='bbox 2097 4068 2154 4124; x_wconf 88' lang='lat' dir='ltr'>ni</span> <span class='ocrx_word' id='word_1_732' title='bbox 2188 4067 2338 4123; x_wconf 89' lang='lat' dir='ltr'>dans</span> <span class='ocrx_word' id='word_1_733' title='bbox 2371 4066 2423 4123; x_wconf 82' lang='lat' dir='ltr'>le</span> <span class='ocrx_word' id='word_1_734' title='bbox 2452 4067 2725 4123; x_wconf 86' lang='lat' dir='ltr'>Nouveau</span> <span class='ocrx_word' id='word_1_735' title='bbox 2757 4066 2954 4123; x_wconf 87' lang='lat' dir='ltr'>Traité</span> <span class='ocrx_word' id='word_1_736' title='bbox 2983 4067 3054 4123; x_wconf 88' lang='lat' dir='ltr'>de</span> <span class='ocrx_word' id='word_1_737' title='bbox 3086 4067 3533 4140; x_wconf 84' lang='lat' dir='ltr'>diplomatique.</span> 
     </span>
    </p>
   </div>
   <div class='ocr_carea' id='block_1_103' title="bbox 2603 4171 3249 4212">
    <p class='ocr_par' dir='ltr' id='par_1_103' title="bbox 2603 4171 3249 4212">
     <span class='ocr_line' id='line_1_105' title="bbox 2603 4171 3249 4212; baseline 0.002 -3"><span class='ocrx_word' id='word_1_738' title='bbox 2603 4171 2783 4211; x_wconf 74' lang='lat' dir='ltr'><strong>CARTA</strong></span> <span class='ocrx_word' id='word_1_739' title='bbox 2823 4171 2961 4212; x_wconf 83' lang='lat' dir='ltr'>POST</span> <span class='ocrx_word' id='word_1_740' title='bbox 2999 4172 3227 4212; x_wconf 74' lang='lat' dir='ltr'><strong>GARTAM</strong></span> <span class='ocrx_word' id='word_1_741' title='bbox 3237 4198 3249 4210; x_wconf 91' lang='lat'>.</span> 
     </span>
    </p>
   </div>
   <div class='ocr_carea' id='block_1_104' title="bbox 2170 4242 3758 4318">
    <p class='ocr_par' dir='ltr' id='par_1_104' title="bbox 2170 4242 3758 4318">
     <span class='ocr_line' id='line_1_106' title="bbox 2170 4242 3758 4318; baseline 0 -18"><span class='ocrx_word' id='word_1_742' title='bbox 2170 4244 2234 4300; x_wconf 92' lang='lat' dir='ltr'>In</span> <span class='ocrx_word' id='word_1_743' title='bbox 2259 4243 2494 4299; x_wconf 89' lang='lat' dir='ltr'>nomine</span> <span class='ocrx_word' id='word_1_744' title='bbox 2519 4242 2615 4300; x_wconf 91' lang='lat' dir='ltr'>Dei</span> <span class='ocrx_word' id='word_1_745' title='bbox 2639 4243 2877 4300; x_wconf 91' lang='lat' dir='ltr'>summi.</span> <span class='ocrx_word' id='word_1_746' title='bbox 2900 4243 3050 4300; x_wconf 90' lang='lat' dir='ltr'>Dum</span> <span class='ocrx_word' id='word_1_747' title='bbox 3073 4245 3371 4317; x_wconf 89' lang='lat' dir='ltr'>cognitum</span> <span class='ocrx_word' id='word_1_748' title='bbox 3394 4249 3483 4302; x_wconf 89' lang='lat' dir='ltr'>est</span> <span class='ocrx_word' id='word_1_749' title='bbox 3505 4246 3662 4318; x_wconf 89' lang='lat' dir='ltr'>quod</span> <span class='ocrx_word' id='word_1_750' title='bbox 3687 4263 3758 4301; x_wconf 85' lang='lat' dir='ltr'>ex</span> 
     </span>
    </p>
   </div>
   <div class='ocr_carea' id='block_1_105' title="bbox 2097 4333 3757 4406">
    <p class='ocr_par' dir='ltr' id='par_1_105' title="bbox 2097 4333 3757 4406">
     <span class='ocr_line' id='line_1_107' title="bbox 2097 4333 3757 4406; baseline 0.001 -18"><span class='ocrx_word' id='word_1_751' title='bbox 2097 4333 2474 4389; x_wconf 88' lang='lat' dir='ltr'>facultatibus</span> <span class='ocrx_word' id='word_1_752' title='bbox 2495 4349 2564 4388; x_wconf 90' lang='lat' dir='ltr'>ex</span> <span class='ocrx_word' id='word_1_753' title='bbox 2587 4339 2913 4405; x_wconf 79' lang='lat' dir='ltr'>spontanee</span> <span class='ocrx_word' id='word_1_754' title='bbox 2931 4333 3231 4390; x_wconf 90' lang='lat' dir='ltr'>voluntate</span> <span class='ocrx_word' id='word_1_755' title='bbox 3253 4349 3358 4406; x_wconf 88' lang='lat' dir='ltr'>pro</span> <span class='ocrx_word' id='word_1_756' title='bbox 3379 4335 3590 4390; x_wconf 65' lang='lat' dir='ltr'>animae</span> <span class='ocrx_word' id='word_1_757' title='bbox 3612 4351 3757 4392; x_wconf 84' lang='lat' dir='ltr'>meae</span> 
     </span>
    </p>
   </div>
   <div class='ocr_carea' id='block_1_106' title="bbox 2099 4420 3757 4497">
    <p class='ocr_par' dir='ltr' id='par_1_106' title="bbox 2099 4420 3757 4497">
     <span class='ocr_line' id='line_1_108' title="bbox 2099 4420 3757 4497; baseline 0 -19"><span class='ocrx_word' id='word_1_758' title='bbox 2099 4421 2350 4479; x_wconf 88' lang='lat' dir='ltr'>salutem</span> <span class='ocrx_word' id='word_1_759' title='bbox 2369 4421 2440 4478; x_wconf 89' lang='lat' dir='ltr'>ad</span> <span class='ocrx_word' id='word_1_760' title='bbox 2456 4421 2763 4478; x_wconf 89' lang='lat' dir='ltr'>ecclesiam</span> <span class='ocrx_word' id='word_1_761' title='bbox 2783 4420 2944 4477; x_wconf 90' lang='lat' dir='ltr'>illius</span> <span class='ocrx_word' id='word_1_762' title='bbox 2961 4423 3199 4489; x_wconf 88' lang='lat' dir='ltr'>tradidi,</span> <span class='ocrx_word' id='word_1_763' title='bbox 3219 4439 3357 4497; x_wconf 91' lang='lat' dir='ltr'>rogo</span> <span class='ocrx_word' id='word_1_764' title='bbox 3379 4421 3646 4480; x_wconf 88' lang='lat' dir='ltr'>subtitus</span> <span class='ocrx_word' id='word_1_765' title='bbox 3666 4423 3757 4480; x_wconf 86' lang='lat' dir='ltr'>vel</span> 
     </span>
    </p>
   </div>
   <div class='ocr_carea' id='block_1_107' title="bbox 2099 4509 3760 4584">
    <p class='ocr_par' dir='ltr' id='par_1_107' title="bbox 2099 4509 3760 4584">
     <span class='ocr_line' id='line_1_109' title="bbox 2099 4509 3760 4584; baseline 0.001 -17"><span class='ocrx_word' id='word_1_766' title='bbox 2099 4527 2202 4584; x_wconf 91' lang='lat' dir='ltr'>per</span> <span class='ocrx_word' id='word_1_767' title='bbox 2220 4515 2475 4568; x_wconf 89' lang='lat' dir='ltr'>vestram</span> <span class='ocrx_word' id='word_1_768' title='bbox 2494 4509 2956 4566; x_wconf 89' lang='lat' dir='ltr'>consolacionem</span> <span class='ocrx_word' id='word_1_769' title='bbox 2979 4511 3251 4567; x_wconf 89' lang='lat' dir='ltr'>abbatem</span> <span class='ocrx_word' id='word_1_770' title='bbox 3275 4511 3442 4568; x_wconf 91' lang='lat' dir='ltr'>illum</span> <span class='ocrx_word' id='word_1_771' title='bbox 3465 4515 3522 4568; x_wconf 92' lang='lat' dir='ltr'>et</span> <span class='ocrx_word' id='word_1_772' title='bbox 3546 4511 3760 4568; x_wconf 77' lang='lat' dir='ltr'>fratres</span> 
     </span>
    </p>
   </div>
   <div class='ocr_carea' id='block_1_108' title="bbox 2098 4600 3762 4674">
    <p class='ocr_par' dir='ltr' id='par_1_108' title="bbox 2098 4600 3762 4674">
     <span class='ocr_line' id='line_1_110' title="bbox 2098 4600 3762 4674; baseline 0.001 -18"><span class='ocrx_word' id='word_1_773' title='bbox 2098 4601 2225 4673; x_wconf 88' lang='lat' dir='ltr'>ejus</span> <span class='ocrx_word' id='word_1_774' title='bbox 2258 4605 2323 4656; x_wconf 91' lang='lat' dir='ltr'>ut</span> <span class='ocrx_word' id='word_1_775' title='bbox 2351 4600 2511 4673; x_wconf 90' lang='lat' dir='ltr'>ipsas</span> <span class='ocrx_word' id='word_1_776' title='bbox 2542 4617 2657 4666; x_wconf 89' lang='lat' dir='ltr'>res,</span> <span class='ocrx_word' id='word_1_777' title='bbox 2680 4600 2820 4655; x_wconf 92' lang='lat' dir='ltr'>dum</span> <span class='ocrx_word' id='word_1_778' title='bbox 2852 4600 3075 4669; x_wconf 91' lang='lat' dir='ltr'>advivo,</span> <span class='ocrx_word' id='word_1_779' title='bbox 3096 4600 3240 4656; x_wconf 90' lang='lat' dir='ltr'>mihi</span> <span class='ocrx_word' id='word_1_780' title='bbox 3268 4602 3593 4674; x_wconf 90' lang='lat' dir='ltr'>precariam</span> <span class='ocrx_word' id='word_1_781' title='bbox 3624 4617 3762 4674; x_wconf 86' lang='lat' dir='ltr'>pre-</span> 
     </span>
    </p>
   </div>
   <div class='ocr_carea' id='block_1_109' title="bbox 2103 4689 3762 4762">
    <p class='ocr_par' dir='ltr' id='par_1_109' title="bbox 2103 4689 3762 4762">
     <span class='ocr_line' id='line_1_111' title="bbox 2103 4689 3762 4762; baseline -0.001 -15"><span class='ocrx_word' id='word_1_782' title='bbox 2103 4695 2257 4747; x_wconf 86' lang='lat' dir='ltr'>stare</span> <span class='ocrx_word' id='word_1_783' title='bbox 2279 4689 2525 4762; x_wconf 89' lang='lat' dir='ltr'>jubetis,</span> <span class='ocrx_word' id='word_1_784' title='bbox 2543 4693 2599 4745; x_wconf 93' lang='lat' dir='ltr'>et</span> <span class='ocrx_word' id='word_1_785' title='bbox 2628 4693 2760 4761; x_wconf 93' lang='lat' dir='ltr'>post</span> <span class='ocrx_word' id='word_1_786' title='bbox 2790 4703 2987 4745; x_wconf 90' lang='lat' dir='ltr'>meum</span> <span class='ocrx_word' id='word_1_787' title='bbox 3040 4689 3369 4747; x_wconf 89' lang='lat' dir='ltr'>discessum</span> <span class='ocrx_word' id='word_1_788' title='bbox 3401 4691 3472 4747; x_wconf 93' lang='lat' dir='ltr'>ad</span> <span class='ocrx_word' id='word_1_789' title='bbox 3501 4691 3762 4746; x_wconf 86' lang='lat' dir='ltr'>infantes</span> 
     </span>
    </p>
   </div>
   <div class='ocr_carea' id='block_1_110' title="bbox 2101 4777 3758 4852">
    <p class='ocr_par' dir='ltr' id='par_1_110' title="bbox 2101 4777 3758 4852">
     <span class='ocr_line' id='line_1_112' title="bbox 2101 4777 3758 4852; baseline -0.001 -16"><span class='ocrx_word' id='word_1_790' title='bbox 2101 4795 2284 4848; x_wconf 86' lang='lat' dir='ltr'>meos,</span> <span class='ocrx_word' id='word_1_791' title='bbox 2311 4779 2362 4836; x_wconf 91' lang='lat' dir='ltr'>si</span> <span class='ocrx_word' id='word_1_792' title='bbox 2388 4777 2697 4845; x_wconf 85' lang='lat' dir='ltr'>voluerint,</span> <span class='ocrx_word' id='word_1_793' title='bbox 2723 4778 2833 4833; x_wconf 90' lang='lat' dir='ltr'>sub</span> <span class='ocrx_word' id='word_1_794' title='bbox 2856 4778 3282 4847; x_wconf 90' lang='lat' dir='ltr'>usufructario;</span> <span class='ocrx_word' id='word_1_795' title='bbox 3307 4778 3562 4852; x_wconf 84' lang='lat' dir='ltr'>singulis</span> <span class='ocrx_word' id='word_1_796' title='bbox 3583 4778 3758 4836; x_wconf 88' lang='lat' dir='ltr'>annis</span> 
     </span>
    </p>
   </div>
   <div class='ocr_carea' id='block_1_111' title="bbox 2100 4865 3759 4942">
    <p class='ocr_par' dir='ltr' id='par_1_111' title="bbox 2100 4865 3759 4942">
     <span class='ocr_line' id='line_1_113' title="bbox 2100 4865 3759 4942; baseline -0.002 -17"><span class='ocrx_word' id='word_1_797' title='bbox 2100 4885 2204 4942; x_wconf 92' lang='lat' dir='ltr'>per</span> <span class='ocrx_word' id='word_1_798' title='bbox 2232 4868 2602 4925; x_wconf 87' lang='lat' dir='ltr'>festivitatem</span> <span class='ocrx_word' id='word_1_799' title='bbox 2634 4865 2823 4924; x_wconf 89' lang='lat' dir='ltr'>sancti</span> <span class='ocrx_word' id='word_1_800' title='bbox 2857 4867 3116 4923; x_wconf 84' lang='lat' dir='ltr'>Remedii</span> <span class='ocrx_word' id='word_1_801' title='bbox 3136 4868 3673 4940; x_wconf 90' lang='lat' dir='ltr'>confessoris,quod</span> <span class='ocrx_word' id='word_1_802' title='bbox 3698 4868 3759 4923; x_wconf 89' lang='lat' dir='ltr'>in</span> 
     </span>
    </p>
   </div>
   <div class='ocr_carea' id='block_1_112' title="bbox 2099 4955 3758 5028">
    <p class='ocr_par' dir='ltr' id='par_1_112' title="bbox 2099 4955 3758 5028">
     <span class='ocr_line' id='line_1_114' title="bbox 2099 4955 3758 5028; baseline -0.002 -14"><span class='ocrx_word' id='word_1_803' title='bbox 2099 4958 2380 5014; x_wconf 86' lang='lat' dir='ltr'>kalendas</span> <span class='ocrx_word' id='word_1_804' title='bbox 2411 4955 2684 5023; x_wconf 90' lang='lat' dir='ltr'>octobris,</span> <span class='ocrx_word' id='word_1_805' title='bbox 2709 4972 2950 5011; x_wconf 89' lang='lat' dir='ltr'>censum</span> <span class='ocrx_word' id='word_1_806' title='bbox 2973 4973 3076 5028; x_wconf 91' lang='lat' dir='ltr'>pro</span> <span class='ocrx_word' id='word_1_807' title='bbox 3094 4973 3160 5012; x_wconf 88' lang='lat' dir='ltr'>eo</span> <span class='ocrx_word' id='word_1_808' title='bbox 3179 4955 3360 5028; x_wconf 89' lang='lat' dir='ltr'>solvo,</span> <span class='ocrx_word' id='word_1_809' title='bbox 3382 4957 3493 5013; x_wconf 92' lang='lat' dir='ltr'>hoc</span> <span class='ocrx_word' id='word_1_810' title='bbox 3513 4960 3605 5013; x_wconf 89' lang='lat' dir='ltr'>est</span> <span class='ocrx_word' id='word_1_811' title='bbox 3627 4960 3758 5012; x_wconf 86' lang='lat' dir='ltr'>tan-</span> 
     </span>
    </p>
   </div>
   <div class='ocr_carea' id='block_1_113' title="bbox 2102 5043 3758 5120">
    <p class='ocr_par' dir='ltr' id='par_1_113' title="bbox 2102 5043 3758 5120">
     <span class='ocr_line' id='line_1_115' title="bbox 2102 5043 3758 5120; baseline -0.001 -17"><span class='ocrx_word' id='word_1_812' title='bbox 2102 5052 2228 5103; x_wconf 92' lang='lat' dir='ltr'>tum</span> <span class='ocrx_word' id='word_1_813' title='bbox 2251 5045 2337 5102; x_wconf 94' lang='lat' dir='ltr'>vel</span> <span class='ocrx_word' id='word_1_814' title='bbox 2359 5047 2678 5118; x_wconf 88' lang='lat' dir='ltr'>quantum;</span> <span class='ocrx_word' id='word_1_815' title='bbox 2703 5047 2761 5100; x_wconf 91' lang='lat' dir='ltr'>et</span> <span class='ocrx_word' id='word_1_816' title='bbox 2781 5043 2830 5100; x_wconf 89' lang='lat' dir='ltr'>si</span> <span class='ocrx_word' id='word_1_817' title='bbox 2851 5045 2922 5100; x_wconf 88' lang='lat' dir='ltr'>de</span> <span class='ocrx_word' id='word_1_818' title='bbox 2942 5043 3069 5116; x_wconf 88' lang='lat' dir='ltr'>ipso</span> <span class='ocrx_word' id='word_1_819' title='bbox 3091 5045 3449 5120; x_wconf 89' lang='lat' dir='ltr'>cen_so,quod</span> <span class='ocrx_word' id='word_1_820' title='bbox 3472 5044 3758 5112; x_wconf 85' lang='lat' dir='ltr'>diximus,</span> 
     </span>
    </p>
   </div>
   <div class='ocr_carea' id='block_1_114' title="bbox 2102 5131 3764 5209">
    <p class='ocr_par' dir='ltr' id='par_1_114' title="bbox 2102 5131 3764 5209">
     <span class='ocr_line' id='line_1_116' title="bbox 2102 5131 3764 5209; baseline -0.001 -17"><span class='ocrx_word' id='word_1_821' title='bbox 2102 5137 2404 5209; x_wconf 86' lang='lat' dir='ltr'>negligens</span> <span class='ocrx_word' id='word_1_822' title='bbox 2423 5151 2567 5205; x_wconf 88' lang='lat' dir='ltr'>appa</span> <span class='ocrx_word' id='word_1_823' title='bbox 2577 5149 2747 5188; x_wconf 89' lang='lat' dir='ltr'>ruero</span> <span class='ocrx_word' id='word_1_824' title='bbox 2765 5134 2823 5188; x_wconf 92' lang='lat' dir='ltr'>in</span> <span class='ocrx_word' id='word_1_825' title='bbox 2842 5133 3151 5190; x_wconf 90' lang='lat' dir='ltr'>festivitate</span> <span class='ocrx_word' id='word_1_826' title='bbox 3171 5133 3358 5191; x_wconf 86' lang='lat' dir='ltr'>sancti</span> <span class='ocrx_word' id='word_1_827' title='bbox 3377 5131 3639 5190; x_wconf 82' lang='lat' dir='ltr'>Remedii</span> <span class='ocrx_word' id='word_1_828' title='bbox 3664 5151 3764 5191; x_wconf 88' lang='lat' dir='ltr'>an-</span> 
     </span>
    </p>
   </div>
   <div class='ocr_carea' id='block_1_115' title="bbox 2104 5223 3760 5299">
    <p class='ocr_par' dir='ltr' id='par_1_115' title="bbox 2104 5223 3760 5299">
     <span class='ocr_line' id='line_1_117' title="bbox 2104 5223 3760 5299; baseline -0.001 -18"><span class='ocrx_word' id='word_1_829' title='bbox 2104 5243 2177 5281; x_wconf 91' lang='lat' dir='ltr'>no</span> <span class='ocrx_word' id='word_1_830' title='bbox 2193 5223 2466 5299; x_wconf 89' lang='lat' dir='ltr'>primo,in</span> <span class='ocrx_word' id='word_1_831' title='bbox 2482 5223 2738 5278; x_wconf 92' lang='lat' dir='ltr'>secundo</span> <span class='ocrx_word' id='word_1_832' title='bbox 2749 5239 2883 5278; x_wconf 86' lang='lat' dir='ltr'>vero</span> <span class='ocrx_word' id='word_1_833' title='bbox 2897 5239 3050 5278; x_wconf 89' lang='lat' dir='ltr'>anno</span> <span class='ocrx_word' id='word_1_834' title='bbox 3063 5223 3377 5297; x_wconf 86' lang='lat' dir='ltr'>neglegens</span> <span class='ocrx_word' id='word_1_835' title='bbox 3391 5223 3553 5279; x_wconf 84' lang='lat' dir='ltr'>fuero</span> <span class='ocrx_word' id='word_1_836' title='bbox 3577 5223 3760 5280; x_wconf 89' lang='lat' dir='ltr'>reddo</span> 
     </span>
    </p>
   </div>
   <div class='ocr_carea' id='block_1_116' title="bbox 2105 5311 3758 5392">
    <p class='ocr_par' dir='ltr' id='par_1_116' title="bbox 2105 5311 3758 5392">
     <span class='ocr_line' id='line_1_118' title="bbox 2105 5311 3758 5392; baseline -0.001 -21"><span class='ocrx_word' id='word_1_837' title='bbox 2105 5314 2441 5392; x_wconf 65' lang='lat' dir='ltr'>duplum,et</span> <span class='ocrx_word' id='word_1_838' title='bbox 2461 5312 2510 5368; x_wconf 93' lang='lat' dir='ltr'>si</span> <span class='ocrx_word' id='word_1_839' title='bbox 2530 5311 2590 5366; x_wconf 91' lang='lat' dir='ltr'>in</span> <span class='ocrx_word' id='word_1_840' title='bbox 2617 5311 2793 5368; x_wconf 90' lang='lat' dir='ltr'>tercio</span> <span class='ocrx_word' id='word_1_841' title='bbox 2821 5328 2973 5368; x_wconf 90' lang='lat' dir='ltr'>anno</span> <span class='ocrx_word' id='word_1_842' title='bbox 2989 5313 3060 5368; x_wconf 90' lang='lat' dir='ltr'>de</span> <span class='ocrx_word' id='word_1_843' title='bbox 3081 5311 3210 5386; x_wconf 87' lang='lat' dir='ltr'>ipso</span> <span class='ocrx_word' id='word_1_844' title='bbox 3231 5329 3408 5370; x_wconf 86' lang='lat' dir='ltr'>cense</span> <span class='ocrx_word' id='word_1_845' title='bbox 3428 5329 3533 5386; x_wconf 81' lang='lat' dir='ltr'>per</span> <span class='ocrx_word' id='word_1_846' title='bbox 3562 5313 3758 5385; x_wconf 86' lang='lat' dir='ltr'>ipsam</span> 
     </span>
    </p>
   </div>
   <div class='ocr_carea' id='block_1_117' title="bbox 2104 5400 3761 5476">
    <p class='ocr_par' dir='ltr' id='par_1_117' title="bbox 2104 5400 3761 5476">
     <span class='ocr_line' id='line_1_119' title="bbox 2104 5400 3761 5476; baseline -0.001 -16"><span class='ocrx_word' id='word_1_847' title='bbox 2104 5403 2474 5460; x_wconf 86' lang='lat' dir='ltr'>festivitatem</span> <span class='ocrx_word' id='word_1_848' title='bbox 2505 5400 2691 5456; x_wconf 81' lang='lat' dir='ltr'>sancti</span> <span class='ocrx_word' id='word_1_849' title='bbox 2720 5400 2880 5458; x_wconf 85' lang='lat' dir='ltr'>illius</span> <span class='ocrx_word' id='word_1_850' title='bbox 2919 5402 3236 5476; x_wconf 88' lang='lat' dir='ltr'>neglegens</span> <span class='ocrx_word' id='word_1_851' title='bbox 3267 5417 3573 5475; x_wconf 77' lang='lat' dir='ltr'>aperuere,</span> <span class='ocrx_word' id='word_1_852' title='bbox 3595 5401 3761 5476; x_wconf 89' lang='lat' dir='ltr'>ipsas</span> 
     </span>
    </p>
   </div>
   <div class='ocr_carea' id='block_1_118' title="bbox 336 5489 3757 5564">
    <p class='ocr_par' dir='ltr' id='par_1_118' title="bbox 336 5489 3757 5564">
     <span class='ocr_line' id='line_1_120' title="bbox 336 5489 3757 5564; baseline 0.001 -22"><span class='ocrx_word' id='word_1_853' title='bbox 336 5489 641 5557; x_wconf 85' lang='lat' dir='ltr'>vindeudi,</span> <span class='ocrx_word' id='word_1_854' title='bbox 662 5490 784 5546; x_wconf 84' lang='lat' dir='ltr'>sive</span> <span class='ocrx_word' id='word_1_855' title='bbox 802 5491 1238 5559; x_wconf 89' lang='lat' dir='ltr'>commodandi,</span> <span class='ocrx_word' id='word_1_856' title='bbox 1264 5506 1366 5545; x_wconf 89' lang='lat' dir='ltr'>seu</span> <span class='ocrx_word' id='word_1_857' title='bbox 1393 5505 1497 5561; x_wconf 89' lang='lat' dir='ltr'>pro</span> <span class='ocrx_word' id='word_1_858' title='bbox 1550 5490 1758 5545; x_wconf 70' lang='lat' dir='ltr'>animas</span> <span class='ocrx_word' id='word_1_859' title='bbox 1808 5491 1998 5550; x_wconf 90' lang='lat' dir='ltr'>salute</span> <span class='ocrx_word' id='word_1_860' title='bbox 2108 5511 2221 5562; x_wconf 90' lang='lat' dir='ltr'>res,</span> <span class='ocrx_word' id='word_1_861' title='bbox 2245 5490 2398 5564; x_wconf 90' lang='lat' dir='ltr'>quod</span> <span class='ocrx_word' id='word_1_862' title='bbox 2430 5506 2532 5564; x_wconf 90' lang='lat' dir='ltr'>per</span> <span class='ocrx_word' id='word_1_863' title='bbox 2561 5494 2783 5548; x_wconf 88' lang='lat' dir='ltr'>cartam</span> <span class='ocrx_word' id='word_1_864' title='bbox 2814 5491 3092 5548; x_wconf 85' lang='lat' dir='ltr'>ﬁrmitate</span> <span class='ocrx_word' id='word_1_865' title='bbox 3137 5493 3207 5549; x_wconf 90' lang='lat' dir='ltr'>ad</span> <span class='ocrx_word' id='word_1_866' title='bbox 3253 5491 3562 5549; x_wconf 90' lang='lat' dir='ltr'>ecclesiam</span> <span class='ocrx_word' id='word_1_867' title='bbox 3593 5489 3757 5547; x_wconf 91' lang='lat' dir='ltr'>illam</span> 
     </span>
    </p>
   </div>
   <div class='ocr_carea' id='block_1_119' title="bbox 335 5620 3759 5752">
    <p class='ocr_par' dir='ltr' id='par_1_119' title="bbox 335 5620 3759 5752">
     <span class='ocr_line' id='line_1_121' title="bbox 335 5620 3759 5752; baseline 0.002 -77"><span class='ocrx_word' id='word_1_868' title='bbox 335 5620 690 5752; x_wconf 45' lang='lat' dir='ltr'>mlixgit</span> <span class='ocrx_word' id='word_1_869' title='bbox 719 5623 791 5681; x_wconf 88' lang='lat' dir='ltr'>de</span> <span class='ocrx_word' id='word_1_870' title='bbox 822 5640 928 5682; x_wconf 90' lang='lat' dir='ltr'>son</span> <span class='ocrx_word' id='word_1_871' title='bbox 961 5622 1264 5695; x_wconf 82' lang='lat' dir='ltr'>seigneur;</span> <span class='ocrx_word' id='word_1_872' title='bbox 1300 5620 1439 5679; x_wconf 87' lang='lat' dir='ltr'>c&#39;est</span> <span class='ocrx_word' id='word_1_873' title='bbox 1468 5638 1532 5679; x_wconf 90' lang='lat' dir='ltr'>ce</span> <span class='ocrx_word' id='word_1_874' title='bbox 1557 5622 1732 5695; x_wconf 90' lang='lat' dir='ltr'>qu’on</span> <span class='ocrx_word' id='word_1_875' title='bbox 1763 5625 2020 5698; x_wconf 89' lang='lat' dir='ltr'>appelait</span> <span class='ocrx_word' id='word_1_876' title='bbox 2067 5626 2120 5684; x_wconf 94' lang='lat' dir='ltr'>le</span> <span class='ocrx_word' id='word_1_877' title='bbox 2163 5625 2619 5684; x_wconf 65' lang='lat' dir='ltr'>ddnombrment.</span> <span class='ocrx_word' id='word_1_878' title='bbox 2653 5623 2736 5679; x_wconf 86' lang='lat' dir='ltr'>Cf.</span> <span class='ocrx_word' id='word_1_879' title='bbox 2771 5625 2850 5681; x_wconf 92' lang='lat' dir='ltr'>du</span> <span class='ocrx_word' id='word_1_880' title='bbox 2881 5624 3094 5700; x_wconf 86' lang='lat' dir='ltr'>Gange,</span> <span class='ocrx_word' id='word_1_881' title='bbox 3127 5635 3185 5682; x_wconf 78' lang='lat' dir='ltr'>v&#39;</span> <span class='ocrx_word' id='word_1_882' title='bbox 3213 5625 3620 5692; x_wconf 70' lang='lat' dir='ltr'>Denomz&#39;nah’o,</span> <span class='ocrx_word' id='word_1_883' title='bbox 3654 5627 3759 5682; x_wconf 81' lang='lat' dir='ltr'>De—</span> 
     </span>
    </p>
   </div>
  </div>
