3950 6374
378 401 529 466 1443

1651 384 1989 470 APPEND.
2037 408 2142 471 AD
2189 410 2382 473 sese.
2429 404 2502 470 Χ.

3627 409 3654 472 1
3668 413 3785 473 444

373 542 663 610 quatenus
680 537 898 610 optima
913 543 1170 612 potestas
1190 541 1654 609 vestra,Domino
1677 542 2018 614 inepirante,
2052 545 2103 613 Α
2135 545 2358 600 noverit
2387 542 2673 599 claritudo
2690 543 2910 616 sophye
2941 545 3094 616 quod
3125 546 3239 602 mei
3270 545 3579 617 cujusdam
3613 563 3787 618 para-

372 627 697 683 secundum
711 627 1008 698 justitiam
1028 628 1306 685 ineffabili
1326 630 1496 686 modo
1517 647 1683 704 agere
1702 632 2021 687 consuevit.

1105 736 1292 792 XXIV.

976 825 1126 895 [Sine
1147 825 1417 897 rubrica.]

441 911 877 968 Gloriosissimo
900 916 958 968 et
988 913 1158 968 nobis
1181 913 1348 970 valde
1362 914 1676 970 karissimo
1708 933 1774 971 ac
1793 932 2026 972 summo

367 1000 587 1056 honore
611 1001 968 1056 nominando
991 1001 1076 1056 illi
1101 1002 1354 1074 glorioso
1373 1003 1518 1076 regi,
1550 1003 1739 1059 ﬁdelis
1770 1004 2027 1060 famulus

364 1093 555 1145 vester
575 1089 674 1144 ille
697 1090 926 1145 ﬁdelem
951 1091 1464 1147 etdevotissimum
1489 1091 1820 1148 servicium.
1847 1093 2028 1148 Conﬁ-

365 1179 570 1233 dentes
586 1177 643 1231 in
657 1182 908 1232 vestram
924 1178 1353 1235 nobilissimam
1371 1179 1740 1250 prudentiam
1754 1181 2026 1248 ,destina-

364 1267 561 1322 vimus
578 1267 649 1321 ad
675 1273 927 1322 vestram
945 1266 1316 1322 clementiam
1330 1267 1435 1324 has
1455 1268 1702 1336 litteras,
1718 1270 2026 1325 obsecran-

364 1360 453 1411 tes
485 1360 549 1410 ut
578 1371 716 1427 erga
738 1355 922 1410 ﬁlium
945 1355 1112 1411 illum
1139 1373 1242 1428 per
1260 1361 1459 1412 nostro
1481 1375 1679 1414 amore
1703 1358 1787 1414 sic
1811 1357 2021 1430 agatis,

364 1444 536 1499 sicuti
561 1443 620 1499 in
642 1461 743 1500 vos
767 1444 1138 1512 conﬁdimus,
1163 1444 1433 1502 videlicet
1454 1451 1518 1501 ut
1539 1463 1630 1502 res
1653 1463 1878 1520 sponsa)
1902 1463 2021 1502 suae

361 1535 584 1606 absque
608 1531 860 1604 alicujus
877 1533 1276 1590 subtractione
1287 1535 1502 1590 habere
1516 1535 2024 1608 liceat,quousque

360 1621 489 1696 ipse
508 1623 577 1678 de
590 1622 698 1678 hac
711 1622 1084 1694 cxpedicione
1105 1640 1140 1678 a
1161 1623 1329 1680 nobis
1351 1623 1658 1680 absolutus
1676 1624 1746 1681 ad
1766 1629 2020 1681 vestram

362 1712 713 1782 presentiam
739 1711 934 1767 venire
964 1711 1168 1783 possit.
1199 1712 1316 1768 Vos
1339 1712 1494 1767 enim
1527 1712 1692 1768 scitis
1725 1714 1796 1768 ad
1831 1730 2020 1785 quan-

359 1803 485 1854 tum
513 1799 918 1856 necessitatem
943 1799 1272 1872 pergimus;
1301 1799 1429 1856 ideo
1453 1805 1572 1856 tam
1598 1801 1794 1872 ipsum
1816 1818 2020 1873 quam-

361 1904 475 1959 que
492 1891 548 1942 et
567 1903 770 1942 omnes
792 1886 990 1942 ﬁdeles
1011 1891 1240 1943 nostros
1262 1887 1559 1944 dimittere
1581 1906 1696 1944 non
1715 1889 2018 1962 utilejudi-

360 1992 593 2044 camus;
620 1992 752 2031 mox
777 1979 971 2031 autem.
991 1975 1125 2030 inde
1150 1993 1414 2033 reversus
1437 1977 1634 2049 fuerit,
1659 1995 1793 2035 eum
1817 1979 1889 2034 ad
1913 1996 2014 2035 vos

358 2063 689 2135 dirigimus.
747 2063 878 2118 Ideo
927 2062 1231 2120 humiliter
1278 2066 1654 2122 obsecramus
1685 2071 1746 2121 ut
1777 2067 2012 2122 interim

375 2169 514 2224 psas
537 2169 627 2208 res
650 2152 840 2223 quiete
861 2155 1137 2222 tcneat,et
1155 2158 1285 2226 post
1303 2154 1580 2226 quicquid
1599 2155 1690 2210 lex
1712 2156 2014 2212 dictaverit

355 2241 416 2296 in
440 2246 632 2297 vestra
661 2241 957 2312 presentia
979 2242 1163 2298 facere
1189 2243 1468 2299 studebit.
1503 2243 1790 2317 Optamus
1821 2262 1921 2300 vos
1951 2245 2010 2300 in

361 2330 605 2387 Domino
639 2347 870 2403 semper
903 2330 1048 2386 bene
1079 2330 1285 2387 valere.

1095 2419 1260 2474 XXV.

954 2508 1102 2575 [Sine
1137 2509 1408 2580 rubrz'ca.]

425 2596 891 2654 Clementissimo
915 2613 980 2652 ac
997 2598 1372 2654 serenissimo
1395 2599 1515 2672 regi
1530 2598 1612 2653 illi
1636 2598 1888 2671 plurimo
1903 2617 2005 2654 au-

351 2687 590 2758 gusticae
613 2685 918 2758 dignitatis
951 2690 1197 2741 stemate
1228 2686 1651 2759 comptissimo,
1678 2686 1774 2744 ille
1806 2693 2004 2744 sancte

351 2775 511 2832 illius
525 2774 763 2831 ecclesie
777 2773 1019 2830 humilis
1033 2775 1276 2831 antestis
1290 2779 1749 2848 cunctorumque
1765 2776 2005 2833 famulo-

350 2882 481 2920 rum
504 2865 600 2920 Dei
617 2863 871 2919 famulus
894 2864 1182 2935 presentis
1206 2881 1271 2920 ac
1296 2865 1488 2921 future
1503 2866 1883 2922 beatitudinis
1905 2883 2001 2922 sa-

347 2952 532 3009 lutem
575 2953 630 3006 in
661 2951 886 3007 Christo
919 2952 1100 3008 Jhesu
1128 2970 1399 3009 cernuus.
1430 2954 1875 3027 Elegantissime
1905 2972 1997 3011 ve-

348 3045 483 3097 strae
515 3037 821 3113 perspicue
869 3039 1250 3097 sublimitatis
1305 3046 1480 3114 atque
1517 3042 1999 3100 excellentissime

2136 634 2255 702 siti,
2285 633 2445 689 illius
2497 630 2783 702 videlicet,
2819 632 2997 701 ﬁlius,
3058 633 3157 689 illo
3215 634 3471 703 nomine,
3531 634 3787 707 puellam

2135 715 2448 793 quendam,
2480 721 2761 778 vocabulo
2781 721 3002 778 scilicet
3031 722 3217 792 illam,
3240 722 3503 796 legaliter
3531 725 3794 797 suscepit

2135 810 2193 866 in
2225 827 2526 882 sponsam.
2577 811 2758 882 Cujus
2805 811 3004 884 itaque
3046 829 3140 868 res
3171 812 3591 884 aliquantulas,
3625 813 3792 887 regni

2134 899 2311 955 vestri
2345 900 2488 956 sitas
2520 900 2579 954 in
2611 899 2863 968 dicione,
2891 901 3130 973 quidam
3157 903 3385 957 auferre
3405 889 3674 958 nituntur
3702 902 3793 958 in-

2126 990 2307 1060 juste.
2324 989 2603 1055 Quocirca
2622 995 2814 1045 vestre
2836 990 3257 1062 augustissime
3291 991 3618 1048 serenitatis
3648 992 3792 1048 sub-

2135 1077 2362 1150 pliciter
2421 1077 2617 1151 ﬂagito
2675 1078 3069 1148 clementiam,
3103 1084 3168 1136 ut
3215 1081 3287 1136 ob
3343 1097 3601 1137 amorem
3633 1080 3791 1137 beati

2135 1167 2347 1223 Christi
2375 1169 2560 1223 sancti
2594 1167 2775 1238 illius,
2809 1169 2979 1240 cujus
3010 1173 3198 1225 vestre
3228 1169 3402 1225 saluti
3431 1169 3650 1243 jugiter
3677 1169 3792 1225 im-

2134 1255 2296 1329 ploro
2347 1257 2714 1329 suffragium,
2780 1257 2838 1312 in
2879 1257 3171 1329 praedictis
3202 1259 3376 1314 rebus
3407 1259 3792 1330 adquirendis

2135 1345 2352 1416 prelato
2373 1344 2454 1399 illi
2476 1351 2737 1401 vestrum
2761 1346 2906 1401 ferre
2927 1346 3250 1418 dignemini
3272 1347 3614 1420 presidium.
3645 1347 3790 1404 Uni-

2132 1449 2433 1489 versorum
2450 1433 2630 1508 igitur
2650 1434 2958 1501 Dominus,
2983 1437 3154 1506 cujus
3176 1453 3381 1492 omnes
3400 1441 3646 1510 regnant
3659 1453 3794 1509 pro-

2132 1526 2362 1595 tegente
2394 1522 2628 1578 nomine
2659 1522 2834 1595 regis,
2857 1527 3117 1579 vestrum
3139 1524 3415 1580 continuo
3434 1541 3676 1598 regnum
3692 1526 3794 1597 ju-

2129 1611 2359 1667 vamine
2372 1611 2689 1668 sublimare
2702 1611 3027 1684 vestrisque
3039 1611 3290 1684 planetis
3303 1617 3543 1671 cunctos
3561 1614 3793 1671 naviter

2130 1700 2406 1774 dignetur
2435 1699 2713 1756 inimicus
2745 1701 3054 1773 subjicere.

2859 1826 3047 1881 XXVI.

2047 1925 2093 1990 B
2195 1933 2353 2016 Cette
2384 1933 2631 2014 formule
2663 1933 2812 2016 n’est
2833 1950 2935 2016 pas
2967 1937 3000 1988 ὲ
3029 1938 3404 2016 proprement
3433 1934 3780 2016 parler_une

2123 2008 2379 2076 requéte,
2397 2005 2546 2059 mais
2563 2004 2889 2060 seulement
2901 2021 3013 2059 une
3028 2004 3565 2061 recommendation
3585 2007 3785 2062 adres-

2123 2079 2219 2149 see
2249 2079 2282 2130 ὰ
2316 2093 2392 2130 un
2414 2078 2786 2149 evequeoua
2818 2093 2896 2130 un
2929 2076 3096 2149 abbe,
3132 2077 3230 2148 qui
3252 2077 3532 2149 jouissait
3564 2079 3780 2149 proba-

2123 2093 2219 2132 see
2249 2093 2282 2130 a
2316 2093 2392 2130 un
2414 2093 2726 2202 echueou
2753 2093 2786 2132 a
2818 2093 2896 2130 un
2929 2093 3096 2144 anne,
3132 2095 3230 2148 qui
3251 2093 3532 2158 jouissatt
3564 2093 3780 2149 prona-

2123 2147 2380 2203 blement
2411 2147 2489 2220 du
2565 2151 2676 2202 ront
2704 2147 2774 2202 de
2806 2147 3015 2202 rendre
3043 2147 3100 2203 la
3115 2149 3332 2220 justice
3350 2166 3452 2205 sur
3478 2148 3562 2204 les
3592 2155 3783 2206 terres

2122 2220 2191 2275 de
2223 2235 2327 2274 son
2357 2217 2555 2291 église.

2760 2323 2895 2362 ITEM
2924 2323 3128 2362 ALIUM.
3222 2306 3223 2309 “

2192 2413 2521 2471 Venerabili
2543 2413 2602 2469 in
2629 2412 2860 2469 Christo
2893 2413 3057 2469 fratri
3087 2431 3190 2470 seu
3221 2413 3564 2473 dulcissimo
3585 2415 3779 2474 amico

2118 2509 2317 2561 nostro
2349 2502 2448 2559 illo
2470 2507 2528 2558 et
2549 2501 2670 2571 illo,
2705 2503 2927 2558 donum
2959 2503 3056 2559 Dei
3088 2503 3420 2577 episcopus,
3455 2509 3607 2561 Deus
3637 2506 3774 2570 scit,

2114 2599 2254 2650 tuus
2300 2609 2469 2649 verus
2514 2592 2758 2648 amicus.
2819 2592 3134 2664 Cognosce,
3198 2593 3561 2662 dulcissime,
3611 2599 3678 2650 ut
3708 2599 3772 2650 tu

2115 2689 2268 2739 stare
2303 2682 2482 2738 facias
2525 2686 2667 2754 aput
2697 2685 2896 2737 nostro
2945 2680 3149 2737 fasallo
3180 2681 3280 2738 illo
3312 2688 3455 2755 aput
3483 2687 3642 2738 recta
3670 2700 3775 2739 ra-

2112 2773 2271 2829 tione
2302 2772 2371 2827 de
2401 2770 2500 2826 illa
2547 2787 2726 2826 causa
2777 2774 2978 2826 sancto
3028 2769 3142 2838 ille,
3187 2771 3344 2843 quod
3374 2772 3499 2844 ipse
3530 2772 3766 2841 dixerit,

2111 2862 2362 2935 qualiter
2387 2860 2476 2916 vel
2507 2877 2614 2915 nos
2662 2864 2861 2916 nostro
2905 2859 3076 2916 tricto
3121 2860 3491 2932 recipiamus.
3545 2861 3771 2917 Taliter

2108 2953 2315 3008 exinde
2337 2950 2508 3024 agite,
2525 2948 2775 3022 qualiter
2796 2966 2903 3004 nos
2925 2965 3028 3004 con
3039 2949 3292 3006 fidamus
3304 2950 3375 3006 de
3397 2954 3591 3007 vestra
3610 2950 3770 3008 bona

2106 3041 2408 3098 charitate.

1445 3237 2102 3353 DEUXIEME
2172 3255 2649 3350 PARTIE.

1063 3487 1278 3544 XXVII.

412 3577 493 3661 La
543 3574 814 3661 formule,
847 3593 960 3661 par
990 3575 1246 3661 loquella
1262 3579 1322 3648 je
1351 3582 1864 3661 commen‘cehcett‘e
1897 3595 1984 3635 se-

341 3649 524 3704 conde
545 3649 752 3721 partie,
776 3647 874 3703 est
892 3665 1005 3703 une
1022 3647 1189 3704 lettre
1215 3647 1319 3704 des
1346 3649 1572 3705 moines
1595 3650 1664 3704 de
1689 3649 1984 3704 Reichnau

338 3738 422 3802 au.
446 3720 898 3802 papeﬁrégoire
917 3720 1034 3802 _IlI._
1061 3720 1344 3802 Ii’abbaye
1373 3721 1454 3802 de
1489 3720 1785 3802 Reich‘nau
1813 3727 1987 3802 agant

338 3791 683 3875 étéifossiée
713 3808 783 3875 an.
832 3792 957 3875 7:24;
988 3794 1044 3845 ει
1072 3791 1348 3875 βςφείξίη
1381 3791 1454 3847 ΠΙ
1476 3867 1484 3875 .
1506 3796 1682 3875 erant
1710 3791 1986 3875 résnéﬂe

333 3865 434 3918 731
463 3867 497 3917 a
524 3863 649 3928 741,
677 3867 825 3917 cette
855 3862 1025 3916 lettre
1055 3862 1178 3916 doit
1208 3865 1329 3918 etre
1361 3862 1720 3934 postérieure
1751 3862 1820 3920 de
1851 3863 1983 3920 bien

334 3932 751 4019 peuleantnées
848 3932 1364 4019 l'érecti'qnoméme
1396 3934 1472 3988 du
1507 3935 1982 4019 monastere.'En

334 4003 490 4070 effet,
523 4003 575 4060 le
609 4004 916 4059 fondateur
945 4004 1016 4058 de
1065 4003 1383 4072 Reichnau,
1445 4006 1601 4061 saint
1643 4006 1980 4075 Pirminius,

334 4073 1985 4164 ιιέξγαοιρειενομιιξ,ίξοσξφξθτξοφνξοηηω.ιιξντξ.ξαηε..α>ῖοὶιῖ

333 4145 559 4230 obtenu_
579 4145 1005 4230 l’autorisation
1032 4145 1280 4230 speciale
1304 4147 1382 4202 du
1407 4148 1825 4230 Saint-Siége,il
1847 4149 1986 4230 e'tait

332 4217 563 4300 naturel
595 4235 708 4290 que
739 4218 823 4274 les
871 4217 1098 4300 moines
1148 4217 1790 4300 s’empres‘sassentfde
1841 4220 1984 4300 (aire

333 4289 632 4344 connaltré
682 4307 754 4371 au
806 4289 1113 4344 souverain
1170 4289 1472 4386 pontifele
1526 4292 1728 4346 succés
1759 4291 1829 4346 de
1858 4291 1986 4346 leur

332 4359 539 4416 nouvel
574 4360 1013 4415 établtssement
1045 4359 1213 4431 (179,.

936 4466 1090 4537 [Sine
1108 4466 1375 4538 rubrica].

402 4554 647 4610 Summo
671 4570 922 4610 romanae
947 4553 1198 4610 ecclesiae
1229 4554 1487 4626 pontiﬁci
1521 4559 1578 4611 et
1607 4557 1981 4614 sanctissimo

328 4641 820 4699 excellentissimo
848 4642 1002 4698 sedis
1033 4643 1259 4698 custodi
1291 4644 1521 4718 egregio
1554 4662 1700 4718 pape
1741 4646 1847 4705 illi.
1872 4647 1980 4703 hu-

329 4732 580 4788 millima
597 4731 1038 4788 etdevotissima
1050 4732 1312 4789 ﬁdelium
1334 4735 1653 4790 oratorium
1673 4752 1983 4809 congrega-

327 4822 406 4878 tio
429 4823 500 4878 ab
525 4821 738 4890 insula,
764 4839 877 4894 que
897 4823 968 4878 ab
1001 4821 1209 4878 incolis
1240 4822 1575 4880 Alamanna
1608 4825 1796 4898 Augia
1823 4826 1978 4882 voci-

328 4913 504 4980 tatur,
555 4927 901 4984 prosperum
951 4911 1010 4966 in
1063 4911 1310 4968 Domino
1361 4917 1521 4985 optat
1554 4920 1889 4986 provectum
1923 4920 1979 4972 et

324 4996 504 5055 vitam
557 5004 920 5072 perpetuam.
979 4999 1101 5054 Nisi
1157 5000 1293 5071 quia
1347 5001 1809 5076 inextinguibilis
1847 5022 1977 5061 vere

325 5087 588 5143 caritatis
613 5105 717 5144 nos
746 5089 920 5143 ardor
949 5089 1146 5161 sepius
1177 5089 1505 5146 inflammat
1530 5109 1635 5147 nec
1658 5110 1774 5148 non
1796 5094 1976 5149 totius

325 5175 568 5233 ecclesia
587 5177 1039 5234 orthodoxorum
1066 5179 1264 5235 suasio
1298 5181 1579 5247 accendit,
1615 5180 1972 5249 nullatenus,

391 5375 806 5449 (I79)_Ct'.__gsur
843 5375 900 5431 la
928 5376 1223 5449 fondation
1262 5373 1636 5449 del’abbaye
1667 5378 1737 5433 de
1769 5378 1974 5434 Reich-

321 5464 458 5510 nau,
511 5445 809 5515 Mabillon,
862 5449 1119 5515 Annales,
1141 5446 1214 5519 _0.
1249 5445 1303 5501 S.
1338 5445 1588 5519 B.,_capI
1616 5466 1713 5516 xx,
1747 5449 1848 5504 lib.
1880 5453 1970 5506 65.

393 5520 554 5604 [189).
576 5519 957 5604 L’abbiayeﬂde
997 5516 1471 5604 Ite-ichnault‘é‘tait
1503 5516 1739 5604 ehﬂeﬂ'et
1765 5538 1976 5604 consa-

320 5588 446 5646 crée
479 5593 512 5645 ὸ.
541 5589 596 5646 la
613 5588 808 5646 sainte'
821 5591 1024 5661 Vierge
1042 5594 1098 5644 ct
1115 5592 1147 5644 a
1164 5588 1321 5643 saint
1335 5588 1543 5645 Pierre.
1563 5591 1644 5647 Cf.
1674 5592 1971 5661 Mabillon,

319 5663 576 5727 Annales,
611 5662 670 5716 0.
704 5663 760 5717 S.
795 5665 880 5729 B.,
915 5661 1017 5716 lib.
1053 5678 1145 5732 xix,
1179 5676 1304 5732 cap.
1337 5661 1426 5717 65.

392 5733 538 5816 [181)
570 5732 644 5790 Gs
667 5737 789 5793 mot
807 5738 896 5792 est
921 5731 1340 5793 certaiuement
1361 5748 1699 5810 corrompu:
1726 5734 1766 5796 il
1799 5735 1971 5813 s’agit

2021 3491 2064 3556 C
2103 3491 2289 3561 pater,
2321 3504 2426 3543 nec
2478 3486 2713 3558 scriptis
2764 3486 2891 3542 ausi
2942 3485 3262 3544 fuissemus
3307 3503 3413 3542 nec
3451 3486 3628 3544 dictis
3655 3503 3764 3564 per

2096 3577 2372 3649 aliquem,
2435 3575 2703 3649 quamvis
2746 3574 3260 3644 inlustrissimum,
3315 3579 3476 3632 tante
3525 3576 3671 3648 quid
3703 3581 3765 3632 et

2094 3666 2195 3721 tali
2229 3667 2485 3721 indicare
2518 3664 2828 3720 nobilitati.
2866 3665 2998 3721 ldco
3032 3669 3163 3737 post
3192 3669 3432 3734 tantam,
3466 3664 3651 3722 immo
3698 3669 3760 3722 et

2093 3761 2214 3810 tam
2247 3755 2665 3826 probatissima
2694 3753 2947 3810 rumoris
2997 3753 3252 3825 laudem,
3285 3755 3414 3810 ausi
3446 3771 3659 3810 sumus
3692 3760 3753 3811 et

2097 3846 2346 3900 missum
2380 3848 2435 3900 ct
2475 3845 2754 3915 scriptam
2814 3843 3171 3899 beatitudine
3229 3848 3419 3900 vestre
3477 3843 3752 3917 dirigere.

2094 3933 2276 3989 Locus
2324 3933 2500 3988 etiam
2545 3932 2674 3998 iste,
2709 3935 2876 4004 pater
2903 3932 3252 3999 venerande,
3284 3948 3459 4005 quem
3511 3933 3755 3989 nomine

2094 4021 2490 4093 praediximus,
2527 4021 2920 4094 principatum
2951 4037 3055 4092 per
3075 4020 3181 4076 has
3212 4025 3406 4092 partes
3426 4025 3578 4077 terre
3599 4020 3750 4077 obti-

2093 4115 2221 4177 net;
2254 4111 2463 4166 Sancte
2510 4110 2690 4165 Maris
2733 4127 2964 4182 semper
3011 4109 3222 4182 virgini
3251 4113 3536 4183 Petroque
3586 4110 3750 4183 prin-

2095 4199 2208 4272 cipi
2243 4199 2640 4270 apostolorum
2682 4203 3056 4255 consecratus
3087 4199 3255 4272 (I80),
3289 4198 3577 4272 regularis
3617 4198 3750 4255 vitae

2094 4305 2362 4343 normam
2395 4288 2741 4344 ducencium
2770 4293 2995 4360 partem
3027 4306 3140 4343 non
3173 4288 3481 4344 minimam
3511 4288 3751 4361 conglo-

2094 4383 2300 4447 merat,
2348 4394 2600 4450 quorum
2638 4377 2919 4450 spiritalis
2951 4378 3224 4433 doctrinas
3257 4377 3529 4434 cumulus
3556 4381 3751 4434 totum

2093 4482 2329 4540 quoque
2355 4468 2672 4523 vicinatum
2695 4467 3152 4540 circumquaque
3171 4471 3438 4523 nostrum
3462 4467 3753 4523 doctrinis

2093 4555 2456 4629 longissimis
2491 4555 2697 4628 pascit.
2734 4557 2921 4628 Igitur
2949 4557 3164 4612 hercno
3195 4557 3342 4628 (181)
3375 4557 3446 4612 ab
3497 4555 3752 4628 Alpibus

2092 4646 2222 4701 Eois
2253 4646 2626 4702 Occidentem
2684 4662 2886 4702 versus
2917 4647 3099 4701 nimio
3132 4650 3464 4702 currentem
3515 4646 3748 4718 fragore

2092 4735 2342 4790 eundem
2375 4733 2484 4790 loci
2503 4735 2769 4790 habitum
2794 4751 2896 4807 per
2925 4751 3085 4790 mare
3107 4735 3461 4790 unaisonum
3493 4735 3747 4789 circum-

2091 4823 2280 4891 luens,
2316 4823 2570 4879 insulam
2604 4823 2763 4880 omni
2795 4828 3001 4879 ornatu
3060 4817 3340 4880 novorum
3372 4822 3741 4879 ediﬁciorum

2087 4917 2380 4985 comptam
2397 4913 2591 4969 media
2607 4913 2817 4981 reddit;
2835 4913 2966 4969 fons
2980 4917 3173 4969 autem
3189 4911 3588 4985 praedictus,in
3614 4913 3747 4968 visu

2087 5006 2275 5074 coepta
2297 5003 2392 5057 via
2417 5019 2784 5075 percurrens,
2801 5017 2979 5070 mare,
2997 5003 3152 5075 quod
3176 5001 3390 5057 dicitur
3413 5001 3743 5070 Orcarium,

2084 5090 2260 5146 inluit
2292 5091 2461 5163 (I82).
2497 5091 2632 5146 Inde
2654 5091 3029 5148 sanctissime
3053 5095 3111 5148 et
3139 5091 3476 5148 beatissime
3496 5090 3747 5162 virginis

2087 5179 2266 5235 Marie
2299 5179 2503 5235 matris
2539 5179 2765 5236 Domini
2799 5179 3150 5236 clarescente
3181 5179 3743 5248 sanctitate,necnon

2085 5378 2156 5433 ici
2189 5379 2266 5432 du
2328 5378 2492 5443 Rhin,
2553 5377 2697 5433 dont
2753 5377 2836 5433 les
2867 5393 3013 5432 eaux
3069 5375 3452 5431 environnent
3499 5373 3617 5430 I’ile
3664 5377 3745 5430 οὺ

2085 5449 2223 5504 était
2253 5449 2406 5504 batie
2436 5448 2752 5515 Reichnau,
2778 5453 2836 5504 et
2865 5448 2904 5502 il
2931 5449 3054 5503 faut
3083 5448 3338 5520 corriger
3366 5447 3630 5520 e_Rhe7w.

2156 5521 2301 5592 (182)
2333 5525 2487 5576 Cette
2528 5520 2888 5592 description
2909 5537 2951 5592 7a
2981 5517 3265 5592 quelques
3311 5517 3480 5592 traits
3513 5519 3586 5592 de
3618 5534 3741 5592 res-

2085 5586 2417 5647 semblance
2439 5608 2574 5664 aveo
2599 5586 2742 5648 cellé
2756 5586 3161 5664 queWalat‘ricl
3188 5589 3436 5647 Strabon
3457 5605 3491 5644 a
3510 5588 3746 5646 donnée

2083 5664 2186 5720 des
2217 5665 2440 5722 memes
2469 5663 2626 5722 lieux
2651 5680 2663 5720 :
