  <div class='ocr_page' id='page_1' title='image "/cluster/home/n/w/nwhite01/storage/ocr_20150623/151/umn.31951002477444s/858.png"; bbox 0 0 3950 6360; ppageno 0'>
   <div class='ocr_carea' id='block_1_1' title="bbox 146 358 323 422">
    <p class='ocr_par' dir='ltr' id='par_1_1' title="bbox 146 358 323 422">
     <span class='ocr_line' id='line_1_1' title="bbox 146 358 323 422; baseline -0.006 0"><span class='ocrx_word' id='word_1_1' title='bbox 146 358 323 422; x_wconf 63' lang='lat' dir='ltr'><strong>Tim</strong></span> 
     </span>
    </p>
   </div>
   <div class='ocr_carea' id='block_1_2' title="bbox 1446 353 2270 421">
    <p class='ocr_par' dir='ltr' id='par_1_2' title="bbox 1446 353 2270 421">
     <span class='ocr_line' id='line_1_2' title="bbox 1446 353 2270 421; baseline -0.001 -2"><span class='ocrx_word' id='word_1_2' title='bbox 1446 353 1848 421; x_wconf 63' lang='lat' dir='ltr'><strong>FORMULJE</strong></span> <span class='ocrx_word' id='word_1_3' title='bbox 1890 355 2270 420; x_wconf 68' lang='lat' dir='ltr'><strong>VETERES.</strong></span> 
     </span>
    </p>
   </div>
   <div class='ocr_carea' id='block_1_3' title="bbox 3403 345 3572 420">
    <p class='ocr_par' dir='ltr' id='par_1_3' title="bbox 3403 345 3572 420">
     <span class='ocr_line' id='line_1_3' title="bbox 3403 345 3572 420; baseline -0.012 0"><span class='ocrx_word' id='word_1_4' title='bbox 3403 345 3572 420; x_wconf 52' lang='lat' dir='ltr'><strong>uiso</strong></span> 
     </span>
    </p>
   </div>
   <div class='ocr_carea' id='block_1_4' title="bbox 141 450 3574 572">
    <p class='ocr_par' dir='ltr' id='par_1_4' title="bbox 141 450 3574 572">
     <span class='ocr_line' id='line_1_4' title="bbox 141 450 3574 572; baseline 0 -23"><span class='ocrx_word' id='word_1_5' title='bbox 141 491 597 566; x_wconf 66' lang='lat' dir='ltr'><strong>gendralement</strong></span> <span class='ocrx_word' id='word_1_6' title='bbox 625 503 731 550; x_wconf 75' lang='lat' dir='ltr'><strong>sar</strong></span> <span class='ocrx_word' id='word_1_7' title='bbox 753 493 837 549; x_wconf 79' lang='lat' dir='ltr'><strong>lea</strong></span> <span class='ocrx_word' id='word_1_8' title='bbox 868 491 1179 551; x_wconf 81' lang='lat' dir='ltr'><strong>habitudes</strong></span> <span class='ocrx_word' id='word_1_9' title='bbox 1209 493 1280 549; x_wconf 89' lang='lat' dir='ltr'><strong>de</strong></span> <span class='ocrx_word' id='word_1_10' title='bbox 1307 450 1363 548; x_wconf 78' lang='lat' dir='ltr'><strong>Ia</strong></span> <span class='ocrx_word' id='word_1_11' title='bbox 1386 491 1474 548; x_wconf 83' lang='lat' dir='ltr'><strong>vis</strong></span> <span class='ocrx_word' id='word_1_12' title='bbox 1494 489 1809 548; x_wconf 84' lang='lat' dir='ltr'><strong>intérieure</strong></span> <span class='ocrx_word' id='word_1_13' title='bbox 1837 492 1892 558; x_wconf 76' lang='grc' dir='ltr'><strong>Α</strong></span> <span class='ocrx_word' id='word_1_14' title='bbox 1925 491 2068 548; x_wconf 87' lang='lat' dir='ltr'><strong>bene</strong></span> <span class='ocrx_word' id='word_1_15' title='bbox 2099 494 2372 564; x_wconf 77' lang='lat' dir='ltr'><strong>procurat</strong></span> <span class='ocrx_word' id='word_1_16' title='bbox 2401 507 2536 548; x_wconf 85' lang='lat' dir='ltr'><strong>cum</strong></span> <span class='ocrx_word' id='word_1_17' title='bbox 2565 491 2874 549; x_wconf 83' lang='lat' dir='ltr'><strong>scolastico</strong></span> <span class='ocrx_word' id='word_1_18' title='bbox 2903 493 3226 572; x_wconf 83' lang='lat' dir='ltr'><strong>pedagogio</strong></span> <span class='ocrx_word' id='word_1_19' title='bbox 3249 490 3574 550; x_wconf 80' lang='lat' dir='ltr'><strong>amicaliter</strong></span> 
     </span>
    </p>
   </div>
   <div class='ocr_carea' id='block_1_5' title="bbox 147 579 840 642">
    <p class='ocr_par' dir='ltr' id='par_1_5' title="bbox 147 579 840 642">
     <span class='ocr_line' id='line_1_5' title="bbox 147 579 840 642; baseline 0 -4"><span class='ocrx_word' id='word_1_20' title='bbox 147 581 308 639; x_wconf 76' lang='lat' dir='ltr'><strong>dans</strong></span> <span class='ocrx_word' id='word_1_21' title='bbox 337 579 424 638; x_wconf 85' lang='lat' dir='ltr'><strong>les</strong></span> <span class='ocrx_word' id='word_1_22' title='bbox 455 585 840 642; x_wconf 80' lang='lat' dir='ltr'><strong>monasteres.</strong></span> 
     </span>
    </p>
   </div>
   <div class='ocr_carea' id='block_1_6' title="bbox 618 684 1342 728">
    <p class='ocr_par' dir='ltr' id='par_1_6' title="bbox 618 684 1342 728">
     <span class='ocr_line' id='line_1_6' title="bbox 618 684 1342 728; baseline -0.001 -2"><span class='ocrx_word' id='word_1_23' title='bbox 618 687 938 728; x_wconf 78' lang='lat' dir='ltr'><strong>INDIC-ULUM</strong></span> <span class='ocrx_word' id='word_1_24' title='bbox 963 684 1036 726; x_wconf 79' lang='lat' dir='ltr'><strong>AD</strong></span> <span class='ocrx_word' id='word_1_25' title='bbox 1059 687 1342 727; x_wconf 75' lang='grc' dir='ltr'><strong>ΑΒΒΑἸἙΜ.</strong></span> 
     </span>
    </p>
   </div>
   <div class='ocr_carea' id='block_1_7' title="bbox 224 757 1809 831">
    <p class='ocr_par' dir='ltr' id='par_1_7' title="bbox 224 757 1809 831">
     <span class='ocr_line' id='line_1_7' title="bbox 224 757 1809 831; baseline -0.002 -17"><span class='ocrx_word' id='word_1_26' title='bbox 224 759 558 822; x_wconf 76' lang='lat' dir='ltr'><strong>Venerabili</strong></span> <span class='ocrx_word' id='word_1_27' title='bbox 589 761 714 816; x_wconf 90' lang='lat' dir='ltr'><strong>viro</strong></span> <span class='ocrx_word' id='word_1_28' title='bbox 744 765 802 816; x_wconf 90' lang='lat' dir='ltr'><strong>et</strong></span> <span class='ocrx_word' id='word_1_29' title='bbox 831 761 989 816; x_wconf 88' lang='lat' dir='ltr'><strong>omni</strong></span> <span class='ocrx_word' id='word_1_30' title='bbox 1015 759 1274 816; x_wconf 89' lang='lat' dir='ltr'><strong>caritatis</strong></span> <span class='ocrx_word' id='word_1_31' title='bbox 1295 775 1493 816; x_wconf 90' lang='lat' dir='ltr'><strong>amore</strong></span> <span class='ocrx_word' id='word_1_32' title='bbox 1512 757 1809 831; x_wconf 90' lang='lat' dir='ltr'><strong>diligendo</strong></span> 
     </span>
    </p>
   </div>
   <div class='ocr_carea' id='block_1_8' title="bbox 143 845 1808 922">
    <p class='ocr_par' dir='ltr' id='par_1_8' title="bbox 143 845 1808 922">
     <span class='ocr_line' id='line_1_8' title="bbox 143 845 1808 922; baseline -0.004 -17"><span class='ocrx_word' id='word_1_33' title='bbox 143 848 247 905; x_wconf 86' lang='lat' dir='ltr'><strong>illo</strong></span> <span class='ocrx_word' id='word_1_34' title='bbox 278 849 378 904; x_wconf 86' lang='lat' dir='ltr'><strong>Dei</strong></span> <span class='ocrx_word' id='word_1_35' title='bbox 410 854 706 905; x_wconf 81' lang='lat' dir='ltr'><strong>annuente</strong></span> <span class='ocrx_word' id='word_1_36' title='bbox 737 849 926 922; x_wconf 81' lang='lat' dir='ltr'><strong>gratia</strong></span> <span class='ocrx_word' id='word_1_37' title='bbox 954 849 1175 920; x_wconf 77' lang='lat' dir='ltr'><strong>abbati,</strong></span> <span class='ocrx_word' id='word_1_38' title='bbox 1209 848 1305 904; x_wconf 86' lang='lat' dir='ltr'><strong>ille</strong></span> <span class='ocrx_word' id='word_1_39' title='bbox 1324 849 1476 904; x_wconf 90' lang='lat' dir='ltr'><strong>dono</strong></span> <span class='ocrx_word' id='word_1_40' title='bbox 1499 851 1554 902; x_wconf 90' lang='lat' dir='ltr'><strong>et</strong></span> <span class='ocrx_word' id='word_1_41' title='bbox 1581 845 1808 902; x_wconf 90' lang='lat' dir='ltr'><strong>miseri-</strong></span> 
     </span>
    </p>
   </div>
   <div class='ocr_carea' id='block_1_9' title="bbox 145 935 1808 1011">
    <p class='ocr_par' dir='ltr' id='par_1_9' title="bbox 145 935 1808 1011">
     <span class='ocr_line' id='line_1_9' title="bbox 145 935 1808 1011; baseline -0.004 -16"><span class='ocrx_word' id='word_1_42' title='bbox 145 936 353 995; x_wconf 84' lang='lat' dir='ltr'><strong>cOrdia</strong></span> <span class='ocrx_word' id='word_1_43' title='bbox 379 938 480 994; x_wconf 85' lang='lat' dir='ltr'><strong>Dei</strong></span> <span class='ocrx_word' id='word_1_44' title='bbox 509 938 793 1011; x_wconf 78' lang='lat' dir='ltr'><strong>largiente</strong></span> <span class='ocrx_word' id='word_1_45' title='bbox 825 938 1006 994; x_wconf 80' lang='lat' dir='ltr'><strong>abbas</strong></span> <span class='ocrx_word' id='word_1_46' title='bbox 1039 953 1353 1010; x_wconf 86' lang='lat' dir='ltr'><strong>perennem</strong></span> <span class='ocrx_word' id='word_1_47' title='bbox 1388 937 1446 992; x_wconf 89' lang='lat' dir='ltr'><strong>in</strong></span> <span class='ocrx_word' id='word_1_48' title='bbox 1480 936 1597 992; x_wconf 91' lang='lat' dir='ltr'><strong>Deo</strong></span> <span class='ocrx_word' id='word_1_49' title='bbox 1642 935 1808 990; x_wconf 80' lang='lat' dir='ltr'><strong>Patre</strong></span> 
     </span>
    </p>
   </div>
   <div class='ocr_carea' id='block_1_10' title="bbox 149 1024 1806 1100">
    <p class='ocr_par' dir='ltr' id='par_1_10' title="bbox 149 1024 1806 1100">
     <span class='ocr_line' id='line_1_10' title="bbox 149 1024 1806 1100; baseline -0.004 -16"><span class='ocrx_word' id='word_1_50' title='bbox 149 1028 432 1084; x_wconf 81' lang='lat' dir='ltr'><strong>salutem.</strong></span> <span class='ocrx_word' id='word_1_51' title='bbox 483 1027 810 1100; x_wconf 87' lang='lat' dir='ltr'><strong>Cognoscat</strong></span> <span class='ocrx_word' id='word_1_52' title='bbox 854 1029 1191 1083; x_wconf 78' lang='lat' dir='ltr'><strong>fraternitas</strong></span> <span class='ocrx_word' id='word_1_53' title='bbox 1237 1031 1428 1082; x_wconf 86' lang='lat' dir='ltr'><strong>vestra</strong></span> <span class='ocrx_word' id='word_1_54' title='bbox 1470 1026 1527 1079; x_wconf 93' lang='lat' dir='ltr'><strong>in</strong></span> <span class='ocrx_word' id='word_1_55' title='bbox 1576 1024 1806 1079; x_wconf 89' lang='lat' dir='ltr'><strong>Christo</strong></span> 
     </span>
    </p>
   </div>
   <div class='ocr_carea' id='block_1_11' title="bbox 144 1112 1804 1187">
    <p class='ocr_par' dir='ltr' id='par_1_11' title="bbox 144 1112 1804 1187">
     <span class='ocr_line' id='line_1_11' title="bbox 144 1112 1804 1187; baseline -0.002 -14"><span class='ocrx_word' id='word_1_56' title='bbox 144 1116 438 1173; x_wconf 86' lang='lat' dir='ltr'><strong>oracionis</strong></span> <span class='ocrx_word' id='word_1_57' title='bbox 466 1115 652 1172; x_wconf 80' lang='lat' dir='ltr'><strong>nostri</strong></span> <span class='ocrx_word' id='word_1_58' title='bbox 685 1115 946 1172; x_wconf 89' lang='lat' dir='ltr'><strong>studium</strong></span> <span class='ocrx_word' id='word_1_59' title='bbox 969 1115 1063 1172; x_wconf 90' lang='lat' dir='ltr'><strong>die</strong></span> <span class='ocrx_word' id='word_1_60' title='bbox 1088 1119 1383 1187; x_wconf 90' lang='lat' dir='ltr'><strong>noctuque</strong></span> <span class='ocrx_word' id='word_1_61' title='bbox 1405 1131 1509 1186; x_wconf 90' lang='lat' dir='ltr'><strong>pro</strong></span> <span class='ocrx_word' id='word_1_62' title='bbox 1531 1113 1695 1169; x_wconf 87' lang='lat' dir='ltr'><strong>vobis</strong></span> <span class='ocrx_word' id='word_1_63' title='bbox 1715 1112 1804 1170; x_wconf 89' lang='lat' dir='ltr'><strong>in-</strong></span> 
     </span>
    </p>
   </div>
   <div class='ocr_carea' id='block_1_12' title="bbox 144 1201 1806 1278">
    <p class='ocr_par' dir='ltr' id='par_1_12' title="bbox 144 1201 1806 1278">
     <span class='ocr_line' id='line_1_12' title="bbox 144 1201 1806 1278; baseline -0.003 -17"><span class='ocrx_word' id='word_1_64' title='bbox 144 1205 490 1261; x_wconf 72' lang='lat' dir='ltr'><strong>desinenter</strong></span> <span class='ocrx_word' id='word_1_65' title='bbox 514 1209 734 1270; x_wconf 86' lang='lat' dir='ltr'><strong>actum,</strong></span> <span class='ocrx_word' id='word_1_66' title='bbox 767 1210 1032 1278; x_wconf 73' lang='lat' dir='ltr'><strong>petentes</strong></span> <span class='ocrx_word' id='word_1_67' title='bbox 1057 1210 1123 1259; x_wconf 90' lang='lat' dir='ltr'><strong>ut</strong></span> <span class='ocrx_word' id='word_1_68' title='bbox 1152 1209 1210 1260; x_wconf 90' lang='lat' dir='ltr'><strong>et</strong></span> <span class='ocrx_word' id='word_1_69' title='bbox 1238 1205 1422 1276; x_wconf 86' lang='lat' dir='ltr'><strong>hujus</strong></span> <span class='ocrx_word' id='word_1_70' title='bbox 1448 1204 1563 1258; x_wconf 85' lang='lat' dir='ltr'><strong>vite</strong></span> <span class='ocrx_word' id='word_1_71' title='bbox 1586 1203 1666 1258; x_wconf 90' lang='lat' dir='ltr'><strong>ita</strong></span> <span class='ocrx_word' id='word_1_72' title='bbox 1685 1201 1806 1257; x_wconf 85' lang='lat' dir='ltr'><strong>feli-</strong></span> 
     </span>
    </p>
   </div>
   <div class='ocr_carea' id='block_1_13' title="bbox 145 1289 1800 1367">
    <p class='ocr_par' dir='ltr' id='par_1_13' title="bbox 145 1289 1800 1367">
     <span class='ocr_line' id='line_1_13' title="bbox 145 1289 1800 1367; baseline -0.001 -17"><span class='ocrx_word' id='word_1_73' title='bbox 145 1295 291 1350; x_wconf 86' lang='lat' dir='ltr'><strong>citer</strong></span> <span class='ocrx_word' id='word_1_74' title='bbox 311 1293 371 1349; x_wconf 88' lang='lat' dir='ltr'><strong>in</strong></span> <span class='ocrx_word' id='word_1_75' title='bbox 389 1293 632 1349; x_wconf 90' lang='lat' dir='ltr'><strong>Domino</strong></span> <span class='ocrx_word' id='word_1_76' title='bbox 650 1294 942 1367; x_wconf 87' lang='lat' dir='ltr'><strong>peragatis</strong></span> <span class='ocrx_word' id='word_1_77' title='bbox 961 1309 1222 1362; x_wconf 87' lang='lat' dir='ltr'><strong>cursum,</strong></span> <span class='ocrx_word' id='word_1_78' title='bbox 1247 1297 1538 1365; x_wconf 83' lang='lat' dir='ltr'><strong>quatenus</strong></span> <span class='ocrx_word' id='word_1_79' title='bbox 1557 1289 1800 1348; x_wconf 81' lang='lat' dir='ltr'><strong>valeatis</strong></span> 
     </span>
    </p>
   </div>
   <div class='ocr_carea' id='block_1_14' title="bbox 146 1380 1798 1455">
    <p class='ocr_par' dir='ltr' id='par_1_14' title="bbox 146 1380 1798 1455">
     <span class='ocr_line' id='line_1_14' title="bbox 146 1380 1798 1455; baseline -0.002 -18"><span class='ocrx_word' id='word_1_80' title='bbox 146 1387 361 1438; x_wconf 72' lang='lat' dir='ltr'><strong>aeterne</strong></span> <span class='ocrx_word' id='word_1_81' title='bbox 391 1382 588 1438; x_wconf 88' lang='lat' dir='ltr'><strong>venire</strong></span> <span class='ocrx_word' id='word_1_82' title='bbox 617 1381 912 1438; x_wconf 88' lang='lat' dir='ltr'><strong>felicitatis</strong></span> <span class='ocrx_word' id='word_1_83' title='bbox 942 1382 1253 1455; x_wconf 87' lang='lat' dir='ltr'><strong>premium.</strong></span> <span class='ocrx_word' id='word_1_84' title='bbox 1300 1380 1520 1436; x_wconf 85' lang='lat' dir='ltr'><strong>Deinde</strong></span> <span class='ocrx_word' id='word_1_85' title='bbox 1567 1396 1798 1436; x_wconf 87' lang='lat' dir='ltr'><strong>ammo-</strong></span> 
     </span>
    </p>
   </div>
   <div class='ocr_carea' id='block_1_15' title="bbox 143 1467 1794 1543">
    <p class='ocr_par' dir='ltr' id='par_1_15' title="bbox 143 1467 1794 1543">
     <span class='ocr_line' id='line_1_15' title="bbox 143 1467 1794 1543; baseline -0.002 -17"><span class='ocrx_word' id='word_1_86' title='bbox 143 1476 352 1528; x_wconf 86' lang='lat' dir='ltr'><strong>nentes</strong></span> <span class='ocrx_word' id='word_1_87' title='bbox 370 1476 436 1526; x_wconf 89' lang='lat' dir='ltr'><strong>ut</strong></span> <span class='ocrx_word' id='word_1_88' title='bbox 450 1471 635 1526; x_wconf 84' lang='lat' dir='ltr'><strong>nostri</strong></span> <span class='ocrx_word' id='word_1_89' title='bbox 655 1467 945 1526; x_wconf 85' lang='lat' dir='ltr'><strong>memores</strong></span> <span class='ocrx_word' id='word_1_90' title='bbox 961 1487 1090 1527; x_wconf 89' lang='lat' dir='ltr'><strong>esse</strong></span> <span class='ocrx_word' id='word_1_91' title='bbox 1111 1469 1434 1543; x_wconf 83' lang='lat' dir='ltr'><strong>dignemini</strong></span> <span class='ocrx_word' id='word_1_92' title='bbox 1460 1470 1516 1524; x_wconf 91' lang='lat' dir='ltr'><strong>in</strong></span> <span class='ocrx_word' id='word_1_93' title='bbox 1540 1467 1794 1537; x_wconf 79' lang='lat' dir='ltr'><strong>Christo,</strong></span> 
     </span>
    </p>
   </div>
   <div class='ocr_carea' id='block_1_16' title="bbox 141 1557 1801 1631">
    <p class='ocr_par' dir='ltr' id='par_1_16' title="bbox 141 1557 1801 1631">
     <span class='ocr_line' id='line_1_16' title="bbox 141 1557 1801 1631; baseline -0.002 -17"><span class='ocrx_word' id='word_1_94' title='bbox 141 1565 200 1616; x_wconf 86' lang='lat' dir='ltr'><strong>et</strong></span> <span class='ocrx_word' id='word_1_95' title='bbox 229 1559 448 1615; x_wconf 88' lang='lat' dir='ltr'><strong>librum</strong></span> <span class='ocrx_word' id='word_1_96' title='bbox 483 1562 555 1615; x_wconf 79' lang='lat' dir='ltr'><strong>De</strong></span> <span class='ocrx_word' id='word_1_97' title='bbox 581 1562 798 1615; x_wconf 75' lang='lat' dir='ltr'><strong>civitate</strong></span> <span class='ocrx_word' id='word_1_98' title='bbox 828 1561 926 1614; x_wconf 77' lang='lat' dir='ltr'><strong>Dei</strong></span> <span class='ocrx_word' id='word_1_99' title='bbox 955 1559 1164 1615; x_wconf 81' lang='lat' dir='ltr'><strong>obnixe</strong></span> <span class='ocrx_word' id='word_1_100' title='bbox 1211 1557 1547 1631; x_wconf 81' lang='lat' dir='ltr'><strong>ﬂagitamus</strong></span> <span class='ocrx_word' id='word_1_101' title='bbox 1583 1560 1801 1628; x_wconf 87' lang='lat' dir='ltr'><strong>prestet</strong></span> 
     </span>
    </p>
   </div>
   <div class='ocr_carea' id='block_1_17' title="bbox 143 1647 1800 1721">
    <p class='ocr_par' dir='ltr' id='par_1_17' title="bbox 143 1647 1800 1721">
     <span class='ocr_line' id='line_1_17' title="bbox 143 1647 1800 1721; baseline -0.002 -18"><span class='ocrx_word' id='word_1_102' title='bbox 143 1648 317 1704; x_wconf 89' lang='lat' dir='ltr'><strong>nobis</strong></span> <span class='ocrx_word' id='word_1_103' title='bbox 347 1648 563 1704; x_wconf 88' lang='lat' dir='ltr'><strong>caritas</strong></span> <span class='ocrx_word' id='word_1_104' title='bbox 596 1649 847 1721; x_wconf 82' lang='lat' dir='ltr'><strong>pectoris</strong></span> <span class='ocrx_word' id='word_1_105' title='bbox 877 1648 1082 1716; x_wconf 87' lang='lat' dir='ltr'><strong>vestri;</strong></span> <span class='ocrx_word' id='word_1_106' title='bbox 1116 1665 1218 1720; x_wconf 92' lang='lat' dir='ltr'><strong>per</strong></span> <span class='ocrx_word' id='word_1_107' title='bbox 1249 1647 1530 1702; x_wconf 89' lang='lat' dir='ltr'><strong>nuncium</strong></span> <span class='ocrx_word' id='word_1_108' title='bbox 1557 1650 1616 1702; x_wconf 93' lang='lat' dir='ltr'><strong>et</strong></span> <span class='ocrx_word' id='word_1_109' title='bbox 1665 1661 1800 1717; x_wconf 90' lang='lat' dir='ltr'><strong>por-</strong></span> 
     </span>
    </p>
   </div>
   <div class='ocr_carea' id='block_1_18' title="bbox 138 1734 1799 1810">
    <p class='ocr_par' dir='ltr' id='par_1_18' title="bbox 138 1734 1799 1810">
     <span class='ocr_line' id='line_1_18' title="bbox 138 1734 1799 1810; baseline -0.004 -16"><span class='ocrx_word' id='word_1_110' title='bbox 138 1743 389 1794; x_wconf 84' lang='lat' dir='ltr'><strong>tatorem</strong></span> <span class='ocrx_word' id='word_1_111' title='bbox 422 1737 670 1792; x_wconf 88' lang='lat' dir='ltr'><strong>istorum</strong></span> <span class='ocrx_word' id='word_1_112' title='bbox 704 1737 938 1809; x_wconf 88' lang='lat' dir='ltr'><strong>apicum</strong></span> <span class='ocrx_word' id='word_1_113' title='bbox 968 1737 1272 1810; x_wconf 80' lang='lat' dir='ltr'><strong>pervenire</strong></span> <span class='ocrx_word' id='word_1_114' title='bbox 1304 1735 1476 1791; x_wconf 85' lang='lat' dir='ltr'><strong>faciat</strong></span> <span class='ocrx_word' id='word_1_115' title='bbox 1497 1734 1690 1806; x_wconf 87' lang='lat' dir='ltr'><strong>jussio</strong></span> <span class='ocrx_word' id='word_1_116' title='bbox 1709 1749 1799 1789; x_wconf 91' lang='lat' dir='ltr'><strong>ve-</strong></span> 
     </span>
    </p>
   </div>
   <div class='ocr_carea' id='block_1_19' title="bbox 139 1823 1797 1898">
    <p class='ocr_par' dir='ltr' id='par_1_19' title="bbox 139 1823 1797 1898">
     <span class='ocr_line' id='line_1_19' title="bbox 139 1823 1797 1898; baseline -0.003 -16"><span class='ocrx_word' id='word_1_117' title='bbox 139 1831 285 1896; x_wconf 80' lang='lat' dir='ltr'><strong>stra,</strong></span> <span class='ocrx_word' id='word_1_118' title='bbox 318 1831 376 1882; x_wconf 88' lang='lat' dir='ltr'><strong>et</strong></span> <span class='ocrx_word' id='word_1_119' title='bbox 404 1825 514 1882; x_wconf 89' lang='lat' dir='ltr'><strong>hoc</strong></span> <span class='ocrx_word' id='word_1_120' title='bbox 540 1825 781 1898; x_wconf 86' lang='lat' dir='ltr'><strong>vulgare</strong></span> <span class='ocrx_word' id='word_1_121' title='bbox 829 1826 1198 1898; x_wconf 86' lang='lat' dir='ltr'><strong>proverbium</strong></span> <span class='ocrx_word' id='word_1_122' title='bbox 1247 1825 1572 1881; x_wconf 88' lang='lat' dir='ltr'><strong>secundum</strong></span> <span class='ocrx_word' id='word_1_123' title='bbox 1617 1823 1797 1895; x_wconf 88' lang='lat' dir='ltr'><strong>hujus</strong></span> 
     </span>
    </p>
   </div>
   <div class='ocr_carea' id='block_1_20' title="bbox 141 1912 1365 1986">
    <p class='ocr_par' dir='ltr' id='par_1_20' title="bbox 141 1912 1365 1986">
     <span class='ocr_line' id='line_1_20' title="bbox 141 1912 1365 1986; baseline -0.002 -15"><span class='ocrx_word' id='word_1_124' title='bbox 141 1914 490 1971; x_wconf 78' lang='lat' dir='ltr'><strong>rusticitatis</strong></span> <span class='ocrx_word' id='word_1_125' title='bbox 518 1912 781 1986; x_wconf 81' lang='lat' dir='ltr'><strong>linguam</strong></span> <span class='ocrx_word' id='word_1_126' title='bbox 813 1913 1066 1986; x_wconf 89' lang='lat' dir='ltr'><strong>accipias</strong></span> <span class='ocrx_word' id='word_1_127' title='bbox 1097 1918 1154 1970; x_wconf 92' lang='lat' dir='ltr'><strong>et</strong></span> <span class='ocrx_word' id='word_1_128' title='bbox 1182 1913 1365 1969; x_wconf 86' lang='lat' dir='ltr'><strong>scias:</strong></span> 
     </span>
    </p>
   </div>
   <div class='ocr_carea' id='block_1_21' title="bbox 214 2002 1723 2074">
    <p class='ocr_par' dir='ltr' id='par_1_21' title="bbox 214 2002 1723 2074">
     <span class='ocr_line' id='line_1_21' title="bbox 214 2002 1723 2074; baseline 0.001 -20"><span class='ocrx_word' id='word_1_129' title='bbox 214 2025 241 2054; x_wconf 82' lang='lat'><strong>«</strong></span> <span class='ocrx_word' id='word_1_130' title='bbox 272 2004 360 2059; x_wconf 86' lang='lat' dir='ltr'><strong>Sit</strong></span> <span class='ocrx_word' id='word_1_131' title='bbox 390 2002 551 2059; x_wconf 87' lang='lat' dir='ltr'><strong>salus</strong></span> <span class='ocrx_word' id='word_1_132' title='bbox 581 2007 755 2074; x_wconf 89' lang='lat' dir='ltr'><strong>atque</strong></span> <span class='ocrx_word' id='word_1_133' title='bbox 787 2004 964 2059; x_wconf 86' lang='lat' dir='ltr'><strong>decus</strong></span> <span class='ocrx_word' id='word_1_134' title='bbox 997 2008 1188 2058; x_wconf 88' lang='lat' dir='ltr'><strong>tecum</strong></span> <span class='ocrx_word' id='word_1_135' title='bbox 1223 2003 1434 2074; x_wconf 87' lang='lat' dir='ltr'><strong>pietate</strong></span> <span class='ocrx_word' id='word_1_136' title='bbox 1460 2005 1723 2073; x_wconf 88' lang='lat' dir='ltr'><strong>paterna,</strong></span> 
     </span>
    </p>
   </div>
   <div class='ocr_carea' id='block_1_22' title="bbox 249 2087 1763 2164">
    <p class='ocr_par' dir='ltr' id='par_1_22' title="bbox 249 2087 1763 2164">
     <span class='ocr_line' id='line_1_22' title="bbox 249 2087 1763 2164; baseline -0.003 -16"><span class='ocrx_word' id='word_1_137' title='bbox 249 2115 277 2143; x_wconf 77' lang='grc' dir='ltr'>α</span> <span class='ocrx_word' id='word_1_138' title='bbox 309 2091 398 2148; x_wconf 89' lang='lat' dir='ltr'><strong>Sit</strong></span> <span class='ocrx_word' id='word_1_139' title='bbox 427 2091 534 2147; x_wconf 87' lang='lat' dir='ltr'><strong>tibi</strong></span> <span class='ocrx_word' id='word_1_140' title='bbox 567 2087 876 2164; x_wconf 82' lang='lat' dir='ltr'><strong>paciﬁcum</strong></span> <span class='ocrx_word' id='word_1_141' title='bbox 910 2095 1144 2163; x_wconf 89' lang='lat' dir='ltr'><strong>tempus</strong></span> <span class='ocrx_word' id='word_1_142' title='bbox 1176 2096 1233 2146; x_wconf 93' lang='lat' dir='ltr'><strong>et</strong></span> <span class='ocrx_word' id='word_1_143' title='bbox 1256 2106 1429 2146; x_wconf 91' lang='lat' dir='ltr'><strong>omne</strong></span> <span class='ocrx_word' id='word_1_144' title='bbox 1465 2090 1706 2145; x_wconf 90' lang='lat' dir='ltr'><strong>bonum.</strong></span> <span class='ocrx_word' id='word_1_145' title='bbox 1733 2111 1763 2138; x_wconf 89' lang='lat'>»</span> 
     </span>
    </p>
   </div>
   <div class='ocr_carea' id='block_1_23' title="bbox 851 2180 1085 2236">
    <p class='ocr_par' dir='ltr' id='par_1_23' title="bbox 851 2180 1085 2236">
     <span class='ocr_line' id='line_1_23' title="bbox 851 2180 1085 2236; baseline 0 -2"><span class='ocrx_word' id='word_1_146' title='bbox 851 2180 1085 2236; x_wconf 76' lang='lat' dir='ltr'><strong>XXXlX.</strong></span> 
     </span>
    </p>
   </div>
   <div class='ocr_carea' id='block_1_24' title="bbox 773 2285 1164 2328">
    <p class='ocr_par' dir='ltr' id='par_1_24' title="bbox 773 2285 1164 2328">
     <span class='ocr_line' id='line_1_24' title="bbox 773 2285 1164 2328; baseline -0.005 -2"><span class='ocrx_word' id='word_1_147' title='bbox 773 2286 846 2326; x_wconf 80' lang='lat' dir='ltr'><strong>AD</strong></span> <span class='ocrx_word' id='word_1_148' title='bbox 877 2285 1164 2328; x_wconf 70' lang='grc' dir='ltr'><strong>ΑΒΒΛΤΒΜ.</strong></span> 
     </span>
    </p>
   </div>
   <div class='ocr_carea' id='block_1_25' title="bbox 214 2357 1804 2431">
    <p class='ocr_par' dir='ltr' id='par_1_25' title="bbox 214 2357 1804 2431">
     <span class='ocr_line' id='line_1_25' title="bbox 214 2357 1804 2431; baseline -0.003 -16"><span class='ocrx_word' id='word_1_149' title='bbox 214 2358 316 2416; x_wconf 87' lang='lat' dir='ltr'><strong>Ille</strong></span> <span class='ocrx_word' id='word_1_150' title='bbox 347 2358 614 2431; x_wconf 83' lang='lat' dir='ltr'><strong>exiguus,</strong></span> <span class='ocrx_word' id='word_1_151' title='bbox 647 2357 730 2413; x_wconf 89' lang='lat' dir='ltr'><strong>illi</strong></span> <span class='ocrx_word' id='word_1_152' title='bbox 765 2358 957 2414; x_wconf 89' lang='lat' dir='ltr'><strong>abbati</strong></span> <span class='ocrx_word' id='word_1_153' title='bbox 984 2362 1040 2412; x_wconf 92' lang='lat' dir='ltr'><strong>et</strong></span> <span class='ocrx_word' id='word_1_154' title='bbox 1064 2357 1391 2412; x_wconf 90' lang='lat' dir='ltr'><strong>amicorum</strong></span> <span class='ocrx_word' id='word_1_155' title='bbox 1411 2373 1676 2412; x_wconf 88' lang='lat' dir='ltr'><strong>meorum</strong></span> <span class='ocrx_word' id='word_1_156' title='bbox 1704 2357 1804 2410; x_wconf 82' lang='lat' dir='ltr'><strong>ka-</strong></span> 
     </span>
    </p>
   </div>
   <div class='ocr_carea' id='block_1_26' title="bbox 139 2442 1806 2526">
    <p class='ocr_par' dir='ltr' id='par_1_26' title="bbox 139 2442 1806 2526">
     <span class='ocr_line' id='line_1_26' title="bbox 139 2442 1806 2526; baseline -0.003 -21"><span class='ocrx_word' id='word_1_157' title='bbox 139 2448 376 2505; x_wconf 88' lang='lat' dir='ltr'><strong>rissimo</strong></span> <span class='ocrx_word' id='word_1_158' title='bbox 405 2442 704 2520; x_wconf 80' lang='lat' dir='ltr'><strong>copiosam</strong></span> <span class='ocrx_word' id='word_1_159' title='bbox 737 2446 797 2502; x_wconf 91' lang='lat' dir='ltr'><strong>in</strong></span> <span class='ocrx_word' id='word_1_160' title='bbox 828 2446 1057 2502; x_wconf 85' lang='lat' dir='ltr'><strong>Christo</strong></span> <span class='ocrx_word' id='word_1_161' title='bbox 1086 2445 1571 2526; x_wconf 56' lang='lat' dir='ltr'><strong>salutemltecepi</strong></span> <span class='ocrx_word' id='word_1_162' title='bbox 1617 2448 1806 2500; x_wconf 81' lang='lat' dir='ltr'><strong>vestro</strong></span> 
     </span>
    </p>
   </div>
   <div class='ocr_carea' id='block_1_27' title="bbox 141 2532 1809 2608">
    <p class='ocr_par' dir='ltr' id='par_1_27' title="bbox 141 2532 1809 2608">
     <span class='ocr_line' id='line_1_27' title="bbox 141 2532 1809 2608; baseline -0.003 -15"><span class='ocrx_word' id='word_1_163' title='bbox 141 2533 472 2593; x_wconf 85' lang='lat' dir='ltr'><strong>dulcedinis</strong></span> <span class='ocrx_word' id='word_1_164' title='bbox 496 2535 808 2604; x_wconf 86' lang='lat' dir='ltr'><strong>litterulas,</strong></span> <span class='ocrx_word' id='word_1_165' title='bbox 829 2553 977 2608; x_wconf 89' lang='lat' dir='ltr'><strong>quas</strong></span> <span class='ocrx_word' id='word_1_166' title='bbox 996 2533 1237 2608; x_wconf 71' lang='lat' dir='ltr'><strong>preseiis</strong></span> <span class='ocrx_word' id='word_1_167' title='bbox 1255 2532 1403 2590; x_wconf 86' lang='lat' dir='ltr'><strong>lator</strong></span> <span class='ocrx_word' id='word_1_168' title='bbox 1422 2533 1730 2601; x_wconf 86' lang='lat' dir='ltr'><strong>detulerat,</strong></span> <span class='ocrx_word' id='word_1_169' title='bbox 1751 2539 1809 2589; x_wconf 91' lang='lat' dir='ltr'><strong>et</strong></span> 
     </span>
    </p>
   </div>
   <div class='ocr_carea' id='block_1_28' title="bbox 140 2623 1805 2698">
    <p class='ocr_par' dir='ltr' id='par_1_28' title="bbox 140 2623 1805 2698">
     <span class='ocr_line' id='line_1_28' title="bbox 140 2623 1805 2698; baseline -0.001 -18"><span class='ocrx_word' id='word_1_170' title='bbox 140 2625 401 2682; x_wconf 84' lang='lat' dir='ltr'><strong>intellexi</strong></span> <span class='ocrx_word' id='word_1_171' title='bbox 446 2641 675 2698; x_wconf 88' lang='lat' dir='ltr'><strong>queque</strong></span> <span class='ocrx_word' id='word_1_172' title='bbox 723 2625 1121 2681; x_wconf 88' lang='lat' dir='ltr'><strong>continebant.</strong></span> <span class='ocrx_word' id='word_1_173' title='bbox 1181 2624 1290 2678; x_wconf 87' lang='lat' dir='ltr'><strong>Sed</strong></span> <span class='ocrx_word' id='word_1_174' title='bbox 1343 2623 1571 2679; x_wconf 89' lang='lat' dir='ltr'><strong>mittam</strong></span> <span class='ocrx_word' id='word_1_175' title='bbox 1617 2623 1805 2689; x_wconf 88' lang='lat' dir='ltr'><strong>vobis,</strong></span> 
     </span>
    </p>
   </div>
   <div class='ocr_carea' id='block_1_29' title="bbox 147 2710 1810 2787">
    <p class='ocr_par' dir='ltr' id='par_1_29' title="bbox 147 2710 1810 2787">
     <span class='ocr_line' id='line_1_29' title="bbox 147 2710 1810 2787; baseline -0.003 -16"><span class='ocrx_word' id='word_1_176' title='bbox 147 2732 284 2772; x_wconf 88' lang='lat' dir='ltr'><strong>cum</strong></span> <span class='ocrx_word' id='word_1_177' title='bbox 317 2714 489 2770; x_wconf 87' lang='lat' dir='ltr'><strong>citius</strong></span> <span class='ocrx_word' id='word_1_178' title='bbox 521 2715 743 2787; x_wconf 86' lang='lat' dir='ltr'><strong>potero,</strong></span> <span class='ocrx_word' id='word_1_179' title='bbox 776 2713 944 2770; x_wconf 90' lang='lat' dir='ltr'><strong>illum</strong></span> <span class='ocrx_word' id='word_1_180' title='bbox 977 2727 1355 2769; x_wconf 78' lang='lat' dir='ltr'><strong>communem</strong></span> <span class='ocrx_word' id='word_1_181' title='bbox 1400 2710 1654 2778; x_wconf 81' lang='lat' dir='ltr'><strong>fidelem,</strong></span> <span class='ocrx_word' id='word_1_182' title='bbox 1708 2728 1810 2784; x_wconf 90' lang='lat' dir='ltr'><strong>per</strong></span> 
     </span>
    </p>
   </div>
   <div class='ocr_carea' id='block_1_30' title="bbox 150 2791 1809 2876">
    <p class='ocr_par' dir='ltr' id='par_1_30' title="bbox 150 2791 1809 2876">
     <span class='ocr_line' id='line_1_30' title="bbox 150 2791 1809 2876; baseline -0.002 -16"><span class='ocrx_word' id='word_1_183' title='bbox 150 2819 328 2876; x_wconf 84' lang='lat' dir='ltr'><strong>quem</strong></span> <span class='ocrx_word' id='word_1_184' title='bbox 352 2803 746 2860; x_wconf 88' lang='lat' dir='ltr'><strong>conditionem</strong></span> <span class='ocrx_word' id='word_1_185' title='bbox 773 2802 1048 2859; x_wconf 90' lang='lat' dir='ltr'><strong>emtionis</strong></span> <span class='ocrx_word' id='word_1_186' title='bbox 1071 2800 1436 2875; x_wconf 90' lang='lat' dir='ltr'><strong>pelliciarum</strong></span> <span class='ocrx_word' id='word_1_187' title='bbox 1457 2804 1515 2856; x_wconf 92' lang='lat' dir='ltr'><strong>et</strong></span> <span class='ocrx_word' id='word_1_188' title='bbox 1535 2800 1669 2867; x_wconf 91' lang='lat' dir='ltr'><strong>alia,</strong></span> <span class='ocrx_word' id='word_1_189' title='bbox 1696 2791 1809 2872; x_wconf 88' lang='lat' dir='ltr'><strong>que</strong></span> 
     </span>
    </p>
   </div>
   <div class='ocr_carea' id='block_1_31' title="bbox 155 2889 1812 2960">
    <p class='ocr_par' dir='ltr' id='par_1_31' title="bbox 155 2889 1812 2960">
     <span class='ocr_line' id='line_1_31' title="bbox 155 2889 1812 2960; baseline -0.002 -12"><span class='ocrx_word' id='word_1_190' title='bbox 155 2889 416 2960; x_wconf 84' lang='lat' dir='ltr'><strong>voluero,</strong></span> <span class='ocrx_word' id='word_1_191' title='bbox 449 2891 821 2948; x_wconf 81' lang='lat' dir='ltr'><strong>remandabo.</strong></span> <span class='ocrx_word' id='word_1_192' title='bbox 859 2890 1128 2947; x_wconf 88' lang='lat' dir='ltr'><strong>Gratulor</strong></span> <span class='ocrx_word' id='word_1_193' title='bbox 1149 2889 1305 2947; x_wconf 91' lang='lat' dir='ltr'><strong>enim</strong></span> <span class='ocrx_word' id='word_1_194' title='bbox 1330 2889 1501 2944; x_wconf 86' lang='lat' dir='ltr'><strong>modo</strong></span> <span class='ocrx_word' id='word_1_195' title='bbox 1523 2893 1717 2945; x_wconf 89' lang='lat' dir='ltr'><strong>certus</strong></span> <span class='ocrx_word' id='word_1_196' title='bbox 1741 2889 1812 2944; x_wconf 85' lang='lat' dir='ltr'><strong>de</strong></span> 
     </span>
    </p>
   </div>
   <div class='ocr_carea' id='block_1_32' title="bbox 157 2977 1811 3054">
    <p class='ocr_par' dir='ltr' id='par_1_32' title="bbox 157 2977 1811 3054">
     <span class='ocr_line' id='line_1_32' title="bbox 157 2977 1811 3054; baseline -0.003 -17"><span class='ocrx_word' id='word_1_197' title='bbox 157 2986 261 3037; x_wconf 87' lang='lat' dir='ltr'><strong>tua</strong></span> <span class='ocrx_word' id='word_1_198' title='bbox 287 2981 590 3054; x_wconf 81' lang='lat' dir='ltr'><strong>sospitate,</strong></span> <span class='ocrx_word' id='word_1_199' title='bbox 624 2995 800 3053; x_wconf 87' lang='lat' dir='ltr'><strong>quam</strong></span> <span class='ocrx_word' id='word_1_200' title='bbox 833 2985 1076 3036; x_wconf 85' lang='lat' dir='ltr'><strong>actenus</strong></span> <span class='ocrx_word' id='word_1_201' title='bbox 1113 2980 1390 3052; x_wconf 87' lang='lat' dir='ltr'><strong>ignorans</strong></span> <span class='ocrx_word' id='word_1_202' title='bbox 1433 2977 1620 3033; x_wconf 85' lang='lat' dir='ltr'><strong>multo</strong></span> <span class='ocrx_word' id='word_1_203' title='bbox 1655 2977 1811 3033; x_wconf 89' lang='lat' dir='ltr'><strong>tedio</strong></span> 
     </span>
    </p>
   </div>
   <div class='ocr_carea' id='block_1_33' title="bbox 154 3068 1811 3142">
    <p class='ocr_par' dir='ltr' id='par_1_33' title="bbox 154 3068 1811 3142">
     <span class='ocr_line' id='line_1_33' title="bbox 154 3068 1811 3142; baseline -0.002 -16"><span class='ocrx_word' id='word_1_204' title='bbox 154 3070 309 3126; x_wconf 87' lang='lat' dir='ltr'><strong>sicut</strong></span> <span class='ocrx_word' id='word_1_205' title='bbox 322 3087 428 3142; x_wconf 90' lang='lat' dir='ltr'><strong>pro</strong></span> <span class='ocrx_word' id='word_1_206' title='bbox 443 3070 726 3126; x_wconf 85' lang='lat' dir='ltr'><strong>unanimo</strong></span> <span class='ocrx_word' id='word_1_207' title='bbox 744 3069 930 3124; x_wconf 89' lang='lat' dir='ltr'><strong>amico</strong></span> <span class='ocrx_word' id='word_1_208' title='bbox 949 3069 1213 3124; x_wconf 84' lang='lat' dir='ltr'><strong>adfectus</strong></span> <span class='ocrx_word' id='word_1_209' title='bbox 1231 3083 1384 3124; x_wconf 90' lang='lat' dir='ltr'><strong>sum.</strong></span> <span class='ocrx_word' id='word_1_210' title='bbox 1409 3068 1596 3131; x_wconf 86' lang='lat' dir='ltr'><strong>Queso</strong></span> <span class='ocrx_word' id='word_1_211' title='bbox 1616 3070 1811 3122; x_wconf 88' lang='lat' dir='ltr'><strong>tamen</strong></span> 
     </span>
    </p>
   </div>
   <div class='ocr_carea' id='block_1_34' title="bbox 153 3155 1804 3228">
    <p class='ocr_par' dir='ltr' id='par_1_34' title="bbox 153 3155 1804 3228">
     <span class='ocr_line' id='line_1_34' title="bbox 153 3155 1804 3228; baseline -0.002 -14"><span class='ocrx_word' id='word_1_212' title='bbox 153 3165 317 3215; x_wconf 88' lang='lat' dir='ltr'><strong>tuam</strong></span> <span class='ocrx_word' id='word_1_213' title='bbox 349 3159 720 3216; x_wconf 87' lang='lat' dir='ltr'><strong>dulcedinem</strong></span> <span class='ocrx_word' id='word_1_214' title='bbox 751 3157 1051 3214; x_wconf 85' lang='lat' dir='ltr'><strong>caritatem</strong></span> <span class='ocrx_word' id='word_1_215' title='bbox 1084 3162 1150 3212; x_wconf 87' lang='lat' dir='ltr'><strong>ut</strong></span> <span class='ocrx_word' id='word_1_216' title='bbox 1177 3156 1539 3228; x_wconf 76' lang='lat' dir='ltr'><strong>frequentius</strong></span> <span class='ocrx_word' id='word_1_217' title='bbox 1567 3155 1804 3228; x_wconf 84' lang='lat' dir='ltr'><strong>scriptis</strong></span> 
     </span>
    </p>
   </div>
   <div class='ocr_carea' id='block_1_35' title="bbox 153 3225 1872 3318">
    <p class='ocr_par' dir='ltr' id='par_1_35' title="bbox 153 3225 1872 3318">
     <span class='ocr_line' id='line_1_35' title="bbox 153 3225 1872 3318; baseline -0.006 -14"><span class='ocrx_word' id='word_1_218' title='bbox 153 3254 211 3304; x_wconf 84' lang='lat' dir='ltr'><strong>et</strong></span> <span class='ocrx_word' id='word_1_219' title='bbox 241 3247 442 3304; x_wconf 84' lang='lat' dir='ltr'><strong>missis</strong></span> <span class='ocrx_word' id='word_1_220' title='bbox 473 3253 677 3304; x_wconf 89' lang='lat' dir='ltr'><strong>mutuo</strong></span> <span class='ocrx_word' id='word_1_221' title='bbox 706 3261 812 3304; x_wconf 89' lang='lat' dir='ltr'><strong>nos</strong></span> <span class='ocrx_word' id='word_1_222' title='bbox 844 3247 1172 3314; x_wconf 89' lang='lat' dir='ltr'><strong>visitemur,</strong></span> <span class='ocrx_word' id='word_1_223' title='bbox 1221 3225 1297 3302; x_wconf 49' lang='lat' dir='ltr'><strong>et_</strong></span> <span class='ocrx_word' id='word_1_224' title='bbox 1325 3261 1441 3301; x_wconf 91' lang='lat' dir='ltr'><strong>non</strong></span> <span class='ocrx_word' id='word_1_225' title='bbox 1488 3225 1801 3318; x_wconf 71' lang='lat' dir='ltr'><strong>sejungant</strong></span> <span class='ocrx_word' id='word_1_226' title='bbox 1828 3225 1872 3294; x_wconf 77' lang='grc' dir='ltr'>Ο</span> 
     </span>
    </p>
   </div>
   <div class='ocr_carea' id='block_1_36' title="bbox 149 3333 1803 3410">
    <p class='ocr_par' dir='ltr' id='par_1_36' title="bbox 149 3333 1803 3410">
     <span class='ocr_line' id='line_1_36' title="bbox 149 3333 1803 3410; baseline -0.003 -18"><span class='ocrx_word' id='word_1_227' title='bbox 149 3337 328 3410; x_wconf 89' lang='lat' dir='ltr'><strong>longa</strong></span> <span class='ocrx_word' id='word_1_228' title='bbox 355 3342 645 3393; x_wconf 89' lang='lat' dir='ltr'><strong>terrarum</strong></span> <span class='ocrx_word' id='word_1_229' title='bbox 669 3336 887 3409; x_wconf 89' lang='lat' dir='ltr'><strong>spacia,</strong></span> <span class='ocrx_word' id='word_1_230' title='bbox 918 3350 1067 3407; x_wconf 91' lang='lat' dir='ltr'><strong>quos</strong></span> <span class='ocrx_word' id='word_1_231' title='bbox 1092 3334 1308 3390; x_wconf 86' lang='lat' dir='ltr'><strong>Christi</strong></span> <span class='ocrx_word' id='word_1_232' title='bbox 1333 3333 1511 3389; x_wconf 88' lang='lat' dir='ltr'><strong>nectit</strong></span> <span class='ocrx_word' id='word_1_233' title='bbox 1531 3349 1716 3388; x_wconf 88' lang='lat' dir='ltr'><strong>amor.</strong></span> <span class='ocrx_word' id='word_1_234' title='bbox 1737 3333 1803 3388; x_wconf 88' lang='lat' dir='ltr'><strong>Et</strong></span> 
     </span>
    </p>
   </div>
   <div class='ocr_carea' id='block_1_37' title="bbox 153 3423 1803 3499">
    <p class='ocr_par' dir='ltr' id='par_1_37' title="bbox 153 3423 1803 3499">
     <span class='ocr_line' id='line_1_37' title="bbox 153 3423 1803 3499; baseline -0.003 -18"><span class='ocrx_word' id='word_1_235' title='bbox 153 3439 293 3499; x_wconf 91' lang='lat' dir='ltr'><strong>rogo</strong></span> <span class='ocrx_word' id='word_1_236' title='bbox 324 3431 379 3481; x_wconf 90' lang='lat' dir='ltr'><strong>te</strong></span> <span class='ocrx_word' id='word_1_237' title='bbox 411 3431 475 3482; x_wconf 87' lang='lat' dir='ltr'><strong>ut</strong></span> <span class='ocrx_word' id='word_1_238' title='bbox 503 3425 767 3481; x_wconf 85' lang='lat' dir='ltr'><strong>istoriam</strong></span> <span class='ocrx_word' id='word_1_239' title='bbox 800 3425 969 3480; x_wconf 89' lang='lat' dir='ltr'><strong>dictis</strong></span> <span class='ocrx_word' id='word_1_240' title='bbox 1001 3441 1210 3480; x_wconf 89' lang='lat' dir='ltr'><strong>nomen</strong></span> <span class='ocrx_word' id='word_1_241' title='bbox 1245 3425 1316 3479; x_wconf 78' lang='lat' dir='ltr'><strong>De</strong></span> <span class='ocrx_word' id='word_1_242' title='bbox 1344 3423 1480 3478; x_wconf 80' lang='lat' dir='ltr'><strong>bello</strong></span> <span class='ocrx_word' id='word_1_243' title='bbox 1503 3423 1803 3493; x_wconf 82' lang='lat' dir='ltr'><strong>Gregorum</strong></span> 
     </span>
    </p>
   </div>
   <div class='ocr_carea' id='block_1_38' title="bbox 150 3511 1801 3587">
    <p class='ocr_par' dir='ltr' id='par_1_38' title="bbox 150 3511 1801 3587">
     <span class='ocr_line' id='line_1_38' title="bbox 150 3511 1801 3587; baseline -0.004 -16"><span class='ocrx_word' id='word_1_244' title='bbox 150 3523 202 3571; x_wconf 81' lang='lat' dir='ltr'><strong>et</strong></span> <span class='ocrx_word' id='word_1_245' title='bbox 235 3517 614 3581; x_wconf 74' lang='lat' dir='ltr'><strong>Troianorum,</strong></span> <span class='ocrx_word' id='word_1_246' title='bbox 648 3531 827 3587; x_wconf 90' lang='lat' dir='ltr'><strong>quam</strong></span> <span class='ocrx_word' id='word_1_247' title='bbox 856 3531 1033 3586; x_wconf 88' lang='lat' dir='ltr'><strong>penes</strong></span> <span class='ocrx_word' id='word_1_248' title='bbox 1064 3519 1119 3568; x_wconf 91' lang='lat' dir='ltr'><strong>te</strong></span> <span class='ocrx_word' id='word_1_249' title='bbox 1141 3511 1430 3578; x_wconf 85' lang='lat' dir='ltr'><strong>novimus,</strong></span> <span class='ocrx_word' id='word_1_250' title='bbox 1457 3511 1801 3567; x_wconf 88' lang='lat' dir='ltr'><strong>transscribi</strong></span> 
     </span>
    </p>
   </div>
   <div class='ocr_carea' id='block_1_39' title="bbox 143 3599 1802 3677">
    <p class='ocr_par' dir='ltr' id='par_1_39' title="bbox 143 3599 1802 3677">
     <span class='ocr_line' id='line_1_39' title="bbox 143 3599 1802 3677; baseline -0.002 -19"><span class='ocrx_word' id='word_1_251' title='bbox 143 3599 358 3677; x_wconf 81' lang='lat' dir='ltr'><strong>jubeas</strong></span> <span class='ocrx_word' id='word_1_252' title='bbox 389 3609 446 3660; x_wconf 91' lang='lat' dir='ltr'><strong>et</strong></span> <span class='ocrx_word' id='word_1_253' title='bbox 474 3621 578 3677; x_wconf 89' lang='lat' dir='ltr'><strong>per</strong></span> <span class='ocrx_word' id='word_1_254' title='bbox 610 3608 1002 3659; x_wconf 87' lang='lat' dir='ltr'><strong>memoratum</strong></span> <span class='ocrx_word' id='word_1_255' title='bbox 1036 3607 1092 3658; x_wconf 89' lang='lat' dir='ltr'><strong>et</strong></span> <span class='ocrx_word' id='word_1_256' title='bbox 1131 3617 1504 3657; x_wconf 90' lang='lat' dir='ltr'><strong>communem</strong></span> <span class='ocrx_word' id='word_1_257' title='bbox 1552 3599 1802 3664; x_wconf 82' lang='lat' dir='ltr'><strong>fidelem,</strong></span> 
     </span>
    </p>
   </div>
   <div class='ocr_carea' id='block_1_40' title="bbox 153 3685 1802 3762">
    <p class='ocr_par' dir='ltr' id='par_1_40' title="bbox 153 3685 1802 3762">
     <span class='ocr_line' id='line_1_40' title="bbox 153 3685 1802 3762; baseline -0.003 -13"><span class='ocrx_word' id='word_1_258' title='bbox 153 3710 288 3750; x_wconf 89' lang='lat' dir='ltr'><strong>cum</strong></span> <span class='ocrx_word' id='word_1_259' title='bbox 323 3694 392 3749; x_wconf 90' lang='lat' dir='ltr'><strong>ad</strong></span> <span class='ocrx_word' id='word_1_260' title='bbox 425 3705 527 3749; x_wconf 90' lang='lat' dir='ltr'><strong>vos</strong></span> <span class='ocrx_word' id='word_1_261' title='bbox 551 3691 786 3761; x_wconf 89' lang='lat' dir='ltr'><strong>misero,</strong></span> <span class='ocrx_word' id='word_1_262' title='bbox 811 3691 980 3748; x_wconf 89' lang='lat' dir='ltr'><strong>nobis</strong></span> <span class='ocrx_word' id='word_1_263' title='bbox 995 3685 1330 3758; x_wconf 89' lang='lat' dir='ltr'><strong>remittatis,</strong></span> <span class='ocrx_word' id='word_1_264' title='bbox 1356 3689 1802 3762; x_wconf 86' lang='lat' dir='ltr'><strong>quianusquam</strong></span> 
     </span>
    </p>
   </div>
   <div class='ocr_carea' id='block_1_41' title="bbox 154 3777 1804 3853">
    <p class='ocr_par' dir='ltr' id='par_1_41' title="bbox 154 3777 1804 3853">
     <span class='ocr_line' id='line_1_41' title="bbox 154 3777 1804 3853; baseline -0.004 -15"><span class='ocrx_word' id='word_1_265' title='bbox 154 3782 318 3838; x_wconf 87' lang='lat' dir='ltr'><strong>illam</strong></span> <span class='ocrx_word' id='word_1_266' title='bbox 351 3781 502 3837; x_wconf 89' lang='lat' dir='ltr'><strong>inter</strong></span> <span class='ocrx_word' id='word_1_267' title='bbox 533 3786 766 3840; x_wconf 86' lang='lat' dir='ltr'><strong>nostros</strong></span> <span class='ocrx_word' id='word_1_268' title='bbox 797 3779 1055 3836; x_wconf 90' lang='lat' dir='ltr'><strong>invenire</strong></span> <span class='ocrx_word' id='word_1_269' title='bbox 1085 3779 1405 3853; x_wconf 84' lang='lat' dir='ltr'><strong>possimus.</strong></span> <span class='ocrx_word' id='word_1_270' title='bbox 1428 3777 1568 3834; x_wconf 85' lang='lat' dir='ltr'><strong>Vale</strong></span> <span class='ocrx_word' id='word_1_271' title='bbox 1591 3779 1650 3832; x_wconf 90' lang='lat' dir='ltr'><strong>in</strong></span> <span class='ocrx_word' id='word_1_272' title='bbox 1689 3778 1804 3833; x_wconf 89' lang='lat' dir='ltr'><strong>Do-</strong></span> 
     </span>
    </p>
   </div>
   <div class='ocr_carea' id='block_1_42' title="bbox 155 3871 1806 3941">
    <p class='ocr_par' dir='ltr' id='par_1_42' title="bbox 155 3871 1806 3941">
     <span class='ocr_line' id='line_1_42' title="bbox 155 3871 1806 3941; baseline -0.002 -15"><span class='ocrx_word' id='word_1_273' title='bbox 155 3872 338 3936; x_wconf 89' lang='lat' dir='ltr'><strong>mino,</strong></span> <span class='ocrx_word' id='word_1_274' title='bbox 353 3871 698 3927; x_wconf 89' lang='lat' dir='ltr'><strong>dulcissime</strong></span> <span class='ocrx_word' id='word_1_275' title='bbox 715 3871 909 3937; x_wconf 80' lang='lat' dir='ltr'><strong>frater,</strong></span> <span class='ocrx_word' id='word_1_276' title='bbox 933 3871 1092 3941; x_wconf 83' lang='lat' dir='ltr'><strong>m[e]i</strong></span> <span class='ocrx_word' id='word_1_277' title='bbox 1113 3884 1354 3941; x_wconf 88' lang='lat' dir='ltr'><strong>semper.</strong></span> <span class='ocrx_word' id='word_1_278' title='bbox 1365 3883 1470 3940; x_wconf 89' lang='lat' dir='ltr'><strong>per</strong></span> <span class='ocrx_word' id='word_1_279' title='bbox 1484 3872 1539 3922; x_wconf 91' lang='lat' dir='ltr'><strong>te</strong></span> <span class='ocrx_word' id='word_1_280' title='bbox 1557 3872 1806 3939; x_wconf 91' lang='lat' dir='ltr'><strong>tuosque</strong></span> 
     </span>
    </p>
   </div>
   <div class='ocr_carea' id='block_1_43' title="bbox 154 3955 1807 4033">
    <p class='ocr_par' dir='ltr' id='par_1_43' title="bbox 154 3955 1807 4033">
     <span class='ocr_line' id='line_1_43' title="bbox 154 3955 1807 4033; baseline -0.003 -17"><span class='ocrx_word' id='word_1_281' title='bbox 154 3960 410 4033; x_wconf 89' lang='lat' dir='ltr'><strong>benigne</strong></span> <span class='ocrx_word' id='word_1_282' title='bbox 435 3976 661 4016; x_wconf 90' lang='lat' dir='ltr'><strong>memor</strong></span> <span class='ocrx_word' id='word_1_283' title='bbox 681 3964 737 4014; x_wconf 89' lang='lat' dir='ltr'><strong>et</strong></span> <span class='ocrx_word' id='word_1_284' title='bbox 759 3959 1096 4032; x_wconf 84' lang='lat' dir='ltr'><strong>diligentem</strong></span> <span class='ocrx_word' id='word_1_285' title='bbox 1116 3962 1170 4013; x_wconf 88' lang='lat' dir='ltr'><strong>te</strong></span> <span class='ocrx_word' id='word_1_286' title='bbox 1187 3957 1385 4030; x_wconf 87' lang='lat' dir='ltr'><strong>dilige,</strong></span> <span class='ocrx_word' id='word_1_287' title='bbox 1410 3962 1467 4011; x_wconf 87' lang='lat' dir='ltr'><strong>et</strong></span> <span class='ocrx_word' id='word_1_288' title='bbox 1483 3956 1635 4012; x_wconf 89' lang='lat' dir='ltr'><strong>Deus</strong></span> <span class='ocrx_word' id='word_1_289' title='bbox 1648 3955 1807 4028; x_wconf 87' lang='lat' dir='ltr'><strong>pacis</strong></span> 
     </span>
    </p>
   </div>
   <div class='ocr_carea' id='block_1_44' title="bbox 156 4050 807 4122">
    <p class='ocr_par' dir='ltr' id='par_1_44' title="bbox 156 4050 807 4122">
     <span class='ocr_line' id='line_1_44' title="bbox 156 4050 807 4122; baseline -0.003 -16"><span class='ocrx_word' id='word_1_290' title='bbox 156 4055 214 4106; x_wconf 91' lang='lat' dir='ltr'><strong>te</strong></span> <span class='ocrx_word' id='word_1_291' title='bbox 244 4051 542 4106; x_wconf 90' lang='lat' dir='ltr'><strong>custodiat</strong></span> <span class='ocrx_word' id='word_1_292' title='bbox 570 4050 807 4122; x_wconf 90' lang='lat' dir='ltr'><strong>ubique.</strong></span> 
     </span>
    </p>
   </div>
   <div class='ocr_carea' id='block_1_45' title="bbox 932 4138 1040 4193">
    <p class='ocr_par' dir='ltr' id='par_1_45' title="bbox 932 4138 1040 4193">
     <span class='ocr_line' id='line_1_45' title="bbox 932 4138 1040 4193; baseline -0.009 0"><span class='ocrx_word' id='word_1_293' title='bbox 932 4138 1040 4193; x_wconf 78' lang='lat' dir='ltr'><strong>XL.</strong></span> 
     </span>
    </p>
   </div>
   <div class='ocr_carea' id='block_1_46' title="bbox 767 4227 1206 4300">
    <p class='ocr_par' dir='ltr' id='par_1_46' title="bbox 767 4227 1206 4300">
     <span class='ocr_line' id='line_1_46' title="bbox 767 4227 1206 4300; baseline -0.005 -17"><span class='ocrx_word' id='word_1_294' title='bbox 767 4229 917 4300; x_wconf 84' lang='lat' dir='ltr'><strong>[Sine</strong></span> <span class='ocrx_word' id='word_1_295' title='bbox 937 4228 1180 4282; x_wconf 83' lang='lat' dir='ltr'><strong>rubrica.</strong></span> <span class='ocrx_word' id='word_1_296' title='bbox 1198 4227 1206 4291; x_wconf 81' lang='lat' dir='ltr'><strong>l</strong></span> 
     </span>
    </p>
   </div>
   <div class='ocr_carea' id='block_1_47' title="bbox 231 4311 1812 4375">
    <p class='ocr_par' dir='ltr' id='par_1_47' title="bbox 231 4311 1812 4375">
     <span class='ocr_line' id='line_1_47' title="bbox 231 4311 1812 4375; baseline -0.004 0"><span class='ocrx_word' id='word_1_297' title='bbox 231 4317 480 4375; x_wconf 88' lang='lat' dir='ltr'><strong>Domino</strong></span> <span class='ocrx_word' id='word_1_298' title='bbox 509 4316 824 4373; x_wconf 81' lang='lat' dir='ltr'><strong>venerabili</strong></span> <span class='ocrx_word' id='word_1_299' title='bbox 856 4315 941 4370; x_wconf 90' lang='lat' dir='ltr'><strong>illi</strong></span> <span class='ocrx_word' id='word_1_300' title='bbox 974 4315 1168 4371; x_wconf 88' lang='lat' dir='ltr'><strong>abbati</strong></span> <span class='ocrx_word' id='word_1_301' title='bbox 1198 4318 1256 4369; x_wconf 91' lang='lat' dir='ltr'><strong>et</strong></span> <span class='ocrx_word' id='word_1_302' title='bbox 1285 4313 1569 4369; x_wconf 86' lang='lat' dir='ltr'><strong>fratribus</strong></span> <span class='ocrx_word' id='word_1_303' title='bbox 1592 4311 1812 4369; x_wconf 89' lang='lat' dir='ltr'><strong>Insula-</strong></span> 
     </span>
    </p>
   </div>
   <div class='ocr_carea' id='block_1_48' title="bbox 160 4393 1814 4479">
    <p class='ocr_par' dir='ltr' id='par_1_48' title="bbox 160 4393 1814 4479">
     <span class='ocr_line' id='line_1_48' title="bbox 160 4393 1814 4479; baseline -0.004 -16"><span class='ocrx_word' id='word_1_304' title='bbox 160 4406 445 4463; x_wconf 88' lang='lat' dir='ltr'><strong>nensibus</strong></span> <span class='ocrx_word' id='word_1_305' title='bbox 473 4406 642 4479; x_wconf 68' lang='lat'><strong>(190),</strong></span> <span class='ocrx_word' id='word_1_306' title='bbox 676 4403 774 4461; x_wconf 91' lang='lat' dir='ltr'><strong>ille</strong></span> <span class='ocrx_word' id='word_1_307' title='bbox 804 4404 908 4460; x_wconf 88' lang='lat' dir='ltr'><strong>Dei</strong></span> <span class='ocrx_word' id='word_1_308' title='bbox 940 4404 1092 4459; x_wconf 85' lang='lat' dir='ltr'><strong>dono</strong></span> <span class='ocrx_word' id='word_1_309' title='bbox 1124 4402 1305 4457; x_wconf 88' lang='lat' dir='ltr'><strong>abbas</strong></span> <span class='ocrx_word' id='word_1_310' title='bbox 1345 4400 1616 4458; x_wconf 88' lang='lat' dir='ltr'><strong>salutem.</strong></span> <span class='ocrx_word' id='word_1_311' title='bbox 1651 4393 1814 4457; x_wconf 76' lang='lat' dir='ltr'><strong>Sciat</strong></span> 
     </span>
    </p>
   </div>
   <div class='ocr_carea' id='block_1_49' title="bbox 159 4491 1813 4568">
    <p class='ocr_par' dir='ltr' id='par_1_49' title="bbox 159 4491 1813 4568">
     <span class='ocr_line' id='line_1_49' title="bbox 159 4491 1813 4568; baseline -0.004 -17"><span class='ocrx_word' id='word_1_312' title='bbox 159 4497 433 4551; x_wconf 85' lang='lat' dir='ltr'><strong>inmensa</strong></span> <span class='ocrx_word' id='word_1_313' title='bbox 462 4495 784 4568; x_wconf 83' lang='lat' dir='ltr'><strong>paternitas</strong></span> <span class='ocrx_word' id='word_1_314' title='bbox 813 4497 1007 4549; x_wconf 86' lang='lat' dir='ltr'><strong>vestra</strong></span> <span class='ocrx_word' id='word_1_315' title='bbox 1037 4492 1193 4564; x_wconf 90' lang='lat' dir='ltr'><strong>quod</strong></span> <span class='ocrx_word' id='word_1_316' title='bbox 1243 4491 1462 4563; x_wconf 89' lang='lat' dir='ltr'><strong>ubique</strong></span> <span class='ocrx_word' id='word_1_317' title='bbox 1513 4492 1570 4546; x_wconf 91' lang='lat' dir='ltr'><strong>in</strong></span> <span class='ocrx_word' id='word_1_318' title='bbox 1619 4495 1813 4546; x_wconf 86' lang='lat' dir='ltr'><strong>vestro</strong></span> 
     </span>
    </p>
   </div>
   <div class='ocr_carea' id='block_1_50' title="bbox 1921 580 3085 639">
    <p class='ocr_par' dir='ltr' id='par_1_50' title="bbox 1921 580 3085 639">
     <span class='ocr_line' id='line_1_50' title="bbox 1921 580 3085 639; baseline 0.003 -3"><span class='ocrx_word' id='word_1_319' title='bbox 1921 580 2199 637; x_wconf 86' lang='lat' dir='ltr'><strong>docendo.</strong></span> <span class='ocrx_word' id='word_1_320' title='bbox 2232 581 2386 637; x_wconf 89' lang='lat' dir='ltr'><strong>Bene</strong></span> <span class='ocrx_word' id='word_1_321' title='bbox 2415 581 2598 638; x_wconf 87' lang='lat' dir='ltr'><strong>valete</strong></span> <span class='ocrx_word' id='word_1_322' title='bbox 2627 598 2918 638; x_wconf 88' lang='lat' dir='ltr'><strong>memores</strong></span> <span class='ocrx_word' id='word_1_323' title='bbox 2951 583 3085 639; x_wconf 87' lang='lat' dir='ltr'><strong>mei.</strong></span> 
     </span>
    </p>
   </div>
   <div class='ocr_carea' id='block_1_51' title="bbox 2517 741 2977 814">
    <p class='ocr_par' dir='ltr' id='par_1_51' title="bbox 2517 741 2977 814">
     <span class='ocr_line' id='line_1_51' title="bbox 2517 741 2977 814; baseline 0.009 -17"><span class='ocrx_word' id='word_1_324' title='bbox 2517 741 2669 813; x_wconf 78' lang='lat' dir='ltr'><strong>[Sine</strong></span> <span class='ocrx_word' id='word_1_325' title='bbox 2709 743 2977 814; x_wconf 82' lang='lat' dir='ltr'><strong>rubrica.]</strong></span> 
     </span>
    </p>
   </div>
   <div class='ocr_carea' id='block_1_52' title="bbox 1990 820 3572 897">
    <p class='ocr_par' dir='ltr' id='par_1_52' title="bbox 1990 820 3572 897">
     <span class='ocr_line' id='line_1_52' title="bbox 1990 820 3572 897; baseline 0.002 -21"><span class='ocrx_word' id='word_1_326' title='bbox 1990 820 2344 878; x_wconf 88' lang='lat' dir='ltr'><strong>Dulcissimo</strong></span> <span class='ocrx_word' id='word_1_327' title='bbox 2377 821 2437 876; x_wconf 91' lang='lat' dir='ltr'><strong>in</strong></span> <span class='ocrx_word' id='word_1_328' title='bbox 2467 822 2698 880; x_wconf 87' lang='lat' dir='ltr'><strong>Christo</strong></span> <span class='ocrx_word' id='word_1_329' title='bbox 2724 823 3446 897; x_wconf 74' lang='lat' dir='ltr'><strong>patriilliarcbiepiscepo,</strong></span> <span class='ocrx_word' id='word_1_330' title='bbox 3465 820 3572 879; x_wconf 80' lang='lat' dir='ltr'><strong>ille</strong></span> 
     </span>
    </p>
   </div>
   <div class='ocr_carea' id='block_1_53' title="bbox 1920 910 3568 969">
    <p class='ocr_par' dir='ltr' id='par_1_53' title="bbox 1920 910 3568 969">
     <span class='ocr_line' id='line_1_53' title="bbox 1920 910 3568 969; baseline 0.001 -3"><span class='ocrx_word' id='word_1_331' title='bbox 1920 926 2035 966; x_wconf 89' lang='lat' dir='ltr'><strong>non</strong></span> <span class='ocrx_word' id='word_1_332' title='bbox 2084 910 2290 966; x_wconf 84' lang='lat' dir='ltr'><strong>merito</strong></span> <span class='ocrx_word' id='word_1_333' title='bbox 2335 911 2519 968; x_wconf 88' lang='lat' dir='ltr'><strong>abbas</strong></span> <span class='ocrx_word' id='word_1_334' title='bbox 2565 929 2864 969; x_wconf 87' lang='lat' dir='ltr'><strong>summam</strong></span> <span class='ocrx_word' id='word_1_335' title='bbox 2911 913 2969 969; x_wconf 89' lang='lat' dir='ltr'><strong>in</strong></span> <span class='ocrx_word' id='word_1_336' title='bbox 3017 912 3262 969; x_wconf 76' lang='lat' dir='ltr'><strong>Domino</strong></span> <span class='ocrx_word' id='word_1_337' title='bbox 3313 912 3568 968; x_wconf 76' lang='lat' dir='ltr'><strong>salutem</strong></span> 
     </span>
    </p>
   </div>
   <div class='ocr_carea' id='block_1_54' title="bbox 1915 999 3566 1074">
    <p class='ocr_par' dir='ltr' id='par_1_54' title="bbox 1915 999 3566 1074">
     <span class='ocr_line' id='line_1_54' title="bbox 1915 999 3566 1074; baseline 0.001 -22"><span class='ocrx_word' id='word_1_338' title='bbox 1915 1001 2098 1068; x_wconf 90' lang='lat' dir='ltr'><strong>optat.</strong></span> <span class='ocrx_word' id='word_1_339' title='bbox 2133 999 2310 1054; x_wconf 90' lang='lat' dir='ltr'><strong>Misse</strong></span> <span class='ocrx_word' id='word_1_340' title='bbox 2338 1017 2439 1072; x_wconf 91' lang='lat' dir='ltr'><strong>per</strong></span> <span class='ocrx_word' id='word_1_341' title='bbox 2468 999 2636 1056; x_wconf 89' lang='lat' dir='ltr'><strong>illum</strong></span> <span class='ocrx_word' id='word_1_342' title='bbox 2667 1001 3112 1074; x_wconf 79' lang='lat' dir='ltr'><strong>peripatetieum</strong></span> <span class='ocrx_word' id='word_1_343' title='bbox 3143 1000 3334 1058; x_wconf 83' lang='lat' dir='ltr'><strong>littere</strong></span> <span class='ocrx_word' id='word_1_344' title='bbox 3359 1003 3566 1056; x_wconf 66' lang='lat' dir='ltr'><strong>vestra</strong></span> 
     </span>
    </p>
   </div>
   <div class='ocr_carea' id='block_1_55' title="bbox 1916 1086 3567 1164">
    <p class='ocr_par' dir='ltr' id='par_1_55' title="bbox 1916 1086 3567 1164">
     <span class='ocr_line' id='line_1_55' title="bbox 1916 1086 3567 1164; baseline 0.002 -24"><span class='ocrx_word' id='word_1_345' title='bbox 1916 1086 2081 1158; x_wconf 88' lang='lat' dir='ltr'><strong>prius</strong></span> <span class='ocrx_word' id='word_1_346' title='bbox 2113 1087 2494 1164; x_wconf 84' lang='lat' dir='ltr'><strong>fundamenta</strong></span> <span class='ocrx_word' id='word_1_347' title='bbox 2516 1090 2772 1160; x_wconf 85' lang='lat' dir='ltr'><strong>quedam</strong></span> <span class='ocrx_word' id='word_1_348' title='bbox 2790 1088 2851 1145; x_wconf 89' lang='lat' dir='ltr'><strong>in</strong></span> <span class='ocrx_word' id='word_1_349' title='bbox 2874 1088 3042 1160; x_wconf 82' lang='lat' dir='ltr'><strong>nobis</strong></span> <span class='ocrx_word' id='word_1_350' title='bbox 3062 1089 3278 1162; x_wconf 87' lang='lat' dir='ltr'><strong>gaudio</strong></span> <span class='ocrx_word' id='word_1_351' title='bbox 3297 1086 3482 1158; x_wconf 84' lang='lat' dir='ltr'><strong>nostri</strong></span> <span class='ocrx_word' id='word_1_352' title='bbox 3494 1087 3567 1157; x_wconf 76' lang='lat' dir='ltr'><strong>de</strong></span> 
     </span>
    </p>
   </div>
   <div class='ocr_carea' id='block_1_56' title="bbox 1914 1173 3570 1250">
    <p class='ocr_par' dir='ltr' id='par_1_56' title="bbox 1914 1173 3570 1250">
     <span class='ocr_line' id='line_1_56' title="bbox 1914 1173 3570 1250; baseline 0.001 -20"><span class='ocrx_word' id='word_1_353' title='bbox 1914 1173 2186 1232; x_wconf 84' lang='lat' dir='ltr'><strong>sanitatis</strong></span> <span class='ocrx_word' id='word_1_354' title='bbox 2205 1179 2407 1233; x_wconf 81' lang='lat' dir='ltr'><strong>vestrae</strong></span> <span class='ocrx_word' id='word_1_355' title='bbox 2425 1177 2640 1234; x_wconf 88' lang='lat' dir='ltr'><strong>indicio</strong></span> <span class='ocrx_word' id='word_1_356' title='bbox 2664 1183 3078 1250; x_wconf 82' lang='lat' dir='ltr'><strong>conceptarum</strong></span> <span class='ocrx_word' id='word_1_357' title='bbox 3095 1176 3327 1245; x_wconf 80' lang='lat' dir='ltr'><strong>letatur,</strong></span> <span class='ocrx_word' id='word_1_358' title='bbox 3343 1177 3444 1233; x_wconf 87' lang='lat' dir='ltr'><strong>sed</strong></span> <span class='ocrx_word' id='word_1_359' title='bbox 3466 1192 3570 1249; x_wconf 85' lang='lat' dir='ltr'><strong>per</strong></span> 
     </span>
    </p>
   </div>
   <div class='ocr_carea' id='block_1_57' title="bbox 1911 1261 3564 1339">
    <p class='ocr_par' dir='ltr' id='par_1_57' title="bbox 1911 1261 3564 1339">
     <span class='ocr_line' id='line_1_57' title="bbox 1911 1261 3564 1339; baseline 0.002 -22"><span class='ocrx_word' id='word_1_360' title='bbox 1911 1261 2080 1319; x_wconf 91' lang='lat' dir='ltr'><strong>illum</strong></span> <span class='ocrx_word' id='word_1_361' title='bbox 2097 1263 2327 1320; x_wconf 86' lang='lat' dir='ltr'><strong>ﬁdelem</strong></span> <span class='ocrx_word' id='word_1_362' title='bbox 2340 1267 2621 1330; x_wconf 88' lang='lat' dir='ltr'><strong>vestrum,</strong></span> <span class='ocrx_word' id='word_1_363' title='bbox 2641 1269 2909 1339; x_wconf 79' lang='lat' dir='ltr'><strong>nostrum</strong></span> <span class='ocrx_word' id='word_1_364' title='bbox 2928 1269 3126 1322; x_wconf 71' lang='lat' dir='ltr'><strong>autem</strong></span> <span class='ocrx_word' id='word_1_365' title='bbox 3138 1263 3419 1334; x_wconf 79' lang='lat' dir='ltr'><strong>amicum,</strong></span> <span class='ocrx_word' id='word_1_366' title='bbox 3437 1263 3564 1320; x_wconf 73' lang='lat' dir='ltr'><strong>viva</strong></span> 
     </span>
    </p>
   </div>
   <div class='ocr_carea' id='block_1_58' title="bbox 1913 1352 3563 1426">
    <p class='ocr_par' dir='ltr' id='par_1_58' title="bbox 1913 1352 3563 1426">
     <span class='ocr_line' id='line_1_58' title="bbox 1913 1352 3563 1426; baseline 0.002 -21"><span class='ocrx_word' id='word_1_367' title='bbox 1913 1367 2050 1408; x_wconf 87' lang='lat' dir='ltr'><strong>voce</strong></span> <span class='ocrx_word' id='word_1_368' title='bbox 2079 1353 2352 1426; x_wconf 84' lang='lat' dir='ltr'><strong>energius</strong></span> <span class='ocrx_word' id='word_1_369' title='bbox 2383 1354 2636 1425; x_wconf 88' lang='lat' dir='ltr'><strong>quedam</strong></span> <span class='ocrx_word' id='word_1_370' title='bbox 2665 1353 2991 1414; x_wconf 85' lang='lat' dir='ltr'><strong>similitudo</strong></span> <span class='ocrx_word' id='word_1_371' title='bbox 3021 1354 3344 1424; x_wconf 81' lang='lat' dir='ltr'><strong>eorundem</strong></span> <span class='ocrx_word' id='word_1_372' title='bbox 3378 1352 3563 1420; x_wconf 77' lang='lat' dir='ltr'><strong>fabri-</strong></span> 
     </span>
    </p>
   </div>
   <div class='ocr_carea' id='block_1_59' title="bbox 1909 1441 3566 1515">
    <p class='ocr_par' dir='ltr' id='par_1_59' title="bbox 1909 1441 3566 1515">
     <span class='ocr_line' id='line_1_59' title="bbox 1909 1441 3566 1515; baseline 0.004 -21"><span class='ocrx_word' id='word_1_373' title='bbox 1909 1455 2036 1496; x_wconf 82' lang='lat' dir='ltr'><strong>cam</strong></span> <span class='ocrx_word' id='word_1_374' title='bbox 2068 1442 2420 1513; x_wconf 87' lang='lat' dir='ltr'><strong>gaudiorum</strong></span> <span class='ocrx_word' id='word_1_375' title='bbox 2452 1459 2566 1498; x_wconf 88' lang='lat' dir='ltr'><strong>non</strong></span> <span class='ocrx_word' id='word_1_376' title='bbox 2601 1441 2971 1502; x_wconf 85' lang='lat' dir='ltr'><strong>mediocriter</strong></span> <span class='ocrx_word' id='word_1_377' title='bbox 2991 1443 3205 1500; x_wconf 78' lang='lat' dir='ltr'><strong>erexit:</strong></span> <span class='ocrx_word' id='word_1_378' title='bbox 3232 1458 3336 1515; x_wconf 92' lang='lat' dir='ltr'><strong>pro</strong></span> <span class='ocrx_word' id='word_1_379' title='bbox 3355 1441 3566 1500; x_wconf 80' lang='lat' dir='ltr'><strong>vestris</strong></span> 
     </span>
    </p>
   </div>
   <div class='ocr_carea' id='block_1_60' title="bbox 1909 1529 3565 1604">
    <p class='ocr_par' dir='ltr' id='par_1_60' title="bbox 1909 1529 3565 1604">
     <span class='ocr_line' id='line_1_60' title="bbox 1909 1529 3565 1604; baseline 0.001 -20"><span class='ocrx_word' id='word_1_380' title='bbox 1909 1530 2066 1586; x_wconf 88' lang='lat' dir='ltr'><strong>enim</strong></span> <span class='ocrx_word' id='word_1_381' title='bbox 2100 1531 2397 1603; x_wconf 82' lang='lat' dir='ltr'><strong>prosperis</strong></span> <span class='ocrx_word' id='word_1_382' title='bbox 2429 1548 2546 1588; x_wconf 90' lang='lat' dir='ltr'><strong>non</strong></span> <span class='ocrx_word' id='word_1_383' title='bbox 2580 1530 2778 1588; x_wconf 89' lang='lat' dir='ltr'><strong>minus</strong></span> <span class='ocrx_word' id='word_1_384' title='bbox 2807 1548 2985 1604; x_wconf 88' lang='lat' dir='ltr'><strong>quam</strong></span> <span class='ocrx_word' id='word_1_385' title='bbox 3017 1530 3238 1589; x_wconf 85' lang='lat' dir='ltr'><strong>nostris</strong></span> <span class='ocrx_word' id='word_1_386' title='bbox 3257 1529 3565 1587; x_wconf 60' lang='lat' dir='ltr'><strong>hIIRI‘B‘BDI?</strong></span> 
     </span>
    </p>
   </div>
   <div class='ocr_carea' id='block_1_61' title="bbox 1907 1618 3566 1690">
    <p class='ocr_par' dir='ltr' id='par_1_61' title="bbox 1907 1618 3566 1690">
     <span class='ocr_line' id='line_1_61' title="bbox 1907 1618 3566 1690; baseline 0.001 -18"><span class='ocrx_word' id='word_1_387' title='bbox 1907 1635 2061 1674; x_wconf 89' lang='lat' dir='ltr'><strong>mus.</strong></span> <span class='ocrx_word' id='word_1_388' title='bbox 2093 1618 2164 1674; x_wconf 93' lang='lat' dir='ltr'><strong>Ut</strong></span> <span class='ocrx_word' id='word_1_389' title='bbox 2183 1618 2474 1688; x_wconf 87' lang='lat' dir='ltr'><strong>jussistis,</strong></span> <span class='ocrx_word' id='word_1_390' title='bbox 2509 1619 2834 1678; x_wconf 87' lang='lat' dir='ltr'><strong>scutarium</strong></span> <span class='ocrx_word' id='word_1_391' title='bbox 2865 1623 2923 1676; x_wconf 90' lang='lat' dir='ltr'><strong>et</strong></span> <span class='ocrx_word' id='word_1_392' title='bbox 2956 1619 3224 1676; x_wconf 71' lang='lat' dir='ltr'><strong>cerevisie</strong></span> <span class='ocrx_word' id='word_1_393' title='bbox 3275 1619 3566 1690; x_wconf 85' lang='lat' dir='ltr'><strong>confecto-</strong></span> 
     </span>
    </p>
   </div>
   <div class='ocr_carea' id='block_1_62' title="bbox 1907 1707 3568 1780">
    <p class='ocr_par' dir='ltr' id='par_1_62' title="bbox 1907 1707 3568 1780">
     <span class='ocr_line' id='line_1_62' title="bbox 1907 1707 3568 1780; baseline 0.002 -20"><span class='ocrx_word' id='word_1_394' title='bbox 1907 1721 2053 1773; x_wconf 91' lang='lat' dir='ltr'><strong>rem,</strong></span> <span class='ocrx_word' id='word_1_395' title='bbox 2107 1711 2438 1780; x_wconf 84' lang='lat' dir='ltr'><strong>ceteraque,</strong></span> <span class='ocrx_word' id='word_1_396' title='bbox 2490 1713 2658 1780; x_wconf 68' lang='lat' dir='ltr'><strong>[quae]</strong></span> <span class='ocrx_word' id='word_1_397' title='bbox 2716 1708 3086 1780; x_wconf 87' lang='lat' dir='ltr'><strong>potuerimus</strong></span> <span class='ocrx_word' id='word_1_398' title='bbox 3134 1709 3209 1765; x_wconf 86' lang='lat' dir='ltr'><strong>ad</strong></span> <span class='ocrx_word' id='word_1_399' title='bbox 3259 1707 3568 1765; x_wconf 85' lang='lat' dir='ltr'><strong>servicium</strong></span> 
     </span>
    </p>
   </div>
   <div class='ocr_carea' id='block_1_63' title="bbox 1905 1795 3564 1873">
    <p class='ocr_par' dir='ltr' id='par_1_63' title="bbox 1905 1795 3564 1873">
     <span class='ocr_line' id='line_1_63' title="bbox 1905 1795 3564 1873; baseline 0.002 -24"><span class='ocrx_word' id='word_1_400' title='bbox 1905 1798 2186 1861; x_wconf 88' lang='lat' dir='ltr'><strong>vestrum,</strong></span> <span class='ocrx_word' id='word_1_401' title='bbox 2224 1812 2326 1868; x_wconf 90' lang='lat' dir='ltr'><strong>per</strong></span> <span class='ocrx_word' id='word_1_402' title='bbox 2357 1796 2604 1852; x_wconf 90' lang='lat' dir='ltr'><strong>missum</strong></span> <span class='ocrx_word' id='word_1_403' title='bbox 2638 1800 2905 1854; x_wconf 88' lang='lat' dir='ltr'><strong>nostrum</strong></span> <span class='ocrx_word' id='word_1_404' title='bbox 2939 1814 3075 1855; x_wconf 91' lang='lat' dir='ltr'><strong>cum</strong></span> <span class='ocrx_word' id='word_1_405' title='bbox 3107 1795 3209 1853; x_wconf 91' lang='lat' dir='ltr'><strong>illo</strong></span> <span class='ocrx_word' id='word_1_406' title='bbox 3253 1796 3564 1873; x_wconf 78' lang='lat' dir='ltr'><strong>directuri;</strong></span> 
     </span>
    </p>
   </div>
   <div class='ocr_carea' id='block_1_64' title="bbox 1825 1857 3568 1959">
    <p class='ocr_par' dir='ltr' id='par_1_64' title="bbox 1825 1857 3568 1959">
     <span class='ocr_line' id='line_1_64' title="bbox 1825 1857 3568 1959; baseline 0.001 -19"><span class='ocrx_word' id='word_1_407' title='bbox 1825 1857 1874 1924; x_wconf 80' lang='grc' dir='ltr'><strong>Β</strong></span> <span class='ocrx_word' id='word_1_408' title='bbox 1907 1883 1984 1940; x_wconf 87' lang='lat' dir='ltr'><strong>ad</strong></span> <span class='ocrx_word' id='word_1_409' title='bbox 2000 1883 2262 1940; x_wconf 89' lang='lat' dir='ltr'><strong>subitum</strong></span> <span class='ocrx_word' id='word_1_410' title='bbox 2289 1884 2445 1940; x_wconf 89' lang='lat' dir='ltr'><strong>enim</strong></span> <span class='ocrx_word' id='word_1_411' title='bbox 2471 1885 2845 1957; x_wconf 87' lang='lat' dir='ltr'><strong>nequivimus</strong></span> <span class='ocrx_word' id='word_1_412' title='bbox 2866 1903 2954 1952; x_wconf 84' lang='lat' dir='ltr'><strong>ea,</strong></span> <span class='ocrx_word' id='word_1_413' title='bbox 2979 1902 3091 1959; x_wconf 91' lang='lat' dir='ltr'><strong>que</strong></span> <span class='ocrx_word' id='word_1_414' title='bbox 3109 1857 3568 1958; x_wconf 56' lang='lat' dir='ltr'><strong>imperastis,in:</strong></span> 
     </span>
    </p>
   </div>
   <div class='ocr_carea' id='block_1_65' title="bbox 1909 1972 3570 2047">
    <p class='ocr_par' dir='ltr' id='par_1_65' title="bbox 1909 1972 3570 2047">
     <span class='ocr_line' id='line_1_65' title="bbox 1909 1972 3570 2047; baseline 0.002 -21"><span class='ocrx_word' id='word_1_415' title='bbox 1909 1972 2128 2041; x_wconf 85' lang='lat' dir='ltr'><strong>venire,</strong></span> <span class='ocrx_word' id='word_1_416' title='bbox 2159 1973 2300 2044; x_wconf 91' lang='lat' dir='ltr'><strong>quia</strong></span> <span class='ocrx_word' id='word_1_417' title='bbox 2328 1973 2781 2031; x_wconf 89' lang='lat' dir='ltr'><strong>incommodatis</strong></span> <span class='ocrx_word' id='word_1_418' title='bbox 2812 1974 3095 2046; x_wconf 84' lang='lat' dir='ltr'><strong>temporis</strong></span> <span class='ocrx_word' id='word_1_419' title='bbox 3140 1973 3304 2043; x_wconf 88' lang='lat' dir='ltr'><strong>mali,</strong></span> <span class='ocrx_word' id='word_1_420' title='bbox 3353 1990 3463 2046; x_wconf 80' lang='lat' dir='ltr'><strong>que</strong></span> <span class='ocrx_word' id='word_1_421' title='bbox 3511 1976 3570 2047; x_wconf 71' lang='lat' dir='ltr'><strong>et</strong></span> 
     </span>
    </p>
   </div>
   <div class='ocr_carea' id='block_1_66' title="bbox 1912 2060 3477 2135">
    <p class='ocr_par' dir='ltr' id='par_1_66' title="bbox 1912 2060 3477 2135">
     <span class='ocr_line' id='line_1_66' title="bbox 1912 2060 3477 2135; baseline 0.001 -19"><span class='ocrx_word' id='word_1_422' title='bbox 1912 2060 2082 2116; x_wconf 90' lang='lat' dir='ltr'><strong>vobis</strong></span> <span class='ocrx_word' id='word_1_423' title='bbox 2113 2060 2384 2118; x_wconf 83' lang='lat' dir='ltr'><strong>nonnihil</strong></span> <span class='ocrx_word' id='word_1_424' title='bbox 2415 2061 2617 2126; x_wconf 84' lang='lat' dir='ltr'><strong>ofﬁcit.</strong></span> <span class='ocrx_word' id='word_1_425' title='bbox 2647 2062 2816 2120; x_wconf 87' lang='lat' dir='ltr'><strong>nobis</strong></span> <span class='ocrx_word' id='word_1_426' title='bbox 2840 2062 3078 2120; x_wconf 88' lang='lat' dir='ltr'><strong>obsistit</strong></span> <span class='ocrx_word' id='word_1_427' title='bbox 3101 2062 3160 2119; x_wconf 90' lang='lat' dir='ltr'><strong>in</strong></span> <span class='ocrx_word' id='word_1_428' title='bbox 3184 2061 3477 2135; x_wconf 86' lang='lat' dir='ltr'><strong>plurimis.</strong></span> 
     </span>
    </p>
   </div>
   <div class='ocr_carea' id='block_1_67' title="bbox 2056 2148 3280 2224">
    <p class='ocr_par' dir='ltr' id='par_1_67' title="bbox 2056 2148 3280 2224">
     <span class='ocr_line' id='line_1_67' title="bbox 2056 2148 3280 2224; baseline 0.004 -20"><span class='ocrx_word' id='word_1_429' title='bbox 2056 2150 2206 2222; x_wconf 86' lang='lat' dir='ltr'><strong>Ergo</strong></span> <span class='ocrx_word' id='word_1_430' title='bbox 2239 2148 2530 2206; x_wconf 87' lang='lat' dir='ltr'><strong>salutetur</strong></span> <span class='ocrx_word' id='word_1_431' title='bbox 2551 2154 2743 2207; x_wconf 87' lang='lat' dir='ltr'><strong>vestro</strong></span> <span class='ocrx_word' id='word_1_432' title='bbox 2771 2151 3120 2224; x_wconf 83' lang='lat' dir='ltr'><strong>prudentius</strong></span> <span class='ocrx_word' id='word_1_433' title='bbox 3161 2167 3280 2218; x_wconf 85' lang='lat' dir='ltr'><strong>ore,</strong></span> 
     </span>
    </p>
   </div>
   <div class='ocr_carea' id='block_1_68' title="bbox 2123 2239 3350 2312">
    <p class='ocr_par' dir='ltr' id='par_1_68' title="bbox 2123 2239 3350 2312">
     <span class='ocr_line' id='line_1_68' title="bbox 2123 2239 3350 2312; baseline 0.003 -18"><span class='ocrx_word' id='word_1_434' title='bbox 2123 2239 2382 2296; x_wconf 86' lang='lat' dir='ltr'><strong>Antistes</strong></span> <span class='ocrx_word' id='word_1_435' title='bbox 2415 2245 2627 2296; x_wconf 74' lang='lat' dir='ltr'><strong>nostrae</strong></span> <span class='ocrx_word' id='word_1_436' title='bbox 2657 2256 2794 2311; x_wconf 89' lang='lat' dir='ltr'><strong>pars</strong></span> <span class='ocrx_word' id='word_1_437' title='bbox 2826 2239 3090 2312; x_wconf 88' lang='lat' dir='ltr'><strong>preciosa</strong></span> <span class='ocrx_word' id='word_1_438' title='bbox 3119 2241 3350 2298; x_wconf 68' lang='lat' dir='ltr'><strong>animus.</strong></span> 
     </span>
    </p>
   </div>
   <div class='ocr_carea' id='block_1_69' title="bbox 2055 2326 3352 2401">
    <p class='ocr_par' dir='ltr' id='par_1_69' title="bbox 2055 2326 3352 2401">
     <span class='ocr_line' id='line_1_69' title="bbox 2055 2326 3352 2401; baseline 0.002 -21"><span class='ocrx_word' id='word_1_439' title='bbox 2055 2326 2272 2383; x_wconf 87' lang='lat' dir='ltr'><strong>Felices</strong></span> <span class='ocrx_word' id='word_1_440' title='bbox 2304 2327 2400 2384; x_wconf 90' lang='lat' dir='ltr'><strong>illc</strong></span> <span class='ocrx_word' id='word_1_441' title='bbox 2431 2328 2648 2399; x_wconf 88' lang='lat' dir='ltr'><strong>quibus</strong></span> <span class='ocrx_word' id='word_1_442' title='bbox 2678 2331 2767 2386; x_wconf 85' lang='lat' dir='ltr'><strong>est</strong></span> <span class='ocrx_word' id='word_1_443' title='bbox 2797 2329 2903 2386; x_wconf 89' lang='lat' dir='ltr'><strong>hec</strong></span> <span class='ocrx_word' id='word_1_444' title='bbox 2933 2329 3123 2401; x_wconf 84' lang='lat' dir='ltr'><strong>gratia</strong></span> <span class='ocrx_word' id='word_1_445' title='bbox 3152 2327 3352 2401; x_wconf 81' lang='lat' dir='ltr'><strong>plebes</strong></span> 
     </span>
    </p>
   </div>
   <div class='ocr_carea' id='block_1_70' title="bbox 2127 2414 3372 2475">
    <p class='ocr_par' dir='ltr' id='par_1_70' title="bbox 2127 2414 3372 2475">
     <span class='ocr_line' id='line_1_70' title="bbox 2127 2414 3372 2475; baseline 0.002 -5"><span class='ocrx_word' id='word_1_446' title='bbox 2127 2415 2198 2471; x_wconf 90' lang='lat' dir='ltr'><strong>Ut</strong></span> <span class='ocrx_word' id='word_1_447' title='bbox 2226 2419 2420 2472; x_wconf 89' lang='lat' dir='ltr'><strong>tantos</strong></span> <span class='ocrx_word' id='word_1_448' title='bbox 2449 2415 2705 2473; x_wconf 90' lang='lat' dir='ltr'><strong>habeant</strong></span> <span class='ocrx_word' id='word_1_449' title='bbox 2732 2416 2882 2474; x_wconf 89' lang='lat' dir='ltr'><strong>lucis</strong></span> <span class='ocrx_word' id='word_1_450' title='bbox 2913 2417 2973 2473; x_wconf 89' lang='lat' dir='ltr'><strong>in</strong></span> <span class='ocrx_word' id='word_1_451' title='bbox 3005 2429 3136 2475; x_wconf 85' lang='lat' dir='ltr'><strong>arce</strong></span> <span class='ocrx_word' id='word_1_452' title='bbox 3165 2414 3372 2474; x_wconf 85' lang='lat' dir='ltr'><strong>duces!</strong></span> 
     </span>
    </p>
   </div>
   <div class='ocr_carea' id='block_1_71' title="bbox 2057 2503 3495 2579">
    <p class='ocr_par' dir='ltr' id='par_1_71' title="bbox 2057 2503 3495 2579">
     <span class='ocr_line' id='line_1_71' title="bbox 2057 2503 3495 2579; baseline 0.003 -21"><span class='ocrx_word' id='word_1_453' title='bbox 2057 2503 2216 2560; x_wconf 87' lang='lat' dir='ltr'><strong>State</strong></span> <span class='ocrx_word' id='word_1_454' title='bbox 2243 2504 2420 2560; x_wconf 85' lang='lat' dir='ltr'><strong>simul</strong></span> <span class='ocrx_word' id='word_1_455' title='bbox 2452 2505 2652 2572; x_wconf 78' lang='lat' dir='ltr'><strong>fortes,</strong></span> <span class='ocrx_word' id='word_1_456' title='bbox 2685 2510 2943 2579; x_wconf 85' lang='lat' dir='ltr'><strong>pugnate</strong></span> <span class='ocrx_word' id='word_1_457' title='bbox 2967 2505 3241 2574; x_wconf 82' lang='lat' dir='ltr'><strong>viriliter,</strong></span> <span class='ocrx_word' id='word_1_458' title='bbox 3265 2509 3332 2562; x_wconf 88' lang='lat' dir='ltr'><strong>ut</strong></span> <span class='ocrx_word' id='word_1_459' title='bbox 3351 2506 3495 2562; x_wconf 88' lang='lat' dir='ltr'><strong>dum</strong></span> 
     </span>
    </p>
   </div>
   <div class='ocr_carea' id='block_1_72' title="bbox 2130 2594 3351 2671">
    <p class='ocr_par' dir='ltr' id='par_1_72' title="bbox 2130 2594 3351 2671">
     <span class='ocr_line' id='line_1_72' title="bbox 2130 2594 3351 2671; baseline 0.002 -23"><span class='ocrx_word' id='word_1_460' title='bbox 2130 2594 2404 2666; x_wconf 84' lang='lat' dir='ltr'><strong>Regnetis</strong></span> <span class='ocrx_word' id='word_1_461' title='bbox 2430 2611 2662 2666; x_wconf 84' lang='lat' dir='ltr'><strong>semper</strong></span> <span class='ocrx_word' id='word_1_462' title='bbox 2691 2611 2838 2666; x_wconf 89' lang='lat' dir='ltr'><strong>quos</strong></span> <span class='ocrx_word' id='word_1_463' title='bbox 2871 2594 3026 2653; x_wconf 83' lang='lat' dir='ltr'><strong>alitis</strong></span> <span class='ocrx_word' id='word_1_464' title='bbox 3057 2594 3351 2671; x_wconf 82' lang='lat' dir='ltr'><strong>gregibus.</strong></span> 
     </span>
    </p>
   </div>
   <div class='ocr_carea' id='block_1_73' title="bbox 2059 2681 3497 2751">
    <p class='ocr_par' dir='ltr' id='par_1_73' title="bbox 2059 2681 3497 2751">
     <span class='ocr_line' id='line_1_73' title="bbox 2059 2681 3497 2751; baseline 0.003 -16"><span class='ocrx_word' id='word_1_465' title='bbox 2059 2681 2196 2736; x_wconf 91' lang='lat' dir='ltr'><strong>Esto</strong></span> <span class='ocrx_word' id='word_1_466' title='bbox 2230 2682 2342 2737; x_wconf 91' lang='lat' dir='ltr'><strong>mei</strong></span> <span class='ocrx_word' id='word_1_467' title='bbox 2375 2698 2684 2750; x_wconf 89' lang='lat' dir='ltr'><strong>memores,</strong></span> <span class='ocrx_word' id='word_1_468' title='bbox 2719 2699 2853 2739; x_wconf 89' lang='lat' dir='ltr'><strong>sum</strong></span> <span class='ocrx_word' id='word_1_469' title='bbox 2883 2683 3092 2751; x_wconf 87' lang='lat' dir='ltr'><strong>vestri;</strong></span> <span class='ocrx_word' id='word_1_470' title='bbox 3128 2685 3309 2740; x_wconf 90' lang='lat' dir='ltr'><strong>debeo</strong></span> <span class='ocrx_word' id='word_1_471' title='bbox 3331 2682 3497 2740; x_wconf 82' lang='lat' dir='ltr'><strong>vobis</strong></span> 
     </span>
    </p>
   </div>
   <div class='ocr_carea' id='block_1_74' title="bbox 2132 2771 3230 2845">
    <p class='ocr_par' dir='ltr' id='par_1_74' title="bbox 2132 2771 3230 2845">
     <span class='ocr_line' id='line_1_74' title="bbox 2132 2771 3230 2845; baseline 0.004 -20"><span class='ocrx_word' id='word_1_472' title='bbox 2132 2771 2199 2825; x_wconf 88' lang='lat' dir='ltr'><strong>Et</strong></span> <span class='ocrx_word' id='word_1_473' title='bbox 2227 2787 2400 2827; x_wconf 90' lang='lat' dir='ltr'><strong>voveo</strong></span> <span class='ocrx_word' id='word_1_474' title='bbox 2431 2775 2622 2827; x_wconf 88' lang='lat' dir='ltr'><strong>totum</strong></span> <span class='ocrx_word' id='word_1_475' title='bbox 2654 2772 2934 2845; x_wconf 88' lang='lat' dir='ltr'><strong>quicquid</strong></span> <span class='ocrx_word' id='word_1_476' title='bbox 2965 2789 3230 2829; x_wconf 90' lang='lat' dir='ltr'><strong>amore...</strong></span> 
     </span>
    </p>
   </div>
   <div class='ocr_carea' id='block_1_75' title="bbox 1989 2857 2210 2914">
    <p class='ocr_par' dir='ltr' id='par_1_75' title="bbox 1989 2857 2210 2914">
     <span class='ocr_line' id='line_1_75' title="bbox 1989 2857 2210 2914; baseline 0.009 -3"><span class='ocrx_word' id='word_1_477' title='bbox 1989 2857 2210 2914; x_wconf 88' lang='lat' dir='ltr'><strong>Valete.</strong></span> 
     </span>
    </p>
   </div>
   <div class='ocr_carea' id='block_1_76' title="bbox 2660 2932 2826 2988">
    <p class='ocr_par' dir='ltr' id='par_1_76' title="bbox 2660 2932 2826 2988">
     <span class='ocr_line' id='line_1_76' title="bbox 2660 2932 2826 2988; baseline -0.012 0"><span class='ocrx_word' id='word_1_478' title='bbox 2660 2932 2826 2988; x_wconf 85' lang='lat' dir='ltr'><strong>XLII.</strong></span> 
     </span>
    </p>
   </div>
   <div class='ocr_carea' id='block_1_77' title="bbox 2529 3002 2962 3078">
    <p class='ocr_par' dir='ltr' id='par_1_77' title="bbox 2529 3002 2962 3078">
     <span class='ocr_line' id='line_1_77' title="bbox 2529 3002 2962 3078; baseline 0.002 -20"><span class='ocrx_word' id='word_1_479' title='bbox 2529 3002 2682 3074; x_wconf 86' lang='lat' dir='ltr'><strong>[Sine</strong></span> <span class='ocrx_word' id='word_1_480' title='bbox 2719 3003 2962 3078; x_wconf 76' lang='lat' dir='ltr'><strong>rubrica]</strong></span> 
     </span>
    </p>
   </div>
   <div class='ocr_carea' id='block_1_78' title="bbox 1992 3070 3571 3151">
    <p class='ocr_par' dir='ltr' id='par_1_78' title="bbox 1992 3070 3571 3151">
     <span class='ocr_line' id='line_1_78' title="bbox 1992 3070 3571 3151; baseline 0.004 -17"><span class='ocrx_word' id='word_1_481' title='bbox 1992 3079 2286 3136; x_wconf 89' lang='lat' dir='ltr'><strong>Familiari</strong></span> <span class='ocrx_word' id='word_1_482' title='bbox 2321 3070 2763 3139; x_wconf 32' lang='lat' dir='ltr'><strong>nostroﬂdomno</strong></span> <span class='ocrx_word' id='word_1_483' title='bbox 2789 3083 2896 3151; x_wconf 92' lang='lat' dir='ltr'><strong>illi,</strong></span> <span class='ocrx_word' id='word_1_484' title='bbox 2930 3070 3024 3139; x_wconf 84' lang='lat' dir='ltr'><strong>ille</strong></span> <span class='ocrx_word' id='word_1_485' title='bbox 3073 3086 3260 3140; x_wconf 88' lang='lat' dir='ltr'><strong>vester</strong></span> <span class='ocrx_word' id='word_1_486' title='bbox 3308 3087 3571 3142; x_wconf 86' lang='lat' dir='ltr'><strong>eternam</strong></span> 
     </span>
    </p>
   </div>
   <div class='ocr_carea' id='block_1_79' title="bbox 1919 3167 3576 3246">
    <p class='ocr_par' dir='ltr' id='par_1_79' title="bbox 1919 3167 3576 3246">
     <span class='ocr_line' id='line_1_79' title="bbox 1919 3167 3576 3246; baseline 0.003 -24"><span class='ocrx_word' id='word_1_487' title='bbox 1919 3168 1980 3223; x_wconf 87' lang='lat' dir='ltr'><strong>in</strong></span> <span class='ocrx_word' id='word_1_488' title='bbox 2011 3167 2261 3224; x_wconf 85' lang='lat' dir='ltr'><strong>Christo.</strong></span> <span class='ocrx_word' id='word_1_489' title='bbox 2311 3169 2592 3243; x_wconf 84' lang='lat' dir='ltr'><strong>Suscepta</strong></span> <span class='ocrx_word' id='word_1_490' title='bbox 2636 3171 2884 3243; x_wconf 88' lang='lat' dir='ltr'><strong>epistola</strong></span> <span class='ocrx_word' id='word_1_491' title='bbox 2930 3176 3123 3227; x_wconf 89' lang='lat' dir='ltr'><strong>vestra</strong></span> <span class='ocrx_word' id='word_1_492' title='bbox 3169 3189 3359 3245; x_wconf 89' lang='lat' dir='ltr'><strong>nuper</strong></span> <span class='ocrx_word' id='word_1_493' title='bbox 3405 3172 3576 3246; x_wconf 62' lang='lat' dir='ltr'><strong>nobis</strong></span> 
     </span>
    </p>
   </div>
   <div class='ocr_carea' id='block_1_80' title="bbox 1907 3257 3572 3334">
    <p class='ocr_par' dir='ltr' id='par_1_80' title="bbox 1907 3257 3572 3334">
     <span class='ocr_line' id='line_1_80' title="bbox 1907 3257 3572 3334; baseline 0.002 -21"><span class='ocrx_word' id='word_1_494' title='bbox 1907 3258 2280 3324; x_wconf 87' lang='lat' dir='ltr'><strong>transmissa,</strong></span> <span class='ocrx_word' id='word_1_495' title='bbox 2314 3257 2372 3312; x_wconf 91' lang='lat' dir='ltr'><strong>in</strong></span> <span class='ocrx_word' id='word_1_496' title='bbox 2407 3259 2626 3330; x_wconf 90' lang='lat' dir='ltr'><strong>apertis</strong></span> <span class='ocrx_word' id='word_1_497' title='bbox 2652 3259 2833 3332; x_wconf 87' lang='lat' dir='ltr'><strong>gavisi</strong></span> <span class='ocrx_word' id='word_1_498' title='bbox 2868 3276 3098 3328; x_wconf 91' lang='lat' dir='ltr'><strong>sumus,</strong></span> <span class='ocrx_word' id='word_1_499' title='bbox 3125 3261 3182 3315; x_wconf 92' lang='lat' dir='ltr'><strong>in</strong></span> <span class='ocrx_word' id='word_1_500' title='bbox 3202 3261 3418 3334; x_wconf 81' lang='lat' dir='ltr'><strong>tapicis</strong></span> <span class='ocrx_word' id='word_1_501' title='bbox 3437 3277 3572 3318; x_wconf 88' lang='lat' dir='ltr'><strong>vero</strong></span> 
     </span>
    </p>
   </div>
   <div class='ocr_carea' id='block_1_81' title="bbox 1911 3345 3570 3420">
    <p class='ocr_par' dir='ltr' id='par_1_81' title="bbox 1911 3345 3570 3420">
     <span class='ocr_line' id='line_1_81' title="bbox 1911 3345 3570 3420; baseline 0.001 -17"><span class='ocrx_word' id='word_1_502' title='bbox 1911 3363 2154 3403; x_wconf 90' lang='lat' dir='ltr'><strong>acumen</strong></span> <span class='ocrx_word' id='word_1_503' title='bbox 2171 3345 2797 3420; x_wconf 85' lang='lat' dir='ltr'><strong>ingeniilaudavimus,</strong></span> <span class='ocrx_word' id='word_1_504' title='bbox 2819 3347 3086 3404; x_wconf 87' lang='lat' dir='ltr'><strong>obtantes</strong></span> <span class='ocrx_word' id='word_1_505' title='bbox 3106 3350 3405 3406; x_wconf 89' lang='lat' dir='ltr'><strong>communi</strong></span> <span class='ocrx_word' id='word_1_506' title='bbox 3431 3366 3570 3404; x_wconf 89' lang='lat' dir='ltr'><strong>con-</strong></span> 
     </span>
    </p>
   </div>
   <div class='ocr_carea' id='block_1_82' title="bbox 1908 3435 3569 3510">
    <p class='ocr_par' dir='ltr' id='par_1_82' title="bbox 1908 3435 3569 3510">
     <span class='ocr_line' id='line_1_82' title="bbox 1908 3435 3569 3510; baseline 0.001 -19"><span class='ocrx_word' id='word_1_507' title='bbox 1908 3435 2106 3508; x_wconf 89' lang='lat' dir='ltr'><strong>loquio</strong></span> <span class='ocrx_word' id='word_1_508' title='bbox 2155 3436 2258 3492; x_wconf 91' lang='lat' dir='ltr'><strong>hec</strong></span> <span class='ocrx_word' id='word_1_509' title='bbox 2306 3437 2513 3509; x_wconf 88' lang='lat' dir='ltr'><strong>exponi</strong></span> <span class='ocrx_word' id='word_1_510' title='bbox 2561 3437 2931 3510; x_wconf 85' lang='lat' dir='ltr'><strong>quandoque.</strong></span> <span class='ocrx_word' id='word_1_511' title='bbox 2984 3437 3222 3504; x_wconf 87' lang='lat' dir='ltr'><strong>Interim</strong></span> <span class='ocrx_word' id='word_1_512' title='bbox 3272 3454 3407 3495; x_wconf 91' lang='lat' dir='ltr'><strong>cum</strong></span> <span class='ocrx_word' id='word_1_513' title='bbox 3467 3437 3569 3494; x_wconf 89' lang='lat' dir='ltr'><strong>Dei</strong></span> 
     </span>
    </p>
   </div>
   <div class='ocr_carea' id='block_1_83' title="bbox 1912 3524 3567 3598">
    <p class='ocr_par' dir='ltr' id='par_1_83' title="bbox 1912 3524 3567 3598">
     <span class='ocr_line' id='line_1_83' title="bbox 1912 3524 3567 3598; baseline 0.002 -18"><span class='ocrx_word' id='word_1_514' title='bbox 1912 3524 2290 3580; x_wconf 88' lang='lat' dir='ltr'><strong>amminiculo</strong></span> <span class='ocrx_word' id='word_1_515' title='bbox 2321 3525 2664 3598; x_wconf 87' lang='lat' dir='ltr'><strong>sospitatem</strong></span> <span class='ocrx_word' id='word_1_516' title='bbox 2695 3529 2957 3581; x_wconf 87' lang='lat' dir='ltr'><strong>nostram</strong></span> <span class='ocrx_word' id='word_1_517' title='bbox 2982 3526 3265 3584; x_wconf 89' lang='lat' dir='ltr'><strong>dinoscite</strong></span> <span class='ocrx_word' id='word_1_518' title='bbox 3285 3532 3567 3584; x_wconf 85' lang='lat' dir='ltr'><strong>vestram-</strong></span> 
     </span>
    </p>
   </div>
   <div class='ocr_carea' id='block_1_84' title="bbox 1910 3612 3570 3686">
    <p class='ocr_par' dir='ltr' id='par_1_84' title="bbox 1910 3612 3570 3686">
     <span class='ocr_line' id='line_1_84' title="bbox 1910 3612 3570 3686; baseline 0.002 -19"><span class='ocrx_word' id='word_1_519' title='bbox 1910 3631 2024 3686; x_wconf 89' lang='lat' dir='ltr'><strong>que</strong></span> <span class='ocrx_word' id='word_1_520' title='bbox 2057 3612 2231 3669; x_wconf 90' lang='lat' dir='ltr'><strong>nobis</strong></span> <span class='ocrx_word' id='word_1_521' title='bbox 2262 3614 2498 3669; x_wconf 88' lang='lat' dir='ltr'><strong>demum</strong></span> <span class='ocrx_word' id='word_1_522' title='bbox 2532 3613 2833 3684; x_wconf 89' lang='lat' dir='ltr'><strong>intimate;</strong></span> <span class='ocrx_word' id='word_1_523' title='bbox 2868 3613 2992 3674; x_wconf 89' lang='lat' dir='ltr'><strong>dies</strong></span> <span class='ocrx_word' id='word_1_524' title='bbox 3021 3619 3109 3671; x_wconf 88' lang='lat' dir='ltr'><strong>est</strong></span> <span class='ocrx_word' id='word_1_525' title='bbox 3141 3615 3297 3671; x_wconf 91' lang='lat' dir='ltr'><strong>enim</strong></span> <span class='ocrx_word' id='word_1_526' title='bbox 3347 3615 3570 3672; x_wconf 88' lang='lat' dir='ltr'><strong>obtabi-</strong></span> 
     </span>
    </p>
   </div>
   <div class='ocr_carea' id='block_1_85' title="bbox 1912 3701 3572 3776">
    <p class='ocr_par' dir='ltr' id='par_1_85' title="bbox 1912 3701 3572 3776">
     <span class='ocr_line' id='line_1_85' title="bbox 1912 3701 3572 3776; baseline 0.002 -19"><span class='ocrx_word' id='word_1_527' title='bbox 1912 3701 2010 3770; x_wconf 90' lang='lat' dir='ltr'><strong>lis,</strong></span> <span class='ocrx_word' id='word_1_528' title='bbox 2044 3719 2157 3775; x_wconf 93' lang='lat' dir='ltr'><strong>quo</strong></span> <span class='ocrx_word' id='word_1_529' title='bbox 2189 3703 2365 3758; x_wconf 88' lang='lat' dir='ltr'><strong>vestri</strong></span> <span class='ocrx_word' id='word_1_530' title='bbox 2395 3706 2844 3776; x_wconf 87' lang='lat' dir='ltr'><strong>vestrorumque</strong></span> <span class='ocrx_word' id='word_1_531' title='bbox 2876 3703 3127 3760; x_wconf 91' lang='lat' dir='ltr'><strong>salutem</strong></span> <span class='ocrx_word' id='word_1_532' title='bbox 3159 3703 3363 3760; x_wconf 90' lang='lat' dir='ltr'><strong>audire</strong></span> <span class='ocrx_word' id='word_1_533' title='bbox 3385 3719 3572 3761; x_wconf 79' lang='lat' dir='ltr'><strong>mere-</strong></span> 
     </span>
    </p>
   </div>
   <div class='ocr_carea' id='block_1_86' title="bbox 1914 3792 3570 3865">
    <p class='ocr_par' dir='ltr' id='par_1_86' title="bbox 1914 3792 3570 3865">
     <span class='ocr_line' id='line_1_86' title="bbox 1914 3792 3570 3865; baseline 0.002 -19"><span class='ocrx_word' id='word_1_534' title='bbox 1914 3796 2222 3847; x_wconf 89' lang='lat' dir='ltr'><strong>mur.Dum</strong></span> <span class='ocrx_word' id='word_1_535' title='bbox 2241 3792 2813 3865; x_wconf 80' lang='lat' dir='ltr'><strong>flagitamuslargam</strong></span> <span class='ocrx_word' id='word_1_536' title='bbox 2831 3792 3279 3849; x_wconf 89' lang='lat' dir='ltr'><strong>benivolentiam</strong></span> <span class='ocrx_word' id='word_1_537' title='bbox 3293 3797 3570 3863; x_wconf 85' lang='lat' dir='ltr'><strong>vestram,</strong></span> 
     </span>
    </p>
   </div>
   <div class='ocr_carea' id='block_1_87' title="bbox 1915 3880 3570 3958">
    <p class='ocr_par' dir='ltr' id='par_1_87' title="bbox 1915 3880 3570 3958">
     <span class='ocr_line' id='line_1_87' title="bbox 1915 3880 3570 3958; baseline 0.005 -22"><span class='ocrx_word' id='word_1_538' title='bbox 1915 3885 1998 3948; x_wconf 90' lang='lat' dir='ltr'><strong>ut,</strong></span> <span class='ocrx_word' id='word_1_539' title='bbox 2032 3881 2081 3936; x_wconf 89' lang='lat' dir='ltr'><strong>si</strong></span> <span class='ocrx_word' id='word_1_540' title='bbox 2114 3880 2232 3936; x_wconf 91' lang='lat' dir='ltr'><strong>ullo</strong></span> <span class='ocrx_word' id='word_1_541' title='bbox 2265 3881 2438 3936; x_wconf 92' lang='lat' dir='ltr'><strong>modo</strong></span> <span class='ocrx_word' id='word_1_542' title='bbox 2470 3881 2594 3937; x_wconf 87' lang='lat' dir='ltr'><strong>ﬁeri</strong></span> <span class='ocrx_word' id='word_1_543' title='bbox 2624 3880 2831 3949; x_wconf 90' lang='lat' dir='ltr'><strong>valeat,</strong></span> <span class='ocrx_word' id='word_1_544' title='bbox 2864 3897 3000 3938; x_wconf 92' lang='lat' dir='ltr'><strong>cum</strong></span> <span class='ocrx_word' id='word_1_545' title='bbox 3031 3881 3230 3956; x_wconf 89' lang='lat' dir='ltr'><strong>gerulo</strong></span> <span class='ocrx_word' id='word_1_546' title='bbox 3281 3881 3570 3958; x_wconf 79' lang='lat' dir='ltr'><strong>presentis</strong></span> 
     </span>
    </p>
   </div>
   <div class='ocr_carea' id='block_1_88' title="bbox 1917 3968 3575 4043">
    <p class='ocr_par' dir='ltr' id='par_1_88' title="bbox 1917 3968 3575 4043">
     <span class='ocr_line' id='line_1_88' title="bbox 1917 3968 3575 4043; baseline 0.003 -20"><span class='ocrx_word' id='word_1_547' title='bbox 1917 3968 2197 4043; x_wconf 87' lang='lat' dir='ltr'><strong>pittacioli</strong></span> <span class='ocrx_word' id='word_1_548' title='bbox 2230 3969 2529 4026; x_wconf 82' lang='lat' dir='ltr'><strong>Matheum</strong></span> <span class='ocrx_word' id='word_1_549' title='bbox 2561 3970 2901 4026; x_wconf 90' lang='lat' dir='ltr'><strong>vitrearium</strong></span> <span class='ocrx_word' id='word_1_550' title='bbox 2932 3970 3101 4027; x_wconf 90' lang='lat' dir='ltr'><strong>nobis</strong></span> <span class='ocrx_word' id='word_1_551' title='bbox 3126 3971 3575 4040; x_wconf 87' lang='lat' dir='ltr'><strong>transmittatis,</strong></span> 
     </span>
    </p>
   </div>
   <div class='ocr_carea' id='block_1_89' title="bbox 1919 4057 3580 4136">
    <p class='ocr_par' dir='ltr' id='par_1_89' title="bbox 1919 4057 3580 4136">
     <span class='ocr_line' id='line_1_89' title="bbox 1919 4057 3580 4136; baseline 0.002 -22"><span class='ocrx_word' id='word_1_552' title='bbox 1919 4063 2210 4132; x_wconf 89' lang='lat' dir='ltr'><strong>quatenus</strong></span> <span class='ocrx_word' id='word_1_553' title='bbox 2253 4059 2324 4114; x_wconf 91' lang='lat' dir='ltr'><strong>ad</strong></span> <span class='ocrx_word' id='word_1_554' title='bbox 2377 4058 2682 4116; x_wconf 90' lang='lat' dir='ltr'><strong>basilicam</strong></span> <span class='ocrx_word' id='word_1_555' title='bbox 2729 4057 2926 4116; x_wconf 84' lang='lat' dir='ltr'><strong>Sancti</strong></span> <span class='ocrx_word' id='word_1_556' title='bbox 2976 4060 3094 4116; x_wconf 91' lang='lat' dir='ltr'><strong>Viti</strong></span> <span class='ocrx_word' id='word_1_557' title='bbox 3145 4065 3366 4135; x_wconf 84' lang='lat' dir='ltr'><strong>martyr</strong></span> <span class='ocrx_word' id='word_1_558' title='bbox 3424 4060 3580 4136; x_wconf 78' lang='grc'><strong>(191)</strong></span> 
     </span>
    </p>
   </div>
   <div class='ocr_carea' id='block_1_90' title="bbox 1920 4147 3579 4223">
    <p class='ocr_par' dir='ltr' id='par_1_90' title="bbox 1920 4147 3579 4223">
     <span class='ocr_line' id='line_1_90' title="bbox 1920 4147 3579 4223; baseline 0 -19"><span class='ocrx_word' id='word_1_559' title='bbox 1920 4163 2151 4204; x_wconf 90' lang='lat' dir='ltr'><strong>summe</strong></span> <span class='ocrx_word' id='word_1_560' title='bbox 2180 4147 2434 4223; x_wconf 82' lang='lat' dir='ltr'><strong>fenestra</strong></span> <span class='ocrx_word' id='word_1_561' title='bbox 2473 4147 2770 4219; x_wconf 79' lang='lat' dir='ltr'><strong>exemplar</strong></span> <span class='ocrx_word' id='word_1_562' title='bbox 2811 4150 3065 4204; x_wconf 92' lang='lat' dir='ltr'><strong>ostentet</strong></span> <span class='ocrx_word' id='word_1_563' title='bbox 3111 4147 3419 4204; x_wconf 88' lang='lat' dir='ltr'><strong>infantulis</strong></span> <span class='ocrx_word' id='word_1_564' title='bbox 3467 4165 3579 4204; x_wconf 90' lang='lat' dir='ltr'><strong>no-</strong></span> 
     </span>
    </p>
   </div>
   <div class='ocr_carea' id='block_1_91' title="bbox 1920 4236 3582 4308">
    <p class='ocr_par' dir='ltr' id='par_1_91' title="bbox 1920 4236 3582 4308">
     <span class='ocr_line' id='line_1_91' title="bbox 1920 4236 3582 4308; baseline 0.001 -16"><span class='ocrx_word' id='word_1_565' title='bbox 1920 4237 2079 4303; x_wconf 90' lang='lat' dir='ltr'><strong>stris,</strong></span> <span class='ocrx_word' id='word_1_566' title='bbox 2110 4236 2428 4308; x_wconf 88' lang='lat' dir='ltr'><strong>statimque</strong></span> <span class='ocrx_word' id='word_1_567' title='bbox 2459 4240 2590 4308; x_wconf 91' lang='lat' dir='ltr'><strong>post</strong></span> <span class='ocrx_word' id='word_1_568' title='bbox 2621 4237 2946 4292; x_wconf 89' lang='lat' dir='ltr'><strong>ebdomade</strong></span> <span class='ocrx_word' id='word_1_569' title='bbox 2980 4236 3160 4293; x_wconf 89' lang='lat' dir='ltr'><strong>unius</strong></span> <span class='ocrx_word' id='word_1_570' title='bbox 3192 4251 3433 4295; x_wconf 90' lang='lat' dir='ltr'><strong>cursum</strong></span> <span class='ocrx_word' id='word_1_571' title='bbox 3483 4253 3582 4293; x_wconf 85' lang='lat' dir='ltr'><strong>re-</strong></span> 
     </span>
    </p>
   </div>
   <div class='ocr_carea' id='block_1_92' title="bbox 1921 4321 3580 4396">
    <p class='ocr_par' dir='ltr' id='par_1_92' title="bbox 1921 4321 3580 4396">
     <span class='ocr_line' id='line_1_92' title="bbox 1921 4321 3580 4396; baseline 0.001 -17"><span class='ocrx_word' id='word_1_572' title='bbox 1921 4340 2117 4380; x_wconf 87' lang='lat' dir='ltr'><strong>meare</strong></span> <span class='ocrx_word' id='word_1_573' title='bbox 2146 4324 2378 4396; x_wconf 90' lang='lat' dir='ltr'><strong>poterit.</strong></span> <span class='ocrx_word' id='word_1_574' title='bbox 2410 4329 2598 4396; x_wconf 89' lang='lat' dir='ltr'><strong>Super</strong></span> <span class='ocrx_word' id='word_1_575' title='bbox 2625 4321 2939 4380; x_wconf 86' lang='lat' dir='ltr'><strong>fraterculo</strong></span> <span class='ocrx_word' id='word_1_576' title='bbox 2983 4327 3179 4378; x_wconf 89' lang='lat' dir='ltr'><strong>autem</strong></span> <span class='ocrx_word' id='word_1_577' title='bbox 3228 4327 3428 4382; x_wconf 86' lang='lat' dir='ltr'><strong>nostro</strong></span> <span class='ocrx_word' id='word_1_578' title='bbox 3479 4321 3580 4380; x_wconf 86' lang='lat' dir='ltr'><strong>illo</strong></span> 
     </span>
    </p>
   </div>
   <div class='ocr_carea' id='block_1_93' title="bbox 1922 4411 3581 4484">
    <p class='ocr_par' dir='ltr' id='par_1_93' title="bbox 1922 4411 3581 4484">
     <span class='ocr_line' id='line_1_93' title="bbox 1922 4411 3581 4484; baseline 0.001 -16"><span class='ocrx_word' id='word_1_579' title='bbox 1922 4411 2129 4468; x_wconf 87' lang='lat' dir='ltr'><strong>obnixe</strong></span> <span class='ocrx_word' id='word_1_580' title='bbox 2144 4412 2520 4484; x_wconf 90' lang='lat' dir='ltr'><strong>deposcimus</strong></span> <span class='ocrx_word' id='word_1_581' title='bbox 2542 4417 2606 4468; x_wconf 90' lang='lat' dir='ltr'><strong>ut</strong></span> <span class='ocrx_word' id='word_1_582' title='bbox 2628 4411 2800 4469; x_wconf 89' lang='lat' dir='ltr'><strong>liceat</strong></span> <span class='ocrx_word' id='word_1_583' title='bbox 2823 4428 2958 4469; x_wconf 86' lang='lat' dir='ltr'><strong>eum</strong></span> <span class='ocrx_word' id='word_1_584' title='bbox 2979 4412 3148 4468; x_wconf 89' lang='lat' dir='ltr'><strong>beato</strong></span> <span class='ocrx_word' id='word_1_585' title='bbox 3172 4411 3258 4467; x_wconf 91' lang='lat' dir='ltr'><strong>illi</strong></span> <span class='ocrx_word' id='word_1_586' title='bbox 3282 4428 3581 4469; x_wconf 89' lang='lat' dir='ltr'><strong>commen-</strong></span> 
     </span>
    </p>
   </div>
   <div class='ocr_carea' id='block_1_94' title="bbox 1925 4500 3579 4573">
    <p class='ocr_par' dir='ltr' id='par_1_94' title="bbox 1925 4500 3579 4573">
     <span class='ocr_line' id='line_1_94' title="bbox 1925 4500 3579 4573; baseline 0 -16"><span class='ocrx_word' id='word_1_587' title='bbox 1925 4501 2049 4557; x_wconf 90' lang='lat' dir='ltr'><strong>dari</strong></span> <span class='ocrx_word' id='word_1_588' title='bbox 2077 4501 2372 4556; x_wconf 91' lang='lat' dir='ltr'><strong>destinare</strong></span> <span class='ocrx_word' id='word_1_589' title='bbox 2403 4517 2537 4556; x_wconf 90' lang='lat' dir='ltr'><strong>cum</strong></span> <span class='ocrx_word' id='word_1_590' title='bbox 2571 4501 2750 4557; x_wconf 90' lang='lat' dir='ltr'><strong>altero</strong></span> <span class='ocrx_word' id='word_1_591' title='bbox 2799 4500 3119 4569; x_wconf 89' lang='lat' dir='ltr'><strong>infantulo,</strong></span> <span class='ocrx_word' id='word_1_592' title='bbox 3169 4518 3282 4573; x_wconf 91' lang='lat' dir='ltr'><strong>que</strong></span> <span class='ocrx_word' id='word_1_593' title='bbox 3331 4518 3468 4557; x_wconf 89' lang='lat' dir='ltr'><strong>eum</strong></span> <span class='ocrx_word' id='word_1_594' title='bbox 3519 4500 3579 4558; x_wconf 89' lang='lat' dir='ltr'><strong>in</strong></span> 
     </span>
    </p>
   </div>
   <div class='ocr_carea' id='block_1_95' title="bbox 161 4579 3578 4662">
    <p class='ocr_par' dir='ltr' id='par_1_95' title="bbox 161 4579 3578 4662">
     <span class='ocr_line' id='line_1_95' title="bbox 161 4579 3578 4662; baseline 0.001 -21"><span class='ocrx_word' id='word_1_595' title='bbox 161 4585 381 4641; x_wconf 75' lang='lat' dir='ltr'><strong>solacio</strong></span> <span class='ocrx_word' id='word_1_596' title='bbox 404 4584 662 4649; x_wconf 83' lang='lat' dir='ltr'><strong>conﬁdo,</strong></span> <span class='ocrx_word' id='word_1_597' title='bbox 691 4582 779 4639; x_wconf 86' lang='lat' dir='ltr'><strong>vel</strong></span> <span class='ocrx_word' id='word_1_598' title='bbox 810 4582 894 4637; x_wconf 87' lang='lat' dir='ltr'><strong>uti</strong></span> <span class='ocrx_word' id='word_1_599' title='bbox 925 4581 1091 4636; x_wconf 83' lang='lat' dir='ltr'><strong>daret</strong></span> <span class='ocrx_word' id='word_1_600' title='bbox 1107 4580 1216 4636; x_wconf 90' lang='lat' dir='ltr'><strong>hoc</strong></span> <span class='ocrx_word' id='word_1_601' title='bbox 1238 4579 1442 4636; x_wconf 89' lang='lat' dir='ltr'><strong>sedulo</strong></span> <span class='ocrx_word' id='word_1_602' title='bbox 1463 4579 1522 4634; x_wconf 91' lang='lat' dir='ltr'><strong>in</strong></span> <span class='ocrx_word' id='word_1_603' title='bbox 1545 4584 1678 4635; x_wconf 89' lang='lat' dir='ltr'><strong>actu</strong></span> <span class='ocrx_word' id='word_1_604' title='bbox 1697 4584 1813 4636; x_wconf 89' lang='lat' dir='ltr'><strong>tam</strong></span> <span class='ocrx_word' id='word_1_605' title='bbox 1843 4595 1892 4662; x_wconf 79' lang='lat' dir='ltr'><strong>D</strong></span> <span class='ocrx_word' id='word_1_606' title='bbox 1921 4590 2046 4646; x_wconf 76' lang='lat' dir='ltr'><strong>suis</strong></span> <span class='ocrx_word' id='word_1_607' title='bbox 2076 4594 2368 4662; x_wconf 84' lang='lat' dir='ltr'><strong>procuret,</strong></span> <span class='ocrx_word' id='word_1_608' title='bbox 2403 4593 2460 4644; x_wconf 93' lang='lat' dir='ltr'><strong>et</strong></span> <span class='ocrx_word' id='word_1_609' title='bbox 2489 4590 2724 4661; x_wconf 90' lang='lat' dir='ltr'><strong>quando</strong></span> <span class='ocrx_word' id='word_1_610' title='bbox 2758 4588 3077 4662; x_wconf 86' lang='lat' dir='ltr'><strong>qualiterve</strong></span> <span class='ocrx_word' id='word_1_611' title='bbox 3099 4590 3418 4645; x_wconf 90' lang='lat' dir='ltr'><strong>transmitti</strong></span> <span class='ocrx_word' id='word_1_612' title='bbox 3477 4590 3578 4646; x_wconf 90' lang='lat' dir='ltr'><strong>de-</strong></span> 
     </span>
    </p>
   </div>
   <div class='ocr_carea' id='block_1_96' title="bbox 161 4668 1813 4746">
    <p class='ocr_par' dir='ltr' id='par_1_96' title="bbox 161 4668 1813 4746">
     <span class='ocr_line' id='line_1_96' title="bbox 161 4668 1813 4746; baseline -0.004 -17"><span class='ocrx_word' id='word_1_613' title='bbox 161 4674 376 4730; x_wconf 86' lang='lat' dir='ltr'><strong>divinis</strong></span> <span class='ocrx_word' id='word_1_614' title='bbox 407 4689 582 4746; x_wconf 89' lang='lat' dir='ltr'><strong>quam</strong></span> <span class='ocrx_word' id='word_1_615' title='bbox 625 4671 913 4728; x_wconf 86' lang='lat' dir='ltr'><strong>forasticis</strong></span> <span class='ocrx_word' id='word_1_616' title='bbox 960 4670 1155 4726; x_wconf 90' lang='lat' dir='ltr'><strong>rebus.</strong></span> <span class='ocrx_word' id='word_1_617' title='bbox 1208 4668 1339 4724; x_wconf 90' lang='lat' dir='ltr'><strong>Misi</strong></span> <span class='ocrx_word' id='word_1_618' title='bbox 1385 4673 1582 4724; x_wconf 88' lang='lat' dir='ltr'><strong>autem</strong></span> <span class='ocrx_word' id='word_1_619' title='bbox 1631 4668 1813 4724; x_wconf 89' lang='lat' dir='ltr'><strong>libros</strong></span> 
     </span>
    </p>
   </div>
   <div class='ocr_carea' id='block_1_97' title="bbox 161 4757 1817 4834">
    <p class='ocr_par' dir='ltr' id='par_1_97' title="bbox 161 4757 1817 4834">
     <span class='ocr_line' id='line_1_97' title="bbox 161 4757 1817 4834; baseline -0.004 -16"><span class='ocrx_word' id='word_1_620' title='bbox 161 4767 388 4820; x_wconf 89' lang='lat' dir='ltr'><strong>vestros</strong></span> <span class='ocrx_word' id='word_1_621' title='bbox 405 4765 475 4818; x_wconf 89' lang='lat' dir='ltr'><strong>ad</strong></span> <span class='ocrx_word' id='word_1_622' title='bbox 492 4761 797 4834; x_wconf 88' lang='lat' dir='ltr'><strong>proprium</strong></span> <span class='ocrx_word' id='word_1_623' title='bbox 821 4760 1017 4816; x_wconf 89' lang='lat' dir='ltr'><strong>sinum</strong></span> <span class='ocrx_word' id='word_1_624' title='bbox 1040 4758 1440 4831; x_wconf 89' lang='lat' dir='ltr'><strong>applicandos,</strong></span> <span class='ocrx_word' id='word_1_625' title='bbox 1472 4775 1576 4830; x_wconf 89' lang='lat' dir='ltr'><strong>pro</strong></span> <span class='ocrx_word' id='word_1_626' title='bbox 1599 4757 1817 4830; x_wconf 90' lang='lat' dir='ltr'><strong>quibus</strong></span> 
     </span>
    </p>
   </div>
   <div class='ocr_carea' id='block_1_98' title="bbox 165 4845 1820 4925">
    <p class='ocr_par' dir='ltr' id='par_1_98' title="bbox 165 4845 1820 4925">
     <span class='ocr_line' id='line_1_98' title="bbox 165 4845 1820 4925; baseline -0.004 -19"><span class='ocrx_word' id='word_1_627' title='bbox 165 4852 384 4925; x_wconf 82' lang='lat' dir='ltr'><strong>gratias</strong></span> <span class='ocrx_word' id='word_1_628' title='bbox 415 4852 717 4906; x_wconf 89' lang='lat' dir='ltr'><strong>inmensas</strong></span> <span class='ocrx_word' id='word_1_629' title='bbox 748 4849 931 4905; x_wconf 80' lang='lat' dir='ltr'><strong>refero</strong></span> <span class='ocrx_word' id='word_1_630' title='bbox 963 4847 1190 4903; x_wconf 87' lang='lat' dir='ltr'><strong>caritati</strong></span> <span class='ocrx_word' id='word_1_631' title='bbox 1223 4848 1425 4901; x_wconf 66' lang='lat' dir='ltr'><strong>vestrae</strong></span> <span class='ocrx_word' id='word_1_632' title='bbox 1454 4845 1541 4901; x_wconf 89' lang='lat' dir='ltr'><strong>vel</strong></span> <span class='ocrx_word' id='word_1_633' title='bbox 1590 4847 1716 4901; x_wconf 91' lang='lat' dir='ltr'><strong>tibi.</strong></span> <span class='ocrx_word' id='word_1_634' title='bbox 1749 4847 1820 4900; x_wconf 88' lang='lat' dir='ltr'><strong>Et</strong></span> 
     </span>
    </p>
   </div>
   <div class='ocr_carea' id='block_1_99' title="bbox 167 4934 1819 5012">
    <p class='ocr_par' dir='ltr' id='par_1_99' title="bbox 167 4934 1819 5012">
     <span class='ocr_line' id='line_1_99' title="bbox 167 4934 1819 5012; baseline -0.004 -17"><span class='ocrx_word' id='word_1_635' title='bbox 167 4955 271 5012; x_wconf 85' lang='lat' dir='ltr'><strong>pro</strong></span> <span class='ocrx_word' id='word_1_636' title='bbox 302 4937 462 4995; x_wconf 90' lang='lat' dir='ltr'><strong>omni</strong></span> <span class='ocrx_word' id='word_1_637' title='bbox 495 4938 884 4995; x_wconf 87' lang='lat' dir='ltr'><strong>benivolentia</strong></span> <span class='ocrx_word' id='word_1_638' title='bbox 913 4953 1048 5009; x_wconf 88' lang='lat' dir='ltr'><strong>erga</strong></span> <span class='ocrx_word' id='word_1_639' title='bbox 1074 4953 1166 4990; x_wconf 91' lang='lat' dir='ltr'><strong>me</strong></span> <span class='ocrx_word' id='word_1_640' title='bbox 1199 4935 1442 5007; x_wconf 87' lang='lat' dir='ltr'><strong>inpensa</strong></span> <span class='ocrx_word' id='word_1_641' title='bbox 1463 4951 1639 5005; x_wconf 91' lang='lat' dir='ltr'><strong>posco</strong></span> <span class='ocrx_word' id='word_1_642' title='bbox 1664 4938 1746 5000; x_wconf 90' lang='lat' dir='ltr'><strong>ut,</strong></span> <span class='ocrx_word' id='word_1_643' title='bbox 1771 4934 1819 4989; x_wconf 89' lang='lat' dir='ltr'><strong>si</strong></span> 
     </span>
    </p>
   </div>
   <div class='ocr_carea' id='block_1_100' title="bbox 151 5021 1819 5098">
    <p class='ocr_par' dir='ltr' id='par_1_100' title="bbox 151 5021 1819 5098">
     <span class='ocr_line' id='line_1_100' title="bbox 151 5021 1819 5098; baseline -0.005 -14"><span class='ocrx_word' id='word_1_644' title='bbox 151 5028 290 5085; x_wconf 53' lang='lat' dir='ltr'><strong>.nllo</strong></span> <span class='ocrx_word' id='word_1_645' title='bbox 321 5028 494 5083; x_wconf 87' lang='lat' dir='ltr'><strong>modo</strong></span> <span class='ocrx_word' id='word_1_646' title='bbox 526 5027 650 5084; x_wconf 80' lang='lat' dir='ltr'><strong>fieri</strong></span> <span class='ocrx_word' id='word_1_647' title='bbox 679 5026 888 5092; x_wconf 90' lang='lat' dir='ltr'><strong>valeat,</strong></span> <span class='ocrx_word' id='word_1_648' title='bbox 909 5029 1042 5098; x_wconf 91' lang='lat' dir='ltr'><strong>post</strong></span> <span class='ocrx_word' id='word_1_649' title='bbox 1064 5023 1435 5080; x_wconf 83' lang='lat' dir='ltr'><strong>festivitatem</strong></span> <span class='ocrx_word' id='word_1_650' title='bbox 1458 5023 1643 5078; x_wconf 89' lang='lat' dir='ltr'><strong>sancti</strong></span> <span class='ocrx_word' id='word_1_651' title='bbox 1663 5021 1819 5076; x_wconf 90' lang='lat' dir='ltr'><strong>illius</strong></span> 
     </span>
    </p>
   </div>
   <div class='ocr_carea' id='block_1_101' title="bbox 159 5111 1820 5190">
    <p class='ocr_par' dir='ltr' id='par_1_101' title="bbox 159 5111 1820 5190">
     <span class='ocr_line' id='line_1_101' title="bbox 159 5111 1820 5190; baseline -0.006 -16"><span class='ocrx_word' id='word_1_652' title='bbox 159 5115 604 5190; x_wconf 83' lang='lat' dir='ltr'><strong>jubeatisillum</strong></span> <span class='ocrx_word' id='word_1_653' title='bbox 619 5115 913 5172; x_wconf 86' lang='lat' dir='ltr'><strong>medicum</strong></span> <span class='ocrx_word' id='word_1_654' title='bbox 935 5114 1006 5169; x_wconf 87' lang='lat' dir='ltr'><strong>ad</strong></span> <span class='ocrx_word' id='word_1_655' title='bbox 1023 5128 1116 5169; x_wconf 91' lang='lat' dir='ltr'><strong>me</strong></span> <span class='ocrx_word' id='word_1_656' title='bbox 1137 5112 1354 5178; x_wconf 85' lang='lat' dir='ltr'><strong>venire,</strong></span> <span class='ocrx_word' id='word_1_657' title='bbox 1371 5111 1510 5184; x_wconf 87' lang='lat' dir='ltr'><strong>quia</strong></span> <span class='ocrx_word' id='word_1_658' title='bbox 1530 5111 1820 5182; x_wconf 89' lang='lat' dir='ltr'><strong>adjutorio</strong></span> 
     </span>
    </p>
   </div>
   <div class='ocr_carea' id='block_1_102' title="bbox 167 5197 1820 5278">
    <p class='ocr_par' dir='ltr' id='par_1_102' title="bbox 167 5197 1820 5278">
     <span class='ocr_line' id='line_1_102' title="bbox 167 5197 1820 5278; baseline -0.005 -15"><span class='ocrx_word' id='word_1_659' title='bbox 167 5209 299 5277; x_wconf 79' lang='lat' dir='ltr'><strong>ejus</strong></span> <span class='ocrx_word' id='word_1_660' title='bbox 329 5197 581 5278; x_wconf 85' lang='lat' dir='ltr'><strong>indigeo.</strong></span> <span class='ocrx_word' id='word_1_661' title='bbox 614 5205 724 5262; x_wconf 87' lang='lat' dir='ltr'><strong>Sed</strong></span> <span class='ocrx_word' id='word_1_662' title='bbox 755 5210 813 5260; x_wconf 93' lang='lat' dir='ltr'><strong>et</strong></span> <span class='ocrx_word' id='word_1_663' title='bbox 838 5203 1056 5260; x_wconf 91' lang='lat' dir='ltr'><strong>domno</strong></span> <span class='ocrx_word' id='word_1_664' title='bbox 1087 5200 1171 5256; x_wconf 91' lang='lat' dir='ltr'><strong>illi</strong></span> <span class='ocrx_word' id='word_1_665' title='bbox 1203 5201 1424 5273; x_wconf 90' lang='lat' dir='ltr'><strong>gratias</strong></span> <span class='ocrx_word' id='word_1_666' title='bbox 1469 5200 1674 5256; x_wconf 86' lang='lat' dir='ltr'><strong>referte</strong></span> <span class='ocrx_word' id='word_1_667' title='bbox 1717 5217 1820 5272; x_wconf 91' lang='lat' dir='ltr'><strong>pro</strong></span> 
     </span>
    </p>
   </div>
   <div class='ocr_carea' id='block_1_103' title="bbox 167 5287 1818 5366">
    <p class='ocr_par' dir='ltr' id='par_1_103' title="bbox 167 5287 1818 5366">
     <span class='ocr_line' id='line_1_103' title="bbox 167 5287 1818 5366; baseline -0.007 -14"><span class='ocrx_word' id='word_1_668' title='bbox 167 5294 482 5352; x_wconf 76' lang='lat' dir='ltr'><strong>fraterculo</strong></span> <span class='ocrx_word' id='word_1_669' title='bbox 514 5311 643 5351; x_wconf 87' lang='lat' dir='ltr'><strong>meo</strong></span> <span class='ocrx_word' id='word_1_670' title='bbox 674 5293 794 5360; x_wconf 91' lang='lat' dir='ltr'><strong>illo,</strong></span> <span class='ocrx_word' id='word_1_671' title='bbox 828 5292 989 5366; x_wconf 88' lang='lat' dir='ltr'><strong>quia,</strong></span> <span class='ocrx_word' id='word_1_672' title='bbox 1023 5294 1086 5346; x_wconf 90' lang='lat' dir='ltr'><strong>ut</strong></span> <span class='ocrx_word' id='word_1_673' title='bbox 1117 5305 1150 5344; x_wconf 90' lang='lat' dir='ltr'><strong>a</strong></span> <span class='ocrx_word' id='word_1_674' title='bbox 1178 5289 1569 5345; x_wconf 82' lang='lat' dir='ltr'><strong>referentibus</strong></span> <span class='ocrx_word' id='word_1_675' title='bbox 1602 5287 1818 5357; x_wconf 90' lang='lat' dir='ltr'><strong>audivi,</strong></span> 
     </span>
    </p>
   </div>
   <div class='ocr_carea' id='block_1_104' title="bbox 242 5429 1823 5509">
    <p class='ocr_par' dir='ltr' id='par_1_104' title="bbox 242 5429 1823 5509">
     <span class='ocr_line' id='line_1_104' title="bbox 242 5429 1823 5509; baseline -0.004 -18"><span class='ocrx_word' id='word_1_676' title='bbox 242 5436 390 5509; x_wconf 88' lang='grc'><strong>(190)</strong></span> <span class='ocrx_word' id='word_1_677' title='bbox 419 5435 502 5493; x_wconf 91' lang='lat' dir='ltr'><strong>0n</strong></span> <span class='ocrx_word' id='word_1_678' title='bbox 536 5434 826 5509; x_wconf 80' lang='lat' dir='ltr'><strong>designait</strong></span> <span class='ocrx_word' id='word_1_679' title='bbox 853 5433 1002 5509; x_wconf 75' lang='lat' dir='ltr'><strong>ainsi</strong></span> <span class='ocrx_word' id='word_1_680' title='bbox 1028 5431 1115 5509; x_wconf 81' lang='lat' dir='ltr'><strong>les</strong></span> <span class='ocrx_word' id='word_1_681' title='bbox 1147 5429 1374 5486; x_wconf 87' lang='lat' dir='ltr'><strong>moines</strong></span> <span class='ocrx_word' id='word_1_682' title='bbox 1406 5431 1478 5509; x_wconf 85' lang='lat' dir='ltr'><strong>de</strong></span> <span class='ocrx_word' id='word_1_683' title='bbox 1493 5429 1823 5509; x_wconf 43' lang='lat' dir='ltr'><strong>ﬂete-bna}:</strong></span> 
     </span>
    </p>
   </div>
   <div class='ocr_carea' id='block_1_105' title="bbox 170 5499 1824 5564">
    <p class='ocr_par' dir='ltr' id='par_1_105' title="bbox 170 5499 1824 5564">
     <span class='ocr_line' id='line_1_105' title="bbox 170 5499 1824 5564; baseline -0.005 0"><span class='ocrx_word' id='word_1_684' title='bbox 170 5512 206 5564; x_wconf 67' lang='grc' dir='ltr'><strong>ὲ</strong></span> <span class='ocrx_word' id='word_1_685' title='bbox 236 5499 412 5563; x_wconf 80' lang='lat' dir='ltr'><strong>cause</strong></span> <span class='ocrx_word' id='word_1_686' title='bbox 442 5509 512 5563; x_wconf 92' lang='lat' dir='ltr'><strong>de</strong></span> <span class='ocrx_word' id='word_1_687' title='bbox 541 5507 598 5563; x_wconf 89' lang='lat' dir='ltr'><strong>la</strong></span> <span class='ocrx_word' id='word_1_688' title='bbox 623 5499 899 5563; x_wconf 79' lang='lat' dir='ltr'><strong>situation</strong></span> <span class='ocrx_word' id='word_1_689' title='bbox 932 5503 1002 5560; x_wconf 91' lang='lat' dir='ltr'><strong>de</strong></span> <span class='ocrx_word' id='word_1_690' title='bbox 1032 5502 1160 5558; x_wconf 88' lang='lat' dir='ltr'><strong>leur</strong></span> <span class='ocrx_word' id='word_1_691' title='bbox 1189 5505 1453 5557; x_wconf 92' lang='lat' dir='ltr'><strong>couvent.</strong></span> <span class='ocrx_word' id='word_1_692' title='bbox 1487 5499 1570 5556; x_wconf 86' lang='lat' dir='ltr'><strong>Cf.</strong></span> <span class='ocrx_word' id='word_1_693' title='bbox 1621 5499 1824 5556; x_wconf 85' lang='lat' dir='ltr'><strong>Mabil-</strong></span> 
     </span>
    </p>
   </div>
   <div class='ocr_carea' id='block_1_106' title="bbox 170 5573 1642 5646">
    <p class='ocr_par' dir='ltr' id='par_1_106' title="bbox 170 5573 1642 5646">
     <span class='ocr_line' id='line_1_106' title="bbox 170 5573 1642 5646; baseline -0.005 -10"><span class='ocrx_word' id='word_1_694' title='bbox 170 5579 294 5644; x_wconf 86' lang='lat' dir='ltr'><strong>lon,</strong></span> <span class='ocrx_word' id='word_1_695' title='bbox 323 5580 562 5635; x_wconf 74' lang='lat' dir='ltr'><strong>Annales</strong></span> <span class='ocrx_word' id='word_1_696' title='bbox 593 5578 651 5634; x_wconf 93' lang='lat'><strong>0.</strong></span> <span class='ocrx_word' id='word_1_697' title='bbox 685 5578 740 5633; x_wconf 90' lang='lat' dir='ltr'><strong>S.</strong></span> <span class='ocrx_word' id='word_1_698' title='bbox 771 5579 857 5643; x_wconf 77' lang='lat'><strong>8.,</strong></span> <span class='ocrx_word' id='word_1_699' title='bbox 891 5581 1032 5632; x_wconf 91' lang='lat' dir='ltr'><strong>tom.</strong></span> <span class='ocrx_word' id='word_1_700' title='bbox 1060 5575 1130 5642; x_wconf 90' lang='lat' dir='ltr'><strong>ll,</strong></span> <span class='ocrx_word' id='word_1_701' title='bbox 1158 5589 1292 5646; x_wconf 91' lang='lat' dir='ltr'><strong>pag.</strong></span> <span class='ocrx_word' id='word_1_702' title='bbox 1319 5574 1425 5646; x_wconf 80' lang='grc'><strong>375</strong></span> <span class='ocrx_word' id='word_1_703' title='bbox 1444 5577 1501 5646; x_wconf 82' lang='lat' dir='ltr'><strong>et</strong></span> <span class='ocrx_word' id='word_1_704' title='bbox 1519 5573 1642 5628; x_wconf 83' lang='grc'>485.</span> 
     </span>
    </p>
   </div>
   <div class='ocr_carea' id='block_1_107' title="bbox 243 5641 1822 5728">
    <p class='ocr_par' dir='ltr' id='par_1_107' title="bbox 243 5641 1822 5728">
     <span class='ocr_line' id='line_1_107' title="bbox 243 5641 1822 5728; baseline -0.003 -21"><span class='ocrx_word' id='word_1_705' title='bbox 243 5641 395 5728; x_wconf 77' lang='grc'><strong>(191)</strong></span> <span class='ocrx_word' id='word_1_706' title='bbox 427 5649 726 5708; x_wconf 87' lang='lat' dir='ltr'><strong>Plusieurs</strong></span> <span class='ocrx_word' id='word_1_707' title='bbox 757 5641 1120 5705; x_wconf 80' lang='lat' dir='ltr'><strong>monasteres</strong></span> <span class='ocrx_word' id='word_1_708' title='bbox 1149 5641 1265 5704; x_wconf 62' lang='lat' dir='ltr'><strong>ont&#39;</strong></span> <span class='ocrx_word' id='word_1_709' title='bbox 1280 5645 1371 5703; x_wconf 84' lang='lat' dir='ltr'><strong>été</strong></span> <span class='ocrx_word' id='word_1_710' title='bbox 1402 5643 1515 5701; x_wconf 88' lang='lat' dir='ltr'><strong>mis</strong></span> <span class='ocrx_word' id='word_1_711' title='bbox 1533 5659 1671 5701; x_wconf 90' lang='lat' dir='ltr'><strong>sous</strong></span> <span class='ocrx_word' id='word_1_712' title='bbox 1692 5641 1822 5703; x_wconf 83' lang='lat' dir='ltr'><strong>l’in-</strong></span> 
     </span>
    </p>
   </div>
   <div class='ocr_carea' id='block_1_108' title="bbox 497 5773 958 5842">
    <p class='ocr_par' dir='ltr' id='par_1_108' title="bbox 497 5773 958 5842">
     <span class='ocr_line' id='line_1_108' title="bbox 497 5773 958 5842; baseline -0.004 -4"><span class='ocrx_word' id='word_1_713' title='bbox 497 5776 763 5842; x_wconf 73' lang='grc' dir='ltr'><strong>ΡΑτιωι.</strong></span> <span class='ocrx_word' id='word_1_714' title='bbox 807 5773 958 5840; x_wconf 86' lang='lat' dir='ltr'><strong>CLI.</strong></span> 
     </span>
    </p>
   </div>
   <div class='ocr_carea' id='block_1_109' title="bbox 1922 4675 3582 4750">
    <p class='ocr_par' dir='ltr' id='par_1_109' title="bbox 1922 4675 3582 4750">
     <span class='ocr_line' id='line_1_109' title="bbox 1922 4675 3582 4750; baseline 0.001 -16"><span class='ocrx_word' id='word_1_715' title='bbox 1922 4680 2056 4735; x_wconf 92' lang='lat' dir='ltr'><strong>beat</strong></span> <span class='ocrx_word' id='word_1_716' title='bbox 2083 4676 2440 4733; x_wconf 88' lang='lat' dir='ltr'><strong>remandate.</strong></span> <span class='ocrx_word' id='word_1_717' title='bbox 2475 4676 2553 4732; x_wconf 90' lang='lat' dir='ltr'><strong>De</strong></span> <span class='ocrx_word' id='word_1_718' title='bbox 2587 4675 2780 4733; x_wconf 90' lang='lat' dir='ltr'><strong>mellis</strong></span> <span class='ocrx_word' id='word_1_719' title='bbox 2807 4694 2944 4733; x_wconf 90' lang='lat' dir='ltr'><strong>vero</strong></span> <span class='ocrx_word' id='word_1_720' title='bbox 2975 4676 3295 4750; x_wconf 88' lang='lat' dir='ltr'><strong>cpulentia,</strong></span> <span class='ocrx_word' id='word_1_721' title='bbox 3329 4693 3446 4750; x_wconf 89' lang='lat' dir='ltr'><strong>qua</strong></span> <span class='ocrx_word' id='word_1_722' title='bbox 3477 4694 3582 4736; x_wconf 84' lang='lat' dir='ltr'><strong>vos</strong></span> 
     </span>
    </p>
   </div>
   <div class='ocr_carea' id='block_1_110' title="bbox 1925 4765 3579 4840">
    <p class='ocr_par' dir='ltr' id='par_1_110' title="bbox 1925 4765 3579 4840">
     <span class='ocr_line' id='line_1_110' title="bbox 1925 4765 3579 4840; baseline 0 -16"><span class='ocrx_word' id='word_1_723' title='bbox 1925 4765 2188 4840; x_wconf 89' lang='lat' dir='ltr'><strong>adjuvari</strong></span> <span class='ocrx_word' id='word_1_724' title='bbox 2219 4766 2557 4839; x_wconf 86' lang='lat' dir='ltr'><strong>poposcitis,</strong></span> <span class='ocrx_word' id='word_1_725' title='bbox 2592 4767 2798 4822; x_wconf 92' lang='lat' dir='ltr'><strong>scitote</strong></span> <span class='ocrx_word' id='word_1_726' title='bbox 2829 4783 2938 4822; x_wconf 89' lang='lat' dir='ltr'><strong>nos</strong></span> <span class='ocrx_word' id='word_1_727' title='bbox 2968 4765 3186 4839; x_wconf 89' lang='lat' dir='ltr'><strong>gratias</strong></span> <span class='ocrx_word' id='word_1_728' title='bbox 3221 4782 3353 4823; x_wconf 88' lang='lat' dir='ltr'><strong>rara</strong></span> <span class='ocrx_word' id='word_1_729' title='bbox 3399 4784 3579 4840; x_wconf 88' lang='lat' dir='ltr'><strong>quam</strong></span> 
     </span>
    </p>
   </div>
   <div class='ocr_carea' id='block_1_111' title="bbox 1925 4853 3580 4930">
    <p class='ocr_par' dir='ltr' id='par_1_111' title="bbox 1925 4853 3580 4930">
     <span class='ocr_line' id='line_1_111' title="bbox 1925 4853 3580 4930; baseline 0 -17"><span class='ocrx_word' id='word_1_730' title='bbox 1925 4874 2028 4913; x_wconf 90' lang='lat' dir='ltr'><strong>vos</strong></span> <span class='ocrx_word' id='word_1_731' title='bbox 2044 4856 2214 4930; x_wconf 89' lang='lat' dir='ltr'><strong>plura</strong></span> <span class='ocrx_word' id='word_1_732' title='bbox 2231 4854 2538 4912; x_wconf 77' lang='lat' dir='ltr'><strong>extendere</strong></span> <span class='ocrx_word' id='word_1_733' title='bbox 2558 4853 2733 4911; x_wconf 89' lang='lat' dir='ltr'><strong>velle:</strong></span> <span class='ocrx_word' id='word_1_734' title='bbox 2759 4855 2972 4912; x_wconf 83' lang='lat' dir='ltr'><strong>mittite</strong></span> <span class='ocrx_word' id='word_1_735' title='bbox 2990 4855 3270 4911; x_wconf 90' lang='lat' dir='ltr'><strong>nuncium</strong></span> <span class='ocrx_word' id='word_1_736' title='bbox 3295 4861 3580 4926; x_wconf 86' lang='lat' dir='ltr'><strong>vestrum,</strong></span> 
     </span>
    </p>
   </div>
   <div class='ocr_carea' id='block_1_112' title="bbox 1930 4942 3585 5019">
    <p class='ocr_par' dir='ltr' id='par_1_112' title="bbox 1930 4942 3585 5019">
     <span class='ocr_line' id='line_1_112' title="bbox 1930 4942 3585 5019; baseline 0.001 -18"><span class='ocrx_word' id='word_1_737' title='bbox 1930 4947 2028 5019; x_wconf 89' lang='lat' dir='ltr'><strong>qui</strong></span> <span class='ocrx_word' id='word_1_738' title='bbox 2061 4946 2260 5001; x_wconf 79' lang='lat' dir='ltr'><strong>decem</strong></span> <span class='ocrx_word' id='word_1_739' title='bbox 2291 4943 2465 5000; x_wconf 89' lang='lat' dir='ltr'><strong>siclas</strong></span> <span class='ocrx_word' id='word_1_740' title='bbox 2498 4942 2690 4999; x_wconf 88' lang='lat' dir='ltr'><strong>mellis</strong></span> <span class='ocrx_word' id='word_1_741' title='bbox 2721 4943 2974 5016; x_wconf 84' lang='lat' dir='ltr'><strong>perferat</strong></span> <span class='ocrx_word' id='word_1_742' title='bbox 3003 4943 3196 5002; x_wconf 89' lang='lat' dir='ltr'><strong>vobis.</strong></span> <span class='ocrx_word' id='word_1_743' title='bbox 3230 4943 3382 5003; x_wconf 86' lang='lat' dir='ltr'><strong>Bene</strong></span> <span class='ocrx_word' id='word_1_744' title='bbox 3399 4946 3585 5003; x_wconf 87' lang='lat' dir='ltr'><strong>valete</strong></span> 
     </span>
    </p>
   </div>
   <div class='ocr_carea' id='block_1_113' title="bbox 1929 5033 2718 5108">
    <p class='ocr_par' dir='ltr' id='par_1_113' title="bbox 1929 5033 2718 5108">
     <span class='ocr_line' id='line_1_113' title="bbox 1929 5033 2718 5108; baseline -0.005 -17"><span class='ocrx_word' id='word_1_745' title='bbox 1929 5052 2162 5108; x_wconf 86' lang='lat' dir='ltr'><strong>semper</strong></span> <span class='ocrx_word' id='word_1_746' title='bbox 2193 5049 2481 5090; x_wconf 91' lang='lat' dir='ltr'><strong>memores</strong></span> <span class='ocrx_word' id='word_1_747' title='bbox 2513 5033 2718 5088; x_wconf 89' lang='lat' dir='ltr'><strong>nostri.</strong></span> 
     </span>
    </p>
   </div>
   <div class='ocr_carea' id='block_1_114' title="bbox 2674 5120 2862 5176">
    <p class='ocr_par' dir='ltr' id='par_1_114' title="bbox 2674 5120 2862 5176">
     <span class='ocr_line' id='line_1_114' title="bbox 2674 5120 2862 5176; baseline 0 0"><span class='ocrx_word' id='word_1_748' title='bbox 2674 5120 2862 5176; x_wconf 83' lang='lat' dir='ltr'><strong>XLIII.</strong></span> 
     </span>
    </p>
   </div>
   <div class='ocr_carea' id='block_1_115' title="bbox 2524 5193 2971 5264">
    <p class='ocr_par' dir='ltr' id='par_1_115' title="bbox 2524 5193 2971 5264">
     <span class='ocr_line' id='line_1_115' title="bbox 2524 5193 2971 5264; baseline -0.004 -14"><span class='ocrx_word' id='word_1_749' title='bbox 2524 5194 2676 5264; x_wconf 82' lang='lat' dir='ltr'><strong>[Sine</strong></span> <span class='ocrx_word' id='word_1_750' title='bbox 2701 5193 2971 5263; x_wconf 84' lang='lat' dir='ltr'><strong>rubrica.]</strong></span> 
     </span>
    </p>
   </div>
   <div class='ocr_carea' id='block_1_116' title="bbox 2003 5243 3587 5354">
    <p class='ocr_par' dir='ltr' id='par_1_116' title="bbox 2003 5243 3587 5354">
     <span class='ocr_line' id='line_1_116' title="bbox 2525 5243 2970 5264; baseline 0 -1"><span class='ocrx_word' id='word_1_751' title='bbox 2525 5243 2666 5264; x_wconf 59' lang='lat' dir='ltr'><strong>L~----</strong></span> <span class='ocrx_word' id='word_1_752' title='bbox 2703 5243 2970 5263; x_wconf 62' lang='lat' dir='ltr'><strong>-~~-m~~.</strong></span> 
     </span>
     <span class='ocr_line' id='line_1_117' title="bbox 2003 5243 3587 5354; baseline 0.001 -15"><span class='ocrx_word' id='word_1_753' title='bbox 2003 5283 2246 5340; x_wconf 92' lang='lat' dir='ltr'><strong>Domino</strong></span> <span class='ocrx_word' id='word_1_754' title='bbox 2275 5299 2409 5339; x_wconf 91' lang='lat' dir='ltr'><strong>vere</strong></span> <span class='ocrx_word' id='word_1_755' title='bbox 2455 5281 2772 5339; x_wconf 89' lang='lat' dir='ltr'><strong>venerabili</strong></span> <span class='ocrx_word' id='word_1_756' title='bbox 2821 5281 3092 5354; x_wconf 89' lang='lat' dir='ltr'><strong>patrique</strong></span> <span class='ocrx_word' id='word_1_757' title='bbox 3137 5282 3451 5341; x_wconf 83' lang='lat' dir='ltr'><strong>karissinio</strong></span> <span class='ocrx_word' id='word_1_758' title='bbox 3499 5243 3587 5341; x_wconf 74' lang='lat' dir='ltr'><strong>illl</strong></span> 
     </span>
    </p>
   </div>
   <div class='ocr_carea' id='block_1_117' title="bbox 1929 5423 3589 5498">
    <p class='ocr_par' dir='ltr' id='par_1_117' title="bbox 1929 5423 3589 5498">
     <span class='ocr_line' id='line_1_118' title="bbox 1929 5423 3589 5498; baseline 0.001 -17"><span class='ocrx_word' id='word_1_759' title='bbox 1929 5423 2196 5498; x_wconf 84' lang='lat' dir='ltr'><strong>vocation</strong></span> <span class='ocrx_word' id='word_1_760' title='bbox 2229 5423 2301 5480; x_wconf 91' lang='lat' dir='ltr'><strong>de</strong></span> <span class='ocrx_word' id='word_1_761' title='bbox 2317 5423 2491 5498; x_wconf 34' lang='lat' dir='ltr'><strong>Asaint</strong></span> <span class='ocrx_word' id='word_1_762' title='bbox 2515 5424 2664 5492; x_wconf 86' lang='lat' dir='ltr'><strong>Vite;</strong></span> <span class='ocrx_word' id='word_1_763' title='bbox 2691 5426 2975 5498; x_wconf 63' lang='lat' dir='ltr'><strong>petit-stre</strong></span> <span class='ocrx_word' id='word_1_764' title='bbox 2997 5423 3320 5498; x_wconf 80' lang='lat' dir='ltr'><strong>s’agit-ilici</strong></span> <span class='ocrx_word' id='word_1_765' title='bbox 3343 5427 3414 5482; x_wconf 90' lang='lat' dir='ltr'><strong>de</strong></span> <span class='ocrx_word' id='word_1_766' title='bbox 3438 5427 3589 5486; x_wconf 89' lang='lat' dir='ltr'><strong>celui</strong></span> 
     </span>
    </p>
   </div>
   <div class='ocr_carea' id='block_1_118' title="bbox 1932 5494 3588 5573">
    <p class='ocr_par' dir='ltr' id='par_1_118' title="bbox 1932 5494 3588 5573">
     <span class='ocr_line' id='line_1_119' title="bbox 1932 5494 3588 5573; baseline 0.003 -21"><span class='ocrx_word' id='word_1_767' title='bbox 1932 5496 2005 5573; x_wconf 79' lang='lat' dir='ltr'><strong>de</strong></span> <span class='ocrx_word' id='word_1_768' title='bbox 2033 5499 2245 5573; x_wconf 77' lang='lat' dir='ltr'><strong>Corvey</strong></span> <span class='ocrx_word' id='word_1_769' title='bbox 2275 5494 2530 5573; x_wconf 74' lang='lat' dir='ltr'><strong>(corbe-ia</strong></span> <span class='ocrx_word' id='word_1_770' title='bbox 2560 5494 2744 5567; x_wconf 77' lang='lat' dir='ltr'><strong>nova),</strong></span> <span class='ocrx_word' id='word_1_771' title='bbox 2775 5497 2874 5571; x_wconf 90' lang='lat' dir='ltr'><strong>qui</strong></span> <span class='ocrx_word' id='word_1_772' title='bbox 2907 5494 3208 5570; x_wconf 84' lang='lat' dir='ltr'><strong>possédait</strong></span> <span class='ocrx_word' id='word_1_773' title='bbox 3231 5495 3315 5554; x_wconf 91' lang='lat' dir='ltr'><strong>les</strong></span> <span class='ocrx_word' id='word_1_774' title='bbox 3333 5498 3588 5573; x_wconf 87' lang='lat' dir='ltr'><strong>reliques</strong></span> 
     </span>
    </p>
   </div>
   <div class='ocr_carea' id='block_1_119' title="bbox 1933 5567 2477 5644">
    <p class='ocr_par' dir='ltr' id='par_1_119' title="bbox 1933 5567 2477 5644">
     <span class='ocr_line' id='line_1_120' title="bbox 1933 5567 2477 5644; baseline -0.002 -19"><span class='ocrx_word' id='word_1_775' title='bbox 1933 5567 2012 5625; x_wconf 92' lang='lat' dir='ltr'><strong>du</strong></span> <span class='ocrx_word' id='word_1_776' title='bbox 2045 5567 2477 5644; x_wconf 63' lang='lat' dir='ltr'><strong>saint&#39;martyr.</strong></span> 
     </span>
    </p>
   </div>
   <div class='ocr_carea' id='block_1_120' title="bbox 3195 5769 3275 5838">
    <p class='ocr_par' dir='ltr' id='par_1_120' title="bbox 3195 5769 3275 5838">
     <span class='ocr_line' id='line_1_121' title="bbox 3195 5769 3275 5838; baseline 0 -2"><span class='ocrx_word' id='word_1_777' title='bbox 3195 5769 3275 5838; x_wconf 76' lang='grc'><strong>46</strong></span> 
     </span>
    </p>
   </div>
  </div>
