3950 6424
1273 65 1286 68 ··
1295 67 1300 70 -
1313 65 1320 70 '
1347 59 1815 79 A5..L."1-:-th_

345 413 494 478 1451

1619 410 1960 477 APPEND.
2003 408 2106 474 AD
2149 409 2339 476 SIEC.
2386 413 2464 477 Χ.

3591 409 3748 477 1452

345 525 564 616 abbati,
597 545 697 603 ille
726 545 973 620 exiguus
1003 549 1060 602 et
1088 551 1353 620 peccator
1382 549 1642 604 eternam
1664 547 1724 602 in
1744 548 1991 604 Domino
2019 551 2076 615 Α
2104 549 2293 620 cupio.
2329 549 2494 604 Nunc
2524 561 2659 602 vero
2690 546 2762 602 de
2793 547 3184 620 presentibus,
3209 562 3322 619 que
3339 561 3526 619 nuper
3543 545 3752 602 direxi-

343 639 506 707 optat
525 635 798 692 salutem.
815 636 925 691 Diu
946 635 1316 708 multumque
1339 636 1520 708 hujus
1537 636 1740 692 mundi
1763 635 1993 692 notissi-

342 723 461 778 mis
475 723 1015 796 perturbationibus
1026 725 1300 798 agitatus,
1317 725 1503 780 vicem
1516 725 1769 780 debitam
1782 725 1992 780 vestris

343 811 643 869 beneﬁciis
673 829 776 885 per
805 812 1125 885 condignas
1148 813 1478 886 graciarum
1501 813 1763 869 acciones
1787 830 1961 886 repen
1986 847 1992 852 -

343 900 480 956 dere
510 901 734 957 mutuis
765 901 990 971 distuli,
1023 901 1301 974 quoniam
1325 905 1382 957 et
1403 902 1528 974 ipse
1550 902 1839 975 angustie,
1868 904 1994 973 qui-

343 989 456 1046 bus
478 993 616 1046 tunc
639 991 901 1060 tenebar,
928 1008 1061 1046 cum
1082 991 1294 1047 vestris
1316 991 1579 1064 adprime
1605 990 1838 1047 solaciis
1861 991 1994 1046 sub-

330 1078 584 1148 levarer,
643 1079 928 1136 hactenus
981 1096 1075 1135 me
1132 1080 1495 1152 premebant,
1556 1083 1612 1134 et
1676 1079 1993 1135 necessitas

342 1167 708 1240 paupertatis
739 1169 941 1240 pocius
968 1167 1198 1240 placare
1235 1168 1503 1225 inimicos
1549 1185 1727 1240 quam
1773 1167 1992 1223 amicos

344 1257 589 1329 cogebat
616 1257 838 1313 sedare.
871 1257 1039 1313 Nunc
1073 1273 1222 1325 vero,
1257 1257 1502 1312 Domino
1531 1257 1767 1312 tandem
1787 1255 1993 1311 labori-

344 1345 458 1401 bus
489 1345 707 1402 nostris
735 1345 970 1418 aliquod
1001 1348 1299 1418 pres’tante
1329 1346 1613 1414 levamen,
1659 1345 1819 1400 nolui
1861 1345 1989 1399 diu-

345 1434 494 1504 cius,
527 1450 599 1490 ne
629 1433 899 1506 ingratus
925 1435 1170 1499 viderer,
1206 1434 1468 1490 debitum
1496 1432 1876 1490 salutacionis
1897 1450 1989 1489 me

342 1539 558 1579 munus
589 1523 914 1592 obmittere,
949 1540 1064 1595 quo
1096 1522 1447 1596 intelligeret
1467 1523 1779 1596 prudentia
1801 1527 1990 1578 vestre

336 1611 671 1669 dilectionis
703 1613 969 1669 ardorem
1002 1613 1062 1667 in
1089 1613 1273 1668 nostri
1304 1613 1498 1668 cordis
1529 1611 1696 1667 arula
1731 1612 1987 1684 sopitum

339 1701 542 1772 pocius
575 1717 750 1773 quam
782 1701 1124 1757 extinctum.
1161 1701 1347 1774 Igitur
1377 1700 1704 1774 dignamini
1743 1717 1834 1755 me
1868 1704 1986 1755 tam

340 1789 573 1846 fidelem
603 1791 768 1846 vobis
800 1793 1069 1862 reputare
1099 1806 1276 1862 quam
1309 1794 1502 1846 vestra
1531 1789 1744 1845 meruit
1773 1789 1987 1845 sancti-

338 1879 481 1934 tudo
496 1897 509 1936 :
526 1879 808 1952 quicquid
823 1879 883 1935 in
897 1895 992 1935 me
1010 1879 1201 1935 vivum
1222 1882 1329 1946 est,
1353 1896 1468 1935 non
1488 1878 1767 1934 dubitetis
1778 1877 1987 1934 vestris

340 1983 435 2022 me
461 1966 551 2022 vel
583 1966 918 2038 mancipare
951 1966 1231 2023 serviciis.
1265 1967 1397 2023 Misi
1445 1972 1633 2023 vestre
1678 1966 1989 2022 karissime

341 2054 677 2128 paternitati
704 2073 911 2128 parvas
942 2056 1264 2129 e[ulo]gias,
1295 2057 1352 2111 id
1374 2061 1462 2112 est
1479 2056 1913 2128 manutergium
1933 2060 1990 2110 et

341 2143 654 2217 pectinem,
687 2162 804 2200 non
839 2162 955 2217 quo
982 2144 1087 2201 hec
1117 2144 1296 2218 digna
1325 2145 1533 2202 vestris
1580 2145 1988 2218 conspectibus

331 2233 684 2304 judicarem,
718 2235 821 2290 sed
853 2250 967 2306 quo
989 2235 1407 2306 conprobarem
1430 2234 1642 2290 melius
1667 2251 1794 2291 esse
1814 2251 1988 2306 parvo

341 2339 518 2395 quam
550 2321 713 2378 nullo
743 2323 986 2396 pignore
1017 2322 1388 2379 dilectionem
1429 2327 1696 2379 mutuam
1745 2324 1989 2379 demon-

339 2416 550 2468 strare.
585 2412 737 2468 Bene
768 2428 869 2468 vos
900 2411 961 2466 in
992 2412 1239 2468 Domino
1271 2429 1501 2485 semper
1530 2421 1664 2484 opto
1712 2412 1902 2468 valere
1934 2416 1991 2468 et

341 2500 525 2557 nostri
556 2500 615 2555 in
631 2500 1004 2557 oracionibus
1019 2500 1201 2556 sacris
1215 2517 1503 2558 memores
1519 2519 1674 2558 esse:
1701 2501 1878 2557 talem
1897 2518 1990 2556 me

341 2593 607 2662 reputate
639 2589 872 2662 qualem
904 2607 996 2644 me
1025 2590 1191 2646 vobis
1221 2591 1542 2646 debitorem
1575 2591 1819 2658 fecistis,
1853 2591 1992 2663 quia

335 2678 472 2735 talis
483 2679 787 2736 vobiscum
801 2679 1033 2752 qualern
1049 2679 1474 2736 amicissimum
1489 2681 1850 2738 amicissimo
1861 2697 1992 2737 esse

339 2770 587 2839 oportet.

1073 2855 1265 2912 XLIV.

940 2945 1092 3015 [Sine
1128 2946 1397 3015 rubrica.J

421 3033 522 3091 llle
554 3038 767 3089 saneta:
797 3033 906 3089 illa;
938 3034 1193 3090 ecclesiae
1226 3034 1468 3090 humilis
1512 3034 1807 3100 contistes,
1859 3051 1992 3106 pro-

349 3122 692 3178 beatissimo
721 3139 786 3177 ac
813 3122 1280 3194 prestantissimo
1313 3123 1658 3196 dignissime
1685 3123 1846 3178 fratri
1871 3122 1992 3178 viro

343 3209 431 3265 illi
458 3209 656 3267 abbati
687 3212 1033 3283 cunctisque
1076 3212 1358 3268 fratribus
1403 3212 1648 3268 Domino
1691 3212 1991 3269 vobiscum

2103 637 2231 707 stis,
2265 637 2610 692 muneribus
2642 636 2964 693 immensas
2996 637 3381 710 copiosasque
3406 635 3626 709 gratias
3640 635 3751 691 ref-

2103 725 2242 790 fero,
2277 742 2389 798 que
2416 743 2508 782 me
2539 725 2619 782 ita
2649 727 2720 780 ad
2752 730 3010 782 vestrum
3066 729 3520 798 provocaverunt
3568 725 3750 781 servi-

2103 815 2268 882 tium,
2301 819 2367 870 ut
2396 813 2563 884 nulli,
2597 819 2832 888 excepto
2865 815 3113 885 seniore,
3148 831 3242 871 me
3272 815 3526 887 amplius
3566 831 3751 887 quam

2099 904 2263 959 vobis
2293 904 2540 960 delectet
2569 904 2805 972 servire,
2839 908 2894 960 et
2925 905 2974 959 si
2997 903 3224 976 aliquid
3252 907 3448 960 nostre
3471 901 3753 975 parvitati

2100 999 2289 1048 vostra
2320 993 2610 1065 sagacitas
2642 993 2721 1064 inj
2733 1009 2949 1065 ungere
2979 991 3314 1061 decreverit,
3366 992 3642 1048 devotum
3690 991 3754 1047 in

2101 1082 2401 1147 omnibus,
2419 1083 2642 1138 favente
2655 1081 2923 1148 Domino,
2939 1082 3209 1154 reperiet.
3226 1082 3452 1153 Equum
3467 1096 3750 1153 namque,

2101 1187 2274 1242 quem
2297 1171 2659 1242 dudumjam
2686 1170 3001 1239 direxistis,
3027 1170 3162 1226 licet
3182 1170 3259 1226 sit
3277 1170 3464 1226 bonus
3488 1170 3560 1226 ad
3573 1186 3751 1242 opus,

2099 1264 2294 1315 tamen
2328 1260 2482 1332 quod
2515 1259 2843 1332 optavimus
2873 1277 2988 1316 non
3021 1260 3164 1316 adeo
3195 1259 3358 1315 utilis
3375 1259 3569 1315 habet.
3595 1259 3752 1322 Qua-

2100 1353 2338 1421 propter
2368 1349 2711 1420 dignitatem
2743 1349 2999 1422 petimus
3028 1352 3280 1404 vestram
3305 1352 3367 1403 ut
3390 1347 3548 1404 omni
3572 1347 3750 1402 indu-

2100 1437 2242 1492 stria
2271 1439 2558 1510 Optimum
2591 1438 2866 1510 deinceps
2903 1437 3158 1493 invenire
3202 1436 3509 1504 studeatis,
3560 1442 3625 1492 ut
3674 1435 3751 1492 ad

2099 1543 2266 1597 opus,
2301 1528 2454 1598 quod
2487 1527 2655 1599 elegi,
2689 1527 2766 1582 sit
2795 1527 3009 1598 aptius,
3033 1530 3090 1582 et
3109 1526 3278 1582 nobis
3299 1525 3649 1598 quandoque
3675 1525 3752 1580 ad

2099 1615 2480 1685 equitant-lum
2512 1614 2825 1670 utilitatem
2860 1615 3043 1686 possit
3086 1618 3368 1686 prestare.
3421 1614 3527 1669 Per
3574 1629 3751 1685 regu-

2099 1701 2220 1757 lum
2239 1705 2385 1773 (l92)
2409 1705 2603 1775 itaque
2627 1704 2862 1759 scedule
2885 1703 3063 1775 hujus
3087 1702 3366 1775 quicquid
3390 1702 3459 1758 de
3482 1719 3547 1758 ac
3569 1718 3756 1757 causa

2098 1793 2581 1847 vostrainvcnerit
2599 1792 2872 1848 voluntas
2893 1794 3235 1848 remandare
3257 1796 3473 1848 curate.
3496 1790 3750 1860 Vestris,

2099 1880 2511 1948 sacratissime,
2547 1881 2797 1954 denique
2829 1882 3129 1937 committo
3151 1880 3442 1954 precibus,
3467 1897 3616 1952 quas
3643 1895 3754 1952 pro

2094 1969 2275 2036 vobis,
2311 1970 2444 2024 licet
2476 1969 2724 2041 peccatis
2756 1969 3130 2026 obstantibus
3155 1969 3413 2037 inutiles,
3439 1969 3512 2024 ad
3538 1967 3752 2024 mundi

2097 2063 2464 2130 regnatorem
2480 2075 2570 2113 me
2586 2058 2825 2114 tundere
2841 2059 3061 2130 absque
3075 2057 3390 2114 difficulate
3407 2057 3757 2114 scitote.Va—

2096 2147 2594 2204 leatsanctissima
2607 2151 2799 2202 vestra
2822 2147 3026 2219 religio
3048 2163 3154 2219 per
3171 2147 3512 2204 innumeros
3535 2162 3750 2202 annos.

2827 2281 2990 2336 XLVI
3000 2321 3013 2335 .

2709 2371 2855 2435 [Sine
2897 2369 3139 2440 rubrica]

2172 2500 2662 2558 Reverentissimo
2689 2519 2756 2558 ac
2787 2519 2917 2558 vere
2966 2502 3308 2558 beatissimo
3353 2502 3523 2575 patri,
3570 2520 3752 2575 quem

2099 2591 2285 2664 gratia
2317 2589 2518 2645 sedulo
2550 2591 2813 2646 caritatis
2844 2591 3184 2663 amplector,
3212 2590 3295 2645 illi
3329 2591 3544 2664 insigni
3569 2592 3753 2648 abba-

2099 2685 2225 2734 tum
2257 2679 2476 2745 abbati,
2499 2677 2594 2734 ille
2620 2679 2755 2735 licet
2776 2679 3086 2735 inmeritus
3107 2679 3415 2752 episcopus
3436 2680 3758 2752 praesentia

2099 2769 2410 2840 futuraque
2442 2768 2770 2840 perenniter
2800 2769 3016 2840 gaudia
3045 2771 3225 2841 optat.
3259 2768 3406 2833 Quia
3435 2769 3625 2825 literis
3673 2769 3757 2825 si-

2101 2856 2376 2930 gniﬁcare
2404 2857 2714 2913 studuistis
2746 2857 2884 2913 totis
2913 2874 3016 2914 vos
3058 2858 3642 2930 ardere‘praecordiis
3690 2861 3758 2915 ut

2099 2945 2324 3002 vincolo
2347 2946 2606 3002 caritatis
2637 2951 2848 3003 nostra:
2896 2952 3101 3003 vestrae
3151 2947 3558 3003 adnecteretur
3608 2946 3755 3003 dile-

2102 3035 2300 3100 ctioni,
2336 3036 2590 3091 maxima
2620 3035 2866 3091 interius
2896 3036 3268 3108 exteriusque
3287 3035 3482 3092 leticia
3501 3036 3756 3092 exilara-

2101 3129 2196 3179 tus
2229 3123 2431 3196 utique
2461 3140 2615 3190 sum,
2650 3128 2707 3179 et
2735 3128 2800 3178 ut
2829 3129 2986 3180 sator
3007 3141 3202 3180 rerum
3223 3124 3281 3180 id
3305 3124 3428 3180 fieri
3452 3125 3759 3195 permittat

2101 3212 2238 3268 totis
2267 3216 2472 3284 exepto
2503 3212 2840 3285 gemitibus.
2873 3211 3110 3285 Eulogie
3132 3230 3387 3284 namque
3409 3218 3587 3284 atque
3608 3213 3758 3270 adeo

341 3299 737 3355 militantibus
757 3300 1045 3372 presentis
1068 3301 1378 3373 futureque
1400 3301 1693 3358 felicitatis
1713 3301 1983 3358 salutem.
2018 3284 2060 3351 C
2100 3300 2432 3374 gratissime
2461 3284 2714 3367 fuerunt,
2748 3317 2861 3372 que
2891 3284 3067 3356 etiam
3100 3302 3148 3357 si
3181 3302 3405 3358 modice
3454 3301 3667 3371 forent,
3720 3319 3759 3358 a

339 3388 680 3444 Sanctitatis
709 3393 897 3445 vestre
928 3389 1235 3462 epistolam
1276 3389 1616 3463 relegentes,
1668 3391 1986 3446 admodum

339 3477 563 3535 fuimus
601 3478 806 3550 gavisi,
857 3478 995 3550 quia
1035 3482 1230 3536 textus
1279 3479 1464 3551 ipsius
1517 3483 1770 3536 vestram
1819 3480 1988 3536 nobis

339 3567 596 3642 ostendit
616 3567 958 3639 sospitatem
981 3572 1157 3640 atque
1178 3568 1647 3625 benivolentiam.
1673 3570 1835 3634 Quod
1855 3585 1988 3626 vero

339 3656 716 3729 signiﬁcastis
737 3656 808 3712 de
829 3655 1100 3728 pellibus,
1130 3661 1300 3713 antea
1320 3658 1558 3713 omnino
1579 3657 1688 3712 fuit
1709 3657 1987 3713 intiman-

338 3746 500 3816 dum,
534 3761 600 3801 eo
632 3746 788 3818 quod
820 3745 1004 3800 multo
1037 3746 1231 3802 carius
1262 3750 1524 3819 tempore
1553 3747 1766 3803 hiemis
1808 3763 1987 3817 quam

338 3833 541 3891 estatis
554 3838 846 3890 amantur.
865 3835 1137 3890 Attamen
1156 3839 1283 3891 tran
1293 3835 1598 3892 smisimus
1616 3837 1787 3892 modo
1800 3840 1988 3891 vestre

336 3921 669 3996 largissime
691 3922 921 3978 caritati
952 3922 1168 3995 vigenti
1196 3927 1254 3978 et
1283 3923 1543 3996 quinque
1574 3923 1775 3996 pelles,
1817 3924 1990 3996 plura

338 4009 629 4084 largituri,
649 4012 698 4068 si
720 4017 874 4068 Deus
896 4011 1072 4068 vitam
1095 4012 1408 4084 locumque
1429 4013 1599 4069 nobis
1614 4013 1984 4070 concesserit.

336 4099 600 4172 Denique
629 4117 940 4174 precamur
971 4105 1033 4156 ut
1053 4101 1290 4157 fratrem
1310 4101 1497 4169 illum,
1523 4119 1656 4158 mox
1678 4119 1792 4175 quo
1810 4100 1991 4157 facul-

335 4193 426 4246 tas
458 4188 751 4257 adriserit,
786 4190 978 4257 nobis,
1010 4191 1165 4247 sicut
1194 4189 1439 4263 polliciti
1478 4191 1641 4259 estis,
1694 4190 1987 4246 admittite

333 4294 407 4333 ne
442 4267 744 4336 differatis.
780 4279 996 4347 Valete,
1031 4281 1238 4336 fratres
1269 4297 1493 4347 omnes,
1519 4278 1986 4335 nostra'invicem

333 4364 664 4433 salutando,
697 4371 754 4423 et
785 4371 849 4422 ut
879 4368 1064 4424 nostri
1097 4367 1250 4423 inter
1278 4383 1515 4439 precum
1563 4383 1805 4422 suarum
1853 4371 1986 4423 vota

333 4453 668 4510 meminerit
696 4454 1003 4511 humiliter
1032 4472 1301 4527 exposco.

1081 4543 1241 4599 XLV.

785 4649 1056 4689 INDICULU
1065 4651 1108 4688 M
1137 4650 1209 4689 AD
1240 4651 1523 4691 ABBATEM.

399 4719 574 4777 Mella
602 4721 754 4794 geris
786 4724 979 4778 tecum
1005 4723 1235 4780 firmato
1266 4723 1518 4796 gluttine
1549 4727 1737 4794 septa;

468 4808 674 4866 Dulcia
703 4827 818 4884 que
847 4811 1080 4868 dederis
1111 4812 1245 4885 quis
1271 4813 1458 4885 cupis,
1491 4816 1583 4869 ast
1605 4812 1748 4868 mihi
1767 4830 1902 4869 non.

393 4898 816 4957 Probatissimo
856 4917 922 4956 ac
969 4901 1151 4957 divini
1202 4901 1396 4958 cultus
1436 4902 1669 4975 ingenio
1715 4902 1978 4974 adprime

323 4987 600 5045 decenter
619 4990 886 5046 decorato
911 4990 995 5045 illi
1017 4991 1420 5064 insignissimo
1442 4990 1526 5046 illi
1549 4990 1766 5057 abbati,
1792 5007 1978 5062 quan-

327 5094 506 5149 quam
539 5077 868 5135 immeritus
899 5081 1232 5153 episcopus,
1265 5097 1412 5152 quas
1443 5079 1642 5151 lingua
1690 5078 1976 5150 explicare

323 5182 439 5221 non
454 5165 692 5232 sufﬁcit,
708 5166 927 5224 salutes
941 5169 1119 5225 obtat.
1143 5169 1288 5223 Cum
1313 5168 1469 5223 enim
1492 5169 1748 5223 assiduis
1770 5169 1975 5224 vestris

321 5253 677 5324 accumuler,
710 5273 776 5311 eo
807 5255 1017 5330 longus
1049 5258 1258 5329 dignas
1293 5272 1516 5328 nequeo
1544 5256 1614 5310 de
1642 5260 1801 5310 tante
1824 5255 1971 5312 cari-

315 5345 456 5400 tatis
495 5344 704 5400 ardore
750 5347 1065 5418 rependere
1112 5349 1347 5418 grates;
1401 5344 1502 5400 sed
1551 5345 1690 5415 quia
1741 5345 1971 5401 debitas

315 5433 645 5506 persolvere
678 5435 906 5502 delicio,
923 5436 1048 5506 jam
1071 5451 1218 5506 quas
1237 5433 1420 5489 habes
1438 5432 1498 5487 in
1516 5450 1616 5489 ara
1633 5433 1825 5489 cordis
1838 5451 1970 5489 sen-

311 5539 413 5578 sus
445 5522 789 5595 perquirens
820 5523 1120 5595 repererit,
1154 5522 1313 5578 omni
1347 5522 1624 5579 aviditate
1654 5523 1968 5593 rependere

382 5695 529 5779 (192)
563 5695 607 5754 Il
639 5697 762 5756 faut
790 5698 1180 5756 évidemment
1207 5698 1462 5774 corriger
1498 5699 1779 5774 gerulum.

2099 3390 2268 3445 nobis
2299 3406 2400 3461 pro
2433 3389 2686 3461 magnis,
2720 3389 2858 3461 quia
2887 3405 2922 3445 a
2949 3389 3112 3445 vobis
3135 3390 3368 3459 directe,
3389 3389 3594 3462 utique
3617 3407 3757 3446 sus-

2097 3479 2443 3550 ciperentur.
2478 3479 2585 3533 Sed
2619 3494 2736 3549 quo
2791 3478 3063 3550 deinceps
3114 3495 3228 3550 prae
3283 3494 3420 3550 pare
3465 3495 3570 3534 vos
3619 3478 3756 3552 plu-

2097 3568 2250 3622 rima
2275 3566 2506 3631 vellem,
2540 3566 2589 3622 si
2619 3565 3015 3622 familiaritate
3045 3567 3262 3638 perfrui
3296 3567 3468 3623 nobis
3495 3567 3652 3635 licet,
3695 3573 3756 3626 et

2098 3660 2298 3712 nostra
2323 3654 2560 3711 scedula
2591 3656 2916 3727 personuit,
2937 3660 3129 3712 vestra
3148 3672 3241 3712 me
3266 3657 3409 3712 adeo
3425 3657 3753 3727 concussit,

2099 3745 2230 3817 quis
2261 3761 2366 3818 ego
2388 3762 2519 3800 sum
2539 3745 2638 3816 qui
2659 3743 2875 3799 talibus
2893 3745 3189 3816 tantisque
3208 3745 3472 3816 patribus
3493 3745 3753 3818 parvita-

2098 3835 2172 3890 tis
2204 3851 2298 3890 1ne
2328 3835 2615 3906 denegare
2647 3833 3124 3901 familiaritatem,
3160 3850 3294 3890 cum
3327 3834 3533 3906 pocius
3555 3839 3755 3891 vestre

2098 3922 2354 3979 caritatis
2386 3922 2681 3995 indigeam
2715 3921 3020 3989 solacium,
3055 3939 3306 3994 quorum
3340 3923 3615 3994 precibus
3657 3939 3756 3978 me

2097 4012 2390 4069 sublevari
2408 4011 2660 4083 denique
2679 4029 2794 4067 non
2820 4011 3075 4083 ambigo.
3095 4011 3176 4068 De
3190 4011 3472 4067 beneficio
3491 4027 3756 4084 namque

2096 4119 2199 4174 per
2215 4101 2497 4156 nuncium
2513 4117 2701 4172 nuper
2714 4100 2964 4156 missum
2979 4117 3084 4156 nos
3099 4101 3442 4173 promisisse
3461 4100 3750 4157 asseritis:

2096 4191 2349 4262 profecto
2381 4189 2526 4244 nihil
2550 4189 2983 4257 mandavimus,
2999 4191 3104 4246 sed
3127 4189 3534 4262 puerjuvenili
3557 4189 3754 4245 adhuc

2097 4296 2274 4335 sensu
2302 4279 2618 4351 depressus
2648 4278 2788 4334 talia
2819 4295 2934 4333 non
2951 4280 3160 4349 jussus
3192 4278 3482 4352 promisit,
3517 4295 3631 4350 que
3680 4293 3752 4334 ex

2095 4373 2292 4424 nostro
2324 4385 2439 4424 non
2463 4367 2722 4440 suscepit
2751 4367 3014 4440 imperio.
3048 4368 3322 4424 Precibus
3353 4367 3751 4424 sanctissimis

2093 4457 2300 4514 vestris
2331 4473 2424 4512 me
2455 4456 2801 4512 inmanitate
2827 4456 3063 4513 sceleris
3094 4457 3439 4530 languidum
3472 4457 3751 4514 commit-

2091 4552 2213 4603 tere
2244 4546 2432 4602 ﬁdens
2462 4546 2533 4601 de
2561 4549 2755 4602 vestra
2785 4545 3025 4602 caritate
3059 4563 3372 4619 praesumo;
3397 4562 3560 4602 meas
3581 4563 3751 4602 nam-

2007 4652 2056 4717 D
2085 4652 2198 4708 que
2227 4651 2333 4708 pro
2364 4633 2531 4690 vobis
2558 4633 2695 4690 licet
2721 4633 2869 4690 viles
2901 4635 2973 4689 ad
3007 4634 3321 4690 Dominum
3341 4635 3586 4691 fundere
3612 4651 3751 4707 pro-

2087 4726 2178 4780 cul
2239 4721 2418 4778 dubio
2479 4736 2696 4777 cernuo
2749 4721 2963 4776 abhinc
3023 4720 3242 4794 p0plite
3297 4738 3413 4778 non
3472 4723 3740 4778 cessabo.

2087 4810 2439 4869 Munuscula
2467 4815 2674 4866 vestra:
2707 4810 2842 4866 licet
2863 4810 3091 4866 modica
3113 4810 3425 4884 dirigimus
3447 4810 3744 4882 dignitati,

2088 4919 2202 4974 que
2229 4905 2423 4957 vestra
2456 4899 2839 4956 sublimitatis
2868 4916 2971 4972 pro
3015 4916 3228 4972 magno
3279 4900 3575 4972 suscipere
3626 4916 3746 4956 non

2087 4995 2344 5058 recuset;
2380 4988 2494 5044 nisi
2525 4989 2682 5044 enim
2713 4989 2877 5044 vobis
2907 4988 3241 5060 injunctum
3264 4989 3531 5061 partibus
3552 4990 3746 5062 gratia

2086 5079 2377 5135 instauret
2403 5079 2531 5145 iter,
2565 5079 2790 5147 majora
2821 5079 3026 5150 utique
3056 5079 3512 5134 destinarentur.
3556 5077 3744 5133 Mitti-

2088 5185 2219 5223 mus
2251 5184 2503 5239 namque
2534 5167 2787 5222 banriles
2819 5171 3072 5239 quatuor
3101 5167 3232 5236 olei,
3257 5167 3328 5223 ad
3353 5165 3742 5223 calciamenta

2081 5256 2442 5312 conﬁcienda
2474 5255 2744 5328 hyrcinas
2776 5255 2956 5328 pelles
2985 5273 3106 5326 sex,
3133 5256 3313 5312 libras
3343 5256 3572 5329 argenti
3593 5259 3733 5312 tres.

2078 5344 2274 5400 Faciat
2303 5361 2404 5400 vos
2435 5361 2632 5399 rerum
2664 5348 2823 5400 sator
2848 5345 3021 5401 rectis
3050 5349 3382 5418 presentem
3406 5345 3735 5418 transigere

2077 5433 2381 5506 gressibus
2409 5432 2588 5487 vitam
2618 5436 2676 5488 et
2707 5432 2968 5489 futuram
2993 5450 3127 5490 cum
3155 5433 3376 5490 sanctis
3397 5432 3737 5491 eternaliter

2076 5521 2319 5597 perfrui.
2355 5521 2508 5577 Bene
2538 5521 2599 5577 in
2629 5521 2855 5578 Christo
2885 5521 3086 5580 valete.
