3950 6366
151 362 313 428 1453

863 497 1073 558 XLVII.

728 584 787 659 [5
798 591 887 644 ine
916 591 1156 648 rubrica.
1194 593 1206 648 ε

214 692 320 748 Vir
348 692 445 749 ille
474 693 738 766 exiguus,
773 696 870 752 illo
914 698 1104 753 Strabi
1165 700 1312 771 (193)
1344 718 1455 756 suo
1517 700 1789 757 salutem.

145 783 347 839 Frater
367 781 465 838 ille
497 799 765 841 remeans
800 803 833 841 a
862 786 1046 853 vobis,
1094 794 1333 846 auctore
1383 795 1520 858 Deo,
1581 792 1653 845 ad
1687 807 1793 848 nos

142 887 335 942 usque
366 870 589 928 inlesus
622 876 905 945 pervenit,
940 880 996 930 et
1024 892 1290 947 munera,
1353 895 1466 951 que
1523 879 1790 948 misistis,

140 959 311 1016 valde
339 960 508 1015 nobis
539 966 707 1034 grata
735 963 965 1019 adtulit.
1019 965 1130 1021 Sed
1164 967 1478 1040 impetrato
1531 985 1599 1023 ex
1630 974 1792 1041 parte

141 1066 249 1122 pro
268 1066 384 1122 quo
403 1054 638 1105 venerat
663 1052 921 1124 negocia,
942 1058 997 1109 et
1018 1069 1130 1109 non
1147 1056 1337 1127 potuit
1352 1055 1515 1111 illum
1536 1057 1793 1130 amplius

135 1137 502 1210 tenere,quia
517 1138 970 1197 festinabatante
985 1142 1237 1199 hiemem
1259 1147 1553 1217 proprium
1574 1146 1791 1203 intrare

139 1226 337 1283 solum
367 1231 426 1283 et
451 1243 519 1282 ea
551 1244 664 1299 que
694 1229 914 1285 deferet
942 1231 1107 1287 vobis
1138 1238 1485 1290 monstrare.
1520 1236 1630 1290 Sed
1655 1234 1793 1307 quia

139 1333 258 1372 non
289 1316 453 1389 potui
474 1316 636 1372 vobis
658 1334 770 1389 que
787 1318 1083 1375 volueram
1103 1325 1159 1377 et
1179 1339 1291 1394 que
1317 1323 1525 1379 vestris
1546 1323 1788 1397 dignum

137 1405 408 1461 dextram
437 1408 831 1477 presentanda
878 1410 1290 1481 conspectibus
1343 1412 1591 1482 mittere,
1654 1430 1786 1468 cum

140 1494 318 1550 citius
344 1493 619 1552 manibus
650 1496 867 1552 nostris
898 1513 966 1553 ea
1000 1499 1280 1555 Dominus
1312 1501 1783 1572 commodaverit,

134 1583 315 1639 vestri
340 1587 407 1639 ut
436 1589 635 1656 potero
666 1602 769 1657 per
823 1585 994 1642 illum
1050 1590 1437 1646 memorabor.
1492 1590 1784 1646 Cetterum

136 1671 348 1729 nolens
383 1679 771 1729 memoratum
805 1675 1043 1732 fratrem
1066 1694 1311 1734 vacuum
1338 1679 1409 1733 ad
1433 1696 1532 1734 vos
1556 1679 1779 1748 reverti,

134 1761 304 1817 missi
339 1778 441 1835 per
470 1762 636 1818 illum
666 1762 829 1819 vobis
849 1769 1036 1837 tapete
1055 1784 1237 1822 unum
1259 1768 1579 1834 obtemum,
1605 1772 1777 1839 cujus

1446 368 1848 438 nonnum;
1891 370 2272 465 vsrsass.

1823 510 1878 574 Α
1908 507 2028 563 cias
2056 507 2311 580 denique
2341 507 2509 565 referi
2539 507 2669 564 ideo
2714 506 3073 581 paternitati-
3123 512 3351 578 vestrae,
3400 509 3556 581 quod

3401 379 3558 441 1454

1904 613 2019 652 non
2069 596 2261 652 solum
2320 596 2515 652 divino
2570 614 2771 653 verum
2831 601 2888 653 et
2931 598 3219 670 corporali
3272 597 3556 655 solamine

1902 701 2010 741 nos
2040 684 2244 741 sedulo
2298 684 2638 753 sublevatis,
2699 689 2757 741 et
2811 702 2917 758 pro
2974 688 3298 744 asumendo
3345 685 3553 742 ammi-

1901 772 2116 828 nuculo
2146 773 2533 829 indeficiendo
2590 775 3001 845 permaneatis,
3052 775 3230 831 sicuti
3285 774 3553 847 nuperri-

1902 878 1996 917 me
2027 861 2265 928 fecistis,
2300 861 2469 917 ilium
2529 862 2822 919 medicum
2884 864 3052 921 nobis
3106 862 3548 935 transmisistis,

1901 949 2002 1021 qui
2035 954 2197 1006 tanto
2227 951 2422 1007 studio
2452 954 2508 1006 et
2567 952 2772 1007 affectu
2834 952 3303 1015 inﬁrmitatibus,
3335 952 3552 1009 nostris

1901 1055 2223 1111 conpassus
2256 1043 2364 1109 est,
2392 1043 2456 1094 ut
2481 1040 2703 1095 obtime
2736 1042 2884 1096 senti
2916 1058 3115 1097 remus
3145 1043 3300 1115 quod
3321 1044 3556 1098 avestra

1898 1127 2288 1184 benivolentia
2317 1130 2486 1184 nobis
2508 1129 2836 1187 destinatus
2887 1134 2995 1187 est.
3050 1124 3430 1204 Quapropter,
3488 1134 3555 1186 ut

1901 1216 2099 1273 sciatis
2132 1218 2365 1288 qualem
2397 1219 2551 1290 apud
2585 1235 2691 1273 nos
2723 1218 3274 1291 optinuitgratiam,
3299 1219 3552 1292 petimus

1902 1309 1964 1359 ut
1996 1310 2197 1361 nostra
2226 1323 2292 1361 ex
2325 1310 2486 1379 parte
2514 1307 2703 1379 primo
2735 1307 3017 1363 fratribus
3045 1308 3182 1363 dein
3204 1311 3261 1363 et
3290 1307 3400 1380 ipsi
3461 1307 3550 1363 in-

1898 1410 2134 1450 mensas
2172 1396 2389 1467 gratias
2420 1395 2681 1451 referetis
2712 1412 2815 1468 pro
2846 1395 3145 1452 communi
3163 1395 3361 1453 labore
3381 1399 3438 1452 et
3458 1413 3551 1454 sa-

1895 1481 2036 1538 lute.
2069 1487 2356 1551 Ceterum,
2390 1482 2470 1538 mi
2501 1484 2737 1540 domine
2769 1487 2953 1556 pater,
2989 1484 3038 1541 si
3066 1489 3304 1542 vestras"
3331 1485 3550 1542 mentis

1894 1570 1970 1626 sit
2000 1571 2198 1643 aliqua
2227 1572 2527 1627 vicinitate
2559 1571 2640 1627 ire
2668 1572 2739 1627 ab
2758 1572 3074 1628 videndum
3102 1573 3387 1629 domuum
3410 1590 3546 1630 con-

1895 1659 2184 1715 seniorem
2216 1663 2506 1727 nostrum,
2541 1677 2612 1716 ne
2642 1660 3015 1717 transmeatis
3048 1677 3175 1729 nos,
3236 1660 3375 1733 quia
3420 1664 3543 1716 tam

1888 1764 1993 1821 ego
2016 1765 2192 1820 quam
2224 1766 2427 1805 omnes
2459 1749 2665 1805 fratres
2692 1748 2881 1805 nostri
2912 1748 3080 1805 valde
3117 1749 3387 1822 cupimus
3423 1747 3547 1805 uti-

134 1851 399 1908 sessione
423 1852 658 1924 pociora
687 1870 789 1909 vos
819 1835 1031 1911 melius
1061 1855 1307 1911 delectet
1361 1835 1695 1929 expectare;
1716 1858 1782 1913 Et

1944 1835 1978 1891 :l
2011 1837 2082 1892 ad
2114 1855 2297 1891 unum
2330 1841 2718 1905 momentum,
2746 1837 3054 1910 conloquio
3084 1842 3295 1895 vestro.
3349 1842 3417 1893 Et
3472 1853 3547 1893 ne

134 1938 385 1995 salutate
415 1956 620 1996 omnes
654 1941 859 1997 fratres
892 1946 1146 2013 nostros,
1182 1945 1499 2001 monachos
1516 1944 1780 2001 videlicet

134 2027 361 2085 cenobii
389 2028 588 2096 vestri,
618 2033 675 2084 et
704 2034 768 2085 ut
792 2030 907 2085 mei
939 2031 996 2086 in
1029 2031 1263 2087 illorum
1294 2032 1478 2089 sacris
1509 2033 1779 2090 orationi-

132 2117 243 2173 bus
272 2120 330 2173 et
369 2117 791 2175 sacrificiorum
849 2116 1244 2177 oblationibus
1305 2139 1593 2179 memores
1650 2140 1778 2180 esse

132 2206 451 2279 dignentur
479 2207 750 2278 precibus
772 2207 988 2280 quibus
1017 2209 1220 2266 valetis
1259 2212 1584 2267 admonete.
1621 2212 1779 2268 Licet

127 2295 287 2352 enim
316 2293 502 2368 aliqui
533 2296 1002 2368 propinquorum
1038 2315 1303 2355 meorum
1336 2300 1486 2355 inter
1516 2318 1615 2356 eos
1640 2318 1775 2357 cou-

122 2383 337 2441 versati
368 2383 487 2441 illis
515 2384 876 2442 devotissimi
908 2388 1261 2455 exstiterint,
1290 2406 1405 2443 non
1426 2389 1625 2445 minus
1642 2408 1775 2463 pro-

122 2472 215 2529 cul
250 2474 431 2531 dubio
459 2473 518 2529 in
551 2490 753 2530 eorum
787 2474 1161 2546 utilitatibus,
1196 2481 1429 2552 auctore
1460 2479 1597 2545 Deo,
1655 2479 1777 2534 vita

125 2563 359 2628 comite,
394 2562 781 2636 profecturus,
816 2563 864 2619 si
893 2564 1202 2633 voluerint,
1226 2582 1329 2637 pro
1354 2567 1575 2621 viribus
1597 2585 1771 2639 spon-

126 2651 340 2708 demus
369 2668 534 2718 esse;
568 2655 809 2724 teraque
831 2652 921 2708 his
951 2652 1088 2708 licet
1137 2652 1347 2709 litteris
1380 2672 1494 2710 non
1528 2657 1772 2711 manda-

124 2757 282 2811 mus,
316 2740 478 2795 fratri
506 2740 687 2796 nostri
722 2741 885 2797 vobis
918 2741 1165 2797 dicenda
1221 2760 1384 2798 more
1441 2744 1767 2815 posuimus.

123 2828 289 2897 Vale,
323 2828 644 2885 amicorum
675 2846 941 2888 meorum
974 2830 1334 2898 dulcissime,
1360 2837 1416 2887 et
1446 2850 1650 2889 omnes
1672 2834 1771 2905 qui

124 2921 320 2974 tecum
352 2922 490 2975 sunt
507 2917 829 2990 plurimum
851 2919 909 2973 in
930 2919 1173 2976 Domino
1198 2938 1210 2987 ;
1235 2925 1291 2976 et
1313 2938 1447 2976 cum
1472 2920 1666 2977 locum
1686 2921 1770 2977 ci-

122 3006 240 3074 tius
258 3005 568 3072 inveneris,
588 3005 911 3063 cristallum
932 3009 1116 3080 pietas
1139 3008 1378 3080 majoris
1400 3027 1577 3082 quam
1600 3011 1771 3065 modo

121 3095 373 3151 miseras
402 3099 462 3151 et
491 3112 709 3151 cornua
738 3096 933 3152 bicina
965 3098 1193 3153 mittere
1222 3098 1411 3166 nobis,
1448 3102 1514 3153 ut
1561 3103 1617 3154 et
1666 3116 1773 3154 nos

122 3185 253 3250 tibi,
272 3183 321 3240 si
340 3183 611 3253 volueris,
627 3202 753 3257 qua:
768 3190 968 3242 nostra
982 3186 1139 3258 regio
1154 3186 1416 3242 abundat
1430 3187 1765 3243 indesinen-

122 3279 212 3329 ter
234 3273 484 3329 mittam.

827 3381 1066 3437 XLVIII.

732 3470 880 3537 [Sinc
918 3470 1162 3542 rubrica]

192 3574 313 3644 Ille,
346 3592 451 3632 suo
483 3574 583 3631 illo
626 3580 906 3632 eternam.
942 3581 1122 3633 Posce
1182 3577 1502 3633 fraternum
1566 3583 1768 3650 pectus

122 3670 382 3722 vestrum
416 3666 499 3721 uti
523 3665 708 3721 nostri
740 3671 1195 3739 nostrorumque
1226 3667 1284 3722 in
1321 3667 1575 3739 presenti
1619 3685 1770 3738 qua-

120 3753 672 3827 dragesimavestris
689 3754 1066 3811 oracionibus
1098 3756 1507 3829 conjungemlo
1533 3756 1766 3812 instan-

126 3843 245 3898 tius
264 3842 607 3899 memoriam
638 3843 886 3910 faciatis,
911 3844 997 3899 vel
1015 3844 1094 3899 uti
1113 3848 1169 3899 et
1185 3862 1289 3900 nos
1304 3862 1407 3917 pro
1423 3844 1585 3900 vobis
1598 3850 1654 3900 et
1669 3862 1772 3917 pro

126 3931 403 3988 omnibus
428 3933 633 3988 vestris
665 3949 835 4005 agere
866 3932 1139 4006 cupimus
1174 3951 1307 3989 cum
1340 3933 1613 3989 omnibus
1640 3950 1773 3989 nos-

125 4020 254 4077 tris.
288 4021 359 4076 Et
377 4020 513 4091 quia
537 4038 643 4077 nos
664 4026 836 4077 tenus
860 4022 1055 4078 venire
1073 4022 1409 4089 distulistis,
1434 4024 1774 4079 remandate

127 4111 365 4182 quando
397 4109 609 4166 iterum
642 4111 870 4167 mansio
901 4111 994 4167 bis
1018 4113 1143 4183 jam
1178 4112 1339 4167 vobis
1372 4117 1573 4185 parata
1601 4111 1774 4168 tercio

128 4199 388 4274 paranda
419 4198 531 4267 sit;
556 4200 1050 4272 equanimemque
1075 4201 1263 4257 virum
1289 4201 1509 4273 queris,
1534 4201 1634 4273 qui
1659 4218 1779 4257 una

127 4288 222 4344 die
254 4288 310 4343 id
344 4287 612 4361 precipis,
648 4289 803 4360 quod
838 4289 932 4344 die
957 4288 1460 4345 alterointerdicis
1484 4307 1496 4344 :
1522 4306 1779 4362 namque

130 4378 179 4433 si
203 4381 325 4433 tam
347 4376 554 4433 rabula
573 4394 732 4450 apes,
754 4382 819 4433 ut
850 4382 912 4433 tu
944 4376 996 4433 is
1025 4379 1197 4450 (194),
1221 4379 1487 4447 fuissem,
1511 4378 1778 4435 aculeum

131 4467 487 4539 quandoque
517 4465 605 4521 vel
637 4464 921 4522 avolando
943 4468 1253 4523 senssises.
1279 4468 1546 4524 Ceterum
1572 4467 1782 4524 obnixe

129 4555 504 4629 deposcimus
536 4560 600 4611 ut
628 4554 680 4611 si
710 4554 831 4611 ulla
848 4556 1094 4612 facultas
1112 4556 1208 4625 sit,
1247 4574 1350 4629 pro
1375 4557 1600 4613 semine
1619 4557 1781 4630 poryi

133 4662 240 4700 nos
271 4644 580 4716 adjuvetis,
616 4644 755 4716 quia
784 4645 846 4699 in
877 4649 999 4701 tota
1026 4646 1269 4701 Francia
1316 4663 1421 4701 nec
1474 4646 1544 4701 ad
1580 4663 1790 4719 conpa-

132 4735 383 4790 randum
407 4732 632 4805 aliquid
654 4734 999 4806 hujusmodi
1027 4735 1141 4789 aud
1166 4733 1518 4791 invenimus.
1541 4734 1626 4789 Ad
1652 4733 1788 4790 ulti-

133 4840 370 4879 mum...
404 4822 747 4879 Straboni...
780 4822 1000 4895 gratias
1031 4824 1214 4879 refero
1273 4840 1377 4896 pro
1436 4823 1787 4881 munusculo

132 4928 261 4979 suo,
295 4928 411 4984 quo
444 4910 635 4967 solent
664 4911 863 4967 stolidi
884 4912 944 4967 in
969 4913 1144 4968 domo
1170 4913 1389 4985 vagari.
1410 4912 1642 4985 Optime
1662 4913 1788 4970 vale

136 5002 193 5055 in
224 4999 502 5056 eucharia
524 5000 645 5056 Dei.

867 5108 1060 5163 XLIX.

742 5198 893 5269 [Sine
916 5195 1182 5269 mbrica.]

212 5304 534 5362 Karissimo
566 5304 887 5378 preceptori
921 5304 1136 5359 domno
1168 5302 1266 5357 illo
1300 5303 1517 5371 abbati,
1559 5303 1655 5360 ille
1687 5306 1787 5360 ab-

140 5395 248 5451 bas
278 5411 413 5450 cum
439 5394 718 5479 fratribus
742 5398 1004 5450 eternam
1022 5392 1081 5447 in
1104 5390 1334 5447 Christo
1356 5391 1628 5448 salutem.
1654 5394 1792 5450 Gra-

209 5518 358 5590 (493)
392 5518 465 5574 Le
473 5534 858 5645 Vpersonpage
890 5516 1130 5589 désigné
1161 5514 1234 5571 ici
1280 5532 1372 5571 me
1434 5518 1620 5597 parait
1670 5520 1790 5573 etre

214 5589 439 5645 celebre
548 5589 754 5645 alatrid
830 5589 1037 5645 trabon
1072 5588 1218 5644 abbé
1271 5587 1343 5643 de
1391 5586 1709 5645 Relchnau.
1743 5588 1789 5645 Il

139 5588 194 5645 le
214 5586 439 5646 celebre
473 5586 754 5645 Walatrid
788 5586 1048 5645 Strabori
1072 5588 1218 5644 abbé
1271 5587 1343 5643 de
1391 5586 1709 5645 Reichnau.
1743 5588 1789 5645 Il

141 5666 232 5720 est
262 5677 470 5720 eucore
503 5660 775 5737 question
797 5661 867 5718 de
889 5659 972 5719 lui
997 5660 1145 5719 dans
1162 5658 1219 5717 la
1237 5657 1480 5719 formule
1502 5658 1786 5723 suivanta.

1797 3237 1840 3303 C

1894 1925 2071 1997 phobi
2106 1926 2423 1981 adventum
2455 1926 2770 1998 impediat:
2801 1926 3073 1982 Bahchus
3103 1927 3257 1999 apud
3289 1943 3396 1983 nos
3435 1925 3547 1983 hoc

1889 2032 2042 2070 anno
2065 2015 2211 2071 obiit
2232 2032 2363 2070 cum
2388 2016 2621 2083 Cerere;
2646 2020 2876 2071 tantum
2898 2015 3085 2072 facilis
3105 2015 3302 2087 palma
3320 2018 3539 2082 restat;

1886 2101 1974 2157 vel
1999 2103 2069 2158 ad
2102 2103 2209 2158 hoc
2239 2104 2446 2172 veniet,
2483 2107 2549 2159 ut
2578 2103 2819 2160 discatis
2850 2103 3101 2176 qualiter
3130 2121 3258 2159 eam
3316 2104 3435 2160 obti
3450 2119 3544 2159 me

1887 2189 2171 2246 domitare
2201 2191 2463 2247 valeatis.
2528 2193 2743 2247 Sancta
2797 2196 2855 2247 et
2909 2192 3260 2248 inconcussa
3313 2192 3529 2248 caritas

1886 2285 2185 2335 conservet
2215 2298 2315 2335 vos
2347 2280 2526 2335 nostri
2552 2281 2931 2337 memorando
2958 2296 3210 2353 semper,
3233 2296 3423 2337 amen.

2674 2369 2731 2424 L.

2486 2458 2637 2529 [Sinc
2662 2458 2929 2529 rubrica.]

1952 2550 2126 2601 Sacro
2156 2546 2279 2601 viro
2309 2546 2520 2602 studiis
2552 2547 2968 2603 sacratissimis
2994 2546 3219 2604 intento
3248 2545 3346 2603 illo
3376 2561 3531 2603 reve-

1885 2635 2221 2691 rentissimo
2253 2635 2468 2705 abbati,
2495 2635 2589 2691 ille
2610 2635 2853 2692 infimus
2883 2636 3287 2692 ministrorum
3311 2634 3549 2691 Christi

1884 2723 2122 2780 famulis
2153 2724 2649 2780 interminabilem
2684 2725 2742 2779 in
2776 2725 3022 2781 Domino
3052 2730 3187 2797 opto
3217 2724 3530 2781 beatitudi-

1884 2830 2036 2868 nem.
2072 2812 2448 2869 Multimodas
2478 2814 2808 2886 graciarum
2857 2814 3062 2870 laudes
3103 2818 3290 2870 vestre
3347 2813 3532 2871 refero

1883 2902 2173 2959 sanctitati
2190 2919 2292 2975 pro
2308 2919 2548 2959 munere
2563 2904 2715 2975 quod
2734 2902 3001 2959 misistis.
3018 2903 3296 2975 Magnum
3314 2902 3533 2959 etenim

1882 2991 2177 3063 quoddam
2211 2995 2399 3047 vestra
2438 2992 2690 3064 benigna
2734 2992 2947 3047 caritas
2997 2992 3068 3048 de
3119 2990 3342 3047 vilitate
3389 3007 3535 3047 mea

1881 3095 2143 3151 personae
2171 3079 2385 3135 sentire
2416 3079 2617 3146 voluit,
2649 3079 2740 3135 cui
2775 3081 2833 3135 in
2867 3096 3047 3152 regna
3074 3080 3258 3136 altera
3308 3096 3529 3135 munus

1882 3166 2089 3223 deferri
2113 3167 2314 3237 jussit.
2353 3166 2564 3243 Littera
2588 3167 2879 3238 siquidem
2898 3166 3221 3238 prudentiae
3240 3170 3444 3222 vestras
3468 3165 3527 3221 in

1878 3255 1978 3311 illo
2008 3255 2253 3311 kalende
2284 3272 2388 3327 per
2416 3255 2618 3310 horam
2653 3272 2865 3310 nonam
2899 3254 3018 3309 diei
3045 3254 3117 3309 ad
3141 3271 3233 3309 me
3257 3270 3533 3333 pervene-

1877 3350 2035 3409 runt,
2068 3350 2126 3400 et
2156 3344 2351 3400 senior
2378 3361 2543 3399 meus
2572 3343 2632 3399 in
2664 3342 2780 3399 illis
2810 3342 3077 3398 kalendis
3108 3343 3167 3397 in
3194 3342 3325 3399 istis
3345 3343 3527 3416 parti-

1877 3436 1989 3490 bus
2020 3435 2127 3489 iter
2146 3433 2481 3505 arripiebat.
2512 3433 2591 3488 De
2611 3432 2770 3489 vasis
2791 3449 2945 3501 vero,
2970 3449 3098 3504 qua:
3118 3431 3369 3504 petistis,
3395 3448 3529 3488 mox

1879 3523 2166 3579 sollicitus
2198 3523 2281 3577 fui
2311 3523 2479 3594 cujus
2518 3520 2747 3595 generis
2797 3537 2926 3577 esse
2970 3521 3267 3587 deberent,
3318 3521 3525 3587 ferrea,

1880 3611 2053 3667 testia
2083 3629 2151 3667 an
2186 3610 2448 3682 lapidea;
2482 3609 2832 3683 interrogavi
2865 3625 3118 3681 namque
3135 3608 3371 3665 cuidam
3389 3608 3529 3664 arti-

1880 3697 1970 3752 fici
2002 3703 2199 3753 nostro
2232 3715 2358 3770 quae
2390 3701 2587 3752 essent
2617 3701 2673 3752 et
2718 3697 2815 3752 ubi
2861 3696 3119 3752 invenire
3169 3695 3529 3768 potuissent;

1881 3786 1981 3857 qui
2013 3786 2159 3841 dixit
2190 3804 2256 3841 ea
2285 3802 2353 3841 ex
2385 3791 2547 3857 petra
2580 3784 2748 3858 nigra
2769 3784 2893 3840 fieri
2918 3784 3083 3840 venis
3108 3784 3420 3840 subrubeis
3440 3783 3530 3840 in-

1882 3873 2187 3940 termixtis,
2221 3891 2332 3946 que
2363 3873 2536 3946 vulgo
2568 3875 2722 3946 apud
2758 3890 2863 3930 nos
2894 3873 3106 3946 lapidea
3130 3876 3434 3942 vocantur,
3475 3877 3534 3929 et

1882 3965 1954 4020 ad
1985 3964 2264 4019 Sanctum
2296 3962 2642 4018 Mauricium
2667 3962 3046 4019 inveniuntur
3074 3965 3197 4031 ;est
3216 3962 3373 4018 enim
3395 3960 3535 4018 illuo

1883 4054 1955 4108 ab
1986 4069 2051 4107 eo
2083 4051 2207 4106 loco
2236 4052 2335 4107 ubi
2371 4057 2508 4107 tunc
2539 4068 2776 4108 eramus
2806 4051 2916 4108 iter
2946 4051 3125 4107 trium
3169 4050 3419 4118 dierum,
3478 4053 3537 4107 et

1886 4142 2100 4197 idcirco
2132 4140 2467 4196 nullatenus
2499 4157 2567 4196 ea
2585 4140 2894 4212 adquirere
2916 4140 3099 4212 potui.
3125 4140 3185 4196 Si
3202 4157 3333 4195 vero
3351 4128 3557 4211 signi?

1886 4230 2197 4287 ficaveritis
2226 4246 2339 4302 que
2368 4228 2455 4284 vel
2497 4230 2652 4301 quod
2693 4246 2822 4285 esse
2879 4230 3150 4298 debeant,
3209 4245 3345 4284 cum
3402 4244 3538 4300 spa-

1887 4319 2041 4375 cium
2092 4320 2372 4387 habuero,
2417 4319 2746 4389 jussionem
2794 4323 3046 4375 vestram
3098 4319 3271 4390 juxta
3326 4316 3539 4373 virium

1889 4408 2338 4481 possibilitatem
2370 4408 2428 4462 in
2473 4408 2562 4462 his
2594 4412 2767 4480 atque
2799 4406 2928 4464 aliis
2952 4409 3124 4463 rebus
3147 4404 3541 4464 libentissime

1891 4496 2167 4568 implebo.
2202 4496 2348 4568 Opto
2379 4513 2481 4551 vos
2513 4497 2569 4550 in
2605 4497 2851 4552 Domino
2883 4496 2983 4551 diu
3040 4496 3284 4552 feliciter
3331 4494 3540 4564 valere,

1820 4609 1865 4673 Β
1899 4586 2269 4642 sanctissime
2300 4589 2482 4657 pater.

2502 4763 2656 4834 [Sine
2672 4763 2938 4835 rubrica.]

1968 4852 2066 4910 Ille
2095 4869 2344 4927 superne
2374 4850 2662 4924 largitatis
2694 4868 2936 4907 munere
2968 4848 3214 4907 humilis
3273 4849 3542 4918 antistes,

1895 4942 1979 4998 illi
2013 4942 2176 4998 fratri
2206 4941 2517 4997 karissimo
2551 4939 3010 5012 multimodeque
3040 4938 3201 4996 cultu
3226 4938 3445 5012 sophiae
3470 4938 3546 4995 si-

1899 5032 2022 5088 mul
2051 5037 2107 5088 et
2136 5032 2339 5087 decore
2371 5029 2699 5088 sanctitatis
2730 5030 2927 5085 abbati
2958 5026 3361 5102 comptissimo
3421 5043 3547 5101 pre-

1898 5122 2081 5178 sentis
2111 5139 2177 5176 ac
2208 5122 2464 5176 futuram
2522 5119 2750 5191 cepiam
2808 5117 3102 5174 felicitatis
3155 5117 3217 5173 in
3278 5119 3542 5174 Domino.

1898 5204 2235 5265 Multifariis
2265 5209 2445 5283 igitur
2464 5226 2567 5282 pro
2597 5212 2785 5264 vestre
2842 5207 3158 5280 conspicue
3214 5205 3546 5263 devocionis

1896 5298 2197 5356 beneﬁciis
2229 5298 2516 5372 plurimas
2548 5316 2653 5354 nos
2674 5297 2871 5370 sepius
2890 5297 3101 5353 referre
3121 5295 3341 5369 gratias
3377 5311 3546 5367 opor-

1899 5393 1998 5444 tet.
2031 5389 2454 5445 Verumtamen
2488 5393 2687 5444 vestra:
2717 5385 3118 5461 copiosissime
3171 5384 3547 5441 commodum

1971 5513 2119 5585 (194)
2149 5512 2222 5585 Le
2255 5478 2583 5570 manuscrit
2612 5513 2803 5570 donne
2830 5515 2937 5569 tuis
2967 5530 3037 5569 en
3082 5528 3160 5567 un
3221 5508 3348 5566 seul
3400 5512 3550 5584 mot;

1899 5584 2051 5643 mais
2080 5584 2121 5641 il
2163 5584 2310 5653 faut,
2337 5585 2400 5658 je
2428 5584 2603 5654 crois,
2636 5586 2742 5644 lire
2773 5588 2896 5645 tuis
2928 5601 3074 5660 pour
3106 5590 3163 5641 tu
3189 5597 3263 5641 es.
