3950 6392
355 387 515 454 ηδε

1640 396 1978 460 APPEN-D.
2026 395 2129 459 AD
2173 397 2362 460 SIEC.
2407 380 2480 459 Χ.

3603 369 3764 456 dies

359 517 697 599 putavimus
753 515 1026 588 intimare
1083 529 1486 600 benivolentia,
1550 531 1704 604 quod
1763 530 2000 587 fratrem
2030 532 2085 600 Α
2113 536 2260 600 tum,
2294 530 2546 604 qualiter
2573 531 2759 605 Deum
2792 530 3026 604 agnosci
3048 547 3112 587 ac
3134 529 3339 586 timere
3354 525 3615 585 valeatet
3631 527 3764 600 ejus

357 605 618 674 Vestrum
647 618 827 676 nimis
858 621 1202 695 ﬂagrantem
1227 619 1517 676 desiderio
1544 619 1849 676 nobiscum
1869 619 2005 676 reti-

359 720 496 761 nere
518 708 920 786 nequivimus:
945 713 1141 767 vestra
1157 708 1479 783 plurimum
1502 709 1614 764 frui
1639 709 2010 765 desiderabat

357 796 672 866 presentia.
689 797 968 862 Quocirca
980 803 1234 856 vestram
1250 798 1592 871 subpliciter
1606 799 2006 871 gratissimam

357 885 660 964 poscimus
690 887 1135 960 fraternitatem,
1167 893 1234 944 ut
1261 889 1334 944 ab
1367 904 1563 944 amore
1611 887 1711 944 Dei
1764 889 2008 959 ejusque

360 973 714 1033 eonfesSoris
743 976 1038 1034 Ambrosii
1068 981 1262 1035 vestra
1290 994 1523 1034 summa
1553 993 1685 1032 cum
1709 977 1898 1050 gratia
1937 974 2008 1030 ad

362 1077 470 1119 nos
483 1078 618 1120 eum
637 1079 816 1138 quam
831 1067 1022 1123 tocius
1039 1067 1334 1123 remittere
1350 1065 1693 1138 dignemini,
1719 1069 2008 1138 quatenus

363 1154 520 1223 quod
550 1153 716 1210 deest
745 1157 905 1228 operi
936 1156 1081 1213 bene
1108 1159 1270 1228 cepto
1289 1154 1709 1228 perﬁciaturah
1731 1153 2010 1227 ipso.Nos

364 1239 550 1320 igitur
579 1244 813 1315 semper
836 1247 894 1300 et
922 1244 1140 1317 ubique
1197 1261 1405 1300 sumus
1460 1247 1648 1300 vestre
1705 1242 2014 1297 dumtaxat

363 1331 769 1388 amantissime
790 1333 1015 1389 caritati
1035 1349 1289 1406 congrue
1314 1349 1522 1405 nempe
1541 1331 2009 1388 vicissitudinem

363 1417 625 1487 reddere,
659 1419 708 1476 si
740 1420 881 1492 quid
904 1425 1094 1477 vestre
1124 1420 1472 1493 benignitati
1505 1419 1834 1492 largissime
1885 1417 2009 1490 pla-

363 1507 550 1563 cuerit
566 1507 735 1565 nobis
756 1508 1080 1584 injungere.
1104 1508 1305 1566 Valete
1326 1509 1508 1565 nostri
1533 1525 1763 1582 semper
1787 1523 2013 1563 memor

364 1595 424 1650 in
455 1596 744 1667 oracione,
777 1614 810 1654 o
843 1597 1168 1671 dignssime
1197 1598 1392 1655 frater.

1128 1715 1242 1771 LII.

963 1798 1116 1876 [Sine
1145 1801 1416 1874 rubrica,]

437 1905 574 1962 Viro
604 1907 836 1980 egregio
863 1912 1039 1981 atque
1071 1909 1344 1981 prudenti
1379 1908 1465 1963 illi
1525 1907 2015 1974 reverentissimo,
2048 1905 2096 1970 B

369 1993 466 2050 ille
496 1995 556 2051 in
580 1995 824 2052 Domino
849 1995 1121 2054 salutem.
1155 1997 1404 2054 Obsecro
1436 1997 1738 2052 caritatem
1760 2001 2013 2051 vestram

370 2086 436 2138 ut
467 2082 636 2140 illum
669 2101 918 2160 puerum
949 2089 1217 2159 nepotem
1251 2085 1335 2140 illi
1367 2085 1620 2158 episc0pi
1653 2085 1724 2140 ad
1751 2084 2014 2140 studium

369 2172 632 2230 discendi
663 2173 1392 2232 acriusincitetis.Poterat
1405 2191 1660 2246 namque
1681 2173 1850 2229 illum
1875 2173 2015 2229 alibi

367 2261 441 2319 ad
473 2262 858 2318 erudiendum
891 2263 1248 2336 ubicumque
1277 2263 1450 2320 vellet
1472 2263 1862 2336 dirigere,sed
1887 2277 2016 2318 meo

370 2351 624 2408 maxime
655 2355 850 2408 ortatu
879 2351 1091 2409 vestris
1122 2369 1256 2409 eum
1289 2351 1620 2424 disciplinis
1652 2350 1896 2408 tradidit
1925 2352 2018 2405 in-
2103 2423 2116 2431 ο

367 2441 690 2496 buendum.
724 2441 1087 2514 Quapropter
1114 2446 1248 2514 peto
1309 2446 1374 2497 ut
1421 2441 1696 2513 deinceps
1757 2439 2018 2496 adhibito

370 2529 565 2586 studio
596 2533 858 2602 nostram
889 2531 1064 2588 etiam
1085 2531 1195 2587 sibi
1215 2532 1368 2604 apud
1384 2548 1486 2588 vos
1503 2530 1719 2587 sentiat
1741 2529 2019 2602 prodesse

369 2617 716 2691 peticionem
733 2637 746 2688 ;
765 2624 821 2676 et
849 2620 1205 2692 ubicumque
1230 2620 1531 2693 peragitis,
1553 2619 1858 2675 vobiscum
1883 2635 2020 2674 eum

367 2706 454 2763 ire
485 2707 821 2780 permittite;
849 2710 1174 2766 mercedem
1191 2726 1324 2766 vero
1340 2708 1514 2764 vestri
1541 2707 1777 2775 laboris,
1800 2711 2022 2778 quanta

371 2809 501 2852 esse
533 2796 592 2851 in
621 2798 880 2870 presenti
931 2800 1143 2871 potest,
1177 2813 1282 2871 ego
1345 2799 1682 2871 rependam.
1737 2795 2020 2852 Noveritis

371 2885 552 2941 etiam
583 2886 724 2958 quia
754 2885 851 2943 ille
874 2886 1172 2944 hominem
1195 2886 1382 2960 ipsius
1414 2886 1580 2960 pueri
1639 2886 1792 2959 apud
1852 2884 2019 2940 illum

371 2973 711 3046 episcopum
767 2982 1110 3032 excusatum
1171 2977 1394 3045 habeo;
1455 2976 1703 3047 ideoque
1763 2979 1894 3046 peto
1957 2979 2024 3030 ut

373 3062 594 3135 ipsum,
611 3062 704 3118 cui
719 3064 1005 3121 molestus
1019 3065 1208 3121 extitit
1225 3066 1282 3120 in
1305 3069 1559 3121 vestram
1580 3063 1772 3120 venire
1795 3063 2022 3120 faciatis

374 3152 752 3224 presentiam,
783 3151 901 3226 [ad]
934 3154 1303 3211 concordiam
1337 3170 1434 3210 eos
1466 3154 1744 3221 reducite,
1787 3169 2021 3208 verum-

373 3245 572 3298 tamen
598 3245 794 3298 reatus
823 3243 917 3299 sui
939 3245 1328 3316 penitenciam
1353 3249 1534 3317 gerat,
1552 3243 1724 3315 juxta
1740 3243 1894 3315 quod
1917 3260 2018 3300 vo-

375 3331 468 3386 bis
496 3331 689 3388 visum
721 3331 912 3388 fuerit.

1129 3439 1272 3495 LIII.

979 3526 1134 3602 [Sine
1151 3528 1419 3603 rubrica.]

451 3643 653 3701 Petrus
674 3637 822 3718 (I95)
844 3633 1038 3702 divino
1062 3646 1242 3702 fretus
1266 3645 1486 3702 auxilio
1503 3644 1746 3701 humilis
1769 3645 1886 3713 ille,
1909 3645 2018 3714 illi,

377 3731 587 3790 dilecto
618 3733 782 3790 fratri
813 3734 1221 3792 multimodam
1247 3734 1302 3789 in
1325 3735 1563 3791 Domino
1586 3739 1721 3807 opto
1743 3733 2018 3790 salutem.

372 3822 519 3879 Cum
550 3826 741 3879 vestra
770 3822 1042 3896 denique,
1065 3823 1394 3891 karissime,
1414 3823 1695 3896 sospitate
1715 3826 1834 3878 tam
1855 3822 2021 3879 missi

371 3911 744 3982 praesentiam
778 3927 955 3984 quam
977 3912 1156 3968 vestri
1179 3911 1507 3968 dulcissimi
1529 3911 1877 3967 intimamur
1897 3912 2020 3985 api-

367 4013 484 4067 ces,
517 3998 806 4056 immensa
835 4011 938 4072 per
966 4001 1164 4056 omnia
1174 4001 1566 4071 jocundantes
1591 4017 1799 4058 sumus
1817 4001 2022 4073 repleti

367 4087 582 4158 leticia,
616 4087 859 4161 insuper
889 4090 1043 4162 quod
1077 4093 1133 4147 et
1161 4094 1419 4146 vestrum
1445 4091 1708 4147 studium
1740 4108 1806 4146 ac
1855 4091 2018 4162 pium

369 4193 509 4250 erga
538 4177 1060 4251 puerulum,quem
1094 4179 1152 4235 in
1171 4179 1419 4236 Domino
1452 4179 2018 4252 aceepistis,sineero

368 4266 696 4323 sentiamus
727 4267 889 4340 diligi
921 4269 1150 4324 affectu.
1185 4269 1264 4324 Ea
1295 4267 1473 4340 igitur
1527 4268 1954 4340 karissimeque
1986 4287 2046 4337 a,

366 4355 540 4410 nobis
568 4355 906 4428 indaganda
934 4361 1128 4412 vestra
1160 4357 1404 4428 requirit
1436 4356 1726 4412 industria
1758 4358 1898 4430 quid
1935 4359 2018 4413 in-

366 4439 650 4498 ﬁlosofica
678 4443 943 4500 doctrina
973 4445 1137 4518 prius
1155 4445 1364 4515 quidve
1384 4462 1635 4518 sequens
1653 4447 1723 4502 ad
1742 4447 2014 4502 eumdem

363 4531 731 4604 inp‘uendum
760 4532 1014 4589 indolem
1076 4533 1383 4591 manifeste
1447 4552 1721 4607 ponerem
1780 4535 2014 4592 indiciis

2115 622 2358 693 adsequi
2390 621 2670 676 mandata
2697 620 3091 693 concupiscat,
3127 624 3185 675 et
3215 623 3278 675 ut
3326 618 3520 674 omnis
3566 622 3766 674 vestra

2114 709 2428 766 laudabilis
2451 711 2658 767 docma
2688 709 2747 765 in
2778 710 3028 766 eundem
3059 709 3120 764 in
3153 724 3325 764 evum
3340 708 3541 763 floreat
3559 711 3769 763 etom-

2117 801 2291 855 nibus
2321 799 2632 856 manifesta
2648 815 2750 871 per
2781 815 2916 855 eum
2949 798 3165 871 ubique
3185 798 3308 864 ﬁat,
3333 813 3558 853 necnon
3583 795 3766 852 etiam

2119 889 2189 944 de
2221 888 2515 961 geminato
2543 887 2760 944 talento
2783 888 3075 960 premium
3101 887 3172 943 ab
3195 902 3283 956 eo,
3309 885 3408 958 qui
3427 883 3604 952 dedit,
3625 883 3774 940 reci-

2119 978 2314 1050 piatis,
2355 981 2412 1033 et
2441 995 2474 1032 a
2507 975 2675 1032 nobis
2700 976 2945 1050 dignum
2967 994 3071 1049 per
3088 976 3290 1032 omnia
3309 973 3654 1046 obsequium
3677 987 3774 1028 ca-

2125 1067 2319 1140 piatis.
2349 1067 2528 1121 Parva
2546 1064 2728 1136 igitur
2747 1082 2993 1122 munera
3013 1063 3323 1121 karissime
3342 1067 3530 1119 vestre
3551 1061 3771 1118 direxi-

2120 1172 2254 1211 mus
2285 1153 2554 1210 almitati.
2585 1153 2882 1226 Rogamus
2913 1154 3167 1226 denique
3189 1157 3254 1208 ut
3285 1169 3371 1220 ea,
3409 1169 3520 1225 que
3579 1151 3772 1207 missa

2119 1249 2276 1313 sunt,
2310 1244 2547 1299 caritate
2577 1247 2908 1299 sumantur.
2941 1243 3086 1299 Vere
3116 1241 3354 1315 quidem
3385 1241 3554 1314 plura
3613 1239 3774 1296 mitti

2119 1334 2503 1400 decrevimus,
2529 1331 2630 1388 sed
2653 1347 2725 1386 ne
2751 1332 2960 1389 itinera
2981 1329 3770 1388 ablatafuissenttimuinus.

2119 1422 2260 1478 Cum
2286 1424 2484 1496 itaque
2515 1429 2716 1495 nos,ut
2728 1423 2967 1495 jussum
2986 1424 3094 1488 est,
3127 1419 3300 1476 citius
3317 1419 3667 1492 obsequium
3689 1415 3776 1496 pii

2122 1515 2354 1586 augusti
2373 1515 3036 1587 properamus,vestram
3049 1508 3402 1583 presentiam
3417 1507 3634 1581 requiri
3649 1523 3775 1563 non

2121 1604 2470 1672 omittimus,
2497 1608 2556 1660 et
2587 1621 2673 1672 ea,
2701 1619 2813 1675 que
2835 1601 3068 1668 desunt,
3094 1598 3355 1672 subpleri
3379 1598 3437 1652 in
3461 1597 3774 1664 omnibus,

2122 1695 2186 1746 ut
2215 1693 2460 1765 dignum
2493 1697 2602 1759 est,
2636 1695 2996 1763 satagemus.
3026 1692 3104 1743 De
3135 1687 3313 1743 fratre
3335 1686 3606 1742 videlicet
3651 1683 3777 1753 illo,

2122 1780 2191 1835 de
2224 1796 2339 1852 quo
2374 1779 2697 1836 mandastis
2729 1783 2795 1833 ut
2819 1777 3048 1833 alienus
3106 1775 3177 1830 de
3234 1773 3358 1830 loco
3416 1772 3530 1830 isto
3587 1774 3778 1839 ﬁeret,

2128 1884 2314 1940 usque
2336 1869 2474 1924 dum
2509 1885 2616 1924 nos
2643 1867 2737 1924 hic
2789 1865 3118 1934 veniamus,
3179 1878 3455 1936 rogamus
3512 1867 3578 1918 ut
3627 1875 3781 1934 pene

2125 1975 2227 2014 vos
2257 1963 2520 2024 maneat;
2555 1974 2711 2024 cum,
2729 1957 2846 2011 Deo
2869 1952 3375 2021 auxiliante,venti
3391 1953 3701 2020 fuerimus,
3721 1955 3784 2006 et

2130 2048 2312 2104 istum
2346 2048 2637 2102 aufrimus
2695 2050 2751 2100 et
2791 2047 3154 2115 exceptorem
3197 2042 3506 2097 nobiscum
3533 2039 3782 2097 deduci-

2126 2137 2351 2192 mus.In
2382 2136 2752 2203 omnibus,ut
2768 2150 2872 2205 per
2890 2149 2991 2188 vos
3006 2133 3263 2199 ﬁdimus,
3287 2131 3488 2204 agitis:
3508 2129 3655 2198 vale,
3689 2127 3784 2184 vir

2125 2225 2227 2281 Dei
2259 2225 2383 2281 vale
2413 2229 2469 2280 et
2495 2228 2788 2280 memento
2820 2222 2955 2278 mei.

2879 2311 3022 2366 LIV.

2733 2401 2885 2473 [Sine
2924 2400 3169 2470 rubrica]

2199 2493 2519 2550 Carissimo
2537 2490 2734 2548 abbati
2757 2489 2840 2545 illi
2863 2490 2963 2560 [et]
2981 2487 3257 2544 omnibus
3280 2486 3426 2554 suis,
3460 2477 3785 2542 sincellites

2129 2582 2226 2638 ille
2259 2598 2600 2638 mansuram
2636 2581 2692 2635 in
2717 2577 3015 2635 Salvatore
3039 2576 3308 2633 salutem.
3332 2576 3458 2631 Non
3479 2592 3582 2632 vos
3601 2574 3787 2631 latere

2131 2671 2400 2744 suspicor
2422 2671 2574 2742 quod
2593 2672 2866 2724 manente
2879 2668 3096 2723 domno
3108 2665 3457 2738 imperatore
3470 2663 3570 2720 illo
3585 2663 3782 2720 novis-

2130 2762 2277 2818 sime
2307 2761 2458 2832 apud
2493 2759 2654 2814 illam
2683 2756 2880 2812 villam
2923 2773 3037 2810 non
3068 2754 3239 2826 longe
3289 2771 3323 2809 a
3374 2753 3537 2808 vobis
3587 2751 3783 2808 consi-

2130 2855 2343 2917 stente,
2373 2851 2722 2921 provocante
2751 2849 2950 2900 vestrae
2980 2842 3281 2917 religionis
3313 2841 3490 2909 fama,
3514 2844 3781 2896 vestrum

2133 2939 2278 2995 mihi
2310 2938 2484 2994 libuit
2514 2935 2675 2992 adire
2731 2933 3063 3012 caanobium
3096 2931 3352 3005 illucque
3398 2931 3658 3004 perveni.
3711 2930 3785 2985 Et

2129 3030 2255 3084 visa
2285 3025 2714 3100 benignissima
2743 3027 2938 3080 vestra
2967 3022 3297 3086 sanctitate,
3334 3019 3553 3092 placuit
3570 3024 3636 3075 ut
3663 3035 3783 3098 me,

2131 3116 2398 3191 quamvis
2421 3115 2738 3173 sceleribus
2759 3111 3118 3185 squalidum,
3140 3109 3318 3166 vestri
3333 3113 3786 3180 vestrorumque

2137 3207 2534 3264 conmendare
2567 3204 2670 3275 [m]
2697 3201 3092 3269 oracionibus,
3117 3199 3272 3273 quod
3297 3203 3355 3254 et
3378 3215 3478 3253 vos
3499 3201 3556 3253 et
3576 3198 3784 3265 vestri,

2045 3277 2089 3344 Π
2130 3298 2280 3354 sicut
2292 3295 2549 3351 caritatis
2566 3290 3174 3366 pleni,benignissimo
3189 3287 3530 3360 suscepistis
3544 3286 3784 3342 affectu.

2133 3387 2237 3442 Pro
2267 3402 2384 3458 qua
2413 3399 2678 3451 munera,
2712 3381 2852 3453 quia
2880 3379 3046 3435 vobis
3064 3376 3415 3450 condignam
3437 3391 3787 3431 remunera-

2131 3475 2358 3530 cionem
2392 3471 2694 3528 reddidere
2726 3467 3262 3542 nequeo,maximas
3280 3471 3474 3521 tamen
3507 3465 3786 3520 devotas-

2131 3580 2243 3637 que
2272 3566 2486 3636 grates,
2520 3564 2806 3632 quantum
2841 3555 3310 3630 quivero,referre
3333 3571 3446 3610 non
3479 3553 3784 3620 dilferam;

2129 3658 2186 3709 et
2215 3669 2370 3708 nunc
2396 3650 2560 3706 vobis
2591 3649 2718 3720 lego
2751 3647 2992 3719 triginta
3021 3645 3239 3702 solidos
3266 3641 3514 3716 argenti,
3550 3641 3783 3715 ﬂagito-

2131 3759 2242 3814 que
2274 3757 2493 3814 pronus
2527 3744 2583 3796 et
2613 3739 2908 3794 sumissus
2939 3751 3113 3807 posco
3135 3738 3191 3789 et
3214 3732 3418 3790 aclinis
3448 3731 3683 3804 postulo
3715 3739 3786 3786 ut

2132 3831 2191 3886 in
2222 3835 2414 3886 vestra
2443 3827 2837 3885 solertissime
2871 3827 3208 3897 permaneat
3241 3821 3509 3878 oracione
3540 3819 3786 3890 illaejus

2129 3919 2413 3976 memoria
2443 3916 2652 3984 nostri,
2685 3919 2742 3971 et
2771 3931 2896 3988 ego,
2926 3917 3235 3986 quamtum
3268 3915 3489 3982 potero,
3516 3908 3783 3964 inconta-

2130 4009 2414 4064 minatam
2433 4005 2741 4061 nobiscum
2766 4002 3087 4058 observabo
3109 3998 3464 4055 amicitia.Et
3492 3997 3552 4052 in
3575 3996 3782 4053 leudes

2129 4097 2346 4154 nostris
2376 4100 2433 4151 et
2461 4094 2594 4167 equi
2629 4093 2836 4148 ﬁerent
2867 4090 3006 4147 fessi
3037 4089 3110 4146 ob
3149 4088 3475 4144 nimitatem
3524 4084 3778 4155 itineris,

2129 4185 2279 4258 quod
2325 4201 2433 4240 nos
2463 4183 2572 4239 hoc
2597 4198 2750 4238 anno
2786 4181 3032 4236 Romam
3060 4179 3253 4234 eundo
3276 4177 3579 4248 Romaque
3609 4175 3779 4231 rede-

2127 4275 2283 4330 undo
2302 4273 2657 4346 peregimus,
2685 4269 2844 4326 nullo
2863 4269 3035 4325 modo
3058 4267 3324 4324 omittere
3345 4265 3649 4321 vobiscum
3667 4263 3782 4320 col-

2127 4363 2289 4436 loqui
2321 4377 2640 4435 pacemque
2681 4377 2814 4416 eum
2837 4359 2985 4414 meis
3006 4357 3292 4430 patribus,
3317 4353 3417 4428 qui
3442 4355 3553 4410 sub
3577 4357 3780 4410 vestra

2123 4453 2469 4525 paternitate
2495 4451 2734 4523 degunt,
2778 4452 3047 4504 mutuam
3088 4446 3320 4502 habere.
3383 4449 3458 4500 De
3519 4458 3776 4516 quorum

2125 4542 2472 4599 salubritate
2488 4543 2544 4594 et
2563 4537 2787 4595 salubri
2807 4535 3191 4610 prosperitate
3207 4538 3264 4591 et
3283 4534 3354 4590 de
3375 4535 3569 4588 vestra
3589 4546 3777 4602 queso

362 4619 549 4677 Immo
567 4621 812 4678 ἀυδίυω
839 4639 954 4679 n0n
978 4627 1066 4680 est
1086 4641 1185 4679 VOS
1208 4640 1311 4696 P8P
1330 4625 1547 4690 omnia,
1573 4629 1638 4680 ut
1658 4626 1891 4698 sapiens
1913 4643 2007 4681 ω·-
2039 4650 2087 4716 D
2123 4631 2429 4697 rescribas,
2464 4628 2523 4683 ni
2578 4644 2749 4700 grave
2781 4626 2998 4682 fuerint
3028 4623 3318 4682 calamum
3351 4623 3620 4694 tinguere
3654 4619 3778 4675 tin-

360 4709 669 4780 chitectus,
704 4710 1086 4768 fundamenta
1115 4712 1279 4784 prius
1313 4730 1546 4785 ponere,
1568 4712 1675 4768 hac
1689 4713 1898 4769 deinde
1920 4715 2006 4771 fa—

357 4798 582 4855 bricam
616 4799 675 4854 in
707 4799 891 4856 altum
925 4818 992 4856 ex
1021 4800 1266 4859 diversis
1295 4801 1592 4874 lapidibus
1616 4801 1798 4857 attolli
1841 4804 2010 4860 Cum-

357 4901 426 4942 ea
454 4889 554 4960 qui
584 4879 1010 4945 incrementum
1043 4890 1143 4945 dat
1173 4905 1452 4946 mensura
1501 4890 1772 4946 hedificio
1824 4892 2005 4948 credi-

358 4979 494 5032 mus
521 4977 767 5048 operari.
798 4977 989 5034 Vestri
1024 4979 1201 5051 igitur
1217 4979 1438 5036 arbitrii
1465 4980 1663 5035 omnia
1684 4980 2006 5037 ordinanda

357 5065 701 5132 sanctimus,
735 5067 874 5138 quid
909 5068 1072 5140 prius
1101 5069 1172 5124 de
1204 5069 1416 5125 divinis
1447 5069 1609 5125 libris
1635 5068 1719 5124 vel
1742 5076 2004 5141 postmo-

356 5154 500 5209 dUm
533 5154 604 5210 de
635 5155 944 5227 gentilium
976 5157 1192 5214 fabulis
1222 5158 1545 5214 dedicenda
1584 5158 1729 5213 sint.
1793 5158 1863 5213 Ut
1910 5161 2005 5232 pio

354 5243 637 5316 magistro
669 5243 949 5301 mellifluo
975 5247 1126 5319 patri
1157 5247 1411 5320 petimus
1443 5251 1506 5301 ut
1536 5262 1676 5302 cura
1705 5247 2007 5304 incumbat

355 5335 470 5388 non
503 5331 733 5388 modica
762 5332 821 5388 in
851 5337 1080 5392 tantum
1113 5341 1177 5392 ut
1209 5335 1493 5408 puerulus
1550 5335 1674 5407 ipse
1732 5337 2004 5408 notrique

351 5421 569 5477 amoris
587 5421 797 5479 unicus
820 5421 877 5478 in
892 5424 1060 5481 bonis
1073 5423 1443 5483 documentis
1465 5427 1660 5480 sumat
1676 5424 2002 5481 incremen-

419 5544 572 5617 (195)
605 5543 798 5617 Pierre
825 5547 912 5602 fut
943 5547 1036 5603 élu
1097 5549 1244 5604 abbé
1302 5549 1374 5603 de
1425 5547 1724 5603 Reichnau
1776 5565 1849 5604 en
1895 5552 1993 5608 78l

347 5614 766 5691 Cf.:_Mabi_llon,
800 5619 1036 5674 Annales
1066 5620 1130 5675 Ο.
1165 5621 1224 5675 S.
1259 5619 1341 5686 B.,
1376 5627 1411 5674 τ.
1446 5619 1514 5687 ΙΙ,
1550 5621 1840 5691 pag._260.

418 5686 462 5764 (I
474 5686 564 5761 96)
594 5687 668 5744 Ge
692 5688 1008 5746 document
1036 5696 1126 5746 est
1146 5686 1568 5747 extremement
1584 5686 1876 5748 curirieux
1895 5710 2002 5767 par

2118 4725 2396 4792 ctumque
2422 4719 2480 4773 in
2506 4716 2750 4773 vitulina
2781 4731 2988 4787 eampo
3019 4713 3308 4786 ovinoque
3355 4710 3609 4767 trahere.
3651 4750 3664 4762 .
3704 4749 3718 4764 .
3757 4749 3771 4763 .

2189 4843 2420 4900 Premia
2448 4840 2713 4914 perpetui
2742 4837 3037 4914 sumpturi
3069 4836 3328 4914 maxima
3349 4833 3534 4908 regni,

2286 4917 2388 4971 Est
2407 4907 2506 4986 qui
2538 4907 2656 4968 vita
2685 4912 2832 4986 suis,
2865 4907 3178 4986 Dominum
3201 4907 3389 4986 colite.

2190 4988 2279 5042 Me
2311 4976 2513 5058 precor
2543 4988 2600 5040 et
2624 4976 2832 5038 vestris
2867 4981 3136 5053 precibus
3163 4999 3176 5050 ;
3211 4979 3484 5058 mandate
3515 4976 3772 5033 Tonanti

2257 5049 2573 5113 Vobiscum
2606 5049 2924 5125 utpartein
2958 5070 3136 5125 regna
3161 5051 3277 5125 poli
3301 5049 3551 5122 capiam.

2189 5135 2333 5186 Kere
2362 5127 2492 5201 kyri
2523 5124 2774 5199 agapite.

2881 5247 2993 5304 LV.

2469 5355 2794 5396 INDICULUM
2832 5355 2904 5394 AD
2943 5352 3203 5396 ΔΒΒΔἸῈΜ
3235 5335 3402 5411 (196).

2185 5433 2282 5489 Ille
2313 5431 2559 5504 exiguus
2601 5428 2793 5498 levita,
2853 5427 2952 5484 illo
3012 5427 3286 5484 salutem.
3341 5430 3483 5480 Cum
3541 5423 3767 5480 amicos

2109 5557 2193 5612 les
2225 5554 2728 5628 renseignements
2750 5551 2888 5628 qu_’i1
2910 5553 3100 5608 donne
3121 5570 3223 5608 sur
3239 5550 3294 5606 la
3315 5547 3598 5628 situation
3611 5546 3764 5628 poli-

2109 5629 2289 5702 tique.
2318 5619 2458 5702 Bien
2480 5623 2624 5702 qu‘il
2658 5641 2730 5702 ne
2757 5619 2869 5680 soit
2899 5629 3189 5702 peut-etre
3229 5639 3381 5702 paen
3405 5619 3663 5702 possible
3693 5620 3765 5674 de

2110 5690 2461 5757 dé'terniiner
2480 5690 2564 5752 les
2595 5690 2967 5753 evénements
2996 5690 3331 5770 auxquel'sil
3353 5690 3460 5748 fait
3483 5690 3761 5758 allusion,
