3950 6418
320 485 346 554 1
357 491 475 556 459

1559 480 1944 552 ἈΡΡΕΝΒί
1977 481 2080 551 A-D
2124 481 2319 550 SIEC.
2366 475 2442 549 Χ.

3560 452 3721 544 ita

314 626 481 684 vobis
511 624 760 682 ostendi;
788 625 934 682 Nam
966 625 1122 699 quod
1151 629 1294 681 tunc
1341 621 1790 696 praesentialiter
1843 620 1956 693 egi,
1986 623 2042 691 Α
2070 619 2464 676 calamitatem
2491 633 2826 692 perorresco
2857 602 3084 686 mundi,
3107 615 3208 674 sed
3237 615 3438 689 fugere
3467 617 3717 684 cenabo,

317 731 475 770 nunc
528 715 765 782 iterum,
799 716 1012 772 absens
1065 731 1327 786 corpore,
1371 713 1472 768 sed
1526 727 1782 783 praesens
1838 709 1958 782 spi-

317 803 456 868 ritu,
489 805 716 860 eadem'
751 804 1093 877 subpliciter
1133 819 1238 876 per
1259 801 1533 857 vitarium
1562 816 1758 855 meum
1792 798 1960 854 illum

318 891 676 948 omnimodis
708 895 924 965 repeto,
954 895 1246 964 quatenus
1279 889 1423 945 mihi
1471 904 1728 944 annuere
1757 886 1961 958 digne-

319 979 684 1048 mini,sihsec
703 981 973 1038 voluntas
1000 998 1133 1036 mea
1159 996 1340 1052 penes
1368 995 1470 1034 vos
1501 977 1730 1048 impleri
1766 979 1962 1048 queat,

321 1085 428 1126 nec
455 1087 545 1127 ne.
569 1071 678 1126 Sed
709 1070 917 1128 scitote
949 1069 1090 1142 quia
1116 1067 1411 1142 plerisque
1441 1067 1504 1122 in
1532 1065 1676 1123 locis
1707 1065 1780 1121 ab
1818 1062 1966 1137 ipsis

321 1157 498 1216 etiam
531 1157 1012 1216 archimandritis
1043 1156 1258 1230 oppida
1292 1173 1400 1212 sua
1430 1171 1668 1212 sursum
1699 1153 1870 1226 (197),
1904 1154 1970 1208 ut

323 1245 522 1303 seculo
552 1245 827 1303 derelicto
857 1245 1054 1302 saltim
1085 1245 1280 1302 nudus
1310 1244 1420 1300 sub
1456 1241 1798 1299 monachico
1830 1257 1968 1297 con-

323 1333 660 1392 versacione
676 1335 944 1407 degerem
963 1335 1118 1406 apud
1137 1332 1288 1388 illos.
1315 1333 1390 1388 At
1402 1347 1506 1404 ego
1519 1331 1809 1387 honorum
1825 1328 1971 1385 nulli

327 1415 570 1484 actenus
591 1423 908 1480 adsensum
933 1422 1380 1495 praebui,nequc
1405 1420 1666 1476 facturus
1683 1436 1836 1486 sum,
1859 1419 1976 1474 Do:

327 1511 490 1568 mino
541 1509 691 1567 nihil
743 1509 1084 1583 sospitatem
1141 1509 1510 1576 concedente,
1543 1508 1736 1580 quoad
1787 1522 1973 1580 usque

327 1599 706 1672 responsione
726 1604 918 1656 vestra
943 1598 1312 1668 recrear,vel,
1327 1598 1483 1671 quod
1515 1597 1689 1666 absit,
1712 1595 1970 1668 dejiciar.

327 1688 477 1753 Sitio
496 1688 653 1746 enim
682 1687 850 1746 valde
880 1687 1105 1744 auditui
1128 1706 1163 1744 a
1179 1688 1345 1744 vobis
1365 1685 1649 1755 veniente,
1669 1685 1971 1758 quoniam,

329 1780 396 1834 ut
411 1777 698 1850 scriptum
719 1780 828 1847 est,
850 1779 1170 1834 vulneratus
1191 1778 1424 1832 caritate
1441 1779 1622 1831 vestra
1650 1790 1744 1846 ego
1773 1790 1897 1830 sum
1924 1776 1977 1828 et

328 1865 450 1923 ideo
469 1882 654 1923 amore
682 1866 912 1938 langueo
946 1864 1120 1937 (1.98).
1149 1865 1334 1921 Maria
1353 1864 1520 1937 prius
1541 1863 1832 1936 peccatrix
1860 1861 1975 1916 hu-

329 1954 553 2011 militer
582 1955 654 2012 ad
687 1955 864 2027 pedes
895 1954 1079 2012 Jhesu
1127 1953 1397 2023 accessit,
1429 1951 1690 2010 lacrimis
1743 1949 1974 2024 rigavit,

331 2041 563 2114 capillis
592 2041 761 2098 tersit
787 2041 1050 2099 osculata
1077 2042 1325 2115 vestigia
1345 2043 1474 2112 ejus
1498 2059 1512 2110 ;
1546 2044 1781 2112 propter
1821 2039 1977 2112 quod

333 2130 552 2186 meruit
570 2129 776 2186 audire
797 2129 1046 2186 Domino
1072 2130 1336 2186 dicente:
1361 2131 1600 2185 Dimissa
1626 2137 1756 2184 sunt
1781 2131 1834 2184 ei
1854 2145 1982 2200 pec-

331 2223 458 2276 cata
484 2219 682 2286 multa,
714 2221 976 2290 quoniam
1017 2219 1218 2277 dilexit
1244 2220 1505 2274 multum.
1537 2219 1703 2290 (I99).
1735 2218 1869 2274 Ideo
1922 2217 1981 2273 in

333 2307 446 2364 hac
466 2311 629 2380 parte
647 2307 912 2380 exemplo
934 2307 1016 2364 uti
1042 2307 1188 2363 mihi
1210 2323 1448 2364 necesse
1479 2311 1568 2364 est
1588 2307 1980 2379 pociusquam

333 2395 496 2453 illius
519 2394 796 2464 Pharisei,
817 2396 920 2470 qui
940 2399 1282 2469 arroganter
1301 2396 1496 2468 ipsum
1520 2396 1737 2452 fontem
1761 2394 1986 2451 miseri-

335 2484 530 2550 cordis
559 2483 876 2546 Dominum
933 2483 1308 2558 reprehendit
1335 2485 1536 2540 dicens
1569 2502 1582 2541 :
1616 2486 1738 2552 Hic,
1766 2486 1818 2539 si
1847 2487 1982 2540 esset

329 2573 616 2648 propheta,
639 2575 805 2630 sciret
859 2576 1044 2648 utique
1072 2589 1176 2646 que
1232 2578 1284 2630 et
1313 2575 1492 2646 qualis
1519 2583 1598 2630 est
1625 2573 1846 2641 mulier,
1880 2590 1986 2645 que

333 2664 514 2734 tangit
565 2679 714 2732 eum,
743 2665 878 2737 quia
929 2664 1206 2734 peccatrix
1223 2672 1302 2720 est
1331 2663 1500 2735 (200).
1535 2663 1680 2718 Nam
1729 2679 1853 2731 vos,
1882 2662 1983 2735 qui

333 2751 474 2809 huic
494 2752 716 2808 mundo
737 2751 894 2808 exuti
923 2756 978 2807 et
997 2750 1162 2826 digni
1184 2753 1326 2808 estis
1347 2751 1528 2808 evecti
1559 2756 1624 2806 ut
1654 2753 1837 2808 nardo
1858 2751 1982 2823 spi-

336 2843 468 2897 cato
497 2840 686 2914 capud
720 2840 1138 2913 perungueatis
1168 2839 1791 2913 Domini,oportunum
1819 2839 1985 2896 vobis

335 2929 714 3004 cogitandum
731 2935 820 2986 est
843 2935 909 2986 ut
930 2929 1075 2986 illud
1107 2929 1330 2986 dictum
1356 2929 1580 2985 Domini
1611 2934 1987 2986 conservetur

336 3035 372 3076 a
399 3018 566 3073 vobis
590 3035 604 3074 :
625 3019 804 3074 Estote
830 3033 958 3087 ergo
975 3017 1371 3084 misericordes,
1389 3019 1531 3074 sicut
1557 3025 1608 3073 et
1634 3025 1791 3089 pater
1817 3021 1987 3074 vester

337 3108 652 3162 misericors
680 3113 760 3162 est
791 3106 964 3177 (201),
995 3107 1091 3176 qui
1117 3107 1286 3162 solem
1312 3122 1475 3162 suum
1503 3107 1646 3162 oriri
1670 3108 1806 3178 facit
1823 3123 1987 3178 super

341 3195 504 3252 bonos
533 3202 584 3250 et
611 3195 788 3251 malos
819 3197 872 3250 et
896 3195 1040 3266 pluit
1067 3211 1232 3266 super
1255 3196 1436 3266 justas
1465 3199 1514 3250 et
1547 3197 1781 3268 injustas
1812 3197 1980 3268 (202).

341 3285 414 3339 At
441 3298 566 3352 vos,
599 3283 698 3355 qui
730 3283 918 3338 instar
945 3288 1236 3340 astrorum
1269 3283 1370 3339 Dei
1404 3283 1654 3340 rutilans
1697 3282 1982 3356 inluLmi]-

2069 709 2140 764 ab
2162 725 2251 776 eo,
2286 724 2351 765 ac
2385 713 2565 764 Deum
2594 709 2878 764 veraciter
2909 724 3109 780 quero,
3143 706 3297 762 sicut
3319 705 3400 761 ait
3430 704 3724 761 Dominus

2069 797 2337 854 Christus
2369 814 2382 854 :
2415 800 2590 854 Potite
2644 800 2694 852 et
2750 799 3049 870 accipietis,
3081 797 3290 868 querite
3318 798 3372 850 et
3400 795 3722 862 invenietis,

2067 887 2314 960 pulesate
2331 895 2382 942 et
2401 888 2682 959 aperietur
2703 887 2848 942 vobis
2868 903 2890 948 ;
2912 887 3090 942 omnis
3115 886 3266 940 enim
3295 885 3390 955 qui
3414 885 3552 955 petit
3581 885 3731 938 acci-

2072 977 2173 1048 pit,
2206 983 2259 1031 et
2287 977 2384 1046 qui
2411 977 2591 1048 querit
2608 976 2839 1042 invenit,
2871 979 2925 1030 et
2954 975 3208 1046 pulsanti
3235 973 3523 1044 aperietur.
3547 970 3730 1043 (206),

2073 1071 2123 1120 et
2173 1079 2285 1119 non
2335 1063 2488 1120 dabit
2543 1063 2634 1119 illi
2682 1079 2743 1119 eo
2793 1063 2936 1136 quod
2971 1063 3182 1118 amicus
3235 1065 3351 1134 ejus
3378 1061 3470 1126 sit,
3499 1067 3732 1132 propter

2075 1153 2488 1225 improbitatem
2543 1155 2728 1207 tamen
2770 1153 2888 1224 ejus
2913 1155 3095 1222 surget
3122 1155 3174 1206 et
3197 1149 3349 1206 dabit
3378 1149 3431 1204 ei
3467 1146 3735 1222 quicquid

2075 1243 2443 1298 necessarium
2467 1240 2716 1297 habuerit
2745 1240 2913 1312 (207).
2947 1240 3298 1313 Magnopere
3326 1236 3495 1310 cupio
3525 1235 3586 1316 in
3617 1235 3734 1291 hac

2078 1335 2243 1403 parte
2267 1329 2482 1386 imitari
2503 1329 2847 1404 prophetam
2871 1329 3199 1385 dicentem:
3223 1326 3262 1382 Α
3284 1327 3486 1398 ﬁnibus
3504 1323 3735 1382 terread

2079 1428 2130 1476 te
2158 1421 2416 1486 clamavi,
2444 1421 2690 1487 Domine,
2709 1419 2840 1474 dum
2871 1421 3199 1474 anxiaretur
3233 1432 3327 1472 cor
3357 1431 3539 1472 meum
3558 1414 3734 1487 (208).

2078 1507 2419 1564 Almitatem
2449 1512 2706 1564 vestram
2737 1507 2958 1563 mundo
2980 1511 3038 1563 et
3059 1505 3203 1562 mihi
3223 1504 3467 1560 minimo
3489 1519 3738 1559 succur-

2082 1599 2303 1654 rentem
2337 1595 2536 1653 divina
2567 1595 2798 1670 pietatis
2829 1596 2988 1652 calce
3016 1600 3188 1652 tenus
3205 1593 3499 1651 custodire
3529 1591 3743 1666 digne-

2083 1689 2200 1742 tur.

2808 1827 3000 1884 LVIII.

2405 1969 2729 2010 INDICULUM
2767 1969 2834 2010 AD
2873 1968 3102 2010 AMICUM
3139 1969 3404 2008 FIDELEM.

2162 2136 2384 2188 Domno
2444 2130 2852 2188 reventissimo
2911 2135 3086 2203 atque
3143 2129 3449 2188 carissimo
3507 2144 3613 2206 seu
3664 2127 3740 2184 ab

2090 2220 2372 2277 omnibus
2401 2219 2698 2276 ortodoxis
2719 2219 3146 2294 amplectenda,
3162 2217 3470 2292 multiplici
3495 2217 3745 2274 scientie

2091 2309 2507 2380 variarumque
2533 2307 2814 2364 virtutum
2855 2307 3053 2382 gracia
3096 2307 3404 2381 insigniter
3445 2306 3748 2371 decorate,

2091 2396 2212 2464 illo,
2247 2395 2348 2469 qui
2375 2397 2434 2452 in
2469 2397 2746 2453 omnibus
2777 2397 3066 2469 profunda
3095 2395 3341 2453 solercia
3369 2395 3479 2451 hac
3505 2409 3752 2451 summa

2091 2485 2394 2560 vigilantia
2425 2485 2756 2542 necessaria
2786 2502 2899 2558 que
2921 2485 3232 2542 animabus
3253 2488 3311 2541 et
3325 2483 3494 2540 utilia
3513 2483 3749 2556 sapien-

2091 2579 2181 2630 ter
2209 2575 2516 2644 discernis,
2541 2591 2648 2648 ego
2673 2573 2771 2630 ille
2802 2575 3048 2648 exiguus
3078 2575 3302 2632 advena
3331 2571 3570 2647 proprio
3600 2589 3748 2645 prse-

2094 2661 2207 2719 suli.
2239 2661 2700 2718 sincerissimam
2732 2661 2792 2717 in
2823 2662 3066 2720 Domino
3097 2667 3212 2718 Deo
3241 2666 3438 2718 eterno
3461 2659 3743 2718 salutem.

2091 2754 2210 2824 Age
2232 2751 2380 2823 jam,
2413 2768 2446 2807 ο
2477 2767 2644 2808 meus
2671 2751 2974 2808 carissime
3005 2752 3204 2818 frater,
3239 2767 3344 2824 ego
3366 2755 3424 2806 te
3453 2749 3746 2822 sapientis

2093 2840 2344 2912 dapibus
2374 2839 2639 2912 impleari
2670 2841 2862 2914 cupio,
2897 2846 2960 2896 ut
2988 2843 3044 2896 te
3069 2840 3369 2914 palmitem
3394 2839 3533 2896 vitis
3561 2838 3746 2896 elecle

2093 2927 2324 2984 celestis
2353 2933 2635 3002 expurget
2661 2929 2928 2997 colonus,
2957 2946 3094 2985 cum
3127 2928 3340 2985 divinis
3397 2928 3578 2986 fontis
3631 2927 3746 2982 im-

2093 3017 2300 3074 bribus
2329 3017 2511 3074 fueris
2532 3018 2868 3087 inroratus;
2898 3035 3122 3092 nosque
3149 3033 3264 3075 une
3303 3019 3494 3090 adque
3535 3017 3745 3074 eadem

2094 3105 2351 3180 paradisi
2377 3107 2686 3163 amoenitas
2706 3106 2962 3180 recipere
2978 3106 3388 3181 exopt[am]us,
3406 3111 3472 3162 ut
3492 3107 3552 3162 in
3583 3105 3751 3178 regni

2094 3194 2324 3251 celestis
2356 3194 2626 3252 libertate
2642 3197 2896 3268 gaudere
2911 3214 3046 3253 cum
3065 3196 3284 3252 sanctis
3305 3195 3366 3250 in
3388 3199 3591 3252 eterna
3611 3195 3747 3250 hea-

2095 3284 2370 3352 titudine,
2391 3285 2492 3340 ubi
2509 3284 2670 3340 nulla
2689 3290 2778 3342 est
2793 3302 2925 3342 vere
2936 3283 3110 3359 bea[ti
3120 3283 3366 3357 ]tudinis
3376 3283 3754 3340 formidanda

343 3373 552 3430 nantes
593 3374 834 3440 terram,
865 3369 1018 3426 sicut
1063 3369 1144 3425 ait
1186 3370 1470 3426 Dominus
1503 3387 1516 3426 :
1553 3370 1648 3426 Vos
1703 3372 1830 3426 estis
1888 3372 1989 3426 lux
2019 3357 2062 3425 C
2101 3373 2536 3446 corruptio,per
2564 3373 2866 3430 caritatem
2893 3357 3076 3430 solam
3106 3372 3321 3430 Christi
3341 3373 3523 3430 Jhesu
3549 3371 3755 3428 adista

340 3459 539 3516 mundi
557 3459 731 3530 (203),
757 3459 1123 3516 considerate
1153 3459 1290 3530 quia
1318 3476 1433 3514 non
1465 3459 1657 3516 solum
1684 3457 1743 3514 in
1775 3459 1988 3516 monti-

342 3549 458 3606 bus
516 3551 575 3604 et
631 3548 876 3621 campis,
911 3547 1075 3611 silvis
1131 3551 1189 3604 et
1217 3547 1402 3620 pratis
1431 3549 1782 3615 amcenibus,
1807 3549 1904 3605 sed
1929 3549 1990 3604 in

348 3637 712 3712 palustribus
741 3641 798 3694 et
821 3637 1032 3696 cloacis
1053 3637 1286 3693 radiant
1312 3627 1475 3694 locis.
1499 3637 1813 3709 Apostolus
1843 3653 1990 3709 quo-

349 3743 464 3800 que
493 3727 554 3782 in
583 3725 956 3784 inferioribus
987 3725 1684 3783 condescendensChristi
1709 3725 1991 3782 membris

347 3815 566 3890 pariter
593 3815 962 3889 compaciens
984 3815 1154 3872 dicit:
1189 3817 1252 3871 In
1279 3815 1436 3871 domo
1459 3815 1647 3870 divitis
1673 3832 1783 3870 non
1813 3817 1991 3872 solum

345 3921 518 3962 aurea
545 3908 596 3962 et
625 3913 902 3977 argentea,
932 3904 1024 3961 sed
1055 3913 1106 3961 et
1135 3905 1319 3976 lignea
1351 3911 1403 3960 et
1432 3904 1628 3973 ﬁctilia
1651 3913 1780 3960 sunt
1835 3921 1986 3972 vasa,

342 3997 396 4050 et
451 3993 608 4049 aliud
658 3993 876 4066 quidem
926 4009 1021 4048 vas
1077 3995 1139 4048 in
1168 3993 1390 4060 honore,
1421 3992 1578 4048 aliud
1625 3995 1681 4048 in
1715 3998 1988 4050 contume-

343 4083 482 4138 liam
511 4082 682 4153 (204).
717 4082 848 4154 Ipse
879 4097 1112 4153 quoque
1139 4080 1285 4137 alias
1316 4080 1494 4136 inseri
1527 4099 1633 4136 nos
1683 4086 1910 4138 ortatur
1929 4081 1988 4138 in

340 4170 557 4230 bonam
580 4169 790 4227 olivam
808 4171 954 4242 (205)
972 4187 1139 4239 ;nam
1153 4169 1292 4243 quia
1310 4169 1558 4226 oleaster
1583 4169 1988 4239 inutilissum,

341 4259 560 4316 idcirco
587 4257 766 4317 inseri
796 4259 968 4332 cupio
997 4259 1057 4314 in
1090 4259 1304 4317 bonam
1337 4258 1570 4314 olivam.
1596 4259 1844 4315 Omissis
1861 4259 1988 4330 jam

341 4347 620 4406 omnibus
641 4348 951 4405 arboribus
974 4347 1290 4420 frugistris,
1309 4347 1452 4403 adeo
1484 4363 1588 4402 vos
1617 4351 1676 4402 et
1705 4347 1990 4420 adloquar

341 4436 416 4492 de
435 4435 596 4492 ulmo
611 4439 668 4492 et
688 4435 888 4502 salice,
906 4435 1048 4507 quia
1067 4452 1202 4492 cum
1218 4435 1342 4508 ipse
1365 4435 1617 4491 fructum
1642 4453 1755 4492 non
1779 4436 1986 4504 ferant,

340 4526 580 4596 portant
607 4527 802 4586 tamen
836 4523 1090 4582 fructum
1123 4521 1301 4580 simul
1350 4540 1484 4580 cum
1515 4524 1648 4581 vite.
1681 4526 1792 4582 Sed
1850 4526 1990 4598 quia

341 4611 617 4686 queritati
649 4612 790 4669 estis
821 4611 1263 4669 multitudinem
1295 4611 1492 4686 inopia
1521 4615 1842 4672 sustentari
1874 4633 1989 4672 non

340 4717 534 4775 posse,
569 4701 794 4760 conﬁdo
820 4701 880 4757 in
912 4701 1118 4770 Deum,
1151 4701 1290 4774 quia
1329 4701 1454 4775 ipse
1511 4719 1613 4759 vos
1670 4703 1990 4778 instigante

339 4794 608 4864 receptus
639 4791 801 4848 fuero
833 4807 868 4846 a
895 4789 1078 4847 vobis.
1111 4791 1236 4847 Non
1285 4808 1382 4848 ero
1411 4791 1574 4849 vobis
1621 4791 1990 4865 inplacabilis

340 4897 532 4954 neque
562 4879 814 4938 nimium
872 4885 1051 4936 oneri.
1085 4879 1210 4936 Non
1243 4880 1400 4936 enim
1460 4884 1862 4954 paupertatem
1891 4881 1979 4937 vel

361 5103 364 5108 .
409 5057 556 5132 (l9?)
591 5057 635 5115 Il
663 5059 790 5132 faut
817 5057 1262 5132 prohablement
1290 5057 1764 5132 corrigergsuasus
1802 5075 1944 5132 sunt.

437 5129 558 5202 189)
605 5129 837 5186 Canticf
881 5130 1183 5198 canticor.,
1240 5146 1368 5200 cap.
1425 5129 1494 5194 II,
1537 5129 1665 5202 §5;
1700 5146 1826 5202 cap.
1887 5129 1980 5196 1V,

339 5199 372 5274 ἕ
402 5199 556 5344 ῗί99)
587 5270 802 5344 Evang.
837 5289 950 5328 sec.
986 5273 1380 5344 Lrucamtcap.
1404 5269 1524 5336 VII,
1555 5289 1609 5325 v.
1641 5273 1730 5325 .‘l7.

317 5393 326 5407 ,
356 5373 361 5378 -
405 5341 554 5414 (200)
576 5341 799 5408 Ibidem,
830 5360 959 5414 cap.
993 5343 1114 5414 ΥΠ,
1145 5359 1198 5396 v.
1232 5341 1323 5414 39.

407 5413 558 5486 (201)
591 5414 823 5482 Ibidem,
857 5413 1200 5486 capLVILV.
1231 5413 1330 5467 36.
1465 5421 1469 5426 ‘

405 5483 552 5559 (202)
583 5486 799 5559 E_va_ng.
828 5483 944 5540 sec:
977 5483 1340 5559 Mat‘tbwum,
1375 5499 1502 5556 cap.
1525 5483 1596 5552 V,
1625 5501 1680 5539 ν.
1714 5485 1802 5540 45.

403 5553 556 5698 (203)
587 5553 812 5624 Ibidem,
851 5571 980 5626 cap.
1014 5553 1081 5609 V.
1111 5571 1165 5610 v.
1194 5556 1280 5608 14.

404 5627 527 5698 (204
582 5627 760 5698 Epist.
795 5625 1038 5682 secund.
1071 5625 1132 5680 Β.
1161 5629 1280 5681 Pau

331 5713 368 5752 ν
404 5624 550 5753 (ἕδη)
582 5627 760 5700 Epist.
795 5624 1038 5682 secu'nd.
1071 5625 1132 5680 Β.
1161 5624 1324 5681 Pauli
1357 5627 1427 5681 ad
1461 5625 1740 5694 Timoth.,
1765 5625 1982 5696 cap.Il,

373 5739 388 5766 ’
418 5739 509 5753 ην.

2099 3462 2298 3518 venire
2325 3461 2642 3518 valeamus.
2675 3465 2822 3518 Ante
2851 3455 3049 3518 omnia
3099 3463 3382 3519 debemus
3437 3463 3509 3518 ad
3567 3461 3750 3518 istam

2101 3550 2402 3607 caritatem
2435 3552 2805 3618 contendere,
2821 3555 2886 3607 ut
2913 3561 3045 3624 post
3070 3543 3334 3609 sec'ulum
3355 3567 3599 3624 regnare
3611 3567 3751 3606 cum

2100 3638 2330 3695 Christo
2361 3656 2670 3712 possemus
2701 3640 2827 3696 sine
2857 3641 2971 3696 ﬁne
3001 3641 3060 3695 in
3104 3645 3307 3696 eterna
3361 3639 3746 3696 beatitudine.

2101 3731 2342 3800 Propter
2369 3729 2524 3800 quod
2547 3729 2788 3786 obsecro
2819 3734 2882 3785 ut
2902 3729 3082 3800 hujus
3101 3728 3344 3801 epistole
3358 3728 3536 3785 verba
3565 3728 3751 3784 ﬁrmi-

2097 3821 2188 3873 ter
2207 3822 2263 3872 et
2284 3817 2688 3874 indubitanter
2714 3821 2936 3886 teneas,
2951 3818 3092 3891 quia
3123 3819 3252 3875 levis
3268 3826 3318 3875 et
3338 3817 3576 3888 inﬁdelis
3594 3818 3752 3872 simi-

2101 3906 2171 3962 lis
2199 3913 2278 3962 est
2302 3907 2564 3978 ﬂuctibus
2592 3907 2766 3962 maris
2795 3909 2848 3963 ei
2876 3906 3147 3962 arundini
3204 3911 3356 3964 omni
3420 3914 3574 3963 vento
3623 3907 3750 3978 agi-

2099 4000 2211 4052 tato
2237 3996 2402 4068 (209).
2435 3995 2543 4052 Pro
2601 3995 2713 4052 hoc
2771 3996 2990 4052 suadeo
3047 3996 3175 4063 tibi,
3208 3996 3257 4052 si
3312 3995 3400 4052 vis
3455 4000 3748 4051 terrarum

2101 4084 2290 4157 spatio
2310 4084 2481 4140 divisi
2495 4084 2683 4142 simus
2695 4085 2887 4157 adque
2908 4089 3349 4156 sequestramur
3364 4084 3422 4139 in
3434 4083 3585 4140 vallo
3597 4084 3748 4157 (210)

2100 4178 2157 4230 et
2187 4173 2292 4229 celi
2324 4172 2585 4245 inequali
2614 4173 2848 4230 climate
2879 4173 3247 4244 dirimamus,
3283 4167 3422 4246 pari
3441 4177 3635 4230 tamen
3649 4173 3752 4228 tri-

2099 4261 2475 4318 bulacionum
2501 4263 2900 4335 depremimur
2917 4262 3058 4319 face.
3073 4263 3313 4336 Propter
3323 4262 3479 4336 quod
3503 4261 3750 4336 diligen-

2099 4350 2327 4408 tissime
2376 4351 2657 4424 deprecor
2709 4368 2812 4408 vos
2867 4351 2952 4407 uti
2986 4351 3318 4408 orationum
3347 4355 3555 4408 mutua
3573 4351 3747 4408 vicis-

2100 4439 2358 4496 situdine
2378 4439 2603 4512 jugiter
2631 4441 2994 4510 muniamur,
3015 4458 3122 4497 nos
3153 4441 3601 4497 reminiscentes
3630 4457 3751 4496 ser-

2100 4529 2292 4585 monis
2321 4529 2576 4598 Domini,
2609 4545 2726 4602 que
2757 4530 2904 4586 dixit
2959 4531 3114 4587 sicut
3143 4530 3398 4588 senserit
3429 4546 3444 4586 :
3476 4531 3541 4586 Et
3594 4529 3750 4586 vobis

2097 4617 2236 4687 dico,
2263 4619 2348 4675 vel
2379 4626 2489 4674 tres
2516 4635 2682 4691 super
2719 4627 2924 4676 terram
2977 4619 3042 4676 de
3092 4622 3246 4678 omni
3296 4636 3358 4676 re
3411 4634 3750 4691 quecumque

2021 4724 2067 4793 υ
2095 4709 2375 4780 petierint,
2409 4709 2510 4780 ﬁat
2567 4708 2685 4764 illis
2709 4726 2743 4764 a
2769 4713 2926 4780 patre
2955 4709 3128 4781 (214),
3161 4713 3213 4765 et
3266 4709 3501 4782 reliqua.
3533 4707 3752 4780 Optata

2098 4793 2286 4854 valere
2313 4797 2370 4852 in
2394 4795 2645 4865 Christo,
2663 4798 2832 4869 cujus
2864 4796 2975 4854 iste
2997 4796 3270 4854 celestem
3299 4797 3572 4870 eophiam
3598 4793 3747 4853 satis

2089 4885 2560 4960 amplectorzego
2593 4885 2690 4942 ille
2719 4885 3080 4960 epigraphus
3104 4885 3300 4944 curavi
3321 4887 3746 4942 tibicarrexere

2093 5063 2309 5190 ϐιξὲὅ)
2341 5062 2524 5136 Epist.
2549 5063 2612 5119 B.
2647 5063 2809 5120 Pauli
2861 5064 2932 5120 ad
2994 5065 3264 5133 Romam,
3297 5080 3426 5138 cap.
3456 5063 3550 5132 XI,
3583 5081 3640 5118 v.
3678 5063 3750 5118 17

2093 5206 2310 5330 et(£3306)
2365 5206 2579 5279 Evang.
2641 5223 2758 5262 sec.
2820 5206 3179 5273 Matthzcum,
3241 5223 3368 5278 cap.
3419 5205 3546 5274 VII,
3599 5223 3656 5262 v.
3704 5208 3740 5260 7

2184 5348 2310 5422 20?)
2343 5347 2556 5422 Evang.
2590 5365 2706 5422 sec.
2741 5348 2980 5420 Lucam,
3014 5366 3143 5422 cap.
3176 5349 3268 5418 ΧΙ,
3297 5366 3352 5406 v.
3395 5351 3450 5405 8.

2185 5419 2290 5472 208
2345 5418 2560 5474 Psalm.
2593 5438 2648 5476 ν.
2679 5421 2736 5476 3.

2185 5418 2312 5562 209)
2371 5489 2553 5560 Epist.
2615 5492 2673 5548 S.
2723 5491 2736 5546 ς

2163 5489 2312 5564 (209)
2371 5489 2553 5560 Epist.
2615 5492 2673 5548 S.
2702 5490 2945 5564 iJacobi,
2980 5494 3022 5562 Ι,
3054 5509 3108 5549 v.
3143 5493 3198 5547 6.
3231 5521 3301 5533 —
3341 5491 3555 5564 Evang.
3616 5507 3734 5548 sec.

2092 5558 2450 5634 Matthaaurn,
2484 5579 2609 5634 cap.
2642 5563 2740 5628 ΧΙ,
2771 5580 2826 5618 ν.
2858 5565 2913 5618 7.

2163 5631 2322 5708 (210)
2343 5631 2639 5708 Deut-etre
2697 5634 2895 5690 faut-il
2945 5633 3200 5708 corriger
3256 5650 3320 5692 ce
3359 5649 3610 5707 passage
3665 5650 3735 5690 en

2090 5700 2271 5756 lisant
2292 5700 2609 5760 intervallo.

2162 5773 2311 5846 (211)
2343 5773 2557 5848 Evang.
2592 5791 2686 5832 sec
2715 5775 3028 5834 Joannem.
3063 5794 3192 5850 cap.
3225 5777 3368 5844 XVI,
3402 5794 3456 5834 v.
3487 5777 3580 5832 23.
