3950 6360
219 413 374 480 1461

218 642 293 699 de
309 639 627 714 religionis.
648 639 988 696 Salutamus
1017 644 1074 696 te
1091 639 1300 695 obnixe
1318 641 1376 694 et
1393 654 1497 710 per
1511 640 1868 711 portatorem

223 730 423 804 aliqua
447 727 729 792 exemiola
758 728 866 785 tibi
899 727 1333 784 mandavimus.

544 940 867 981 INDICULUM
887 941 1276 980 ABBATISSAAD
1298 940 1572 980 ΔΒΒΑΤΕΜ.

290 1033 516 1090 Domno
547 1032 650 1088 Dei
684 1031 904 1088 famulo
936 1035 993 1087 et
1022 1049 1056 1087 a
1086 1031 1256 1086 nobis
1291 1047 1427 1086 cum
1459 1029 1717 1086 maxima
1772 1045 1866 1084 ve-

222 1123 524 1179 neratione
555 1119 857 1192 plurimun
888 1119 1184 1192 diligendo
1215 1119 1432 1175 domno
1490 1117 1591 1174 illo
1649 1117 1866 1183 abbati,

222 1211 434 1283 exigua
487 1208 752 1266 omnium
795 1207 1151 1264 famularum
1194 1207 1407 1264 Christi
1465 1212 1522 1263 et
1567 1209 1759 1263 vestra
1806 1205 1866 1260 in

224 1299 502 1357 omnibus
532 1299 680 1355 bene
709 1298 950 1370 cupiens
979 1297 1067 1352 vel
1093 1313 1295 1354 omnes
1319 1296 1377 1352 in
1395 1295 1606 1352 Christi
1639 1310 1868 1352 sorores

222 1388 538 1446 servientes
568 1392 791 1444 vestras
824 1386 1145 1459 plurimum
1178 1386 1235 1442 in
1258 1386 1504 1442 Domino
1543 1384 1866 1440 almitatem

218 1481 474 1535 vestram
503 1475 833 1532 amabiliter
871 1480 929 1532 et
957 1475 1206 1531 dulciter
1252 1474 1508 1532 salutare
1561 1473 1865 1546 praesumi-

225 1583 361 1623 mus
393 1582 578 1638 usque
599 1565 670 1620 ad
694 1564 975 1638 gaudium
999 1564 1440 1636 sempiternum.
1461 1563 1863 1636 Cognuscatis,

222 1654 534 1719 carissimi,
569 1655 725 1726 quod
756 1655 816 1709 in
847 1653 978 1710 istis
1009 1653 1226 1709 sanctis
1257 1653 1466 1709 diebus
1497 1653 1690 1709 omnis
1728 1668 1866 1707 con-

220 1743 480 1819 gregatio
512 1742 855 1816 psalterium
887 1759 990 1815 per
1021 1757 1224 1799 omnes
1254 1742 1377 1799 dies
1395 1758 1610 1798 canens
1628 1757 1730 1813 pro
1748 1739 1868 1795 vita

224 1837 282 1890 et
311 1831 632 1889 stabilitate
659 1837 872 1892 vestra.
907 1836 970 1886 ut
1000 1831 1284 1887 Dominus
1341 1848 1469 1886 eam
1526 1846 1866 1886 conservare

223 1922 498 1994 dignetur
523 1920 692 1976 annis
725 1919 1014 1988 multis,et
1031 1919 1493 1976 consolacionem
1513 1922 1786 1974 vestram.
1803 1919 1870 1973 Et
1892 1923 1946 1988 Β

219 2027 327 2067 nos
358 2026 462 2084 pro
491 2010 712 2082 grande
741 2009 957 2064 fiducia
986 2010 1056 2065 ad
1114 2013 1337 2065 vestros
1367 2008 1687 2081 diregimus
1717 2026 1729 2076 ;
1763 2008 1866 2063 de-

221 2114 533 2172 precamur
561 2098 725 2154 vobis
756 2097 1148 2170 sub[p]liciter
1178 2104 1242 2152 ut
1264 2097 1524 2169 jubeatis
1542 2097 1710 2152 nobis
1732 2113 1866 2152 con-

221 2187 410 2245 solare
439 2187 764 2260 quantitate
795 2188 866 2242 de
887 2187 1015 2251 hoc,
1041 2192 1106 2243 ut
1135 2186 1354 2259 aliquid
1392 2187 1462 2242 de
1484 2190 1540 2241 te
1572 2186 1867 2258 h[abe]am

221 2278 295 2333 ad
330 2281 534 2333 sancto
564 2275 684 2344 illo,
719 2276 860 2348 quia
913 2275 1118 2332 exinde
1177 2276 1401 2348 grande
1459 2275 1867 2331 necessitatem

220 2365 590 2422 habebimus.
613 2363 976 2435 Amabiliter,
995 2364 1336 2421 dulcissime
1357 2365 1571 2420 domne
1594 2367 1650 2419 et
1681 2368 1864 2436 pater,

222 2455 396 2512 annis
424 2454 628 2509 multis
657 2455 728 2509 de
768 2458 958 2510 vestra
985 2455 1240 2526 gaudere
1270 2470 1602 2509 mereamur
1628 2469 1869 2526 prospe-

217 2545 391 2601 ritate
422 2547 479 2600 et
506 2542 798 2599 felicitate.

453 2738 776 2778 INDICULUM
805 2738 878 2776 AD
905 2738 1166 2778 ΑΒΒΑΤΕΜ
1191 2737 1654 2778 VELEPISCOPUM.

291 2828 610 2903 Religionis
660 2827 917 2884 culmine
976 2829 1288 2901 conspicue
1359 2829 1530 2885 titulo
1600 2829 1868 2884 decorato

217 2919 434 2975 domno
449 2915 643 2973 abbati
657 2917 744 2973 vel
765 2917 1036 2990 episcopo
1051 2917 1284 2990 illo,ego
1302 2917 1400 2974 ille
1417 2917 1668 2974 famulus
1682 2919 1870 2974 vester

220 3008 281 3062 in
313 3007 587 3062 omnibus
625 3006 898 3079 proprius
945 3024 1145 3063 servus
1175 3007 1263 3063 vel
1296 3023 1500 3063 omnes
1535 3006 1592 3061 in
1635 3005 1869 3062 Christo

216 3095 534 3153 servientes
563 3095 739 3152 vestri
771 3095 1011 3168 plurimi
1043 3096 1102 3150 in
1136 3097 1380 3152 Domino
1421 3096 1744 3151 almitatem
1774 3111 1868 3151 ve-

219 3189 404 3242 stram
437 3184 694 3240 salutare
726 3184 1104 3257 presuminus
1118 3185 1390 3256 usquead
1403 3185 1687 3257 gaudium
1722 3201 1870 3240 sem-

952 478 958 481 .
1434 389 1437 393 ’
1508 409 1921 479 FORMULE
1955 405 2341 478 VETERES.

220 551 296 610 de
323 548 456 626 agia
483 547 844 622 crafaadque
866 547 936 606 de
951 544 1169 607 inclitis
1186 546 1329 606 viris
1350 547 1651 606 catholicis
1672 547 1862 620 adque
1890 550 1946 618 Α

3468 395 3622 468 1462

2726 539 2889 602 LXII.

2580 635 2734 707 [Sine
2747 631 3013 709 rubrica].

2049 722 2411 781 Memorabili
2442 726 2615 795 atque
2635 721 3121 781 excellentissimo
3151 719 3273 778 viro
3304 714 3622 776 mitissimo

1979 813 2210 887 placida
2237 813 2497 870 bonitate
2526 829 2752 869 necnon
2777 813 3081 870 honestate
3108 816 3166 869 et
3185 825 3418 868 morum
3434 806 3624 881 digni-

1977 907 2094 959 tate
2119 919 2254 959 cum
2286 901 2444 958 omni
2470 902 2923 958 mansuetudine
2951 901 3166 975 repleto
3198 904 3257 957 et
3283 897 3499 956 Christi
3531 896 3623 952 fa-

1978 993 2204 1050 mulatu
2229 991 2554 1049 insaciabili
2585 990 2694 1060 illi,
2723 991 2820 1048 ille
2865 991 3124 1064 inequali
3180 985 3624 1061 comparacione

1975 1083 2303 1138 bonitatum
2334 1084 2661 1137 vestrarum
2697 1079 2944 1153 juvenili
2974 1084 3125 1136 etate
3154 1080 3386 1145 florens,
3415 1080 3615 1132 tamen

1977 1171 2164 1227 ﬁdelis
2196 1175 2253 1226 et
2282 1171 2427 1226 bene
2455 1171 2698 1226 devotus
2726 1172 2917 1226 vester
2949 1167 3363 1242 perpetualiter
3398 1163 3615 1225 existit.

1975 1260 2226 1316 salutem
2274 1258 2590 1332 Optabilem
2640 1263 2697 1315 et
2742 1260 3212 1332 perseverantem
3263 1255 3506 1311 mandat
3553 1252 3614 1308 in

1975 1349 2244 1406 Domino.
2295 1347 2558 1421 Epistola
2611 1347 2930 1403 reverentia
2988 1345 3364 1420 dignitatisve
3413 1344 3618 1398 vestra;

1974 1455 2162 1510 usque
2183 1437 2255 1493 ad
2284 1436 2564 1493 vilitatem
2605 1440 2865 1509 personae
2924 1452 3066 1492 meae
3098 1432 3378 1508 pervenit,
3438 1446 3615 1505 quam

1973 1531 2096 1583 tota
2125 1527 2256 1583 nisu
2287 1526 2610 1600 perlegens,
2656 1527 2712 1580 in
2744 1525 2863 1581 imo
2893 1524 3086 1582 cordis
3124 1522 3340 1581 recludi
3392 1520 3616 1587 volens,

1973 1633 2102 1672 eam
2136 1615 2333 1688 sepius
2375 1615 2640 1670 iterando
2687 1614 2748 1669 in
2797 1617 3035 1671 tenuem
3081 1613 3277 1669 locum
3337 1609 3618 1668 memorie

1975 1722 2102 1762 mea
2129 1707 2461 1772 recondere,
2494 1705 2633 1777 quia
2662 1703 3033 1760 dulcedinem
3076 1701 3269 1759 mellis
3299 1701 3359 1756 in
3420 1700 3616 1756 fauces

1974 1811 2136 1852 meas
2166 1795 2434 1868 portavit,
2467 1792 2791 1867 magistrali
2838 1791 3257 1865 compositione
3279 1788 3522 1847 suffulta
3561 1791 3620 1844 et

1976 1884 2234 1940 maxima
2263 1883 2531 1956 piissima
2551 1882 2980 1938 ammonicione
3009 1884 3268 1938 mentem
3316 1877 3620 1952 parvitatis

1975 1973 2324 2030 confortavit
2355 1976 2411 2028 et
2441 1970 2704 2045 exemplo
2727 1971 2896 2028 senili
2923 1972 3296 2043 juventutem
3312 1983 3483 2024 mean
3504 1966 3622 2023 edi-

1979 2063 2190 2119 ﬁcavit.
2222 2063 2583 2134 Quapropter
2597 2064 2907 2134 cognoscat
2919 2059 3301 2132 sagacissime
3311 2055 3623 2131 prudentia

1975 2155 2170 2206 vestra
2198 2168 2290 2206 me
2321 2167 2436 2206 non
2467 2167 2645 2222 parva
2673 2148 2944 2222 angustia
2973 2146 3387 2219 coortari,quia
3406 2145 3466 2201 in
3489 2145 3619 2217 qui-

1977 2241 2088 2297 bus
2117 2240 2309 2296 verbis
2338 2239 2528 2296 eidem
2557 2237 3168 2294 dulcedinioccurram
3191 2234 3622 2292 noninvenioet

1976 2335 2044 2385 ut
2073 2329 2448 2402 sponsionem
2477 2327 2916 2384 convenientem
2935 2325 3046 2383 sibi
3064 2341 3322 2399 congruo
3349 2333 3618 2381 sermone

1976 2419 2310 2492 perfungat,
2343 2417 2425 2472 ita
2474 2417 2778 2472 dumtaxat
2806 2419 2873 2472 ut
2903 2431 3147 2489 opacam
3195 2412 3617 2488 benignitatem

1975 2511 2229 2564 vestram
2259 2505 2594 2562 humillima
2622 2505 2794 2562 laude
2824 2504 3144 2577 amplectar
3179 2507 3238 2560 et
3265 2500 3618 2576 plenitudini

1977 2595 2241 2670 opusculi
2272 2595 2387 2651 mei
2405 2594 2817 2652 honestissime
2838 2598 2895 2651 et
2913 2598 3198 2667 oportune
3217 2592 3620 2666 metaminpo-

1978 2703 2136 2755 nam,
2169 2689 2235 2741 ut
2263 2685 2455 2741 favore
2484 2683 2855 2756 paternitatis
2881 2686 3070 2740 vestre
3101 2683 3410 2739 commoda
3446 2685 3504 2739 et
3529 2681 3620 2737 in-

1977 2773 2457 2848 reprehensibilis
2487 2774 2754 2828 donetur.
2779 2777 2856 2830 De
2887 2776 3074 2829 cetero
3096 2770 3363 2846 cognovit
3390 2770 3625 2828 almitas

1975 2868 2180 2921 vestra
2213 2879 2306 2918 me
2334 2862 2394 2917 in
2425 2861 2734 2934 praesentia
2759 2860 3065 2919 vilissimis
3092 2861 3355 2918 vestibus
3384 2859 3616 2917 indueri

1978 2957 2036 3009 et
2067 2953 2149 3008 nil
2180 2951 2556 3025 pargamenis
2587 2951 2692 3018 uti,
2726 2951 2841 3007 nisi
2872 2951 3018 3006 mihi
3055 2949 3397 3007 excellentia
3433 2952 3628 3006 vestra

1978 3045 2258 3099 consueta
2293 3057 2400 3113 ope
2432 3041 2740 3097 subveniat
2768 3043 2941 3112 atque
2994 3057 3028 3096 a
3079 3043 3244 3113 parte
3299 3038 3635 3113 largissime.

1978 3148 2153 3188 manu
2185 3131 2299 3200 his,
2333 3130 2390 3184 in
2417 3131 2634 3202 quibus
2675 3129 2845 3202 inops
2902 3132 2960 3185 et
2988 3145 3212 3202 pauper
3237 3129 3455 3197 videor,
3516 3129 3631 3184 fre-

1979 3219 2245 3293 quentari
2279 3235 2536 3290 congruo
2563 3221 2825 3289 tempore
2853 3221 2912 3273 et
2940 3217 3054 3273 frui
3095 3215 3485 3289 congratuler.
3533 3217 3623 3288 Et,

219 3274 537 3378 piternum.
572 3273 974 3378 Cognuseatis,
1013 3273 1286 3378 piissime
1343 3272 1713 3378 patetqu‘ﬂlf’.
1759 3289 1863 3378 ξε·
1895 3291 1937 3358 (l
2069 3272 2822 3374 it—a'dicamﬁhmnusvero
2839 3272 3620 3378 nosterjuvenututemmeani

153 3411 162 3418 .
217 3363 491 3420 cessitate
520 3379 532 3417 :
564 3367 800 3435 propter
814 3363 922 3419 hoc
938 3363 1103 3418 vobis
1121 3364 1502 3435 deprecamur
1523 3361 1864 3434 subpliciter

218 3455 284 3508 ut
304 3451 565 3524 jubeatis
596 3451 883 3508 consolari
908 3453 978 3507 de
1009 3452 1116 3508 hac
1156 3452 1665 3523 necessitate,quia
1694 3451 1862 3507 nobis

218 3539 616 3611 necessarium
647 3545 754 3596 est.
774 3540 1189 3613 Benignissimi
1207 3540 1449 3609 domini,
1481 3540 1632 3614 agite
1670 3539 1864 3596 taliter

220 3629 461 3688 utvobis
475 3633 814 3702 permaneat
825 3630 1035 3685 mercis
1056 3635 1114 3686 et
1134 3630 1316 3686 oratio
1335 3629 1706 3702 sempiterna.

613 3893 616 3896 ~
682 3842 819 3881 ῙΤΕΜ
849 3842 1031 3882 ALIUM
1055 3843 1399 3882 INDICULUM.

287 3930 609 4004 Religionis
641 3931 900 3987 culmine
931 3932 1259 4005 conspicuae
1282 3931 1455 3987 titulo
1489 3933 1757 3988 decorato
1777 3930 1861 3986 illi

216 4020 389 4088 abba,
409 4036 514 4092 ego
548 4019 759 4076 ultima
787 4020 1101 4077 verculana
1119 4021 1265 4092 (212)
1287 4024 1481 4076 vestra
1510 4019 1864 4092 plumimum

214 4108 385 4165 vobis
416 4107 475 4163 in
520 4109 763 4164 Domino
809 4109 1140 4166 amabiliter
1195 4114 1253 4166 et
1306 4108 1558 4165 dulciter
1612 4108 1868 4165 salutare

221 4213 501 4270 presumo
533 4213 721 4269 usque
749 4199 820 4254 ad
844 4199 1128 4270 gaudium
1149 4199 1868 4270 sempiternum,etdepre-

224 4304 327 4343 cor
357 4286 702 4358 subpliciter
730 4293 796 4342 ut
815 4288 1077 4359 jubeatis
1126 4304 1220 4343 me
1275 4289 1511 4342 infirma
1557 4288 1616 4342 in
1659 4286 1869 4343 vestris

225 4375 412 4433 sacris
442 4375 803 4432 orationibus
861 4393 1204 4446 memorare,
1232 4378 1373 4449 quia
1428 4393 1554 4448 ego,
1605 4377 1870 4449 quamvis

225 4463 440 4520 debida
467 4468 524 4520 et
553 4464 798 4537 fragilis,
843 4482 947 4537 pro
998 4466 1163 4522 vobis
1207 4466 1266 4521 in
1316 4466 1576 4522 oratione
1627 4465 1867 4522 adsisto.

230 4552 630 4624 Cognoscatis,
667 4553 916 4625 piissimi
947 4554 1257 4622 domini,in
1285 4571 1461 4626 quam
1485 4555 1706 4627 grande
1729 4571 1871 4627 pau-

1972 3398 2220 3472 deSpicit
2243 3401 2300 3453 et
2330 3395 2492 3450 illam
2522 3395 2811 3468 castigare
2841 3395 3467 3468 contempnit,necnon
3490 3411 3614 3450 mo-

1973 3505 2063 3544 res
2095 3484 2571 3542 abhominabitur
2599 3488 2654 3539 et
2686 3501 2777 3540 me
2808 3500 2913 3540 ceu
2945 3485 3227 3555 quotdam
3251 3481 3612 3539 inmundicie

1971 3575 2212 3648 respuit,
2245 3578 2300 3630 et
2333 3574 2656 3644 adjutorem
2689 3589 2751 3629 se
2782 3572 2926 3629 mihi
2947 3571 3167 3629 labenti
3193 3571 3487 3646 porrigere
3503 3572 3614 3629 dif-

1972 3667 2081 3721 fert
2108 3683 2120 3733 ;
2154 3664 2256 3720 sed
2279 3665 2405 3734 jam
2429 3678 2694 3719 summos
2716 3663 2932 3736 gradus
2955 3661 3259 3736 dignitatis
3282 3660 3342 3718 in
3375 3677 3469 3719 me
3484 3661 3612 3717 vult

1969 3755 2207 3820 habere,
2240 3752 2350 3808 hac
2376 3751 2591 3808 stultos
2612 3767 2822 3808 sensus
2851 3750 3082 3808 diucius
3115 3749 3615 3824 projicit,querita

1973 3860 2066 3899 me
2095 3843 2251 3916 quod
2283 3859 2400 3898 non
2431 3842 2616 3898 habeo
2647 3847 2703 3898 et
2732 3843 2886 3916 quod
2926 3841 3218 3899 desiderat
3265 3839 3456 3897 adhuc
3499 3856 3619 3897 non

1973 3931 2266 3988 subsistit.
2301 3932 2632 4002 Antequam
2659 3929 2804 3986 mihi
2826 3931 2978 3987 Deus
2999 3929 3343 3986 annueritet
3366 3927 3618 3986 aliorum

1975 4019 2344 4093 exemplariis
2378 4020 2702 4078 instructus
2722 4020 2810 4076 vir
2864 4020 3154 4092 perfectus
3203 4023 3260 4076 et
3315 4017 3623 4092 placabilis

1980 4110 2219 4174 efﬁciar,
2254 4107 2470 4164 idcirco
2495 4107 2703 4164 obnixe
2734 4113 2865 4181 peto
2888 4111 2953 4163 ut
2981 4107 3264 4164 citissime
3292 4107 3408 4163 huc
3427 4105 3624 4162 venia-
3658 4181 3665 4187 _

1979 4198 2055 4255 tis
2085 4202 2142 4253 et
2166 4195 2581 4252 serenissimus
2611 4201 2802 4253 vester
2829 4196 3025 4253 vultus
3057 4199 3351 4270 appareat,
3375 4193 3476 4268 qui
3493 4196 3625 4268 jam

1982 4284 2290 4343 terribillis
2304 4288 2359 4340 et
2375 4283 2610 4341 odibilis
2623 4284 2768 4340 mihi
2785 4284 3396 4353 videbatur,moderno
3409 4283 3629 4358 quippe
3697 4349 3701 4353 ,

1983 4375 2282 4430 destructa
2315 4371 2439 4443 lege
2468 4371 2870 4439 veteri,oblitis
2892 4371 3168 4428 omnibus
3206 4384 3401 4441 ;carus
3439 4375 3497 4428 et
3538 4383 3629 4427 se-

1985 4479 2162 4519 renus
2187 4460 2434 4532 judicat.
2469 4461 2536 4515 Et
2566 4460 2675 4516 hoc
2706 4477 2810 4533 pro
2842 4464 2996 4518 certo
3029 4461 3234 4518 scitote
3250 4461 3404 4534 quod
3437 4461 3498 4516 in
3529 4476 3631 4517 vo-

1983 4569 2075 4625 bis
2107 4567 2359 4623 maxime
2389 4567 2686 4623 conﬁdens
2717 4570 2775 4622 et
2804 4567 2876 4623 de
2905 4567 3000 4624 his
3047 4569 3323 4625 omnibus
3363 4567 3629 4640 judicem

220 4644 445 4712 pertate
483 4645 540 4731 et_
585 4643 832 4731 penuria
877 4643 1134 4698 remansi
1177 4661 1280 4716 pro
1327 4643 1551 4731 obitum
1609 4644 1868 4700 seniores
1899 4661 1945 4727 ι)
1976 4657 2146 4731 elegi,
2171 4660 2236 4731 et
2255 4658 2448 4731 vestro
2469 4654 3164 4731 eru[d‘i]tissimojudicio
3185 4673 3278 4714 me
3297 4655 3636 4714 confirmari

220 4744 406 4797 meos,
441 4729 543 4802 qui
574 4745 666 4785 me
699 4729 759 4785 in
790 4731 948 4786 hunc
999 4731 1354 4788 monasterio
1398 4730 1593 4796 venire
1643 4732 1861 4789 fecerit.

223 4817 472 4874 Proinde
494 4834 630 4890 ergo
663 4820 1146 4892 suggestiuncula
1165 4821 1465 4893 parvitatis
1498 4838 1636 4877 meae
1667 4821 1739 4876 ad
1761 4821 1870 4878 cle-

225 4906 513 4963 menciam
537 4911 790 4964 vestram
822 4910 1115 4966 destinare
1146 4927 1456 4983 presumo;
1487 4910 1868 4982 deprecorvo-

226 4995 315 5051 bis
364 4996 706 5068 subpliciter
739 5002 803 5052 ut
844 4999 989 5053 mihi
1039 4999 1342 5056 consolare
1399 4999 1672 5072 dignetis,
1719 5000 1873 5054 unde

225 5083 543 5140 luminaria
575 5085 784 5141 faciam
817 5087 1164 5159 proanimas
1186 5106 1410 5154 eorum,
1444 5088 1656 5161 quime
1687 5088 1874 5143 inisto

232 5173 588 5229 monasterio
618 5175 968 5247 reciperunt,
1002 5175 1089 5231 vel
1131 5177 1411 5248 quicquid
1452 5177 1736 5232 Dominus
1790 5177 1877 5230 in-

229 5261 696 5332 spirarejubeat,
727 5264 866 5334 quia
896 5263 1035 5318 mihi
1093 5267 1290 5319 omnia
1333 5265 1660 5320 necessaria
1719 5269 1875 5320 sunt.

233 5349 350 5422 Ego
373 5349 545 5420 juxta
574 5351 690 5407 Deo
730 5357 786 5406 et
816 5357 1016 5408 sancto
1048 5353 1144 5408 illo
1177 5357 1294 5408 toto
1327 5353 1616 5424 adjutorio
1659 5357 1716 5407 et
1746 5370 1879 5407 con-

231 5437 589 5496 solacionem
620 5456 724 5513 per
773 5458 876 5498 vos
934 5459 1123 5517 spero.
1180 5441 1521 5499 dulcissime
1578 5443 1790 5498 domne
1829 5446 1887 5497 et

230 5531 415 5599 pater.
1201 5551 1207 5556 -

310 5708 438 5779 (212
538 5708 832 5782 jCorrigez
865 5714 1175 5769 vernacula.

1973 4727 2134 4804 apud
2169 4727 2486 4785 Dominum
2519 4727 2772 4782 studete.

1977 4835 2372 4906 Altithronus,
2409 4832 2507 4906 qui
2537 4835 2744 4906 regnat
2773 4832 2833 4906 in
2860 4836 2991 4888 ante
3021 4833 3290 4906 polorum

1979 4909 2085 4964 Det
2113 4905 2275 4961 vobis
2307 4904 2563 4977 requiem
2594 4904 2773 4959 vitam
2803 4904 3101 4978 donetque
3118 4922 3460 4978 perennem.

1980 4982 2103 5052 Ast
2126 4979 2298 5052 faciat
2334 4975 2615 5052 magnum
2647 4992 2750 5030 vos
2782 4975 3060 5052 scandere
3089 4975 3553 5052 liinenOlimphi.

1984 5050 2188 5106 Livido
2220 5045 2609 5120 motil‘eraque
2631 5045 2832 5119 procul
2858 5051 2996 5102 tunc
3026 5051 3247 5120 tartara
3263 5045 3462 5120 pellat.

1985 5121 2240 5177 Grandis
2268 5120 2424 5175 enim
2462 5117 3000 5190 vobis‘mercesque
3033 5118 3231 5176 futura
3259 5117 3542 5190 manebit,

1988 5194 2050 5248 In
2078 5192 2218 5247 oleis
2251 5191 2526 5262 quoniam
2562 5206 2836 5262 magnam
2869 5190 3172 5246 meruistis
3201 5191 3262 5248 in
3293 5192 3466 5247 arvis.

1992 5265 2236 5334 Semper
2265 5264 2420 5318 enim
2453 5267 2676 5334 rectum
2713 5264 3012 5334 exercente
3054 5262 3354 5334 vocaberis
3412 5263 3644 5322 insons.

1990 5332 2375 5406 Omnipotens
2409 5334 2583 5406 Deus,
2607 5332 2851 5406 indigno
2878 5332 3175 5406 concedito
3205 5350 3392 5406 servo,

1992 5407 2157 5478 Dona
2170 5404 2331 5478 'mihi
2345 5477 2351 5478 γ
2365 5405 2519 5478 quod
2535 5404 2994 5478 posco,’quidem
3009 5405 3111 5478 qui
3131 5421 3193 5478 es
3208 5404 3473 5462 conditor
3487 5407 3643 5463 orbis

1993 5476 2664 5550 Augisalutiferamque
2695 5476 3038 5550 supradicto
3059 5476 3392 5550 sanitatem,

1997 5546 2118 5604 Nec
2151 5547 2318 5603 illum
2350 5546 2822 5620 tangithhristo
2853 5549 3020 5619 duce,
3082 5549 3327 5605 morbus
3371 5547 3646 5623 iniquus;
