4090 6456
440 402 514 466 ’Π
1325 426 1337 438 '
1726 406 1769 466 ϐ
1783 402 1925 467 REG
1936 402 2015 467 Οῐ

2147 406 2463 468 ΡΑιΑιιΕ
3612 412 3688 479 ἻΞ

452 514 731 570 Noncum
801 517 958 570 tertia
1015 515 1101 569 die
1169 529 1196 568 a
1233 514 1455 569 niortuis
1494 518 1893 577 resurrexissct,
1933 530 2015 585 ap-

2129 517 2311 584 ὀφθεὶς
2364 524 2476 583 ταῖς
2516 522 2936 592 προσελοοᾶσαες
2980 522 3055 591 τῷ
3100 522 3249 592 τάφςρ
3281 522 3547 592 γυναιξὶν,
3576 526 3687 577 Ei:—

448 621 650 672 part-ns
682 606 788 660 illis
815 621 935 676 quae
973 604 1279 675 sepulcrum
1355 604 1639 660 adiverant
1670 604 2011 667 mulieribus,

452 694 587 747 dixit
614 694 915 748 Donninus:
976 711 994 745 ι
1032 692 1128 759 Ite,
1166 694 1406 747 nuntiate
1464 691 1725 748 fratribus
1782 693 1915 746 meis
1961 704 2018 747 ut

452 796 575 840 eant
611 787 663 839 in
693 786 966 840 Galilaeam
998 799 1018 848 ;
1045 786 1112 839 ibi
1155 799 1240 839 me
1269 785 1529 840 videbunt
1565 789 1606 840 '.
1668 803 1687 837 ι
1742 783 2021 840 Videtisne

451 882 721 948 quomodo
752 890 938 934 noster
965 877 1214 946 dignatus
1262 878 1523 932 sitfrater
1545 876 1842 946 appellari?
1898 877 2020 930 Ideo

454 970 744 1039 Apostolus
771 974 837 1025 de
868 971 987 1040 ipso
1011 971 1149 1023 dixit
1182 989 1195 1023 :
1235 970 1539 1039 «Nusquam
1580 969 1802 1040 angelos
1827 984 2019 1038 appre-

454 1061 665 1126 hendit,
708 1062 803 1116 sed
825 1074 1009 1115 semen
1048 1062 1281 1114 Ahraha:
1304 1061 1660 1127 apprehendit
1690 1076 1706 1123 ;
1740 1062 1881 1115 unde
1925 1061 2019 1115 de—

452 1158 570 1212 buit
592 1173 687 1225 per
714 1157 895 1210 omnia
941 1155 1200 1209 fratribus
1248 1156 1500 1210 simulari
1554 1157 1595 1206 '.
1630 1172 1648 1206 ι
1718 1152 1825 1210 Sed
1889 1154 2015 1223 quia

451 1251 613 1305 etiam
642 1248 800 1302 Pater
837 1255 1023 1302 noster
1051 1257 1133 1301 est
1163 1247 1432 1310 Christus,
1461 1261 1583 1301 cum
1625 1261 1726 1302 nos
1791 1261 2016 1316 regene-

454 1346 658 1395 ravcrit
694 1354 789 1409 per
806 1346 1056 1393 sanctum
1088 1336 1355 1406 baptisma
1384 1335 1866 1404 divinamqueejus
1895 1351 2015 1406 gra-

455 1434 607 1496 tiam,
651 1443 932 1501 propterea
960 1429 1220 1498 suiipsius
1242 1427 1380 1481 ﬁlios
1420 1443 1548 1481 suos
1581 1429 1816 1480 nominat
1850 1428 2018 1482 disci-

456 1530 631 1593 pulos,
652 1535 704 1579 et
746 1540 804 1579 se
831 1540 925 1578 eos
964 1539 1069 1578 non
1097 1524 1409 1576 relicturum
1434 1521 1709 1588 orphanos
1742 1521 1808 1575 ad
1871 1526 2013 1574 salu-

456 1620 668 1672 tiferam
708 1618 1007 1685 passionem
1042 1619 1230 1667 exiens
1288 1611 1597 1681 pollicetur.
1638 1611 1788 1666 Unde
1833 1628 2018 1665 rursus

453 1714 527 1764 ait
552 1710 837 1781 Apostolus
867 1725 881 1761 :
924 1707 1088 1772 «Quia
1114 1719 1245 1774 ergo
1273 1705 1422 1771 pueri
1452 1704 2016 1777 'emnmunicaveruut

453 1805 602 1857 carui
637 1816 691 1857 et
744 1800 1014 1870 sanguini,
1060 1807 1114 1854 et
1186 1798 1301 1864 ipse
1356 1795 1612 1849 similiter
1672 1793 2015 1863 participavit

436 1896 686 1960 eisdem;
710 1902 767 1948 ut
788 1908 894 1963 per
923 1901 1150 1957 mortem
1187 1894 1494 1945 destrueret
1523 1904 1643 1944 cum
1664 1889 1751 1956 qui
1783 1888 2016 1942 habebat

446 1990 641 2042 mortis
668 1987 972 2056 imperium,
1005 1983 1058 2037 id
1085 1993 1191 2050 est,
1254 1982 1522 2037 diabolum
1559 1981 1598 2033 ³.
1640 1998 1657 2033 ι
1714 1979 1868 2045 Quod
1916 1993 2014 2031 au-

453 2090 556 2133 tem
581 2094 742 2131 unum
779 2090 976 2145 corpus
996 2091 1185 2129 omnes
1217 2089 1405 2129 sumus
1434 2074 1487 2126 in
1514 2072 1753 2137 Christo,
1818 2069 2015 2125 Paulus

438 2186 661 2239 quoque
686 2172 786 2223 hoc
812 2167 931 2223 fidei
954 2167 1353 2221 commendavit
1408 2167 1643 2220 dicens:
1701 2164 1840 2219 «Vos
1886 2179 2013 2218 vero

432 2262 791 2329 ’estiscorpus
843 2258 1044 2314 Christi
1093 2267 1147 2313 et
1201 2260 1441 2313 membra
1493 2257 1557 2312 de
1611 2256 1849 2311 membro
1908 2256 1947 2309 ⁸.
1988 2274 2006 2307 ι

450 2353 583 2406 Nam
607 2352 1055 2422 quemadmodum
1083 2364 1281 2419 corpus
1339 2364 1503 2402 unum
1536 2357 1621 2403 est
1661 2359 1716 2400 et
1772 2351 2012 2403 membra

452 2445 613 2498 habet
645 2444 835 2507 multa,
856 2442 1040 2496 omnia
1064 2451 1245 2495 autem
1278 2443 1514 2494 membra
1583 2440 1741 2494 unius
1765 2441 2003 2508 coporis,

450 2538 573 2590 lic/et
605 2537 711 2587 sint
737 2533 920 2599 multa,
940 2548 1139 2602 corpus
1162 2548 1323 2586 unum
1356 2542 1502 2592 sunt,
1533 2532 1605 2586 ita
1634 2541 1689 2587 et
1720 2532 2001 2597 Christus;

430 2644 636 2681 onmes
662 2630 806 2681 enim
843 2642 941 2681 nos
981 2627 1032 2679 in
1067 2641 1173 2679 uno
1227 2625 1414 2694 spiritu
1480 2625 1532 2678 in
1587 2641 1749 2679 unum
1817 2642 2012 2695 corpus

453 2720 703 2787 baptizati
742 2733 950 2774 sumus.

521 2814 684 2880 Igitur
712 2826 877 2864 unum
906 2808 1062 2863 nobis
1092 2819 1193 2874 est,
1225 2807 1439 2873 fratres,
1495 2808 1763 2862 lavacrum
1796 2808 2015 2879 regene-

374 2916 377 2917 '
450 2905 680 2959 rationis
729 2902 1031 2971 divina‘que
1062 2899 1382 2964 nativitatis,
1416 2915 1521 2954 una
1548 2899 1703 2964 ﬁdes,
1733 2917 1836 2955 una
1863 2916 2009 2968 spes,

452 3013 588 3050 unus
625 2995 766 3050 Deus
800 3008 960 3062 super
988 3007 1193 3057 omnes,
1210 3002 1265 3045 et
1302 3005 1396 3059 per
1426 3005 1614 3045 omnes
1643 3000 1697 3045 et
1728 2992 1779 3044 in
1833 2993 2013 3045 Omni-

436 3091 553 3143 .hus
583 3087 755 3153 nobis,
786 3084 1115 3153 conjungens
1144 3098 1244 3137 nos
1273 3086 1339 3138 ad
1389 3084 1620 3152 seipsum
1663 3082 1859 3137 divinae
1890 3085 2010 3137 vin-

2122 624 2215 675 γεν
2239 611 2269 664 ὁ
2310 612 2547 683 Κύριοςο
2584 633 2604 665 ι
2649 614 2943 683 Ὑπάγετε,
2978 615 3353 684 ἀπαγγείλατε
3381 619 3494 681 τοῖς
3543 620 3692 671 ἀδελ-

2123 705 2242 770 φοῖς
2270 721 2371 774 μου
2406 705 2491 757 ἶνα
2512 707 2817 761 ἀπέλθωσιν
2849 709 2930 770 εἷς
2953 707 3048 777 τὴν
3084 708 3395 769 Γαλιλαίαν,
3424 711 3584 763 κάκεῖ
3615 727 3682 779 με

2121 793 2361 861 ᾱιιονται.
2394 814 2413 847 ι
2463 795 2653 866 Ὁρᾶτε
2686 799 2835 862 ὅπως
2863 799 3089 868 ἀδελφὸς
3122 801 3284 870 ήμῶν
3330 801 3472 865 ἀξιοῖ
3502 800 3678 853 καλεῖ-

2119 884 2275 953 σθαι;
2309 885 2398 938 Διὸ
2421 887 2514 939 καὶ
2537 888 2566 940 ὁ
2599 889 2921 954 Ἀπόστολος
2960 893 3089 961 περὶ
3114 892 3281 945 αὐτοῦ
3307 906 3503 962 φησιν’
3540 893 3684 945 (Οὐκ

2121 977 2370 1044 ἀγγέλων
2423 980 2873 1049 ἐπιλαμϐάνεται,
2921 984 3059 1036 ἀλλά
3084 985 3400 1056 σπέρματος
3436 983 3685 1054 Ἀϐραὰμ

2122 1068 2554 1136 ἐπιλαμϐάνεται
2574 1088 2590 1103 ⁶
2623 1073 2744 1126 ὅθεν
2770 1072 2967 1142 ὤφειλε
2992 1076 3130 1129 κατά
3180 1079 3358 1130 πάντα
3387 1080 3497 1139 τοῖς
3532 1068 3687 1129 ἀδελ-

2123 1162 2240 1223 φοῖς
2265 1160 2620 1230 ὁμοιωθῆναι.
2655 1183 2673 1216 ι
2709 1165 2832 1219 Ὀτι
2858 1166 2915 1219 δὲ
2944 1168 3038 1218 καὶ
3071 1169 3262 1237 Πατὴρ
3288 1170 3458 1237 ’ἡμῶν
3493 1170 3640 1221 ἐστιν
3662 1168 3692 1220 6

2120 1250 2373 1321 Χριστὸς,
2398 1255 2769 1325 ἀναγεννήσας
2802 1259 2951 1327 ἡμᾶς
2988 1258 3076 1311 διὰ
3112 1258 3205 1312 τοῦ
3233 1260 3389 1327 ἁγίου
3415 1260 3694 1329 βαπτίσμα-

2117 1358 2209 1404 τος
2260 1346 2350 1396 καὶ⁵
2379 1344 2478 1413 τῆς
2522 1345 2691 1399 αὑτοῦ
2724 1349 2878 1411 Θείας
2923 1350 3166 1418 χάριτος,
3200 1351 3286 1403 διά
3313 1351 3472 1403 τοῦτο
3503 1351 3692 1403 τεκνία

2120 1432 2314 1486 ἑαυτοῦ
2332 1436 2456 1498 τοὺς
2485 1438 2720 1499 οἰκείους
2744 1439 2996 1509 μαθητάς
3023 1440 3300 1510 ὀνομάζει,
3335 1444 3428 1495 καὶ
3455 1440 3531 1512 μὴ
3553 1442 3697 1509 ἀπ’

2123 1542 2236 1576 σειν
2258 1527 2456 1589 αὐτοὺς
2493 1527 2765 1598 ὀρφανοὺς
2792 1533 2885 1584 ἐπὶ
2912 1533 2972 1585 τὸ
3029 1535 3294 1602 σωτήριον
3329 1534 3500 1594 πάθος
3536 1536 3693 1601 ἐρχό-

2123 1630 2281 1681 μενος
2308 1617 2709 1684 ὲπαγγέλλεται
2733 1634 2746 1649 ·
2778 1620 2900 1672 ὅθεν
2925 1622 3090 1674 πάλιν
3122 1622 3285 1689 φησιν
3305 1623 3332 1674 ὁ
3368 1622 3694 1683 ’Δτιόστολος

2117 1707 2200 1772 τὸ,
2236 1707 2431 1761 «Ἐπεὶ
2453 1705 2547 1763 οὖν
2585 1711 2653 1763 τὰ
2699 1713 2889 1765 παιδία
2933 1714 3299 1779 κεκοινώνηκε
3344 1715 3551 1784 σαρκὸς
3595 1714 3694 1767 καὶ

2120 1799 2373 1867 αἵματος,
2424 1803 2517 1854 καὶ
2545 1801 2708 1865 αὐτὸς
2749 1805 3148 1875 παραπλησίως
3194 1811 3425 1875 μετέσχε
3452 1808 3562 1861 τῶν
3590 1808 3694 1860 αὺ-

2125 1889 2252 1954 τῶν,
2282 1890 2370 1943 ἵνα
2402 1891 2489 1944 διὰ
2515 1893 2608 1945 τοῦ
2647 1893 2877 1946 θανάτου
2907 1896 3229 1965 καταργήσῃ
3278 1896 3370 1948 τὸν
3403 1897 3461 1948 τὸ
3494 1898 3697 1967 κράτος

2126 1980 2319 2050 ἔχοντα
2346 1982 2441 2036 τοῦ
2485 1983 2737 2050 Θανάτου,
2790 1987 3037 2039 τουτέστι
3077 1987 3170 2039 τὸν
3198 1987 3466 2042 διάΰολον.
3507 2007 3527 2040 ι
3570 1990 3698 2042 Ὀτι

2124 2073 2180 2127 δὲ
2209 2076 2303 2127 καί
2333 2074 2391 2126 ἓν
2425 2075 2582 2145 σῶμα
2611 2077 2806 2141 πάντες
2840 2078 2891 2147 2
2912 2077 3079 2146 ἐσμὲν
3098 2080 3153 2131 ὲν
3188 2079 3428 2149 Χριστῷ,
3483 2081 3699 2142 Παῦλος

2129 2168 2221 2219 καὶ
2248 2166 2406 2220 τοῦτο
2426 2149 2764 2222 ἐπιστώσατο
2787 2170 2960 2238 λέγων
2984 2187 2997 2200 ·
3024 2188 3043 2221 ι
3081 2169 3268 2239 ’Υμεῖς
3291 2171 3347 2223 δέ
3378 2173 3500 2224 ἐστε
3536 2172 3699 2242 σῶμα

2128 2258 2363 2328 Χριστοῦ
2385 2262 2477 2312 καὶ
2495 2261 2629 2331 μέλη
2655 2263 2719 2313 ὲκ
2743 2262 2961 2331 μέρους.
2989 2281 3007 2312 ι
3038 2261 3301 2332 Καθάπερ
3318 2263 3427 2333 γάρ
3446 2264 3508 2316 τὸ
3534 2264 3703 2334 σῶμα

2124 2350 2183 2403 ἓν
2208 2351 2323 2403 ἐστι
2356 2354 2449 2404 καὶ
2476 2351 2614 2421 μέλη
2669 2353 2779 2422 ἔχει
2811 2354 3003 2417 πολλὰ,
3042 2355 3219 2407 πάντα
3246 2354 3302 2407 δὲ
3330 2356 3399 2408 τὰ
3430 2357 3570 2424 μέλη
3604 2357 3699 2408 τοῦ

2125 2441 2243 2504 ἑνὸς
2269 2440 2520 2511 σώματος
2544 2442 2714 2496 πολλά
2735 2443 2865 2496 ὅντα
2904 2443 3063 2512 σῶμά
3093 2446 3243 2499 ἐστιν
3268 2444 3349 2510 ἓν,
3378 2446 3523 2498 οὕτω
3548 2448 3647 2501 καὶ
3672 2450 3702 2501 ό

2128 2535 2358 2603 Χριστός
2380 2551 2393 2563 ·
2429 2536 2524 2587 καὶ
2554 2535 2659 2604 γάρ
2682 2537 2739 2589 ὲν
2765 2536 2846 2589 ἑνὶ
2882 2536 3161 2605 Πνεύματι
3194 2539 3587 2613 πάντεςτήμεῖς
3618 2540 3702 2605 είς

2126 2629 2185 2679 ἓν
2217 2628 2373 2699 σῶμα
2404 2629 2833 2701 ἐϐαπτίσθημεν.

2202 2808 2297 2858 Ἐν
2325 2806 2417 2861 οὖν
2444 2808 2576 2877 ἡμῖν
2607 2811 2774 2870 ἐστιν,
2829 2806 3069 2876 ἀδελφοὶ,
3100 2809 3161 2862 τὸ
3214 2810 3314 2879 τῆς
3360 2812 3700 2881 παλιγγενε-

2128 2900 2248 2962 σίας
2286 2902 2380 2953 καὶ
2409 2900 2754 2968 θεογενεσίας
2786 2901 3011 2970 λουτρόν
3034 2919 3048 2935 ο
3082 2902 3181 2970 μία
3234 2903 3435 2967 πίστι,
3473 2907 3573 2972 μία
3616 2907 3704 2957 ἐλη-

2126 2993 2241 3059 πὶς,
2291 2986 2369 3054 εἷς
2398 2990 2530 3054 Θεδς
2571 2993 2664 3045 ἐπὶ
2698 2994 2925 3056 πάντας,
2988 2994 3081 3047 καὶ
3122 2994 3208 3048 διὰ
3249 2995 3475 3061 πάντας,
3515 2998 3611 3051 καὶ
3641 2999 3702 3050 ὲν

2124 3085 2292 3137 πᾶσιν
2342 3087 2505 3155 ἡμῖν’
2551 3087 2801 3152 συνάγων
2836 3087 2980 3155 ἡμᾶς
3033 3087 3112 3150 είς
3147 3088 3339 3140 ἑαυτὸν
3374 3069 3441 3141 δι’
3472 3090 3701 3160 ἀγάπης

448 3181 573 3233 culo
600 3177 901 3240 charitatis,
929 3184 983 3229 et
1006 3175 1219 3231 faciens
1252 3190 1348 3230 nos
1377 3176 1607 3229 invicem
1633 3176 1826 3243 suique
1846 3176 2013 3245 ipsius

2122 3176 2318 3245 Ιἐνθέου,
2355 3177 2447 3229 καὶ
2475 3176 2612 3245 μέλη
2659 3177 2827 3229 ποιῶν
2863 3177 3106 3248 ἀλλήλων
3145 3181 3237 3231 καὶ
3267 3179 3484 3233 ἑαυτοῦ.
3534 3184 3703 3236 Ἀλλὰ

453 3274 712 3324 membra.
741 3268 932 3323 Verum
966 3278 1208 3320 mutuum
1241 3267 1627 3336 superveniens
1673 3267 1857 3322 odium
1888 3283 2015 3337 0pc-

433 3379 504 3415 r'ra
540 3360 779 3428 maligni,
809 3367 865 3413 et
893 3359 1209 3412 charitatem
1241 3358 1489 3423 ejiciens,
1534 3371 1632 3410 nec
1662 3359 1828 3412 semel
1897 3371 2011 3412 tan-

449 3455 702 3519 tum,sed
739 3453 902 3506 etiam
967 3449 1167 3519 pluries
1191 3451 1600 3519 superveniens.
1665 3459 1720 3503 et
1771 3461 2014 3503 nostram

448 3559 568 3594 cum
596 3542 719 3595 aliis
749 3540 963 3608 Deoque
989 3539 1243 3591 unionem
1296 3554 1388 3605 per
1421 3538 1734 3592 charitatem
1767 3539 2014 3594 effectam

433 3632 773 3696 dissolvens,
802 3631 903 3683 alia
936 3629 1003 3683 ab
1031 3629 1151 3683 aliis
1195 3628 1434 3697 ejusdem
1486 3629 1724 3683 civitatis
1777 3632 2016 3685 membra

450 3741 554 3780 non
575 3724 748 3778 solum
771 3722 1050 3791 disjungit,
1084 3729 1138 3774 et
1167 3719 1337 3789 ipsam
1373 3721 1527 3790 quasi
1553 3722 1831 3777 remissam
1864 3722 2013 3787 facit,

448 3818 539 3870 sed
565 3815 740 3868 adimo
774 3815 877 3867 illis
921 3811 1026 3867 sibi
1086 3812 1318 3866 invicem
1384 3813 1435 3866 in
1502 3811 1685 3867 hostes
1725 3814 2015 3883 oppositis,

450 3908 635 3962 civiles
660 3915 840 3959 movet
869 3915 1069 3973 partes,
1100 3904 1415 3969 seditiones,
1454 3904 1640 3957 turbas
1689 3904 2016 3973 insanosque

451 3998 732 4062 tumultus,
758 4010 964 4049 necnon
993 4009 1023 4048 e
1091 3995 1298 4047 civibus
1325 3994 1664 4048 adversarios
1716 3996 2013 4057 constituit,

448 4091 680 4160 speciem
710 4089 859 4142 urbis
886 4089 953 4140 ab
979 4087 1215 4140 inimicis
1266 4097 1545 4154 occupata
1584 4095 1781 4140 nostrae
1815 4086 2016 4154 praebet

447 4181 677 4247 civitati,
706 4179 848 4233 illam
876 4188 1064 4234 contra
1122 4177 1468 4245 semetipsam
1526 4176 1907 4232 miserabiliter
1927 4194 2020 4232 ex-

447 4274 640 4337 citans,
701 4286 908 4325 necnon
959 4269 1059 4324 sibi
1112 4268 1211 4336 ipsi
1271 4267 1585 4321 insidiosam
1634 4267 2019 4336 inimicumque

446 4364 703 4429 eaiciens,
744 4362 814 4416 ita
843 4371 901 4415 ut
924 4361 1024 4416 sub
1055 4360 1155 4414 hoc
1197 4357 1502 4427 pernicioso
1527 4368 1668 4413 statu
1693 4359 1745 4413 in
1784 4359 2011 4428 aenigma

2118 3270 2177 3320 τδ
2206 3269 2339 3339 πρὸς
2362 3267 2628 3338 ἀλλήλους
2658 3270 2815 3338 μῖσος
2847 3270 3160 3322 ὲπεισελϐὸν
3183 3274 3249 3339 τῇ
3285 3274 3583 3343 συνεργείᾳ
3605 3274 3703 3328 τοῦ

2120 3358 2392 3428 πονηροῦ,
2423 3359 2517 3412 καὶ
2570 3359 2670 3427 τὴν
2695 3359 2917 3428 ἀγάπην
2962 3360 3197 3424 ὲξῶσαν,
3257 3362 3458 3429 μᾶλλον
3510 3364 3568 3417 δὲ
3601 3366 3701 3434 οὐχ

2118 3450 2288 3517 ἅπαξ,
2317 3450 2453 3503 ἀλλὰ
2490 3451 2584 3503 καὶ
2613 3450 2877 3513 πολλάκις
2923 3453 3401 3522 ὲπεισερχόμενον,
3451 3457 3553 3509 καὶ
3600 3457 3705 3525 τὴν

2116 3540 2187 3594 δι’
2221 3542 2442 3610 ἀγάπης
2486 3544 2623 3611 πρὸς
2673 3542 2935 3612 ἀλλήλους
2985 3560 3044 3595 τε
3105 3546 3200 3595 καὶ
3250 3546 3384 3613 πρὺς
3432 3547 3530 3600 τὸν
3568 3550 3708 3601 Gs?»

2119 3633 2312 3686 ἕνωσιν
2340 3634 2495 3703 ἡμῶν
2523 3633 2761 3696 διαλῠον,
2795 3633 2855 3684 οὐ
2912 3633 3075 3702 μόνον
3107 3634 3206 3687 ἀπ’
3237 3635 3481 3705 ἀλλήλων
3519 3656 3708 3710 παρα-
3760 3613 3767 3623 Ὅ

2119 3723 2235 3776 λύει
2282 3725 2350 3775 τὰ
2397 3723 2551 3776 κοινά
2593 3723 2693 3792 τῆς
2732 3722 2940 3784 πόλεως
2992 3723 3149 3793 μέλη,
3183 3723 3275 3776 καὶ
3306 3719 3418 3775 οἷον
3451 3729 3704 3797 πάρετον

2120 3814 2287 3886 αὐτὴν
2318 3815 2712 3882 ἀπεργάζεται,
2744 3813 2883 3867 ἀλλὰ
2912 3816 3003 3868 καὶ
3033 3817 3114 3876 εἰς
3144 3815 3439 3884 πολεμίους
3464 3819 3701 3873 ἀντικα..

2119 3906 2402 3973 ταστῆσαν
2433 3904 2606 3957 ταῦτα
2655 3905 2877 3974 μερίδας
2918 3905 3214 3974 ἐμφυλίους
3256 3908 3473 3970 στάσεις
3527 3915 3699 3978 κινεῖ,

2121 3996 2214 4048 καὶ
2261 3993 2555 4063 συγχύσεις
2597 3996 2690 4047 καὶ
2720 3997 2963 4065 ταραχὰς
3013 3999 3367 4066 ἀνηκέστους,
3418 4002 3517 4052 καὶ
3568 4006 3701 4068 τοὺς

2119 4086 2427 4154 ὁμοφύλους
2457 4085 2782 4148 ἀντιπάλους
2805 4088 3247 4150 κατασκευάσαν,
3278 4089 3462 4159 σχῆμα
3485 4093 3705 4160 πόλεως

2124 4175 2214 4230 ὑπ’
2248 4177 2456 4246 ἐχθρῶν
2482 4177 2713 4248 ἀλούσης
2746 4180 2812 4249 τῇ
2844 4178 2966 4231 καθ’
2989 4180 3137 4249 ἡμᾶς
3164 4179 3339 4253 ταύτῃ
3373 4184 3704 4256 περιτίθησι

2123 4268 2296 4335 πόλει,
2324 4268 2495 4339 αὐτὴν
2516 4267 2603 4338 ἐφ’
2634 4271 2835 4339 ἑαυτὴν
2860 4268 3112 4333 ἐλεεινῶς
3138 4273 3374 4341 ὲγεῖρον,
3406 4275 3503 4327 καὶ
3532 4278 3707 4330 αὐτε-

2125 4359 2377 4414 πίόουλον
2421 4361 2515 4413 καὶ
2568 4360 2835 4429 πολεμίαν
2900 4362 3115 4424 ἑαυτοῖς
3158 4363 3565 4432 ἐργαζόμενον
3626 4368 3708 4433 ὡς

446 4462 815 4508 convertatur.
839 4450 944 4517 Qui
974 4450 1123 4504 enim
1162 4458 1290 4503 sunt.
1339 4448 1613 4503 civitatem
1669 4450 2012 4504 incurrentes

2122 4451 2225 4504 ὑπὸ
2252 4451 2352 4518 τῆς
2380 4449 2773 4520 ἀλιτηριώδους
2802 4452 3048 4513 στάσεως
3091 4452 3297 4523 ταύτης
3345 4456 3428 4517 εις
3454 4457 3703 4527 αἴνιγμα

447 4553 503 4598 et
536 4543 859 4613 quandoque
892 4539 1450 4604 domoscxcutientes,
1478 4551 1535 4593 et
1570 4539 1852 4594 domorum
1877 4541 2016 4594 bona

448 4635 764 4703 eripientes,
798 4642 852 4685 et
893 4630 1060 4685 multo
1090 4631 1272 4684 furore
1297 4630 1583 4684 domorum
1615 4632 1861 4686 dominos
1891 4647 2014 4700 per-

449 4734 775 4791 scrutantes,
805 4735 862 4779 et
911 4724 1169 4778 adversus
1205 4723 1337 4778 istos
1393 4723 1557 4791 impie
1616 4724 2017 4794 inhumaneth

450 4815 888 4871 conclamantes?
910 4812 1098 4867 Nonne
1117 4815 1236 4882 ejus
1250 4814 1485 4868 civitatis
1512 4814 1741 4868 incolae?
1772 4815 2013 4882 Quorum

455 4917 638 4961 tantus
669 4905 1152 4973 furer,etrugitus
1207 4913 1264 4957 et
1321 4904 1555 4973 impetus
1611 4915 1665 4959 et
1721 4905 2015 4962 incursus?

455 4996 643 5051 Nonne
666 4999 858 5051 iterum
892 5012 1127 5064 ipsorum
1151 4995 1426 5050 civitatem
1461 4997 1907 5061 inhabitantium,
1964 5013 2019 5053 cl.

455 5085 775 5154 quandoque
806 5101 990 5139 eorum
1023 5101 1247 5153 quorum
1269 5100 1373 5155 ope
1404 5087 1583 5141 utultis
1612 5090 1776 5158 potita
1800 5100 1879 5143 est
1921 5091 2017 5143 ho-

457 5175 587 5231 nis?
617 5162 756 5230 Pioh
804 5176 987 5229 dolori
1038 5178 1174 5231 heul
1212 5177 1824 5232 immaneinfortunium
1851 5181 1863 5232 ί
1894 5178 2020 5234 Haec

456 5267 796 5337 semetipsam
818 5264 956 5320 bello
975 5267 1205 5331 lacessit,
1242 5270 1353 5321 haec
1366 5284 1424 5322 se
1443 5269 1554 5337 ipsa
1574 5271 1882 5332 lacessitur,
1913 5274 2026 5323 suis

457 5357 700 5412 calcatur
736 5358 986 5426 pedibus,
1031 5360 1145 5414 suis
1171 5360 1546 5428 prosternitur
1582 5361 1858 5425 manibus,
1911 5364 2025 5416 suis

458 5452 741 5504 coniicitur
776 5451 1100 5520 opprobriis,
1133 5450 1611 5505 succumbentibus
1644 5452 1761 5519 ejus
1792 5454 2026 5519 proceri-

461 5544 581 5606 bus,
605 5551 662 5596 et
697 5542 783 5597 vili
802 5543 1079 5613 pejoriqtte
1111 5552 1260 5611 parte
1285 5542 1466 5598 miseri
1509 5545 1807 5612 itttpet‘ante
1827 5582 1841 5596 .
1870 5541 2017 5597 Nou-

450 5649 518 5687 ne
542 5636 727 5689 morbo
751 5635 965 5690 illorum
989 5651 1124 5705 quos
1142 5636 1304 5691 refert
1330 5635 1674 5705 Evangelium
1699 5637 2021 5706 paralytico-

523 5814 537 5842 '
570 5813 755 5869 Matth.
790 5828 985 5880 xxvrtt,
1026 5814 1116 5869 lO.
1195 5816 1215 5847 ³
1247 5816 1494 5877 Helm",
1540 5812 1623 5867 1'6.

1701 5814 1719 5845 ³
1759 5813 1920 5869 Hebr.
1964 5829 2024 5872 It,
2074 5813 2159 5867 M.

2120 4543 2188 4593 τά
2209 4541 2332 4594 κατ’
2361 4540 2531 4611 αὐτὴν
2559 4542 2964 4611 περιίστασθαι.
2997 4542 3154 4605 Τίνες
3180 4546 3289 4613 γὰρ
3319 4548 3370 4597 ol.
3390 4547 3491 4615 τὴν
3537 4551 3703 4605 πόλιν

2120 4635 2518 4704 ἐπιτρέχοντες,
2544 4631 2657 4685 ἐσθ’
2678 4634 2765 4685 ὅτε
2801 4636 2895 4686 καὶ
2918 4633 3045 4697 τοὺς
3075 4637 3258 4698 οῖκους
3287 4642 3709 4710 καταστρέφον-

2122 4741 2231 4788 τες,
2274 4726 2370 4777 καὶ
2399 4725 2467 4775 τὰ
2496 4724 2555 4775 ἐν
2602 4725 2715 4787 τοῖς
2748 4725 2919 4787 οἴκοις
2972 4726 3384 4795 διαρπάζοντες,
3445 4732 3546 4783 καὶ
3601 4735 3707 4786 σὺν

2121 4815 2285 4886 πολλῇ
2332 4817 2499 4885 μανία
2536 4816 2664 4878 τοὺς
2695 4817 2805 4871 τῶν
2848 4819 3011 4870 οῐκων
3041 4818 3304 4881 δεσπότας
3340 4821 3712 4889 ῥινηλατοῦν-

2122 4923 2232 4967 τες,
2262 4911 2353 4959 καὶ
2380 4908 2499 4960 κατ’
2530 4908 2717 4960 αὐτῶν·
2737 4910 3007 4977 φονῶντες
3034 4910 3276 4978 ἀνηλεῶς
3304 4926 3364 4962 τε
3387 4912 3484 4964 καὶ
3514 4916 3709 4970 ἁπαν-

2126 4996 2394 5065 ορὡπως;
2451 4995 2537 5067 ἆρ’
2571 5001 2669 5068 οὐχ
2716 5001 2767 5051 οἱ
2797 5002 2897 5068 τὴν
2933 5000 3086 5052 πέλιν
3123 5001 3402 5064 οἰκοῦντες
3442 5005 3704 5076 ταύτην;

2126 5088 2283 5151 Τίνες
2315 5088 2437 5141 καθ’
2460 5084 2533 5141 ὢν
2575 5092 2606 5159 ἡ
2642 5090 2943 5159 τηλικαύτη
2978 5092 3146 5159 μανία
3172 5095 3268 5147 καὶ
3295 5093 3390 5163 βοὴ
3417 5096 3514 5148 καὶ
3548 5100 3707 5171 ὁρμή

2123 5182 2214 5232 καί
2247 5180 2599 5249 καταδρομῆς
2651 5182 2772 5251 οὐχὶ
2798 5182 2893 5234 καὶ
2921 5175 3066 5236 οὗτοι
3112 5184 3273 5237 πάλιν
3308 5187 3357 5237 οξ
3388 5186 3485 5257 τὴν
3534 5192 3704 5245 πόλιν

2122 5272 2642 5341 οἰκοῦντεςταύτην,
2676 5271 2790 5324 ἔστι
2818 5272 2860 5324 δ’
2896 5275 2984 5327 ὅτε
3016 5276 3109 5326 καὶ
3143 5275 3271 5345 παρ’
3300 5272 3375 5329 ὧν
3404 5279 3710 5349 ἀπήλαυσε

2123 5360 2333 5414 πυλλῶν
2361 5363 2614 5428 ἁγαθῶν;
2644 5363 2709 5412 Ὢ
2729 5361 2822 5414 τοῦ
2848 5363 3088 5425 πάθοσςί
3127 5364 3293 5433 βαϐαὶ
3308 5365 3403 5418 τοῦ
3427 5362 3711 5435 μεγεθους

2123 5451 2221 5518 τῆς
2261 5450 2607 5519 ἁθλιότητοςί
2661 5451 3056 5523 Αὐτὴ’ἐαυτὴν
3114 5454 3362 5523 πολεμεῖ,
3410 5458 3553 5527 αὑτὴ
3608 5462 3709 5530 ὑφ’

2129 5540 2327 5607 ἑαυτῆς
2361 5541 2699 5610 πολεμεῖται,
2733 5544 2891 5594 ποσὶν
2924 5546 3145 5607 οἰκείοις
3175 5546 3481 5612 ἐλαύνεται,
3505 5560 3714 5620 χερσὶν

2130 5634 2357 5695 οίκείαις
2380 5634 2814 5701 κατεδαιρίζεται,
2857 5640 3059 5704 φωναῖς
3080 5640 3307 5703 οἰκείαις
3338 5651 3711 5711 κατακροτεῖ-

2246 5813 2263 5843 ⁸
2297 5815 2312 5865 Ι
2355 5815 2478 5866 (lor.
2519 5829 2612 5874 xu.
2643 5813 2733 5867 27.
