4090 6450
332 425 392 492 13
1707 412 2043 474 Ilmlttda
2081 411 2134 472 ι.
3506 405 3574 470 lit

326 557 431 601 ται,
461 535 567 588 τῶν
609 536 666 586 ὲν
715 534 850 604 αὐτῇ
889 531 1214 602 κρειττόνων
1254 529 1638 583 ὑποπεσόντων
1667 528 1762 580 καὶ
1805 527 1900 578 τοῦ

2013 540 2151 586 runt,
2175 525 2279 578 iste
2296 523 2448 577 vobis
2462 521 2708 578 accidere
2724 520 2917 577 solitus
2943 521 3110 576 multo
3132 520 3282 591 pejor
3298 530 3403 584 est,
3433 535 3539 573 non
3557 547 3577 558 -

329 629 583 698 βαναύσου
635 629 730 680 καὶ
761 626 1002 695 χείρονος
1035 624 1222 685 κακῶς
1259 623 1622 690 κατάρχοντος
1653 622 1874 688 μέρους.

1985 631 2054 670 ne
2078 617 2268 670 saltem
2296 615 2409 670 otio
2441 614 2646 668 malitia
2665 615 2833 667 multo
2855 612 3004 682 pejor
3028 622 3112 668 est
3133 622 3186 668 et
3218 612 3575 666 damnosior?

325 722 440 792 Ἆρ’
467 721 587 789 οὐχὶ
611 722 703 772 καὶ
739 702 1021 786 τῆξνόσου
1049 717 1157 768 τῶν
1188 712 1700 783 ἀναγεγραμμένων
1750 711 1810 761 ἐν
1859 708 1936 778 τῷ
1967 708 2288 777 Εῦαγγελίῳ
2324 707 2652 776 παραλύτων
2716 708 2943 759 ἐκείνων
2993 710 3025 773 ἡ
3053 706 3376 777 συμϐαίνειν
3445 708 3577 775 ὑμῖν

328 815 596 882 εἰθισμένη
625 813 777 875 νόσος
803 810 942 879 αῦτη
963 808 1140 878 πολλῷ
1161 809 1358 877 χείρων
1389 806 1642 870 ὲστὶ,“κα“ι
1673 805 1798 857 ὅσον
1839 803 2034 873 ἀργίας
2074 804 2108 871 ή
2159 801 2468 871 κακουργία
2500 800 2680 871 πολλῷ
2748 803 2930 870 χεῖρον
2978 802 3074 853 καὶ
3127 800 3575 871 βλαϐερώτερονς

404 909 561 961 Ἀλλὰ
601 907 675 975 μὴ
701 905 1064 974 δυσχεράνητε
1098 903 1302 956 τούτων
1332 901 1624 964 ἀκούοντες
1649 917 1660 930 ·
1685 901 1745 952 οὐ
1775 899 1884 967 γὰρ

326 1003 410 1054 ἵνα
441 1000 684 1052 ὀνειδίσω
709 997 884 1050 ταῦτα
914 996 1049 1064 πρὸς
1091 995 1235 1064 ὑμᾶς
1269 994 1433 1062 λέγω,
1494 992 1608 1046 ἀλλ’
1643 993 1732 1044 ἶνα
1763 995 1887 1045 επι-

325 1095 538 1162 γνόντες
568 1093 666 1161 τὴν
701 1091 875 1154 νόσον,
923 1089 1018 1141 νῦν
1069 1088 1161 1141 ὅτε
1188 1088 1387 1155 νήφετε
1425 1085 1632 1153 ταύτης
1657 1084 1889 1154 ἀπέχον-

324 1203 432 1250 τες,
455 1184 727 1255 ζητήσητε
751 1183 850 1251 τήν
872 1182 1072 1243 αἰτίαν,
1103 1179 1195 1248 ἀφ’
1224 1196 1293 1249 ης
1325 1177 1498 1248 ταύτῃ
1536 1173 1888 1246 περιπεπτώ-

325 1292 478 1343 κατε,
534 1278 626 1330 καὶ
672 1275 946 1344 ποθήσητε
990 1274 1088 1343 τὴν
1126 1271 1392 1342 ίατρείαν,
1419 1272 1514 1322 καὶ
1549 1267 1891 1330 σπεύσαντες

329 1369 600 1440 κτήσησθε
627 1368 721 1421 καὶ
753 1366 1118 1434 διαφυλάξητε
1141 1363 1370 1432 ταύτην,
1401 1360 1495 1414 τοῦ
1521 1360 1659 1413 Θεοῦ
1693 1359 1791 1413 καὶ
1819 1359 1896 1410 δι-

2065 899 2170 956 Sed
2203 899 2368 953 nolite
2393 898 2508 950 inec
2540 912 2681 967 αδετο
2711 896 2849 951 ferre
2904 898 3220 961 audientes;
3256 913 3359 950 non
3428 900 3606 952 enim.

1989 1003 2050 1048 ut
2077 991 2352 1048 eonvicier
2379 990 2506 1045 talia
2535 992 2686 1044 vobis
2707 991 2848 1051 dico,
2882 990 2974 1043 sed
3006 999 3082 1055 ut,
3126 990 3315 1044 morbo
3363 991 3578 1060 agnito,

1993 1098 2139 1138 nunc
2164 1097 2289 1137 cum
2323 1082 2443 1151 ejus
2474 1081 2722 1136 molestia
2769 1080 3032 1136 sublevati
3052 1081 3263 1150 sapitis,
3312 1082 3574 1151 quaaratis

1994 1190 2214 1232 causam
2239 1183 2638 1242 propterquam
2672 1173 2726 1226 in
2758 1173 2908 1226 illum
2963 1173 3294 1237 oﬂ‘endistis,
3326 1185 3374 1229 et
3429 1176 3574 1229 desi-

1996 1269 2199 1324 deretis
2260 1267 2620 1330 sanationem,
2667 1275 2722 1320 et
2774 1266 2930 1319 istam
2985 1267 3313 1334 comparatis
3359 1282 3576 1322 necnon

1995 1359 2333 1425 custodiatis,
2369 1360 2477 1414 Deo
2513 1359 2665 1416 vobis
2717 1358 2982 1428 largiente
3050 1361 3340 1413 sanitatem
3395 1369 3452 1416 et
3518 1361 3575 1416 in

328 1461 504 1522 δόντος
535 1459 634 1529 τὴν
667 1456 932 1527 ίατρείαν,
968 1458 1062 1508 καὶ
1090 1453 1226 1524 πρὸς
1249 1451 1452 1522 ταύτην
1473 1449 1898 1518 ὲνδυναμοῦντος

2019 1452 2086 1504 lla
2129 1466 2223 1506 vos
2246 1450 2626 1513 confirmante,
2647 1461 2804 1518 prout
2841 1451 2892 1504 in
2932 1449 3034 1504 illis
3065 1451 3190 1505 fecit
3214 1451 3523 1522 paralytlcis
3559 1470 3579 1520 ;

329 1554 490 1622 ὑμᾶς,
517 1552 590 1615 ὡς
618 1550 714 1603 καί⁸
745 1547 967 1602 ἐπὶτῶν
994 1545 1382 1617 παραλυτικῶν
1412 1543 1636 1596 ἐκείνων
1665 1541 1899 1610 πεποίη-

2017 1559 2120 1598 tam
2145 1559 2250 1597 non
2278 1557 2374 1597 eos
2412 1543 2750 1598 solummodo
2767 1543 2996 1607 curavit,
3029 1543 3123 1598 sed
3147 1555 3202 1599 et
3233 1551 3437 1598 tantam
3469 1545 3569 1598 tri-

330 1659 456 1696 κενο
484 1645 544 1695 ού
589 1642 695 1711 γὰρ
737 1641 893 1710 μόνον
942 1639 1304 1710 ἐθεράπευσεν
1357 1637 1578 1702 αὐτοὺς,
1626 1634 1761 1688 ἀλλᾶ
1805 1634 1900 1687 καὶ

2013 1636 2206 1690 ntiteis
2239 1637 2497 1690 virtutem
2521 1643 2580 1690 ut
2615 1645 2864 1706 uterque,
2894 1636 3106 1690 sublato
3134 1636 3340 1692 lectulo
3378 1638 3428 1691 iu
3466 1653 3574 1708 quo

329 1733 558 1802 δύναμιν
602 1733 784 1794 αὐτοῖς
838 1730 1131 1800 παρέσχεν,
1194 1729 1271 1792 ὡς
1305 1729 1400 1783 καὶ
1439 1727 1533 1782 τὸν
1585 1727 1894 1796 κράδδατον

2017 1725 2232 1792 acebat,
2258 1725 2522 1781 iuollenso
2543 1726 2679 1796 pede
2699 1727 3037 1796 procederet.
3069 1724 3269 1782 Verum
3295 1742 3464 1797 quare
3501 1729 3580 1784 illi

331 1824 593 1893 ἑκάτερον
650 1823 1000 1892 ἀναθέμενον,
1055 1821 1139 1889 ἐφ’
1191 1813 1234 1889 ᾧ
1291 1820 1600 1886 κατέκειτο,
1653 1818 1890 1889 βαδίζειν

2013 1820 2332 1888 egrotabant
2359 1817 2644 1890 paralytici
2667 1833 2804 1889 quos
2821 1823 3069 1890 sanavit?
3091 1822 3196 1875 duo
3213 1822 3354 1876 enim
3375 1833 3534 1876 erant
3557 1839 3575 1876 :

333 1917 718 1987 ἀπροσκόπως.
765 1914 926 1969 Ἀλλά
959 1913 1012 1967 τί
1040 1914 1101 1966 τὸ
1125 1915 1298 1967 αίτιον
1323 1915 1434 1966 τοῖς
1481 1910 1894 1981 τεθεραπευμέ-

2013 1911 2135 1968 iller
2161 1911 2382 1981 quidem
2414 1911 2786 1968 inJerusalem
2843 1914 2908 1969 ad
2933 1915 3201 1984 piscinam
3232 1915 3398 1982 Siloe,
3435 1918 3580 1972 alter

332 2026 440 2071 νοις
480 2007 866 2078 παραλυτικοῖς
899 2006 1168 2071 ἐκείνοις;
1200 2006 1309 2059 δύω
1339 2006 1446 2074 γάρ
1469 2001 1632 2076 ἦσαν,
1653 2002 1688 2056 ’ὁ
1713 2005 1812 2072 μὲν
1837 2005 1894 2055 ἐν

2013 2020 2127 2060 tero
2151 2005 2530 2090 flapltarnaum
2559 2021 2587 2060 a
2620 2017 2850 2076 quatuor
2872 2011 3003 2064 viris
3025 2021 3292 2078 gestatus.
3314 2012 3578 2078 Quaenam

335 2097 688 2172 ,Ἰερουσαλὴμ
716 2097 868 2168 παρά
893 2099 959 2168 τῇ
999 2096 1094 2148 τοῦ
1124 2097 1345 2164 Σιλωὰμ
1393 2095 1753 2167 κολυμϐήθρᾳ
1786 2096 1898 2148 κεί-

333 2209 515 2261 μενος,
549 2195 578 2244 ὁ
612 2190 668 2243 δὲ
705 2191 762 2244 ἐν
794 2191 1187 2259 Καπερναοὺμ,
1224 2189 1330 2241 ὑπὸ
1356 2189 1637 2258 τεσσάρων
1664 2187 1899 2256 φερόμε-

332 2288 438 2346 νος.
462 2283 530 2335 Τί
557 2281 649 2336 οῦν
672 2281 771 2351 τῆς
798 2282 951 2335 νόσου
983 2281 1193 2344 τούτοις
1220 2281 1284 2334 τὸ
1311 2281 1520 2345 αῖτιον;
1558 2279 1591 2350 ή
1616 2279 1863 2350 ἁμαρτία
1881 2294 1895 2308 ·

333 2373 612 2429 καὶτοῦτο
657 2373 927 2427 δείκνυσιν
953 2375 981 2425 ὁ
1025 2373 1266 2442 Κύριος’
1322 2371 1400 2440 τῷ
1451 2372 1552 2440 μὲν
1581 2373 1713 2441 γὰρ,
1773 2371 1898 2423 ίδὼν

332 2467 497 2521 αὐτοῦ
526 2467 623 2537 τήν
652 2466 831 2520 πίστιν
860 2465 964 2534 πρὸ
1011 2465 1112 2534 τῆς
1143 2467 1461 2534 σωματικῆς
1493 2463 1708 2530 ἰάσεως,
1741 2462 1896 2532 φησί’

337 2579 356 2611 ι
391 2560 615 2622 Τέκνον,
651 2557 921 2626 ἀφέωνταί
977 2573 1060 2610 σοι
1090 2557 1147 2610 ai
1187 2556 1457 2626 ἁμαρτίαι
1508 2570 1633 2607 σουο
1658 2572 1677 2606 ι
1720 2553 1814 2607 τὸν
1843 2553 1901 2605 δὲ

336 2652 475 2721 μετὰ
507 2650 604 2720 τὴν
621 2651 762 2703 ίασιν
789 2647 984 2717 εὑρὼν,
1025 2667 1042 2700 ι
1074 2649 1200 2714 Ἴδε,
1233 2647 1414 2716 φησὶν,
1447 2644 1606 2717 ὑγιὴς
1630 2644 1860 2714 γέγονας
1881 2657 1896 2672 °

339 2744 539 2812 μηκέτι
583 2742 885 2811 ἁμάρτανε,
922 2740 1009 2793 ἵνα
1037 2741 1115 2810 μὴ
1165 2738 1344 2809 χεῖρόν
1389 2735 1442 2789 τί
1478 2752 1561 2788 σοι
1591 2735 1840 2805 γένηται.
1874 2750 1893 2784 ο

337 2833 551 2901 Ὥσπερ
578 2832 675 2886 οῦν
710 2831 794 2885 ἐπ’
819 2829 1041 2884 ἐκείνων
1057 2830 1108 2900 3
1124 2833 1156 2899 ή
1175 2828 1435 2899 ἐκατέρου
1457 2825 1702 2896 ἁμαρτία
1723 2840 1901 2893 φυγα·

335 2926 574 2979 δεύσω-σα
598 2925 697 2994 τὴν
743 2924 932 2992 ὑγείαν
985 2922 1258 2988 παρέτους
1307 2919 1582 2988 ἐποίησεν,
1617 2915 1759 2970 οὕτω
1801 2916 1900 2969 καὶ¹

335 3021 418 3086 ἐφ’
456 3017 632 3088 ὑμῶν,
663 3016 698 3086 ἡ
732 3016 884 3085 κοινὴ
915 3013 1164 3084 ἁμαρτία
1196 3009 1588 3080 φυγαδεύσασα
1619 3009 1717 3079 τὴν
1760 3008 1900 3076 ἀγά-

339 3124 444 3178 πην
468 3105 759 3174 πολεμίους
784 3104 928 3174 ὑμᾶς
950 3103 1202 3172 ἀλλήλοις
1236 3103 1540 3172 κατέστησε
1556 3117 1571 3131 ο
1605 3099 1770 3154 πόθεν
1793 3099 1905 3168 γάρ

338 3202 558 3257 ἂλλοθεν
589 3201 679 3252 τὸν
716 3198 890 3251 κοινὸν
916 3198 1011 3250 καὶ
1040 3196 1176 3265 πρὸς
1199 3193 1330 3247 Θεὸν
1372 3193 1622 3264 καὶπρὸς
1646 3191 1906 3262 ἀλλήλους

343 3295 638 3363 σύνδεσμον
667 3292 822 3360 ὑμεῖς
853 3288 1192 3353 ἀπωλέσατε,
1217 3287 1314 3356 τὴν
1341 3286 1588 3356 ἀγάπην,
1625 3285 1675 3337 εί
1699 3285 1773 3356 μὴ
1800 3284 1908 3338 ἀπὸ

339 3387 433 3454 τῆς
459 3382 944 3454 φιλαμαρτήμονος
970 3377 1226 3449 γνώμης;
1266 3393 1284 3426 ι
1309 3375 1395 3428 Ἐν
1433 3376 1543 3445 γὰρ
1571 3374 1648 3444 τῷ
1675 3372 1910 3445 πληθυν-

341 3479 496 3548 θῆναι
531 3475 624 3544 τήν
655 3472 948 3544 ἁμαρτίαν,
979 3471 1286 3540 ψυγήσεται
1313 3471 1347 3540 ὴ
1381 3468 1570 3538 ἀγάπη
1614 3467 1721 3520 τῶν
1773 3467 1903 3520 πολ-

339 3569 464 3636 λῶν,
503 3587 524 3622 ι
562 3571 619 3621 ἐν
636 3569 748 3630 τοῖς
773 3564 1124 3634 Εὑαγγελίοις
1153 3560 1318 3632 φησὶν
1341 3563 1369 3614 ὁ
1395 3559 1616 3628 Κύριοςο
1647 3557 1915 3628 ψυγείσης

341 3664 395 3732 δὲ
423 3665 523 3734 τῆς
554 3661 772 3730 ἀγάπης
799 3657 1042 3720 τελείως,
1072 3655 1172 3723 τὴν
1209 3653 1304 3706 τοῦ
1367 3651 1505 3706 Θεοῦ
1573 3650 1732 3722 χάριν
1798 3653 1894 3704 καὶ

341 3755 666 3827 κηδεμονίαν
697 3752 1036 3821 παραμένειν
1068 3747 1350 3802 ἀδύνατον.

410 3849 520 3903 Καὶ
549 3848 636 3901 ἵνα
662 3845 729 3900 δι’
756 3844 1149 3914 ὑποδείγματος
1177 3843 1308 3914 ὑμῖν
1340 3841 1400 3896 τὸ
1428 3841 1600 3906 πάθος
1625 3840 1912 3911 παραστή-

345 3961 439 4006 σω,
470 3941 654 4011 λύχνῳ
673 3937 848 3992 ἑοικεν
881 3935 1038 4008 ήμῶν
1067 3938 1100 4007 ή
1153 3935 1388 3989 ἑκάστου
1414 3935 1586 4006 ψυχὴ,
1607 3937 1684 3996 ὡς
1728 3929 1911 3986 ἔλαιον

345 4039 440 4106 μὲν
467 4036 666 4106 ἔχουσα
692 4034 792 4104 τὴν
817 4030 1204 4102 ἀγαθοεργίαν,
1236 4029 1358 4084 ἀντὶ
1382 4028 1440 4082 δὲ
1475 4027 1791 4098 θρυαλλίδος
1815 4027 1910 4096 φέ-

344 4144 513 4197 ρουῖα
539 4125 639 4195 τὴν
676 4125 918 4194 ἀγάπην,
1019 4122 1452 4184 ἐπαναπαύεται,
1481 4119 1605 4174 ἀντὶ
1643 4118 1842 4188 φωτὸς,
1879 4118 1913 4186 ἡ

345 4221 500 4290 χάρις
532 4217 626 4271 τοῦ
657 4219 802 4270 θείου
837 4217 1172 4286 [Ινεύματος.
1205 4213 1312 4266 Τοῦ
1341 4212 1526 4266 τοίνυν
1575 4209 1756 4263 ὲλαίου
1787 4209 1914 4262 τού·

344 4327 456 4376 του,
481 4310 725 4382 δηλονότι
759 4311 853 4378 τῆς
888 4305 1257 4376 ἀγαθοεργίας
1307 4303 1691 4370 ἐκλειπούσης,
1726 4302 1758 4370 ἡ
1793 4301 1918 4353 ἀντὶ

2001 2095 2166 2164 igitur
2194 2097 2313 2150 istis
2341 2110 2508 2152 causa
2547 2097 2763 2152 morbi?
2792 2099 3103 2156 Peccatum.
3159 2100 3312 2168 Quod
3339 2101 3580 2156 ostendit

2002 2189 2300 2255 Dominus;
2337 2206 2460 2243 nam
2493 2189 2828 2260 illiquidem,
2851 2195 3041 2245 videns
3077 2192 3193 2262 ejus
3224 2192 3380 2247 fidem
3409 2194 3576 2249 etiam

2001 2278 2316 2347 priusquam
2349 2287 2634 2334 saltaretur
2680 2294 2908 2350 corpus,
2945 2281 3083 2335 dixit
3115 2298 3128 2336 :
3174 2298 3194 2334 ι
3243 2281 3365 2349 Fili,
3395 2285 3581 2338 dimit-

2005 2379 2191 2425 qutur
2225 2373 2320 2428 tibi
2355 2384 2575 2442 peccata
2617 2382 2706 2426 tua
2736 2374 2783 2426 '.
2821 2392 2840 2424 ο
2867 2375 3039 2428 Alteri
3076 2388 3203 2430 vero
3237 2385 3360 2445 post
3413 2393 3577 2432 sana-

2004 2464 2203 2518 tionem
2230 2465 2542 2520 occurrenti
2575 2483 2588 2519 :
2621 2484 2640 2517 ι
2712 2465 2870 2532 Ecce,
2929 2469 3129 2538 inquit,
3184 2485 3349 2524 sanus
3401 2471 3579 2528 factus

2002 2570 2099 2620 es;
2135 2555 2246 2625 jam
2272 2556 2379 2610 noli
2412 2572 2662 2627 peccare,
2697 2572 2762 2613 ne
2792 2561 3032 2614 deterius
3066 2561 3161 2614 tibi
3214 2563 3418 2632 aliquid
3445 2579 3578 2618 con-

2006 2648 2242 2720 tingat“.
2277 2666 2296 2700 ι
2352 2647 2523 2716 Igitur
2600 2650 3058 2719 quemadmodum
3110 2653 3230 2709 illos
3292 2655 3582 2726 utriusque

2005 2741 2284 2807 iniquitas,
2319 2740 2503 2811 fugata
2543 2744 2792 2809 sanitate,
2829 2743 3115 2814 languidos
3145 2744 3348 2812 etl‘ecit,
3403 2750 3476 2803 ita
3521 2760 3579 2804 et

2008 2851 2108 2890 vos
2137 2837 2448 2891 communis
2481 2836 2768 2904 iniquitas,
2819 2833 3001 2906 fugata
3063 2837 3356 2907 cbaritate,
3423 2841 3579 2896 vobis

2009 2926 2240 2981 invicem
2264 2925 2512 2980 inimicos
2529 2926 2826 2981 constituit.
2850 2926 3064 2982 Etenim
3077 2942 3143 2982 ex
3167 2945 3276 2999 qua
3295 2931 3399 2986 alia
3430 2943 3584 3003 parte

2009 3033 2297 3072 commune
2315 3019 2642 3084 vestrumad
2683 3017 2848 3073 Deum
2881 3030 2934 3074 et
2963 3021 3030 3075 ad
3063 3036 3158 3076 vos
3189 3022 3422 3078 invicem
3458 3025 3578 3078 vin-

2019 3108 2201 3164 culum
2235 3109 2603 3164 destruxistis.
2653 3111 3204 3178 cbaritatem,nisiex
3243 3119 3580 3173 conscientia

2008 3210 2229 3270 peccato
2252 3201 2472 3256 dedita?
2493 3220 2512 3252 ι
2545 3202 2754 3270 Quippe
2773 3205 3028 3272 queuiam
3055 3207 3352 3262 abundavit
3381 3210 3584 3278 iniqui-

2009 3300 2116 3356 tas,
2144 3291 2458 3363 refrigescet
2483 3294 3036 3360 cbaritasmultorum
3069 3297 3112 3362 ⁷,
3155 3315 3173 3348 ι
3213 3299 3288 3355 ait
3329 3300 3380 3353 in
3405 3299 3582 3355 Evan-

2008 3383 2162 3452 geliis
2193 3385 2482 3450 Dominus;
2503 3387 2768 3441 ebaritate
2787 3401 2916 3443 vero
2928 3389 3149 3444 omnino
3169 3390 3580 3462 refrigescente.

2013 3475 2109 3530 Del
2194 3480 2421 3546 gratiam
2468 3487 2861 3550 paternumque
2931 3482 3187 3551 pietatem
3257 3497 3602 3560 permanere]

2021 3582 2358 3644 nequaquam
2420 3579 2506 3626 est
2563 3570 2838 3640 possibile.

3536 3765 3564 3786 πίε

2080 3840 2148 3895 Ut
2173 3841 2325 3897 vobis
2354 3841 2601 3913 exemplo
2631 3855 2879 3898 miseram
2913 3856 3052 3898 nanc
3074 3845 3438 3900 conditionem
3465 3863 3589 3916 pro-

2011 3948 2231 4002 ponam,
2253 3933 2483 4004 lampadi
2499 3934 2692 4011 similis
2713 3943 2794 3989 est.
2819 3944 3002 3989 nostra
3020 3937 3390 4004 cujuscunque
3407 3939 3590 3993 anima

2011 4027 2188 4080 oleum
2218 4027 2441 4096 quidem
2482 4027 2688 4082 habens
2715 4043 2876 4097 opera
2912 4029 3075 4093 bona,
3104 4030 3430 4100 ellycbuium
3459 4047 3589 4086 vero

2013 4117 2192 4172 ferens
2219 4119 2564 4182 cbaritatem,
2597 4117 2649 4170 in
2682 4134 2785 4186 qua
2821 4135 2918 4188 pro
2957 4119 3075 4173 luce
3093 4123 3391 4187 requiescit
3417 4123 3589 4189 gratia

2013 4209 2178 4264 divini
2213 4209 2463 4280 Spiritus.
2500 4210 2613 4265 μου
2656 4213 2818 4281 igitur
2839 4213 2978 4277 oleo,
3010 4213 3221 4267 scilicet
3266 4214 3420 4269 bonis
3458 4229 3592 4282 ope-

2028 4303 2198 4368 ribus,
2229 4303 2540 4367 deficiente,
2571 4319 2692 4372 qua:
2759 4320 2856 4372 pro
2907 4305 3181 4375 ellychnio
3214 4307 3353 4360 inest
3399 4310 3596 4360 animm

343 4374 658 4470 θρυαλλίδος
691 4374 889 4450 ἐνοῦσα
1034 4374 1179 4464 ψυχῇ
1209 4393 1399 4463 ἀγάπη
1430 4393 1488 4458 ἐξ
1541 4391 1789 4460 ἀνάγκης
1813 4387 1907 4457 ψύ-

2022 4394 2262 4448 charitas
2292 4396 2604 4452 necessario
2625 4399 2864 4466 fugitur,
2900 4407 2955 4449 et
3001 4399 3078 4451 sic
3121 4399 3213 4452 lux
3260 4397 3353 4453 Dei
3387 4405 3592 4453 amoris

345 4511 501 4562 γεται
521 4509 534 4523 ·
577 4492 667 4545 καὶ
700 4489 844 4543 οὕτω
893 4489 953 4540 τὸ
1002 4488 1118 4558 φῶς
1146 4487 1244 4555 τῆς
1293 4485 1387 4538 τοῦ
1419 4482 1556 4538 Θεοῦ
1585 4481 1916 4552 κηδεμονίας

346 4586 438 4638 καὶ
463 4586 686 4655 χάριτος
713 4581 1040 4651 ἀφίπταται,
1097 4576 1205 4630 τῶν
1258 4575 1540 4645 φυγόντων
1567 4573 1666 4642 τὴν
1712 4570 1916 4640 ἀρετὴν

347 4679 440 4729 καὶ
467 4679 568 4748 τὴν
594 4676 815 4743 ἀγάπην
849 4671 1307 4742 φυγαδευσάντων
1344 4667 1525 4721 αύτῶν
1548 4683 1562 4698 ο
1595 4667 1691 4718 καὶ
1726 4665 1754 4714 ὁ
1781 4664 1919 4732 πρὸς

349 4771 610 4840 ἀλλήλους
656 4768 839 4830 αὐτοῖς
866 4766 1104 4835 τάραχος
1161 4761 1496 4831 ἐπιγίνεται,
1541 4758 1636 4811 τοῦ
1671 4756 1807 4810 Θεοῦ
1860 4754 1919 4807 τὺ

351 4864 640 4930 πρόσωπον
672 4860 766 4914 ἀπ’
806 4858 985 4912 αὐτῶν
1002 4854 1466 4924 ἀποστρέψαντος,
1494 4855 1631 4923 πρὸς
1661 4853 1719 4904 ὃν
1755 4865 1922 4918 φησιν

348 4956 376 5008 ὁ
409 4955 600 5008 Δαϐίδο
634 4973 652 5006 ι
700 4951 1170 5021 Ἀποστρέψαντος
1196 4950 1254 5002 δὲ
1288 4950 1383 5000 σοῦ
1413 4950 1473 5000 τὸ
1511 4936 1804 5017 πρόσωπον
1827 4961 1923 4996 τα·-

353 5049 735 5117 ραχθήσονται.
771 5064 789 5096 ι
845 5043 1032 5107 Οὕτως
1083 5044 1147 5096 ὲκ
1195 5042 1296 5111 τῆς
1330 5040 1607 5112 ἁμαρτίας
1657 5035 1922 5107 ἐμφύλιος

353 5140 545 5201 στάσις
576 5141 670 5191 καὶ
699 5136 958 5206 σύγχυσις
1003 5137 1135 5206 ήμίν
1164 5134 1488 5201 ἐπιγίνεται,
1540 5132 1736 5193 κακίας
1777 5131 1921 5202 ᾶπαν

354 5227 490 5291 εἶδος
512 5229 850 5298 ἐπαγομένη,
898 5227 1106 5281 καὶτὸν
1154 5225 1396 5294 ἀρχηγὸν
1435 5224 1536 5292 τῆς
1584 5222 1781 5284 κακίας
1812 5220 1924 5283 τοῖς

359 5319 712 5388 στασιάρχαις
763 5321 858 5369 καὶ
919 5317 1268 5376 στασιασταῖς
1321 5313 1685 5376 ὲνοικίζουσα,
1738 5309 1796 5370 ὃς
1845 5310 1926 5371 είς

358 5410 522 5479 θηρία
550 5407 940 5479 μετασκευάζει
966 5425 981 5440 ο
1015 5407 1075 5458 ού
1112 5406 1244 5458 πολὺ
1275 5405 1330 5457 δὲ
1361 5407 1556 5468 εἰπεῖν,
1590 5403 1669 5456 ὅτι
1694 5401 1786 5454 καὶ
1814 5401 1928 5452 δαι-

359 5504 534 5570 μὸνων
555 5497 680 5572 ἦθος
705 5501 996 5568 κεκτῆσθαι
1022 5498 1568 5569 παρασκευάζειητοὺς
1587 5495 1640 5545 ὲν
1660 5489 1738 5556 οἷς
1763 5495 1928 5546 είσοι-

359 5594 564 5657 κίζεται
585 5609 598 5622 °
635 5596 728 5648 καὶ
759 5594 929 5658 οὕτως
949 5596 1392 5666 ἀνθρωποκτόνος)
1423 5594 1515 5646 τὸν
1564 5592 1850 5661 ἄνθρωπον
1901 5593 1929 5643 ὁ

2019 4497 2074 4539 et
2103 4485 2292 4555 gratim
2317 4488 2516 4554 evolat,
2542 4490 2737 4557 quibus
2781 4489 3109 4559 fugientibus
3171 4491 3428 4563 fugantur
3484 4496 3595 4546 κίτ-

2022 4587 2107 4632 tus
2131 4589 2185 4632 et
2222 4581 2481 4646 cbaritas,
2513 4590 2569 4636 et
2598 4582 2883 4645 tumultus,
2924 4599 3031 4652 quo
3049 4598 3109 4637 se
3146 4583 3376 4640 invicem
3409 4602 3604 4670 perse-I

2021 4681 2290 4738 qttuntttr,
2324 4675 2654 4741 supervenit,
2695 4674 2801 4729 Deo
2832 4676 3020 4731 faciem
3044 4685 3112 4730 ab
3147 4679 3277 4746 ipsis
3310 4690 3594 4734 avertente

2024 4763 2088 4812 ad
2112 4775 2271 4828 quem
2301 4761 2438 4815 dixit
2476 4762 2640 4816 David
2671 4783 2684 4816 ς
2723 4785 2741 4815 ι
2772 4769 3064 4820 Avertt-ttte
3096 4778 3279 4820 autem
3317 4777 3368 4822 te
3395 4769 3593 4825 facient

2027 4863 2197 4920 tuam,
2221 4855 2587 4911 turbalntntur
2617 4857 2658 4910 ⁸.
2695 4876 2714 4910 ι
2752 4858 2830 4913 lta
2857 4876 2918 4914 ex
2954 4861 3239 4928 iniquitate
3309 4863 3484 4918 civilis
3508 4881 3601 4923 see

2026 4949 2159 5002 ditio
2182 4950 2519 5018 supervenit,
2555 4966 2738 5004 secum
2771 4951 3045 5006 adducens
3079 4967 3297 5008 omnem
3335 4951 3600 5009 malorum

2025 5042 2284 5109 speciem,
2333 5053 2389 5096 et
2441 5042 2662 5097 malitia:
2701 5044 2994 5112 principem
3033 5054 3140 5099 tam
3200 5045 3598 5099 discordiarum

2027 5136 2456 5190 concitatoribus
2477 5152 2639 5206 quam
2673 5137 2977 5190 fautoribus
3005 5135 3358 5192 introduceus
3391 5138 3481 5208 qui
3507 5153 3601 5192 eos

2029 5226 2080 5280 in
2111 5228 2311 5282 bestias
2336 5229 2628 5290 convertit,
2653 5243 2769 5291 seu,
2801 5213 2869 5281 ne
2900 5225 3027 5295 quid
3054 5227 3225 5295 pluris
3253 5229 3451 5292 dicam,
3482 5221 3619 5281 dze-'

2033 5335 2250 5372 tuonum
2291 5319 2533 5374 moribus
2558 5319 2942 5388 comparandis
2967 5335 3062 5371 eos
3092 5330 3358 5388 prmparat
3391 5320 3441 5371 in
3475 5313 3624 5392 qui-1

2032 5413 2131 5466 bus
2171 5412 2470 5478 inhabitat;
2498 5415 2638 5466 unde
2691 5413 3015 5466 homicidam
3058 5415 3232 5466 virum
3264 5414 3351 5466 ille
3379 5407 3489 5482 'qui
3527 5393 3624 5465 abi

2034 5502 2185 5554 initio
2217 5503 2494 5556 hominum
2527 5519 2656 5557 osor
2687 5505 2785 5557 fttit
2813 5514 2868 5559 et
2897 5505 3214 5559 interfector
3240 5505 3402 5558 efficit
3447 5509 3603 5557 vitm-

2032 5606 2137 5660 que
2169 5591 2410 5662 largitori
2465 5593 2682 5648 Christo
2731 5595 3129 5661 adversarium,
3185 5605 3386 5663 quanto
3434 5580 3642 5665 magisL

430 5780 452 5810 ⁵
484 5778 669 5834 Matth.
708 5796 779 5844 ις,
809 5778 864 5832 9.
943 5778 962 5809 ⁸
987 5775 1142 5834 Joan.
1167 5795 1220 5841 ν,
1265 5777 1351 5832 14.
1429 5777 1447 5808 ⁷
1487 5775 1680 5829 Matth.
1739 5793 1886 5840 xxiv,
1925 5776 2010 5830 l2.
2087 5775 2106 5804 '
2136 5773 2280 5830 Psal.
2322 5790 2434 5839 cm,
2463 5775 2557 5829 ‘29.
