4090 6456
458 409 528 472 π,
1664 402 2071 472 ‘GREGORII
2107 405 2430 468 ramus
3645 412 3717 475 ιδ

447 521 682 578 terrenis
721 522 976 591 ‘rcgihns,
1017 535 1109 575 seu
1154 523 1449 577 secundum
1491 522 1738 592 spiritnn.
1773 523 1913 593 patri
1971 529 2019 574 et

2135 521 2192 583 ἐξ
2222 503 2398 591 ἀρχῆς
2416 520 2860 593 ἀνθρωποκτόνος
2885 522 2979 577 καί
3002 522 3724 598 μισάνθρωποςάπεργαζε-

450 617 650 686 pastori
685 627 890 667 necnon
936 613 1144 667 dot-tori
1217 613 1616 668 inobctlientctn
1685 623 1738 667 et
1796 621 2020 667 contra-

450 719 613 758 1³111111.

519 903 687 971 Igitur
719 902 1100 957 comertimini
1137 903 1203 954 ad
1223 899 1363 954 viam
1401 899 1936 970 EvangeliiChtisi,
1971 909 2026 952 ct

451 996 552 1066 ipsi
594 994 827 1048 ﬁrmiter
872 993 1168 1058 adhzrrete,
1227 1004 1284 1046 ut
1345 1000 1525 1046 vestra
1593 989 2028 1060 semper-ﬂoreat

448 1099 771 1154 semperque
827 1091 1145 1152 permaneat
1183 1081 1251 1135 ad
1284 1096 1378 1135 vos
1410 1082 1644 1135 invicem
1705 1081 2024 1145 concordia,

443 1191 500 1235 et
534 1193 720 1233 rursus
747 1178 814 1231 ad
859 1191 957 1231 vos
983 1181 1336 1229 convertatur
1376 1174 1659 1236 Dominus,
1695 1186 1905 1226 necnon
1927 1186 2027 1224 su-

2123 630 2236 672 ται.
2256 616 2350 666 καὶ
2379 616 2455 681 τῷ
2474 615 2706 685 ζωοδότῃ
2729 615 2950 684 Χριστῷ
2981 616 3386 686 ἀντικείμενον,
3413 621 3564 687 πόσῳ
3587 623 3723 687 μᾶλ-

2127 706 2218 759 λον
2241 708 2352 769 τοῖς
2378 708 2471 760 ἐπὶ
2501 708 2602 775 γῆς
2634 707 2964 776 βασιλεῦσιν,
2989 708 3020 778 ἢ
3052 707 3128 776 τῷ
3145 709 3288 760 κατὰ
3304 709 3522 778 πνεῦμα
3551 719 3722 782 πατρὶ

2131 797 2223 851 καὶ
2260 798 2478 865 ποιμένι
2501 798 2595 850 καὶ
2628 797 2956 868 διδασκέιλῳ,
2999 801 3231 868 ἀνήκοον
3265 801 3359 852 καὶ
3398 802 3717 876 ἀντίθετον;

2227 887 2627 958 Ἐπιστρέψατε
2659 883 2754 942 οὖν
2789 892 2869 952 εἰς
2929 891 3030 958 τὴν
3077 890 3198 942 ὁδὸν
3229 891 3324 944 τοῦ
3381 892 3715 962 Εὑαγγελίου

2142 976 2238 1032 τοῦ
2293 978 2551 1046 Χριστοῦ,
2607 981 2702 1032 καὶ
2753 980 2958 1048 ταύτης
2989 982 3283 1051 ἀντέχεσθε
3343 984 3598 1052 βεόαίως,
3651 987 3718 1039 ἶν’

2130 1070 2283 1139 ὑμῶν
2313 1069 2571 1140 ἀειθαλὴς
2593 1073 2682 1141 εἰη
2724 1074 2835 1124 καὶ
2885 1073 3140 1143 διηνεκὴς
3193 1075 3224 1143 ἡ
3279 1077 3718 1148 προς-ἀλλήλους

2129 1163 2373 1232 ὁμόνοια,
2407 1166 2500 1216 καὶ
2538 1169 2847 1232 ἐπιστραφῇ
2883 1165 3045 1218 πάλιν
3075 1166 3210 1236 πρὸς
3243 1169 3396 1236 ὑμᾶς
3425 1172 3453 1222 6
3489 1171 3715 1240 Κύριος,

448 1289 546 1343 per
593 1287 689 1326 vos
736 1270 1044 1339 requiescat
1092 1265 1254 1321 simul
1300 1279 1422 1318 cum
1455 1278 1586 1332 pace
1632 1264 1808 1334 gratia
1854 1262 2019 1317 divini

2133 1253 2228 1306 καὶ
2255 1254 2716 1323 ὲπαναπαύσηται
2740 1255 2842 1324 »ἐφ’
2867 1259 3022 1327 ἡμᾶς
3054 1259 3194 1326 μετά
3221 1261 3321 1326 τῆς
3354 1263 3580 1329 εἰρήνης
3615 1265 3714 1314 καὶ

449 1364 709 1435 Spiritus.
743 1360 836 1416 llle
867 1362 1084 1432 quidem
1110 1357 1502 1428 Hierosolyma:
1528 1358 1855 1426 paralyticos
1883 1354 2019 1421 jace-

2133 1345 2168 1414 η
2203 1345 2362 1414 χάρις
2407 1345 2502 1397 τοῦ
2535 1343 2682 1398 θείου
2717 1347 3055 1417 ιιιεύματος.
3122 1349 3266 1402 Ἀλλ’
3297 1351 3445 1403 ὁὲπὶ
3471 1351 3572 1419 τῆς
3613 1352 3716 1404 Ἱε-

446 1457 540 1511 bat
563 1457 615 1510 in
647 1455 853 1524 piscina
869 1453 1017 1521 Siloe
1041 1467 1146 1520 qua
1173 1449 1706 1518 sanabanturmgroti
1729 1463 1743 1500 :
1780 1451 1848 1500 ita
1867 1454 1919 1500 et
1939 1460 2019 1501 vo:

2137 1437 2421 1509 ρουσαλὴμ
2471 1438 2840 1509 παραλυτικὸς
2882 1443 3093 1502 ἐκεῖνος
3146 1443 3444 1510 παρέκειτο
3487 1446 3553 1512 τῇ
3586 1446 3716 1506 τοὺς

444 1548 669 1603 minime
697 1545 1026 1601 discessistis
1045 1542 1114 1597 ab
1139 1557 1202 1596 ea
1228 1555 1334 1611 qua
1366 1555 1467 1610 pax
1497 1547 1788 1610 praestatur
1828 1537 2019 1592 Christi

2134 1529 2422 1593 νοσοῦντας
2471 1533 2678 1604 ἰωμένη
2740 1532 2832 1584 τοῦ
2871 1533 3101 1602 ’Σιλωὰμ
3157 1535 3536 1605 κολυμϐήθρᾳ,
3590 1537 3714 1589 οὐδὲ

443 1638 710 1696 Ecclesia.
730 1637 882 1696 Sicut
901 1636 1065 1690 etiam
1080 1635 1169 1690 ille
1190 1634 1364 1688 virum
1385 1648 1488 1687 non
1513 1631 1744 1686 habebat
1762 1645 1870 1700 quo
1886 1630 2019 1700 atlqu

2137 1623 2295 1692 ὑμεῖς
2325 1623 2544 1686 τελείως
2573 1625 2852 1694 ἀπέστητε
2887 1623 2987 1693 τῆς
3021 1625 3393 1694 βραϐευούσης
3422 1625 3522 1696 τὴν
3554 1627 3714 1695 εἰρήο

441 1741 670 1784 varetur
689 1726 1146 1797 adrecipiendam
1167 1722 1236 1778 ab
1255 1722 1344 1777 illa
1370 1721 1579 1793 piscina
1601 1725 1854 1792 gratiam,
1884 1721 1954 1774 ita
1975 1731 2019 1774 el

2137 1728 2236 1782 νην
2288 1713 2613 1784 Ἐκκλησίας
2662 1714 2923 1784 Χριστοῦ.
2961 1714 3100 1766 Ἀλλ’
3141 1717 3216 1776 ὼς
3259 1718 3470 1781 ἐκεῖνος
3504 1717 3714 1786 ἄνθρω-

441 1821 600 1876 vobis
621 1829 806 1889 pastor
823 1833 929 1874 non
948 1815 1216 1884 superfuit
1232 1815 1533 1884 praedicans
1557 1828 1765 1881 pacem,
1783 1822 1837 1864 et
1857 1827 2019 1880 segre-

2139 1821 2240 1856 πον
2267 1806 2369 1856 οὑκ
2401 1801 2514 1873 εἶχε
2546 1806 2638 1858 τὸν
2672 1805 3080 1874 συνεργήσοντα
3133 1803 3268 1875 πρὸς
3319 1804 3417 1874 τὴν
3461 1805 3571 1858 ἀπὸ
3614 1805 3716 1874 τῆς

437 1921 568 1984 gata
589 1911 923 1979 coniungens
945 1909 1211 1972 membra,
1243 1921 1416 1974 eaque
1450 1906 1594 1959 inter
1625 1920 1684 1958 se
1717 1918 2019 1956 accommo

2137 1895 2526 1965 κολυμϐήθρας
2555 1897 2772 1976 ἐκείνης
2798 1896 2982 1966 χάριν,
3018 1896 3190 1958 οὕτως
3208 1898 3328 1950 οὐδὲ
3361 1898 3490 1968 ὑμῖν
3521 1897 3712 1951 ενταῦ-

441 2006 602 2072 dans,
634 2018 847 2060 necnon
881 2002 1127 2058 morbum
1169 2007 1223 2056 et
1248 1999 1618 2068 aegritudinem
1653 1998 1719 2048 ab
1737 1997 1865 2050 odio
1897 2010 2019 2072 pro-

2133 1985 2200 2038 θα
2231 1985 2438 2055 ποιμήν
2470 1986 2685 2056 ὑπῆρχε
2717 1987 3006 2056 κηρύττων
3041 1985 3290 2058 εἰρήνην,
3327 1991 3422 2040 καὶ
3454 1990 3710 2056 συνάγων

429 2095 701 2152 ﬂuentem
760 2095 986 2166 eiiciens
1053 2109 1122 2148 ex
1188 2107 1424 2160 corpore
1486 2091 1692 2145 Christi
1742 2070 2019 2142 Ecclesiae.

2128 2077 2197 2130 τὰ
2223 2077 2686 2148 διεσκορπισμένα
2721 2080 2881 2148 μέλη,
2917 2081 3012 2131 καὶ
3036 2079 3328 2132 συνάπτων
3352 2081 3486 2149 προς
3511 2081 3707 2142 ἑαυτὰ,

426 2185 596 2258 .Nunc
635 2199 768 2255 ergo
796 2198 895 2239 nos
917 2198 1082 2252 super
1115 2196 1214 2236 vos
1255 2182 1368 2248 jam
1404 2179 1688 2234 constituti
1722 2192 1934 2244 sumus,
1963 2185 2019 2229 et

2129 2172 2223 2224 καὶ
2245 2170 2346 2241 τήν
2377 2171 2598 2224 ἀπὸτοῦ
2631 2171 2820 2241 μίσους
2843 2173 2998 2225 νόσον
3015 2173 3108 2226 καὶ
3135 2172 3395 2243 καχεξίαν
3425 2173 3710 2227 ἐκϐάλλων

442 2277 726 2331 vobiscum
774 2290 962 2329 sumus
993 2274 1048 2328 in
1107 2272 1350 2334 Christo,
1399 2281 1454 2325 et
1481 2286 1580 2340 pro
1617 2270 1836 2322 Christo
1882 2270 2024 2335 lega-

443 2373 590 2423 tione
656 2368 952 2438 iungimur,
990 2375 1246 2433 tanquam
1276 2365 1392 2431 ipso
1418 2363 1744 2417 exhortante
1775 2376 1872 2429 per
1901 2374 2022 2414 nos.

437 2462 504 2517 In
537 2460 769 2530 gratiam
814 2459 904 2514 Dei
932 2460 1122 2510 redite.
1184 2457 1425 2508 Mutuatn
1457 2453 1738 2525 agnoscite
1784 2461 2021 2507 vestram

443 2554 844 2624 cognationem,
871 2564 1159 2620 quamnon
1187 2557 1394 2602 tantum
1421 2546 1722 2601 secundum
1746 2547 2020 2614 spiritum,

428 2646 538 2702 sed
560 2644 723 2699 etiam
759 2643 1061 2696 secundum
1119 2651 1340 2693 carnem
1364 2651 1393 2690 a
1428 2636 1672 2704 patribus
1699 2637 2019 2703 laecepistis.

443 2733 712 2790 Memores
729 2741 903 2786 estote
922 2729 1135 2783 illorum
1151 2726 1352 2794 prioris
1377 2726 1525 2796 pacis
1545 2725 1782 2788 dierum,
1803 2726 2022 2792 quantis

446 2841 543 2894 per
565 2825 708 2878 illam
729 2823 888 2877 bonis
911 2821 1064 2891 potiti
1087 2819 1220 2874 estis
1247 2819 1444 2888 quibus
1470 2831 1612 2872 nunc
1634 2819 1833 2886 privati
1862 2820 2021 2874 estis.

440 2916 621 2973 Nolite
649 2915 848 2969 malum
883 2913 1143 2982 cegitare,
1171 2925 1345 2979 neque
1377 2910 1576 2963 malum
1603 2925 1701 2978 pro
1729 2910 1870 2966 malo
1903 2912 2023 2962 recl-

429 3013 594 3074 dcre,
629 3010 722 3062 sed
755 3008 809 3060 in
842 3007 982 3059 bono
1023 3005 1224 3058 vincite
1260 3003 1487 3056 malum.
1541 3001 1782 3055 Mutuam
1819 3003 2021 3054 contir-

445 3113 590 3154 mate
619 3099 962 3159 charitatem,
1001 3103 1058 3147 ut
1095 3111 1124 3146 a
1156 3093 1265 3147 Deo
1292 3106 1534 3148 amorem
1579 3089 2015 3160 consequamini,

433 3200 790 3258 vestramque
823 3188 888 3241 ad
916 3201 1036 3240 enm
1071 3183 1372 3239 ostendatis
1403 3183 1751 3236 charitatem.
1777 3178 2016 3248 Nequid-
2046 3209 2089 3268 ρ

425 3299 601 3352 quam
639 3285 785 3336 enim
820 3282 932 3334 fieri
963 3286 1139 3348 potest
1166 3286 1223 3330 ut
1247 3276 1488 3330 charitas
1518 3275 1585 3326 ad
1622 3274 1790 3327 Deum
1819 3272 2016 3325 habea-

429 3385 554 3441 -ευτ,
584 3374 666 3428 vel
687 3373 803 3443 ejus
827 3372 1000 3440 gratia
1040 3370 1320 3437 pietasque
1349 3372 1699 3434 comparetur
1719 3365 1787 3418 ab
1810 3364 1892 3418 eis
1923 3364 2015 3431 qui

439 3482 572 3524 suos
617 3467 814 3521 fratres
843 3478 950 3516 non
983 3462 1232 3528 diligunt.
1259 3455 1415 3514 Nunc
1437 3457 1593 3522 mihi,
1630 3455 1853 3519 fratres,
1885 3457 2017 3511 obc-

433 3563 555 3616 dite
611 3575 738 3629 erga
777 3572 870 3610 vos
903 3553 1186 3616 benevolo,
1221 3551 1352 3605 mihi
1401 3551 1566 3604 etiam
1612 3564 1799 3620 pacem
1833 3566 2014 3604 coram

439 3654 695 3709 omnibus
720 3663 774 3705 et
795 3665 921 3720 erga
949 3662 1138 3701 omnes
1167 3643 1563 3713 evangelizanti
1591 3647 1887 3698 secundum
1912 3644 2014 3698 Do-

441 3725 572 3802 mini
633 3744 970 3806 mandatum,
1000 3749 1054 3794 et
1104 3752 1314 3792 mecum
1348 3737 1400 3789 in
1445 3735 1534 3789 illa
1572 3735 1898 3790 stabilienda
1931 3739 2015 3789 in-

438 3837 698 3900 cumbite,
757 3834 910 3887 vobis
941 3830 1170 3884 invicem
1207 3829 1568 3890 dimittentes,
1604 3828 1648 3882 si
1678 3828 1802 3895 quis
1853 3826 2016 3880 habet

433 3931 646 4000 aliquid
679 3926 940 3981 adversus
1000 3925 1222 3976 fratrem
1248 3935 1428 3985 suum,
1476 3921 1618 3974 sicut
1659 3917 1909 3974 Christus
1933 3919 2018 3972 di-

441 4024 591 4079 misit
614 4019 792 4082 vobis,
822 4027 879 4071 ut
904 4015 1024 4069 sitis
1053 4013 1146 4066 lilii
1173 4012 1342 4080 pacis,
1369 4011 1420 4063 id
1437 4020 1540 4075 est,
1574 4009 1689 4064 Dei.
1717 4009 1841 4078 lpse
1868 4015 2016 4063 enim

440 4127 524 4172 est
543 4129 646 4186 pax
675 4124 881 4173 nostra,
904 4107 995 4177 qui
1029 4106 1155 4159 fecit
1185 4112 1416 4171 utraque
1447 4101 1746 4170 unum,qui
1779 4103 2014 4156 medium

441 4208 692 4261 maceria:
711 4205 967 4272 parietem
995 4197 1176 4260 sol-vit,
1205 4203 1261 4250 et
1289 4192 1561 4248 interfecit
1581 4194 1927 4250 inimicitiam
1958 4195 2016 4248 in

427 4315 602 4356 cruce
633 4299 822 4366 ipsius.
859 4291 976 4361 Ipse
1029 4292 1192 4344 etiam
1231 4289 1514 4358 discipulis
1543 4288 1683 4354 suis,
1722 4295 1779 4342 et
1801 4302 1899 4357 per
1920 4303 2017 4344 eos

433 4394 599 4448 .nobis
644 4391 800 4452 dixit,
829 4389 882 4440 in
925 4395 1306 4454 quamcunque
1335 4383 1615 4435 civitatem
1665 4379 1750 4434 vel
1794 4381 2016 4434 domum

439 4483 850 4542 intraverimus,
888 4493 1077 4548 pacem
1104 4476 1212 4529 illis
1243 4475 1590 4537 annuntiare,
1615 4482 1669 4527 et
1689 4473 1866 4527 omnis
1901 4472 2018 4526 fru-

2125 2261 2222 2316 τοῦ
2258 2264 2514 2334 σώματος
2543 2263 2643 2333 τῆς
2684 2261 2780 2315 τοῦ
2813 2263 3052 2332 Χριστοῦ
3097 2263 3442 2331 Ἐκκλησίας.
3471 2263 3586 2316 Νῦν
3615 2259 3709 2317 οὖν

2125 2356 2158 2425 ή
2168 2358 2288 2421 μείς
2319 2357 2630 2426 ὲπέστημεν
2651 2355 2775 2427 ήδη,
2797 2358 2894 2409 καὶ
2916 2355 3186 2426 σύνεσμεν
3224 2355 3354 2426 ὑμῖν
3379 2358 3437 2410 ὲν
3461 2355 3708 2427 Χριστῷ,

2125 2449 2221 2501 καὶ
2245 2449 2385 2516 ὑπὲρ
2430 2447 2671 2520 Χριστοῦ
2704 2447 3112 2519 πρεσϐεύομεν,
3152 2448 3229 2512 ὡς
3255 2449 3423 2502 αὑτοῦ
3455 2467 3710 2518 παρακαο

2125 2539 2344 2602 λοῦντος
2371 2539 2440 2592 δι’
2468 2540 2650 2610 ήμῶν.
2684 2540 3086 2610 Καταλλάγητε
3109 2539 3188 2611 τῷ
3222 2540 3364 2611 Θεῷ.
3407 2542 3708 2610 Ἐπίγνωτε

2124 2633 2226 2702 τὴν
2263 2633 2398 2703 πρὸς
2432 2632 2696 2703 ἀλλήλους
2735 2633 3086 2700 συγγένειαν,
3116 2633 3178 2684 ού
3229 2636 3374 2686 κατά
3397 2631 3579 2703 ψυχὴν
3613 2635 3710 2702 μό-

2125 2741 2237 2788 νον,
2270 2724 2407 2776 ἀλλὰ
2441 2727 2536 2776 καὶ
2584 2725 2728 2778 κατά
2766 2724 2924 2793 σῶμα
2957 2723 3274 2794 προσοῦσαν
3304 2725 3370 2776 εκ
3423 2727 3706 2794 προγόνων

2125 2815 2300 2884 ὑμῶν.
2366 2815 2782 2886 ’.ἀναμνήσθητε
2841 2815 2952 2868 τῶν
3003 2815 3274 2883 πρότερον
3326 2816 3424 2883 τῆς
3483 2816 3710 2885 εἰρήνης

2124 2906 2348 2977 ἡμερῶν
2379 2907 2625 2969 ἐκείνων,
2659 2905 2842 2958 πόσων
2869 2905 2936 2958 δι’
2963 2906 3134 2974 αὐτῆς
3160 2903 3468 2958 ἀπελαύετε
3502 2905 3705 2970 καλῶν,

2121 2994 2196 3050 ὼν
2229 2999 2445 3051 πάντων
2471 2997 2806 3068 ἐστερήθητε
2835 2997 2951 3051 νῦν.
2981 2998 3073 3068 Μὴ
3103 2997 3384 3065 λογίζεσθε
3416 2998 3478 3050 τὸ
3509 2999 3702 3062 κακόνο

2131 3091 2256 3159 μηδ’
2281 3089 2603 3144 ἀντιδιδόναι
2637 3094 2806 3144 κακον
2831 3091 2952 3144 ἀντί⁵
2982 3089 3156 3144 κακοῦ
3193 3091 3480 3162 θελήσητε,
3503 3091 3620 3144 ἀλλ’
3642 3092 3706 3144 ἐν

2122 3182 2202 3252 τῷ
2231 3181 2422 3249 ἀγαθῷ
2457 3181 2811 3250 νικήσατε,τὸ
2842 3183 3032 3245 κακὸν,
3101 3183 3201 3252 τήν
3250 3183 3390 3252 πρὸς
3441 3183 3705 3252 ἀλλήλους

2123 3275 2347 3342 ἀγάπην
2378 3275 2877 3342 ὲνστερνισάμενοι,
2933 3273 3009 3337 ὡς
3062 3273 3130 3327 ἀν
3167 3274 3263 3328 καὶ
3297 3278 3397 3342 τήν
3425 3278 3578 3344 παρὰ
3609 3275 3702 3328 τοῦ

2120 3365 2253 3418 Θεοῦ
2281 3364 2500 3434 ἀγάπην
2531 3365 2832 3434 κτήσησθε,
2868 3367 2963 3419 καὶ
2985 3367 3086 3436 τὴν
3124 3368 3258 3436 πρὸς
3289 3367 3454 3420 αὐτὸν
3483 3368 3704 3437 ἀγάπην

2120 3458 2456 3527 ἑνδείξησθε·
2495 3460 2615 3512 οὐδὲ
2647 3461 2756 3529 γὰρ
2781 3461 2928 3514 ἔστιν
2959 3462 3183 3533 ἀγάπην
3215 3462 3502 3532 πρὸςΘεδν
3533 3463 3698 3530 ἔχειν,

2118 3550 2151 3622 ἢ
2185 3568 2284 3620 την
2313 3563 2447 3623 παρ’
2475 3552 2640 3606 αὑτοῦ
2666 3555 2825 3621 χάριν
2851 3553 2948 3604 καὶ
2978 3555 3306 3622 κηδεμονίαν
3349 3553 3700 3623 καρποῦσθαι

2117 3644 2174 3717 ἀ,
2203 3646 2328 3708 τοὺς
2358 3644 2432 3717 μὴ
2463 3645 2802 3714 ἀγαπῶντας
2835 3646 2960 3709 τοὺς
2991 3645 3157 3708 ἰδίους
3187 3645 3474 3715 ἀδελφούς.
3523 3645 3699 3698 Ὑπα-

2119 3739 2352 3792 κούσατέ
2385 3756 2476 3809 μοι
2505 3738 2599 3791 νῦν
2618 3736 2826 3790 ἐλθόντι
2851 3739 2987 3808 πρὸς
3023 3737 3188 3807 ὑμᾶς,
3218 3737 3460 3804 ἀδελφοὶ,
3482 3738 3578 3789 καὶ
3598 3736 3699 3809 τήν

2119 3830 2348 3900 εἰρήνην
2385 3830 2490 3900 πρὸ
2521 3830 2742 3883 πάντων
2768 3844 2828 3880 τε
2867 3828 2964 3882 καὶ
3004 3829 3141 3899 πρὸς
3172 3828 3385 3892 πάντας
3413 3828 3702 3896 εὐαγγελι-

2119 3920 2334 3993 ζομένῳ
2361 3924 2502 3977 κατά
2530 3923 2590 3975 τὸ
2623 3921 2718 3974 τοῦ
2766 3923 2971 3992 Κυρίου
3006 3923 3413 3990 ’παράγγελμα⁹
3449 3921 3546 3975 καὶ
3576 3938 3699 3973 συν-

2120 4015 2432 4086 εργάσασθέ
2463 4032 2552 4083 μοι
2581 4013 2808 4084 ταύτην,
2841 4013 3194 4084 χαριζόμενοι
3235 4012 3511 4083 ἀλλήλοις,
3544 4014 3696 4074 εἴτις

2109 4106 2257 4176 ⁵διερός
2283 4122 2404 4158 τινα
2431 4105 2543 4175 ἔχει
2570 4107 2813 4175 μομφὴν,
2846 4105 2920 4168 ὡς
2957 4109 3051 4158 καὶ
3077 4109 3105 4158 6
3131 4107 3368 4176 Χριστὸς
3401 4109 3696 4178 ἐχαρίσατο

2121 4197 2270 4268 ὑμῖν,
2302 4197 2388 4249 ἵνα
2418 4198 2654 4267 γένησθε
2683 4199 2790 4250 υἰοὶ
2826 4198 2927 4267 τῆς
2953 4199 3201 4269 εἰρήνης,
3239 4201 3402 4251 ταυτὸ
3431 4199 3476 4251 δ’
3516 4202 3695 4252 εἰπεῖν

2118 4285 2214 4340 τοῦ
2244 4286 2401 4341 Θεοῦ.
2430 4288 2602 4352 Αὐτὸς
2631 4291 2741 4358 γάρ
2783 4291 2931 4342 ἐστιν
2959 4293 2992 4360 ή
3021 4290 3212 4360 εἰρήνη
3249 4290 3426 4359 ὑμῶν,
3475 4292 3504 4342 6
3538 4292 3695 4362 ποιή-

2121 4396 2221 4443 σας
2267 4380 2335 4433 τά
2375 4382 2666 4452 ἀμφότερα
2699 4380 2778 4443 ἓν,
2821 4381 2918 4434 καὶ
2965 4384 3028 4434 τὸ
3063 4383 3381 4452 μεσότοιχον
3430 4382 3523 4436 τοῦ
3559 4401 3696 4453 φρα-

2119 4467 2264 4538 γμοῦ
2325 4467 2528 4535 λύσας,
2584 4475 2676 4523 καὶ
2726 4473 3088 4541 καταργήσας
3140 4473 3238 4542 τὴν
3273 4473 3476 4543 ἔχθραν
3511 4479 3570 4526 ἐν
3617 4476 3696 4545 τῷ

435 4588 561 4632 ctus
585 4575 726 4628 illius
754 4569 1055 4641 praesentia:
1105 4581 1207 4635 pax
1244 4576 1328 4620 est
1354 4580 1447 4634 per
1477 4578 1640 4632 quam
1669 4564 1836 4619 ctnlos
1861 4563 2018 4619 incli-

2123 4561 2344 4632 σταυρῷ
2371 4564 2557 4616 αὑτοῦ.
2591 4561 2763 4626 Αὐτὸς
2790 4563 2887 4615 καὶ
2917 4563 3052 4634 πρὸς
3083 4566 3211 4629 τοὺς
3239 4542 3404 4628 ἰδίους
3445 4542 3697 4637 μαθητὰς

440 4659 579 4723 haus
615 4669 666 4720 in
726 4673 925 4718 terram
977 4661 1278 4716 descendit.
1319 4656 1446 4712 Ideo
1483 4658 1648 4712 David
1688 4659 1752 4712 de
1781 4657 1874 4712 illo
1904 4659 2016 4712 ait:

448 4759 708 4812 «Orietur
785 4754 837 4808 in
892 4753 1086 4806 diebus
1132 4751 1248 4820 ejus
1307 4748 1516 4818 justitia
1573 4757 1626 4802 et
1678 4748 2017 4804 abundantia

442 4851 594 4919 pacis
622 4843 775 4900 ’.ιΕι
806 4844 857 4897 in
891 4843 997 4894 alio
1026 4840 1233 4907 psalmo
1263 4853 1450 4892 rursus
1478 4837 1544 4892 de
1564 4837 1652 4892 illo
1675 4837 1788 4891 ait:
1822 4854 1841 4887 t
1869 4838 2018 4901 Quo-

443 4945 588 4996 niam
615 4941 866 5008 loquetur
897 4952 1081 5005 paccm
1102 4934 1154 4986 in
1185 4932 1394 5002 plebem
1422 4947 1575 4986 suam
1599 4941 1654 4986 et
1672 4945 1835 5001 super
1890 4945 2017 4984 san-

443 5049 562 5091 c.os
596 5047 723 5087 suos
769 5039 822 5085 et
852 5031 904 5084 in
939 5043 1030 5082 eos
1065 5025 1158 5096 qui
1203 5035 1593 5080 convertuntur
1637 5025 1704 5077 ad
1749 5039 1846 5078 cor
1883 5023 1947 5075 ¹⁰.
1995 5040 2014 5074 ι

443 5125 692 5183 Ostendit
713 5123 876 5176 etiam
907 5122 1140 5191 hynmns
1168 5118 1221 5172 in
1251 5117 1534 5170 nativitate
1559 5116 1728 5184 ipsms
1763 5117 1831 5169 ab
1858 5129 2022 5184 ange-

444 5223 510 5274 lis
552 5227 797 5272 cantatus
830 5230 951 5268 eum
991 5227 1176 5283 parem
1214 5210 1368 5264 nobis
1397 5208 1711 5262 afferentem
1733 5210 1798 5260 ad
1831 5221 1931 5260 nos
1957 5207 2021 5259 de

445 5313 587 5369 cwlo
624 5310 872 5365 venisse:
901 5305 1132 5369 (Gloria,
1155 5303 1491 5372 inquiebant,
1533 5302 1582 5354 in
1611 5300 1845 5355 excelsis
1883 5300 2012 5364 lleo,

445 5419 498 5462 et
525 5408 576 5459 in
616 5415 758 5459 terra
795 5416 897 5470 pax
937 5399 1247 5452 hominibus
1288 5396 1446 5450 bona:
1485 5393 1782 5447 voluntatis
1814 5391 1914 5444 ".t
1949 5390 2015 5444 Et

444 5503 562 5568 ipse
582 5499 882 5567 adimplens
905 5493 1094 5548 Salutis
1123 5490 1477 5546 mconomiam
1509 5501 1692 5556 pacem
1725 5502 1822 5553 pro
1847 5485 2016 5538 haare-

445 5597 614 5648 ditate
651 5593 764 5645 suis
793 5588 1067 5657 relinquit,
1099 5587 1164 5639 ad
1191 5599 1284 5638 eos
1311 5582 1532 5636 dicens:
1575 5576 1800 5631 tPacem
1831 5590 2007 5629 meam

447 5688 515 5741 do
550 5684 721 5746 vobis,
754 5697 940 5752 pacem
973 5693 1148 5734 meam
1207 5674 1454 5743 relinquo
1484 5675 1636 5727 vobis
1663 5671 1758 5724 ".i
1800 5669 1864 5725 Et
1897 5686 2015 5724 rut-

521 5862 714 5936 "Psal.
757 5874 904 5928 Lxxt,
938 5859 988 5913 l.
1069 5857 1112 5891 ¹⁰
1169 5855 1314 5914 Psal.
1368 5869 1586 5923 ututv,
1641 5852 1694 5908 9.

1775 5853 1816 5884 ⁸¹
1847 5852 1980 5910 Luc.
2012 5870 2074 5920 ιι,
2112 5853 2199 5910 la.

2121 4655 2216 4708 καὶ
2243 4654 2310 4707 δι’
2328 4656 2550 4708 ἐκείνων
2604 4653 2722 4708 εἶπε
2758 4656 2894 4726 πρὸς
2945 4657 3093 4728 ἡμᾶς
3116 4674 3130 4689 ο
3160 4657 3254 4720 Εἰς
3284 4658 3352 4729 ἦν
3375 4657 3440 4711 ἂν
3477 4660 3631 4712 πόλιν
3659 4661 3692 4731 ἦ

2119 4747 2302 4800 οἰκίαν
2355 4748 2704 4817 εἰσέλθωμεν,
2768 4750 2866 4819 τήν
2905 4753 3128 4821 εἰρήνην
3192 4752 3693 4821 προκαταγγέλλειν

2121 4840 2325 4904 αὐτοῖς,
2373 4841 2469 4892 καὶ
2511 4840 2572 4892 τὸ
2601 4839 2763 4908 ἔργον
2793 4840 2941 4894 ἅπαν
2988 4842 3086 4910 τῆς
3118 4841 3284 4894 αὐτοῦ
3317 4845 3621 4912 παρουσίας
3659 4846 3692 4911 ἡ

2123 4933 2318 5002 εἰρήνη
2354 4933 2493 4995 ἐστὶ,
2526 4935 2620 4987 καὶ
2649 4934 2715 4986 δι’
2745 4933 2916 5004 αὐτὴν
2951 4933 3140 4995 κλίνας
3172 4935 3440 5004 οὐρανοὺς
3473 4938 3567 4989 ἐπὶ
3591 4936 3692 5005 τὴν

2120 5024 2223 5091 γῆν
2250 5022 2484 5092 κατῆλθε
2506 5037 2521 5052 ⁶
2557 5022 2636 5076 διὸ
2668 5025 2764 5077 καὶ
2792 5027 2820 5077 6
2853 5025 3016 5078 Δαόἰδ
3046 5027 3171 5094 περὶ
3205 5028 3368 5079 αὑτοῦ
3396 5030 3656 5097 προεῖπεν
3676 5044 3691 5059 ⁸

2125 5133 2145 5166 ε
2197 5114 2472 5167 ’Δνατελεί
2505 5117 2562 5168 ἐν
2590 5120 2709 5180 ταῖς
2741 5119 2976 5188 ἡμέραις
3031 5117 3199 5172 αὑτοῦ
3233 5119 3550 5190 δικαιοσύνη
3597 5121 3691 5174 καὶ

2120 5206 2322 5275 πλῆθις
2353 5207 2605 5278 εἰρήνης·
2647 5227 2664 5259 ι
2708 5211 2802 5260 κιιί⁸
2831 5210 2890 5262 ὲν
2919 5209 3094 5279 ἑτέρῳ
3121 5209 3323 5279 ψαλμῷ
3368 5212 3529 5264 πάλιν
3565 5217 3696 5278 περὶ

2120 5296 2287 5351 αὑτοῦ
2316 5314 2482 5366 φησιν
2505 5317 2518 5330 ο
2578 5317 2597 5351 t
2634 5301 2756 5352 Ὂτι
2784 5299 3009 5371 λαλήσει
3046 5303 3270 5370 εἰρήνην
3323 5304 3413 5352 ἐπὶ
3445 5301 3540 5356 τὸν
3567 5294 3694 5355 λαίἶν

2123 5390 2310 5452 αὐτοῦ,
2347 5391 2442 5442 καὶ
2479 5393 2569 5444 ἐπὶ
2596 5390 2720 5454 τοὺς
2753 5391 2932 5455 ὁσίους
2961 5392 3147 5458 αὐτοῦ,
3181 5392 3273 5446 καὶ
3295 5394 3388 5447 ἐπὶ
3415 5393 3540 5456 τοὺς
3573 5393 3696 5444 επι-

2125 5487 2460 5556 στρέφοντας
2484 5485 2828 5556 καρδίαν³ὲπ⁹
2858 5486 3043 5540 αὐτόν.
3081 5505 3100 5539 ι
3153 5487 3404 5539 Δείκνυσι
3439 5486 3497 5538 δὲ
3532 5487 3630 5538 καὶ
3663 5485 3694 5536 6

2119 5579 2213 5630 ἐπὶ
2252 5582 2318 5648 τῇ
2351 5581 2604 5648 γεννήσει
2636 5579 2830 5631 τούτου
2875 5578 3028 5650 παρὰ
3080 5578 3190 5632 τῶν
3219 5578 3469 5646 ἀγγέλων
3502 5577 3690 5648 ῦμνος,

2117 5671 2330 5742 ὃτιτὴν
2375 5675 2601 5743 εἰρήνην
2643 5673 2772 5743 ἡμῖν
2802 5673 3046 5744 κομίζων
3091 5671 3386 5744 οὐρανόθεν
3409 5665 3695 5742 ἦ).οεν,ὲφ’

2277 5855 2319 5884 ¹²
2354 5849 2433 5908 Jo.
2458 5867 2512 5908 n.
2546 5869 2660 5918 xw,
2689 5851 2774 5907 27.
