4090 6490
355 462 415 526 l7
1732 472 1927 540 ΗυΜί

2035 481 2169 540 \Il-
3541 474 3607 537 18

350 574 490 641 ἡμᾶς
513 589 527 603 ’
582 592 600 625 ι
637 574 794 640 Δόξα,
825 575 1113 644 λεγόντων,
1168 580 1226 632 ὲν
1257 580 1519 651 ὑψίστοις
1553 583 1674 655 Θεῷ
1702 588 1798 640 καί.
1823 587 1918 642 ἐπὶ

2035 602 2152 641 sus:
2192 587 2415 641 «Pacem
2444 586 2703 641 inter-vos
2734 598 2947 641 servate
2981 588 3077 641 ⁸³.»
3111 587 3211 641 Et:
3256 586 3341 639 «in
3378 585 3479 640 hoc
3511 603 3611 642 co-

349 666 446 735 γῆς
486 667 673 738 εἰρήνη
706 670 763 721 ὲν
800 670 1111 738 ἀνθρώποις
1144 673 1384 729 εὐδοκία.
1429 695 1447 728 ι
1503 678 1613 730 Καὶ
1666 679 1829 742 αὐτὸς
1859 681 1915 734 δὲ

2035 679 2784 749 gnoscentonmes'quouiam
2814 681 3063 750 discipuli
3099 682 3203 735 mei
3238 681 3395 743 estis,
3431 679 3475 733 si
3504 696 3605 735 vos

348 756 564 827 πληρῶν
590 758 693 830 ήδη
728 761 827 832 τὴν
860 764 1129 833 σωτήριον
1166 766 1506 835 οἰκονομίαν,
1543 769 1641 839 τὴν
1690 772 1914 842 εἰρήνην

2035 771 2260 835 diligatis
2285 772 2514 828 invicem
2546 774 2642 829 “.t
2674 772 2738 826 Et
2759 774 2944 827 ultima
2978 790 3141 843 quam
3167 775 3311 828 dedit
3333 773 3489 828 nobis
3513 779 3608 828 be-

348 849 463 902 ἀντὶ
490 850 853 922 κληρονομίας
897 856 1013 913 τοῖς
1061 857 1284 910 οἰκείοις
1327 860 1531 927 ἀφῆκε,
1568 862 1741 929 λέγων
1776 864 1913 933 πρὸς

2022 864 2363 927 nediclio,'ad
2383 865 2595 919 Patrem
2628 881 2780 918 suum
2804 867 3126 929 ascendens,
3158 877 3400 919 mutuam
3428 865 3609 917 ﬁrmat.

347 942 570 1005 αὐτούς·
607 962 627 995 ι
654 945 891 1016 Εἰρήνην
940 949 1039 1016 τὴν
1066 949 1207 1017 ἐμὴν
1241 951 1437 1019 δίδωμι
1488 953 1618 1020 ὑμῖν
1641 993 1655 1016 ,
1686 956 1912 1024 εἰρήνην

2035 956 2375 1020 :haritatem';
2400 958 2468 1010 ait
2494 961 2634 1011 enim
2661 979 2706 1011 τι
2725 960 2792 1011 Da
2807 960 2885 1012 cis
2904 970 2960 1011 ut
2981 975 3172 1012 omnes
3191 959 3482 1021 ununﬁsint
3503 960 3566 1010 ⁸⁸.
3582 978 3599 1008 ι

345 1030 441 1101 τὴν
472 1034 610 1105 ἐμὴν
641 1036 842 1107 ἀφίημι
887 1039 1035 1106 ὑμῖν.
1079 1060 1098 1093 ι
1137 1043 1242 1094 Καὶ
1289 1044 1489 1097 πάλινο
1528 1063 1548 1096 ι
1588 1046 1913 1115 Εἰρηνεύετε
1950 1050 2007 1101 ὲν
2067 1050 2339 1120 ἀλλήλοις·
2376 1072 2393 1103 ι
2442 1054 2558 1118 καί,
2617 1073 2633 1103 ι
2674 1054 2762 1106 Ἐν
2796 1053 2970 1122 τούτῳ
3041 1051 3344 1119 γνώσονται
3407 1050 3609 1117 πάντες

343 1126 425 1178 ὅτι
456 1127 580 1196 ἐμοὶ
637 1129 879 1200 μαθηταί
935 1133 1081 1197 ἐστε,
1142 1133 1237 1186 ἐὰν
1282 1137 1534 1202 ἀγαπᾶτε
1608 1138 1895 1208 ἀλλήλους.
1930 1158 1948 1192 ι
1995 1143 2105 1195 Καὶ
2136 1145 2166 1212 ἡ
2200 1143 2483 1198 τελευταία
2525 1147 2593 1215 ἢν
2634 1145 2837 1198 ἔδωκεν
2868 1147 2998 1216 ἡμῖν
3027 1147 3181 1214 εὐχὴ,
3221 1145 3357 1214 πρὸς
3409 1145 3499 1198 τὸν
3532 1146 3611 1197 οἰ-

345 1222 490 1313 κεῖον
517 1223 734 1292 Πατέρα
765 1224 1094 1292 ἀναϐαίνων,
1120 1227 1219 1300 τὴν
1242 1230 1379 1300 πρὸς
1406 1231 1669 1303 ἀλλήλους
1695 1232 1921 1304 ἀγάπην
1956 1238 2299 1311 ἐπιστηρίζει
2319 1255 2336 1271 ·
2372 1260 2393 1294 ι
2425 1242 2525 1306 Δὸς
2559 1243 2669 1313 γὰρ
2735 1240 2944 1308 αὐτοῖς,
3016 1243 3204 1311 φησὶν,
3262 1241 3350 1294 ἵνα
3410 1243 3607 1294 πάντες

344 1310 399 1361 ἓν
430 1306 551 1366 ὦσι.
595 1334 613 1367 ι

379 1405 505 1507 ‘Mi;
548 1405 642 1507 οὖν
667 1409 994 1476 ἐκπέσωμεν
1036 1412 1136 1482 τῆς
1162 1415 1443 1486 πατρικῆς
1480 1416 1645 1486 εὐχῆς
1665 1432 1681 1447 ⁸
1721 1418 1795 1488 μὴ
1823 1418 1926 1491 τὴν

345 1496 712 1563 κληρονομίαν
764 1499 1180 1571 ἀποϐαλώμεθα
1232 1503 1329 1557 τοῦ
1369 1506 1628 1576 οὐρανίου
1685 1509 1922 1577 Πατρὸς,

2092 1424 2396 1480 Caveamus
2455 1440 2586 1491 ergo
2619 1440 2689 1480 ne
2718 1425 3038 1479 exeidamus‘
3070 1439 3096 1477 a
3152 1431 3374 1493 paterna
3432 1423 3605 1478 bene—

2024 1515 2284 1580 dictione,
2314 1531 2382 1571 ne
2412 1517 2780 1570 luereditatem
2813 1516 3129 1570 amittamus
3148 1515 3387 1569 caelestis
3414 1515 3609 1577 Patris,

348 1586 484 1678 μηδὲ
513 1588 611 1654 τὴν
664 1591 939 1657 σφραγῖδα
988 1594 1166 1647 καὶτὸ
1204 1598 1433 1663 σημεῖον
1463 1598 1563 1668 τῆς
1589 1599 1730 1670 πρὸς
1760 1601 1927 1655 αὐτὸν

2035 1621 2202 1678 neque
2228 1606 2439 1675 signum
2472 1615 2523 1660 et
2562 1605 2823 1660 indicium
2875 1614 3077 1659 nostrae
3111 1605 3174 1657 ad
3208 1606 3384 1672 ipsum
3417 1620 3617 1671 cogna-

345 1677 699 1745 οἰκειότητος,
731 1681 819 1735 ῐνα
850 1685 924 1754 μὴ
953 1686 1051 1737 καὶ
1076 1687 1174 1757 τὴν
1209 1687 1489 1742 υίοθεσίαν
1521 1692 1613 1743 καὶ
1647 1691 1747 1759 τὴν
1776 1692 1933 1746 εὐλο-

2035 1698 2213 1761 tionis,
2252 1707 2305 1752 ut
2342 1712 2448 1752 non
2477 1697 2793 1751 liliationem
2821 1706 2876 1750 et
2906 1696 3340 1751 benedictionem
3371 1704 3425 1750 et
3447 1697 3616 1750 disci—
3724 1722 3739 1730 ι

345 1769 468 1833 γίαν
505 1772 599 1823 καὶ
623 1771 722 1841 τὴν
748 1773 886 1842 πρὸς
931 1776 1096 1830 αὐτὸν
1142 1779 1443 1849 μαθητείαν
1492 1782 1925 1854 ἀποσαλώμεθα,

347 1861 567 1930 καὶτῆς
612 1866 1031 1939 ἐπηγγελμένης
1072 1871 1397 1943 ἐκπέσωμεν
1429 1874 1596 1945 ζωῆς,
1656 1878 1753 1930 καὶ
1788 1879 1929 1932 ἀπο-

346 1953 689 2021 κλεισθῶμεν
727 1956 822 2010 τοῦ
855 1963 1235 2030 πνευματικοῦ
1295 1967 1589 2036 νυμφῶνος
1612 2008 1628 2031 ,

347 2044 517 2097 αὐτοῦ
538 2045 629 2098 τοῦ
660 2048 1221 2126 εἰρηνάρχουξΠατ-ρὸς
1240 2057 1598 2127 ἀκούσωμεν⁸
1625 2080 1643 2113 ι
1668 2062 1780 2115 Οὐκ
1805 2056 1928 2117 οἰδα

346 2132 493 2200 ὑμᾶς
514 2151 529 2167 ο
555 2137 889 2209 ἀποχωρεῖτε
925 2144 1022 2194 ἀπ’
1066 2145 1201 2215 ἐμοῦ
1251 2150 1300 2200 οἰ
1342 2148 1439 2202 τοῦ
1471 2152 1667 2220 μίσους
1699 2153 1793 2205 καί
1828 2154 1928 2222 τῆς

344 2226 549 2296 ἔχθρας
577 2230 667 2284 καὶ
693 2232 801 2286 τῶν
833 2236 1144 2291 σκανδάλων
1178 2239 1399 2294 αἰτιοιί
1438 2243 1518 2309 ὃς,
1556 2245 1641 2297 ἵνα
1669 2244 1742 2314 μὴ
1770 2245 1931 2298 τοῦτο

344 2320 609 2389 πάθωμεν
632 2362 646 2385 ,
677 2323 765 2377 διά
796 2326 904 2378 τῶν
932 2327 1105 2395 ἁγίων
1145 2331 1314 2385 αὐτοῦ
1353 2334 1615 2404 μαθητῶν
1648 2340 1742 2391 καὶ
1788 2338 1927 2389 ἀπο-

346 2413 554 2466 στόλων
582 2421 743 2469 παντί
775 2418 851 2488 τῷ
886 2420 1075 2491 κόσμῳ
1099 2425 1200 2493 τὴν
1227 2427 1451 2497 εἰρήνην
1490 2429 1785 2482 ἀπέστειλε
1806 2446 1820 2461 ο
1848 2430 1929 2483 διὸ

343 2506 438 2559 καὶ
473 2507 628 2561 αὐτοὶ
648 2510 741 2564 καὶ
764 2514 820 2565 ἐν
859 2517 979 2573 ταῖς
1013 2517 1243 2581 οἰκείαις
1269 2520 1510 2589 ὁμιλίαις
1541 2523 1634 2575 καὶ
1660 2525 1773 2581 τοῖς
1798 2540 1930 2585 συγ-

340 2597 639 2666 γράμμασι
679 2603 883 2669 ταύτην
918 2608 1024 2676 πρὸ
1057 2611 1276 2663 πάντων
1322 2612 1536 2666 τιθέασι
1576 2616 1686 2668 τῶν
1726 2618 1924 2686 λόγων,

337 2687 523 2761 Χάρις
546 2690 676 2762 ὑμῖν
704 2696 798 2747 καὶ
835 2696 1026 2768 εἰρήνη
1055 2700 1162 2752 ἀπὸ
1207 2701 1367 2767 Θεοῦ,
1406 2708 1921 2777 προοιμιαζόμενοι.

340 2778 565 2852 Ταύτην
589 2786 682 2836 καὶ
720 2786 902 2854 ἡμεῖς,
936 2787 1012 2851 ὡς
1053 2789 1325 2859 ὑπηρέται
1360 2794 1461 2864 τῆς
1492 2797 1719 2849 ἐκείνων
1746 2798 1932 2853 διακο-

337 2871 489 2938 νίας,
509 2873 639 2942 ὑμῖν
668 2877 873 2946 ἥκομεν
901 2880 1105 2946 ἀρτίως
1130 2884 1470 2953 κομίζοντες,
1501 2888 1593 2942 καὶ
1622 2891 1759 2959 μετά
1787 2891 1932 2944 Παύ-

336 2961 431 3017 λου
488 2966 624 3040 πρδς
655 2969 798 3034 ὑμᾶς
828 2969 1093 3041 λέγομεν·
1148 2992 1166 3024 ι
1208 2974 1444 3047 Εἰρήνην
1500 2978 1730 3032 διώκετε
1790 2983 1930 3051 μετᾶ

338 3058 566 3112 πάντων
597 3062 692 3116 καὶ
734 3061 824 3115 τὸν
859 3064 1134 3135 ἀγιασμδν
1182 3062 1251 3137 ἧς
1298 3070 1467 3139 χωρὶς
1516 3070 1696 3134 οὐδεὶς
1738 3070 1930 3140 liquerat

337 3147 429 3201 τὸν
480 3149 701 3218 Κύριον.
732 3170 761 3203 ιλ
786 3153 845 3205 Εἰ
864 3154 929 3207 δὲ
956 3158 1127 3225 χωρὶς
1157 3159 1255 3227 τῆς
1284 3159 1420 3229 μετά
1457 3160 1679 3216 πάντων
1706 3163 1935 3234 εἰρήνης

338 3241 522 3306 οὐδεὶς
541 3243 734 3313 ὄψεται
758 3247 852 3300 τὸν
881 3249 1036 3315 Θεὸν,
1072 3252 1110 3303 ὁ
1133 3252 1269 3322 μηδὲ
1297 3253 1439 3322 μετὰ
1461 3253 1573 3307 τῶν
1603 3256 1932 3326 πατριωτῶν

337 3334 643 3405 εἰρηνεύων
693 3339 812 3401 πῶς
855 3340 1048 3410 ὄψεται
1079 3317 1169 3396 τον
1199 3317 1340 3398 ,Θεδν
1375 3347 1434 3399 ἐν
1467 3346 1629 3401 αἰῶνι
1662 3317 1742 3417 τῶ
1792 3349 1935 3420 μέλ-
1959 3317 2001 3373 c

336 3425 493 3481 λοντι
523 3446 538 3495 ;
574 3429 696 3492 Πῶς
742 3431 797 3484 δὲ
833 3433 932 3487 οὐκ
967 3424 1263 3492 ἀκούσεται
1304 3438 1429 3491 τότε
1454 3452 1470 3468 ⁶
1533 3458 1553 3492 ι
1603 3440 1854 3513 Ἀρθήτω
1902 3444 1930 3494 ὁ

338 3518 552 3589 ἀσεϐής
598 3521 685 3575 ἵνα
717 3523 791 3593 μὴ
820 3525 917 3579 ἴδοι
937 3528 1038 3600 τὴν
1062 3528 1221 3596 δόξαν
1255 3532 1498 3603 Κυρίου;
1531 3551 1551 3586 ι
1599 3532 1742 3589 Ἀλλ’
1774 3534 1932 3603 ὑμῶν

341 3612 558 3681 μηδένα
590 3614 801 3682 γένοιτο
831 3619 1038 3689 ταύτης
1067 3622 1303 3677 ἀκοῦσαι
1324 3625 1425 3696 τῆς
1452 3626 1793 3691 ἀπευκταίας
1819 3645 1933 3695 φω-

337 3705 459 3773 νῆς,
508 3705 642 3761 ἀλλὰ
674 3711 1135 3781 καταλλαγέντας,
1171 3718 1267 3770 καί
1297 3719 1669 3790 συναχθέντας
1701 3719 1792 3773 διά
1826 3720 1925 3786 τῆς

339 3795 575 3865 εἰρήνης
622 3800 717 3852 καὶ
746 3802 971 3874 ἀγάπης
1020 3807 1118 3860 καὶ
1171 3809 1426 3878 ὁμονοίας
1453 3811 1535 3873 εἰς
1566 3809 1647 3874 ἓν,
1692 3810 1753 3862 ἐν
1783 3810 1934 3879 μέσῳ

340 3885 487 3957 ἔχειν
539 3891 727 3959 αὐτὸν,
752 3897 895 3951 κατά
928 3897 1029 3969 τὴν
1057 3901 1226 3955 αὐτοῦ
1277 3903 1540 3971 γλυκεῖαν
1568 3902 1931 3972 ἐπαγγελίαν,

340 3978 431 4031 τὸν
482 3979 696 4050 Κύριον
730 3986 887 4055 ἡμῶν
932 3989 1143 4059 Ἰησοῦν
1204 3992 1467 4062 Χριστὸν,
1497 3992 1934 4064 ὲξευμαρίζοντα

342 4072 443 4137 μὲν
473 4074 616 4143 ἡμῖν
665 4075 763 4147 τὴν
789 4079 884 4132 τού
938 4082 1209 4154 παρόντος
1240 4084 1359 4154 βίου
1400 4084 1746 4157 δυσχέρειαν,
1778 4102 1940 4156 χαρι-

340 4162 577 4234 ζόμενον
601 4167 658 4220 δὲ
685 4170 743 4222 ἐν
777 4173 952 4244 καιρῷ
969 4175 1178 4248 εὐθέτῳ
1208 4177 1259 4248 5
1288 4178 1389 4248 τὴν
1418 4178 1641 4233 αἰώνιον
1669 4176 1815 4249 ζωὴν
1840 4178 1939 4233 καὶ

339 4253 502 4320 δόξαν
528 4297 544 4321 ,
581 4262 674 4312 καί¹
715 4261 994 4330 βασιλείαν
1020 4284 1035 4300 ·
1075 4261 1143 4339 ἦς
1168 4269 1380 4338 γένοιτο
1404 4273 1615 4334 πάντας
1646 4271 1794 4342 ἡμᾶς
1821 4273 1943 4324 ἔπι-

340 4353 536 4418 τυχεῖν
599 4353 782 4422 χάριτι
842 4358 936 4411 καὶ
987 4359 1375 4433 φιλανθρωπίᾳ
1421 4362 1515 4416 τοῦ
1570 4362 1938 4434 εἰρηνοδὼρου

2034 1790 2286 1860 pulorum
2348 1791 2578 1859 gratiam
2635 1789 2975 1854 amittamus,
3027 1802 3236 1843 necnon
3274 1804 3301 1839 a
3351 1788 3619 1856 promissa

2034 1882 2353 1936 excidamus
2384 1881 2515 1945 vita,
2550 1888 2605 1934 et
2632 1880 2919 1949 ejiciamur
2945 1894 2973 1932 a
3003 1878 3275 1945 spirituali
3307 1892 3530 1944 sponso,
3562 1887 3621 1931 et

1673 1972 1767 2025 καὶ
1794 1972 1925 2041 παρ’
1957 1978 2005 2040 Β
2033 1975 2100 2029 ab
2122 1974 2242 2043 ipso
2269 1975 2421 2043 pacis
2455 1974 2707 2042 principe
2739 1972 2898 2026 Patre
2946 1970 3268 2025 audiamus:
3307 1971 3454 2022 «Non
3489 1968 3615 2021 novi

2030 2082 2163 2135 vos;
2212 2067 2482 2123 discedite
2519 2082 2546 2120 a
2587 2083 2672 2120 me
2698 2065 2789 2134 qui
2845 2064 3031 2118 odium
3074 2073 3128 2118 et
3162 2063 3505 2116 inimicitiam
3563 2068 3620 2114 et

2029 2155 2283 2209 scandala
2317 2152 2621 2221 operamini
2653 2154 2772 2219 ηις
2808 2150 2924 2219 qui,
2956 2164 3022 2204 ne
3058 2149 3157 2203 ista
3197 2150 3489 2217 patiamur,
3522 2162 3620 2215 per

2029 2258 2248 2299 sanctos
2265 2258 2391 2298 suos
2423 2242 2719 2311 discipulos
2735 2251 2790 2295 et
2821 2240 3097 2311 apostolos
3120 2240 3173 2291 in
3199 2252 3415 2291 omnem
3452 2254 3615 2299 mun-

2030 2334 2154 2387 dum
2184 2349 2368 2402 pacem
2401 2333 2575 2398 misit;
2610 2333 2730 2386 ideo
2748 2340 2802 2385 et
2832 2331 2921 2386 isti
2959 2333 3015 2386 in
3049 2330 3334 2399 colloquiis
3360 2330 3614 2397 scriptis«

2029 2440 2137 2496 que
2168 2427 2284 2480 suis
2334 2425 2485 2479 illam
2533 2432 2590 2478 ut
2624 2424 2905 2492 praemium
2956 2423 3213 2478 omnibus
3273 2430 3618 2489 anteponunt

2031 2517 2375 2573 sermonibus
2397 2517 2672 2571 dicentes:
2710 2515 2898 2571 Gratia
2935 2516 3092 2570 vobis
3116 2526 3171 2570 et
3206 2530 3304 2584 pax
3329 2531 3357 2570 a
3390 2517 3521 2569 Deo.
3548 2514 3621 2569 ll-

2032 2609 2139 2662 lam
2179 2617 2233 2663 et
2263 2625 2362 2663 nos
2395 2609 2625 2663 istorum
2653 2608 2943 2664 ministerii
2967 2608 3214 2663 ba-redes
3235 2611 3302 2662 ad
3332 2623 3426 2663 vos
3460 2608 3619 2663 modo

2031 2702 2350 2757 advenimus
2376 2702 2686 2766 aﬂ’erentes,
2717 2711 2772 2757 et
2819 2711 2944 2768 post
2970 2700 3197 2755 Paulum
3242 2700 3394 2755 vobis
3438 2701 3623 2755 dicen-

2033 2806 2152 2850 tes:
2201 2795 2424 2849 «Pacem
2468 2795 2761 2864 sequimini
2827 2810 2951 2848 cum
3016 2795 3275 2857 omnibus
3322 2802 3376 2847 et
3411 2792 3619 2847 sancti-

2033 2887 2271 2940 moniam
2299 2886 2416 2942 sine
2432 2902 2538 2957 qua
2567 2901 2728 2941 nemo
2751 2886 2954 2940 videbit
2981 2884 3147 2939 Deum
3177 2885 3274 2939 ⁸⁷.»
3312 2884 3512 2939 Verum
3548 2885 3618 2947 si,

2033 2979 2135 3035 nisi
2163 2994 2266 3049 pax
2288 2994 2412 3035 cum
2438 2979 2690 3034 omnibus
2707 2988 2975 3043 servetur,
2997 2994 3156 3033 nemo
3176 2979 3376 3032 videbit
3408 2978 3574 3032 neunt
3600 2992 3617 3041 ;

2033 3073 2123 3142 qui
2174 3088 2298 3126 cum
2325 3073 2538 3128 civibus
2570 3072 2682 3127 suis
2736 3087 2844 3125 non
2884 3071 3108 3139 paciﬁce
3140 3070 3295 3133 vivit,
3337 3069 3615 3139 quomodo

2038 3164 2204 3218 Deum
2232 3163 2438 3218 videbit
2468 3164 2521 3217 in
2557 3164 2756 3217 saeculo
2788 3161 3013 3216 futuro?
3042 3162 3321 3229 Quomodo
3355 3172 3481 3215 tunc
3514 3178 3616 3216 nou

2036 3258 2256 3313 audiet:
2293 3274 2312 3308 ι
2352 3256 2635 3327 Dispereat
2667 3255 2872 3325 impius
2904 3271 2977 3312 ne
3023 3255 3198 3310 videat
3230 3256 3458 3325 gloriam
3512 3253 3619 3308 Do-

2035 3348 2169 3403 mini
2205 3348 2294 3402 ¹⁸⁴ἰ
2323 3348 2427 3403 Sed
2471 3349 2677 3402 utinam
2703 3360 2945 3403 vestrum
2984 3346 3165 3400 nullus
3198 3346 3336 3399 hanc
3374 3356 3621 3399 metuent-

2035 3441 2156 3493 dam
2189 3454 2372 3494 vocem
2395 3439 2604 3505 audiat,
2635 3439 2727 3494 sed
2748 3437 3081 3494 reconciliati
3114 3448 3168 3492 et
3195 3437 3535 3507 congregrati
3565 3436 3620 3489 iu

2036 3549 2203 3587 unum
2250 3549 2347 3602 per
2392 3548 2582 3603 pacem
2615 3542 2670 3588 et
2719 3531 3045 3587 cltaritatem
3098 3541 3154 3587 et
3185 3531 3535 3585 concordiam
3564 3529 3621 3584 in

2038 3624 2218 3678 medio
2250 3624 2423 3691 ipsqu
2454 3623 2701 3678 habeatis
2722 3661 2737 3686 ,
2770 3622 3069 3679 secundum
3111 3637 3332 3677 suavem
3386 3622 3625 3692 promis-

2036 3716 2568 3779 siuuem,Dominum
2594 3722 2835 3769 nostrum
2864 3712 3052 3770 Iesum
3070 3713 3375 3780 Christum,
3413 3713 3504 3782 qui
3530 3730 3628 3767 no-

2040 3806 2123 3861 bis
2157 3803 2647 3874 explanabithujus
2677 3804 2801 3855 vita:
2833 3800 3202 3864 difﬁcultates,
3241 3814 3452 3854 necnon
3487 3810 3624 3853 tem-

2040 3912 2172 3966 pore
2198 3907 2503 3966 opportuno
2534 3896 2794 3964 largietur
2819 3904 3082 3949 aeternam
3113 3894 3278 3948 vitam
3305 3903 3360 3947 et
3388 3892 3621 3963 gloriam

2039 4000 2093 4045 et
2131 3989 2439 4057 imperimn,
2506 4004 2626 4057 quas
2679 4002 2782 4042 nos
2811 4002 3002 4042 omnes
3046 3985 3305 4053 consequi
3359 3985 3625 4039 concedat

2039 4082 2214 4153 gratia
2248 4092 2303 4136 et
2332 4080 2642 4151 benignitas
2692 4081 2843 4151 pacis
2891 4079 3168 4150 largitoris
3201 4078 3290 4133 Dei
3321 4086 3375 4133 et
3412 4076 3624 4130 Domini

2039 4175 2213 4231 nostri
2262 4173 2390 4229 Jesu
2425 4174 2655 4238 Christi,
2687 4174 2771 4228 cui
2800 4174 3001 4244 gloria,
3046 4182 3306 4242 potestas,
3369 4172 3544 4225 honor
3573 4182 3629 4224 ct
3688 4238 3702 4245 Δ

2041 4267 2283 4321 adoratio
2308 4274 2429 4320 cum
2464 4275 2669 4320 aeterno
2698 4266 2831 4333 ejus'
2869 4265 3037 4320 Patre
3067 4274 3120 4319 et
3157 4264 3469 4319 viviﬁcante
3505 4263 3629 4333 Spi-

2042 4362 2171 4425 ritu,
2202 4375 2348 4414 nunc
2370 4369 2424 4413 et
2452 4374 2669 4427 semper
2686 4370 2738 4413 et
2772 4360 2827 4412 in
2858 4360 3078 4413 saecula.
3113 4358 3307 4411 Amen.

338 4441 476 4495 Θεοῦ
513 4443 615 4495 καὶ
646 4445 855 4516 Κυρίου
905 4449 1066 4521 ήμῶν
1116 4452 1293 4525 Ἰησοῦ
1334 4454 1618 4524 Χριστου·
1653 4452 1697 4523 ᾧ
1727 4456 1929 4527 πρέπει
1966 4453 2116 4519 δόξα,
2155 4452 2378 4522 κράτος,
2413 4454 2547 4524 τιμὴ
2575 4452 2671 4505 καὶ
2704 4452 3098 4522 προσκύνησις,
3171 4452 3271 4503 σὺν
3325 4449 3401 4520 τῷ
3460 4450 3629 4519 ἀνάρ-

340 4550 423 4605 χῳ
451 4534 627 4589 αὐτοῦ
653 4536 828 4609 Πατρὶ
864 4543 960 4597 καὶ
989 4543 1069 4597 τῶ
1092 4544 1346 4608 ζωοποιῶ
1376 4548 1657 4620 Πνεύματι
1687 4548 1784 4604 νῦν
1813 4551 1907 4603 καὶ
1945 4548 2054 4615 ἀεὶ,
2090 4545 2186 4599 καὶ
2218 4546 2297 4609 εἰς
2325 4546 2451 4609 τοὺς
2479 4548 2706 4607 αἰῶνας.
2750 4546 2944 4615 Ἀμήν.

969 4659 1216 4715 ΟΜΙΛΙΔ
1250 4661 1327 4716 B'.

344 4767 450 4837 Εἰς
478 4771 602 4841 τὴν
625 4773 776 4828 κατὰ
826 4775 933 4849 τὸν
964 4776 1243 4849 Τετίὠνην
1300 4776 1399 4830 καί
1448 4777 1555 4831 τὸν
1602 4780 1940 4849 Φαρισαῖον

752 4845 857 4901 τοῦ
899 4846 1126 4915 Κυρίου
1168 4848 1550 4917 παραϐολήν.

418 4935 675 5008 Εὖπορός
710 4939 859 4992 ἔστιν
916 4941 994 5002 εἰς
1036 4939 1237 4994 κακίαν
1296 4943 1324 4993 ὁ
1367 4943 1560 5011 νοητὸς
1603 4944 1706 5013 τῆς
1737 4943 1942 5008 κακίας

345 5031 708 5101 προστάτης,
749 5033 845 5086 καὶ
912 5031 1080 5095 πολὺς
1137 5032 1243 5103 ἤδη
1288 5034 1800 5105 καταδαλλομένους
1862 5038 1943 5100 εἰς

344 5123 537 5193 ψυχὴν
571 5124 699 5187 τοὺς
730 5123 837 5195 τῆς
887 5124 1092 5194 ἀρετῆς
1124 5124 1411 5195 θεμελίους
1436 5127 1533 5194 τὴν
1568 5126 1746 5200 ἀρχὴν
1774 5128 1942 5191 εὐθὺς

347 5213 661 5285 ὐπσσύραι,
693 5214 760 5268 δι’
796 5215 1154 5279 ἀνελπιστίας
1208 5220 1303 5269 καὶ
1334 5217 1594 5280 ἀπιστίας
1625 5233 1640 5247 ·
1680 5217 1848 5281 πολὺς
1885 5217 1943 5271 δὲ

346 5309 444 5362 καὶ
478 5308 597 5370 τοῖς
627 5308 825 5379 τοίχοις
862 5302 975 5361 οἷον
1026 5310 1469 5379 ἀνεγειρομένοις
1510 5310 1608 5380 τῆς
1662 5310 1787 5364 κατ’
1814 5312 1945 5380 ἀρι-

346 5402 451 5469 τὴν
482 5400 687 5465 οἰκίας,
720 5400 924 5470 μεταξύ
952 5403 1117 5456 πάλιν
1148 5402 1438 5457 ἐπιθέσθαι
1485 5404 1555 5456 δι’
1586 5403 1818 5472 ἀκηδίας
1846 5405 1943 5458 καὶ

352 5491 636 5563 ῥᾳθυμίας
662 5508 675 5522 ·
717 5493 800 5546 ἔτι
856 5495 913 5546 δὲ
972 5496 1063 5548 καὶ
1106 5495 1272 5548 αὐτὸν
1308 5496 1806 5567 ὲπῳκοδομημένον
1840 5497 1941 5567 ἢδη

349 5581 445 5635 τὸν
475 5583 681 5653 ὄροφον
710 5584 820 5639 τῶν
852 5585 1071 5655 ἀγαθῶν
1110 5586 1290 5657 ἔργων
1316 5587 1385 5641 δι’
1429 5588 1811 5658 ὑπερηφανίας
1846 5595 1942 5643 καὶ

354 5674 627 5739 ἀπονοίας
656 5681 1037 5749 κατενεγκείνί
1066 5680 1229 5736 Ἀλλὰ
1280 5685 1463 5754 στῆτε,
1505 5684 1581 5754 μὴ
1630 5684 1941 5754 πτοηθῆτεο

435 5856 481 5887 ¹⁸
516 5855 681 5931 hiare.
716 5875 790 5921 Ix,
822 5860 911 5915 49.
993 5861 1035 5892 ίί
1063 5861 1219 5917 Joau.
1259 5880 1378 5931 xm,
1409 5865 1500 5921 35.

360 5943 496 5993 xxv,
532 5927 602 5979 10
637 5944 745 5984 sec.
780 5947 899 5987 ιιι.
985 5934 1024 5963 ¹⁹
1077 5933 1207 5989 Luc.
1265 5927 1416 6002 xviii,
1462 5937 1525 5989 lO
1559 5952 1713 6007 seqq.

2632 4655 2916 4715 HOMILIA
2956 4660 3023 4713 ll.

2039 4772 2107 4828 In
2155 4772 2485 4827 ﬂaminicam
2551 4773 2615 4827 de
2668 4772 2961 4827 Publicano
3026 4781 3077 4827 et
3137 4771 3407 4827 Pharist
3462 4792 3625 4843 para-

2683 4844 2857 4898 bolam
2887 4844 2956 4899 ¹⁹.

2106 4941 2330 4995 Astutus
2357 4948 2442 4994 est
2488 4938 2541 4994 in
2590 4938 2853 4991 malitiam
2884 4937 3185 5005 spiritualis
3220 4936 3437 4991 astutiae
3475 4938 3627 5004 prin-

2037 5048 2186 5103 ceps,
2225 5034 2501 5103 multoque
2521 5032 2751 5087 callidus
2775 5031 2900 5086 dolo
2933 5031 3120 5101 utjam
3145 5031 3197 5084 in
3230 5032 3408 5085 anima
3446 5032 3624 5099 impo-

2039 5126 2143 5180 sita
2173 5127 2391 5181 virtutis
2423 5124 2780 5179 fundamenta
2822 5124 3006 5178 statim
3031 5139 3060 5177 a
3092 5124 3363 5199 principio
3394 5124 3624 5178 subruat

2039 5234 2135 5288 per
2166 5220 2599 5290 desperationem
2632 5227 2686 5271 et
2720 5217 3120 5283 inﬁdelitatem,
3191 5218 3427 5271 maxime
3454 5202 3618 5270 etiam

2040 5321 2294 5367 versutus
2330 5321 2387 5365 ut
2410 5308 2523 5379 jam
2550 5318 2765 5365 erectos
2799 5309 3018 5363 virtutis
3050 5310 3242 5362 domus
3269 5324 3455 5362 muros
3483 5308 3627 5379 inte:

2043 5404 2143 5457 rim
2175 5418 2269 5473 per
2313 5403 2581 5473 ignaviam
2626 5411 2682 5456 et
2713 5400 3097 5470 negligentiam
3147 5400 3388 5462 invadat,
3420 5409 3473 5455 et
3503 5414 3629 5453 am~

2041 5496 2181 5565 plius
2214 5504 2273 5549 ut
2302 5493 2477 5565 ipsum
2504 5495 2613 5565 jam
2657 5492 3152 5562 superaedilicatum
3201 5500 3404 5545 tectum
3456 5492 3600 5546 Dono

2043 5604 2160 5642 rum
2189 5604 2416 5658 operum
2440 5602 2540 5656 per
2565 5587 2878 5656 superbiam
2906 5594 2961 5640 ct
2992 5585 3352 5639 temeritatem
3379 5582 3626 5653 dejiciat.

2044 5680 2151 5737 Sed
2183 5690 2346 5746 state,
2369 5680 2538 5735 nolite
2561 5680 2787 5746 terreri;
2821 5678 3072 5734 callidior
3092 5679 3238 5732 enim
3261 5676 3454 5746 estqui
3486 5678 3629 5730 bono

1619 5866 1662 5897 ”
1690 5865 1849 5923 Joan.
1889 5885 1934 5923 xi

2079 5866 2170 5921 ει.
2236 5841 2517 5919 ίὶαιιςιιιιι.
2554 5881 2650 5930 vn,
2696 5863 2787 5919 es.
2868 5864 2908 5895 ιτ
2944 5860 3108 5917 una.
3142 5876 3239 5926 ιιι,
3285 5859 3370 5914 ιι.
3452 5859 3627 5915 ¹⁸Ιπει.
