4090 6446
485 394 552 459 19
1588 464 1592 466 γ
1732 403 2111 463 GliECUlilI
2154 406 2402 465 PALAM
2427 405 2489 464 ,Β
3660 410 3734 472 20

480 509 772 565 incumbit.
811 511 878 564 Et
906 511 1163 579 majorem
1228 512 1336 566 vim
1374 513 1534 568 habet
1551 515 1724 570 virtus
1756 517 1821 568 ad
1878 515 2044 570 collu~

2164 518 2530 586 εὐπορώτερος
2553 518 2663 588 γάρ
2693 518 2843 570 ἐστιν
2865 518 2923 570 ἐν
2957 519 3184 591 ἀγαθοῖς
3210 516 3240 568 6
3278 517 3590 582 σπουδαῖος.
3625 519 3736 573 Καὶ

477 601 735 657 ctandum
759 601 1616 668 malitim,’cmlestibusditescens
1632 604 2044 675 chorisetadju-

479 693 690 747 toribus
719 692 785 747 ab
817 708 882 748 eo
905 694 1026 763 ipso
1047 695 1139 764 qui
1180 696 1361 751 omnia
1391 706 1585 766 potest,
1603 711 1903 766 omnesque
1932 698 2043 753 vir-

481 785 614 838 tutis
639 793 910 840 amatores
947 800 1043 855 per
1069 784 1364 841 bonitatem
1397 787 1707 852 conﬁrmat,
1735 788 1807 842 ita
1844 799 1902 842 ut
1936 803 2042 844 non

479 884 690 931 tantum
722 876 1046 933 inconcussa
1108 889 1327 933 maneat
1356 879 1532 934 virtus
1564 882 1734 937 variis
1757 883 2047 951 pravisque

481 968 778 1023 adversarii
814 969 1087 1023 molientis
1136 969 1404 1033 artiﬁciis,
1435 971 1530 1028 sed
1562 972 1725 1027 etiam
1778 973 1961 1042 lapsos
1991 972 2047 1027 in

478 1058 818 1114 altitudinem
865 1059 1129 1115 malorum
1157 1060 1424 1117 excitatos
1460 1063 1654 1132 erigat,
1688 1077 1899 1117 necnon
1952 1078 2049 1131 per

481 1148 856 1213 penitentiam
885 1158 939 1202 et
968 1148 1324 1205 humilitatem
1365 1149 1432 1205 ad
1458 1146 1626 1207 Deum
1656 1151 1903 1222 benigne.
1927 1168 2051 1221 per—

482 1237 664 1292 ducat.
685 1234 764 1291 Ad
794 1238 1098 1307 exemplum
1120 1240 1325 1295 sullicit
1349 1256 1596 1310 praesens
1620 1242 1897 1312 parabola.
1928 1242 2051 1297 Ete-

483 1326 597 1381 nim
621 1327 941 1396 publicanus
968 1327 1094 1383 licet
1120 1330 1241 1384 talis
1275 1340 1331 1383 et
1371 1331 1527 1400 quasi
1587 1332 1641 1385 in
1697 1331 1898 1401 abysso
1918 1348 2047 1400 pec-

486 1418 593 1473 cati
649 1430 1023 1486 conversatus,
1075 1421 1188 1476 sola
1241 1430 1294 1476 et
1324 1422 1539 1489 quidem
1591 1421 1742 1477 brevi
1795 1424 2044 1477 oratione

486 1510 568 1563 eis
590 1510 679 1580 qui
703 1513 999 1566 secundum
1030 1512 1492 1567 virtutem'vivunt
1520 1515 1888 1581 consociatus,
1916 1515 2052 1569 alle-

486 1611 667 1666 vatur,
698 1602 947 1670 erigitur,
975 1618 1296 1673 omnemque
1317 1605 1541 1673 pedibus
1572 1604 1744 1659 calcat
1765 1604 2050 1673 malitiam,

484 1700 542 1746 et
573 1694 843 1761 justorum
894 1694 1064 1749 choro
1096 1694 1389 1749 ascribitur
1440 1696 1510 1749 ab
1554 1695 1670 1765 ipso
1732 1696 2049 1766 incorrupto

480 1781 665 1850 judice
681 1783 1036 1853 iustiﬁcatus.
1061 1784 1370 1842 Phariam-us
1389 1795 1569 1841 autem
1595 1787 1713 1842 solo
1735 1788 1901 1843 verbo
1923 1802 2056 1843 con-

483 1874 789 1939 demnatur,
811 1876 938 1931 licet
962 1874 1288 1942 Pharisaeus,
1311 1888 1365 1932 et
1393 1878 1716 1948 sibimetipsi
1745 1878 1899 1934 visus
1928 1894 2051 1936 esse
2081 1861 2126 1917 Β

485 1970 713 2040 aliquid,
749 1971 847 2025 sed
886 1972 1201 2041 noniustus
1252 1973 1306 2026 in
1362 1972 1612 2037 veritate,
1680 1985 1734 2026 et
1791 1972 2055 2027 audacter

485 2076 595 2115 non
625 2077 797 2130 pauco
829 2060 1022 2118 affatus
1042 2063 1093 2117 in
1121 2063 1320 2132 quibus
1350 2071 1427 2119 tot
1448 2074 1604 2117 erant
1636 2063 1801 2118 Deum
1822 2064 1889 2119 ad
1920 2062 2055 2118 iram

485 2149 839 2216 concitantia,
863 2162 995 2223 quot
1025 2153 1211 2208 verba.
1246 2151 1444 2208 Verum
1475 2168 1644 2224 quare
1668 2153 1943 2208 humilitas
1991 2155 2056 2207 ad

485 2236 696 2304 apicem
721 2235 945 2304 justitia:
966 2239 1191 2297 exaltat.
1226 2242 1576 2312 praesumptio
1600 2251 1784 2298 autem
1813 2242 1866 2297 in
1894 2245 2058 2313 abys-

485 2340 609 2380 sum
631 2331 837 2392 peccati
858 2329 1044 2401 dejicit
1063 2331 1088 2385 ‘l
1109 2329 1244 2397 Quia
1267 2332 1356 2387 ille
1378 2333 1597 2403 quidem
1620 2344 1771 2390 ratus
1791 2349 1853 2391 se
1874 2348 2059 2404 quem-

489 2418 613 2470 dam
651 2432 775 2474 esse
828 2436 1105 2490 magnum,
1140 2433 1195 2477 et
1248 2422 1427 2479 taliter
1459 2440 1519 2481 se
1545 2427 1802 2496 opinatus
1869 2441 2057 2482 coram

488 2508 622 2574 Deo,
651 2508 776 2575 jure
803 2527 836 2566 a
855 2510 967 2567 Deo
1000 2512 1418 2584 derelinquitur,
1450 2518 1605 2586 quasi
1633 2517 1780 2572 nullo
1804 2519 1961 2574 modo
1979 2519 2063 2573 vi-

488 2619 584 2659 sus
615 2604 762 2660 illius
798 2605 1040 2676 indigere
1072 2609 1315 2675 auxilio;
1360 2610 1450 2666 ille
1489 2621 1671 2666 autem
1703 2612 1795 2681 qui
1830 2612 2059 2667 nihilum

489 2712 553 2752 se
577 2703 880 2769 praesumit,
910 2710 966 2757 et
1000 2701 1119 2757 ideo
1153 2702 1346 2760 oculos
1374 2703 1521 2760 levat
1545 2704 1614 2760 ad
1640 2719 1870 2773 superna
1899 2705 2060 2759 auxi-

488 2789 586 2857 lia,
609 2791 802 2848 merito
825 2795 1181 2865 consequitur
1208 2812 1237 2850 a
1271 2795 1380 2851 Deo
1412 2797 1861 2863 misericordiam,
1889 2809 1942 2853 et
1960 2814 2059 2851 uu-

488 2875 681 2939 xilium
716 2894 771 2940 et
800 2885 1066 2955 gratiam;
1119 2887 1413 2944 «Dominus
1444 2890 1590 2944 enim
1625 2892 1830 2947 resustit
1866 2905 2062 2960 super-

491 2969 601 3036 bis,
640 2973 929 3031 humilibus
952 2986 1132 3033 autem
1166 2979 1505 3047 datgratiam
1531 2980 1633 3034 ¹⁰.›

2152 608 2325 661 πλείω
2352 608 2451 677 τὴν
2484 609 2637 676 ίσχὺν
2664 610 2776 678 ἔχει
2803 608 2938 678 πρὸς
2956 606 3388 677 ἀντιπαράταξιν
3411 607 3513 676 τῆς
3536 609 3736 670 κακίας

2150 702 2184 770 ἡ
2204 699 2390 768 ἀρετὴ,
2417 700 2514 769 τὴν
2534 700 2738 754 ἀνωθεν
2767 699 3073 754 πλουτοῦσα
3102 699 3369 771 χορηγίαν
3388 700 3480 753 καὶ⁵
3516 716 3732 767 συμμα-

2152 792 2278 861 χίαν
2310 791 2439 860 παρ’
2465 789 2630 845 αὑτοῦ
2659 791 2754 844 τοῦ
2780 791 2850 844 τὰ
2879 792 3058 844 πάντα
3089 788 3384 860 ἰσχύοντος,
3410 790 3505 843 καὶ
3527 788 3733 851 πάντας

2153 881 2281 943 τοὺς
2338 881 2439 946 τῆς
2489 881 2692 949 ἀρετῆς
2737 881 2975 950 ἐραστάς
3012 879 3437 949 ἐνδυναμοῦντος
3477 876 3546 932 δι’
3594 881 3732 946 ἀγα-

2158 970 2383 1042 θότητα·
2418 973 2494 1034 ὡς
2539 971 2614 1043 μὴ
2652 971 2789 1041 μόνη
2842 970 3093 1034 ἄσειστος
3144 971 3422 1039 διαμένειν
3460 971 3573 1033 τοῖς
3608 987 3730 1023 συν-

2159 1062 2589 1132 εσκευασμένοις
2633 1060 2740 1115 ὑπὸ
2771 1059 2869 1114 τοῦ
2901 1061 3284 1130 ἀντικειμένου
3325 1059 3594 1121 ποικίλοις
3639 1057 3736 1112 καὶ

2158 1157 2417 1225 πονηροῖς
2472 1153 2886 1223 μηχανήμασιν,
2946 1151 3085 1206 ἀλλὰ
3130 1158 3226 1207 καὶ
3275 1151 3401 1213 τοὺς
3442 1150 3523 1210 είς
3571 1148 3734 1218 βάθος

2157 1246 2503 1315 ἐμπεσόντας
2534 1243 2722 1299 κακῶν
2755 1242 3066 1312 ἀνεγείρειν
3097 1241 3245 1312 ἔχειν
3273 1241 3368 1294 καὶΙ
3401 1240 3729 1305 ἐπανάγειν,

2162 1336 2257 1384 καὶ
2305 1331 2395 1385 διά
2445 1331 2738 1399 μετανοίας
2769 1331 2866 1384 καὶ
2902 1328 3291 1391 ταπεινώσεως
3317 1329 3394 1399 τῷ
3423 1328 3544 1398 Θεῷ
3570 1344 3739 1392 προσ-

2158 1425 2316 1491 άγειν
2369 1423 2488 1492 μετ’
2529 1423 2804 1486 εὐκολίας.
2858 1424 3072 1493 Δεῖγμα
3120 1422 3177 1476 δὲ
3237 1422 3333 1474 καὶ
3386 1420 3735 1488 παράστασις

2158 1515 2409 1585 διαρκής·
2450 1515 2542 1569 καὶ
2572 1513 2682 1584 γὰρ
2730 1514 2759 1567 6
2800 1512 3072 1584 Τελώνης,
3096 1512 3331 1582 τελώνης
3360 1510 3457 1578 ὢν,
3486 1513 3595 1565 καὶ·
3620 1506 3733 1564 οἷον

2159 1607 2238 1677 τῷ
2260 1607 2494 1677 πυθμένι
2522 1605 2625 1676 τῆς
2652 1606 2929 1677 ἁμαρτίας
2958 1603 3397 1674 ἐνδιαιτώμενος,
3416 1604 3561 1673 λόγῳ
3586 1605 3734 1672 μόνῳ

2161 1699 2502 1769 κοινωνήσας
2538 1699 2654 1761 τοῖς
2695 1696 2815 1751 κατ’
2857 1696 3058 1767 ἀρετὴν
3081 1695 3241 1762 ζῶσι,
3276 1696 3373 1750 καὶ
3397 1695 3574 1761 τούτῳ
3606 1696 3738 1764 βρα-
3789 1726 3795 1731 -

2160 1792 2266 1861 χεῖ,
2296 1788 2615 1858 κουφίζεται
2667 1789 2763 1842 καὶ
2808 1786 3035 1857 ὑψοῦται
3077 1788 3173 1839 καὶ
3203 1785 3523 1856 ὑπερϐαίνει
3552 1786 3735 1838 πᾶσαν

2155 1875 2376 1940 κακίαν,
2414 1878 2505 1928 καὶ
2535 1874 2614 1945 τῷ
2645 1873 2791 1947 χορῷ
2835 1874 2944 1928 τῶν
2991 1873 3218 1928 δικαίων
3278 1873 3733 1941 ἐγκαταλέγεται,

2156 1967 2290 2036 παρ’
2346 1966 2509 2020 αὐτοῦ
2562 1965 2984 2035 δεδικαιωμένος
3029 1966 3126 2018 τοῦ
3179 1964 3480 2019 ἀδεκάστου
3518 1961 3731 2032 κριτοῦ.

2156 2060 2223 2114 El
2264 2060 2322 2112 δέ
2364 2062 2459 2113 καὶ
2495 2060 2525 2112 6
2574 2060 2873 2128 Φαρισαῖος
2925 2057 3071 2128 λόγῳ
3113 2054 3559 2119 καταδικάζεται,
3593 2052 3736 2105 ἀλλὰ

2156 2155 2450 2224 Φαρισαῖος
2501 2150 2598 2218 ὢν,
2652 2151 2745 2205 καὶ
2790 2149 2964 2204 δοκῶν
3015 2145 3161 2203 εἶναι
3210 2165 3294 2211 τις
3352 2145 3556 2227 ἐαυτῷ,
3609 2142 3733 2197 ἀλλ’

2122 2232 2261 2304 ὀὐκ
2321 2244 2396 2298 ὣν
2446 2243 2658 2306 δίκαιος
2720 2241 2806 2297 ἐπ’
2861 2241 3159 2311 ἀληθείας,
3194 2239 3290 2292 καὶ
3338 2235 3736 2309 θρασυστομῶν

2158 2337 2258 2390 οὐκ
2284 2335 2463 2404 ὀλίγα.
2492 2336 2551 2388 ἐν
2578 2329 2659 2396 οἷς
2695 2333 2798 2386 οὐκ
2836 2332 3048 2388 ἐλάττω
3080 2331 3190 2384 τῶν
3220 2328 3504 2383 συλλαϐῶν
3531 2326 3601 2381 τά
3634 2325 3728 2380 τὸν

2156 2428 2289 2482 Θεὸν
2313 2426 2735 2498 παροργίζοντα.
2763 2425 2916 2479 Διατί
2943 2425 3002 2479 δέ
3031 2424 3064 2494 ἡ
3095 2423 3194 2492 μὲν
3226 2420 3558 2483 ταπείνωσις
3593 2419 3732 2489 πρὸς

2158 2521 2293 2588 ὕψος
2327 2523 2522 2590 ἀνάγει
2562 2518 2933 2587 δικαιοσύνης,
2986 2518 3021 2587 ἡ
3052 2515 3107 2570 δὲ
3148 2515 3326 2583 οίησις
3366 2513 3505 2584 πρὸς
3562 2510 3727 2580 βυθὸν

2158 2613 2391 2682 κατάγει
2414 2613 2513 2684 τῆς
2540 2610 2855 2683 ἀμαρτίας;
2888 2609 3038 2663 Διότι
3075 2611 3103 2661 6
3143 2610 3241 2678 μὲν
3262 2605 3509 2675 οἰόμενος
3539 2601 3735 2657 ἐαυτὸν

2166 2700 2307 2760 εἶναί
2340 2722 2463 2760 τινα
2498 2704 2690 2774 μέγαν,
2743 2702 2836 2756 καὶ
2893 2700 3071 2756 ταῦτα
3133 2697 3367 2752 ἐνώπιον
3420 2695 3515 2751 τοῦ
3570 2691 3732 2757 Θεοῦ,

2167 2796 2703 2866 ἐγκαταλιμπάνεται
2754 2793 2980 2856 δικαίως
3023 2793 3129 2845 ὑπὸ
3171 2791 3345 2856 Θεοῦ,
3396 2786 3472 2852 ὡς
3510 2787 3586 2856 μὴ
3633 2782 3733 2852 τῆς

2167 2889 2300 2955 παρ’
2331 2890 2541 2942 ἐκείνου
2571 2887 2744 2940 δοκῶν
2782 2884 3008 2956 χρῄζειν
3038 2882 3380 2952 ἐπικουρίας·
3410 2883 3438 2933 6
3476 2878 3534 2933 δέ
3568 2874 3735 2947 μηδὲν

2166 2982 2413 3051 οἰόμενος
2466 2981 2682 3043 ἑαυτὸν,
2735 2980 2834 3032 καὶ
2881 2978 2970 3031 διά
3014 2975 3174 3029 τοῦτο
3226 2974 3437 3045 βλέπων
3487 2972 3568 3033 είς
3603 2970 3733 3030 τοὺς

492 3066 705 3123 ἄνωθεν
740 3070 1105 3141 οἰκτιρμοὺς,
1157 3072 1417 3142 τυγχάνει
1465 3071 1689 3136 δικαίως
1739 3071 1842 3142 τῆς
1901 3074 2054 3143 παρὰ
2084 3075 2186 3157 ⁸’1ιοῦ
2256 3073 2395 3129 Θεοῦ
2435 3070 2783 3142 συμπαθείας
2837 3070 2935 3123 καὶ
3001 3066 3258 3139 βοηθείας
3315 3064 3413 3119 καὶ
3464 3062 3731 3135 χάριτος’

502 3184 526 3221 ε
559 3162 762 3234 Κύριος
808 3163 938 3235 γὰρ,
986 3166 1186 3236 φησιν,
1228 3166 1600 3238 ὑπερηφάνοις
1651 3168 2055 3235 ἀντιτάσσεται,
2087 3172 2369 3233 ταπεινοῖς
2397 3168 2456 3222 δὲ
2474 3168 2660 3221 δίδωσι
2692 3166 2878 3237 χάριν.
2921 3182 2942 3217 ι

565 3300 722 3367 Quod
756 3302 1047 3356 osteiidens
1080 3316 1176 3370 per
1195 3302 1504 3370 parabolam
1540 3301 1823 3370 Dominus,
1863 3325 1882 3358 ι
1917 3305 2056 3372 Duo,

2240 3309 2354 3363 Καὶ
2403 3306 2564 3362 τοῦτο
2615 3305 2832 3367 δεικνὺς
2886 3304 2976 3358 διὰ
3040 3300 3361 3373 παραϐολῆς
3413 3303 3442 3355 6
3503 3300 3732 3370 Κύριος,

496 3392 697 3461 inquit,
750 3391 999 3447 homines
1028 3394 1394 3449 ascenderunt
1442 3395 1497 3448 in
1537 3396 1794 3466 templum
1830 3408 1890 3450 ut
1943 3411 2068 3450 ora—

494 3493 619 3539 rent
639 3500 658 3551 ;
677 3500 816 3539 unus
832 3483 1158 3549 Pbarisams,
1181 3494 1236 3541 et
1258 3485 1397 3541 alter
1420 3487 1744 3543 Publicanus
1767 3490 1871 3542 ⁸³.»
1908 3488 2066 3544 Clare

492 3591 618 3630 cum
654 3577 815 3631 vellet
833 3590 1132 3646 proponere
1163 3576 1480 3634 humilitatis
1498 3579 1784 3635 utilitatem
1805 3589 2065 3649 etsuper-

494 3668 601 3722 biaa
652 3668 931 3733 damnum,
970 3670 1022 3724 in
1070 3673 1205 3725 duos
1233 3670 1446 3740 collegit
1491 3685 1679 3727 omnes
1708 3671 1766 3725 in
1807 3673 2064 3740 templum

495 3771 806 3831 pergentes,
841 3776 936 3816 seu
970 3763 1151 3832 potius
1182 3763 1249 3817 ad
1282 3763 1460 3831 ipsum
1483 3765 1860 3819 ascendentes.
1898 3762 2058 3817 Tales

496 3852 644 3907 enim
670 3861 798 3908 sunt
825 3853 917 3922 qui
949 3854 1214 3909 orationis
1238 3868 1399 3917 causa
1432 3854 1498 3907 ad
1527 3855 1787 3918 templum
1813 3853 1909 3908 Dei
1937 3836 2060 3922 per-

499 3954 652 4013 sunt:
687 3958 810 3998 nam
836 3944 951 3997 hae
977 3953 1060 3999 est
1083 3943 1347 3999 orationis
1368 3954 1586 3997 natura.
1622 3946 1665 3997 Δ
1688 3954 1832 3997 terra
1863 3945 1915 3996 in
1949 3956 2066 3998 coe-

496 4036 610 4090 lum
672 4035 942 4089 hominem
966 4050 1126 4096 quem
1161 4035 1306 4088 omni
1334 4033 1636 4089 cmiestium
1680 4042 1935 4103 superato
1966 4049 2068 4087 no-

500 4129 651 4184 mine
678 4141 732 4183 et
766 4128 1052 4183 altitudine
1080 4136 1136 4182 et
1189 4128 1477 4198 dignitate,
1514 4129 1614 4198 ipsi
1664 4142 1829 4198 super
1878 4128 2065 4183 omnia

498 4224 615 4276 Deo
642 4221 827 4275 oﬂert.
873 4219 1004 4273 Erat
1029 4220 1190 4274 etiam
1223 4219 1482 4287 templum
1540 4220 1670 4275 illud
1698 4221 1983 4289 antiquum
2010 4222 2064 4275 iu

502 4312 792 4367 altitudine
823 4313 1078 4381 positum,
1101 4311 1152 4364 in
1184 4326 1392 4366 summa
1443 4312 1686 4376 civitate,
1715 4313 1766 4367 in
1797 4329 1905 4381 quo
1938 4313 2065 4367 olim

503 4404 764 4466 culmine,
796 4412 970 4456 morte
1012 4399 1310 4455 Jerusalem
1345 4400 1726 4471 depopulante,
1763 4402 2071 4456 Iethil‘erum

508 4494 757 4563 angelum
789 4494 979 4547 videns
1006 4492 1172 4546 David
1200 4507 1364 4561 super
1399 4497 1584 4547 urbem
1598 4493 1830 4564 gladium
1857 4494 2074 4562 erigen-

505 4598 639 4652 tem,
703 4585 999 4639 ascendens
1055 4582 1341 4638 aedificavit
1412 4585 1483 4639 ihi
1521 4586 1694 4640 altare
1741 4586 2074 4647 Domino,et

505 4678 705 4732 obtulit.
754 4677 808 4731 in
839 4690 909 4730 eo
964 4676 1287 4730 sacriﬁcium
1338 4676 1472 4742 Deo,
1512 4686 1568 4732 et
1592 4677 1742 4732 stetit
1786 4676 2072 4739 contritio;

506 4784 628 4838 qua:
669 4767 811 4823 facta
842 4776 970 4823 sunt
1002 4764 1055 4821 in
1087 4766 1314 4837 ﬁgurata
1351 4768 1608 4822 salutaris
1661 4766 2073 4836 spiritualisque

503 4879 604 4934 per
634 4862 937 4917 orationem
995 4871 1238 4917 sanctam
1296 4860 1653 4921 ascensionis,
1708 4869 1763 4912 et
1791 4873 1892 4925 per
1952 4872 2072 4911 eam

506 4955 741 5008 obtenta:
774 4952 1224 5008 saiutiltcatiouis
1258 4967 1278 5015 ς
1309 4951 1589 5018 ligurativa
1619 4949 1763 5003 cnim
1794 4958 1948 5001 erant
1984 4947 2071 4999 illa

507 5048 686 5101 omnia
720 5056 938 5116 propter
978 5045 1210 5101 salutem
1242 5054 1482 5099 nostram
1510 5060 1525 5109 ;
1587 5042 1690 5101 vel,
1728 5041 1776 5094 si
1806 5039 2065 5102 volueris,

506 5139 710 5195 ﬁebant
759 5140 812 5193 iu
867 5140 1093 5207 ﬁguram
1133 5146 1336 5191 nostra:
1386 5136 1542 5189 istius
1572 5133 1832 5188 Ecclesia:
1870 5144 2075 5187 sanctae

508 5246 630 5297 quae
660 5244 789 5283 vere
840 5230 896 5282 in
933 5243 1146 5282 summo
1202 5232 1343 5290 stat,
1371 5241 1494 5279 cum
1534 5224 1811 5291 angelicus
1861 5224 1998 5278 alius
2026 5231 2079 5275 et

506 5321 745 5376 caeleStis
795 5319 966 5383 locus,
1012 5322 1065 5372 iu
1092 5332 1198 5387 quo
1246 5318 1311 5369 ad
1363 5315 1847 5370 sanctilicationem
1919 5316 2082 5369 totius

510 5418 695 5469 ιιιιιιιιιί
728 5413 1026 5483 mortisque
1078 5412 1464 5466 contritionem
1503 5420 1557 5463 et
1593 5411 1716 5463 vita:
1754 5410 2079 5465 immortalis

513 5508 926 5569 abundantiam,
961 5506 1302 5559 incruentum
1333 5511 1389 5554 et.
1410 5516 1660 5571 magnum
1685 5512 1739 5556 et
1765 5517 1890 5557 vere
1924 5517 2081 5558 acce-

464 5644 468 5651 .
513 5601 715 5668 ptahile
763 5600 871 5651 Deo
896 5597 1121 5651 oll‘ertur
1163 5593 1519 5649 sam-ilicium.
1576 5592 1740 5661 Igitur
1787 5604 2072 5663 propterea

587 5826 632 5860 '°
666 5823 825 5880 Prov.
878 5837 962 5888 ιιι,
990 5822 1076 5876 52.
1154 5823 1192 5854 ²¹
1230 5821 1361 5876 an.
1399 5836 1549 5890 xvm,
1602 5820 1666 5875 lt)

2178 3416 2205 3454 ιλ
2226 3399 2562 3469 Ἄνθρωποι,
2596 3397 2752 3467 φησὶ,
2781 3395 2875 3449 δύο
2906 3394 3178 3463 ἀνέϐησαν
3207 3392 3289 3455 είς
3319 3390 3379 3445 τὸ
3400 3390 3543 3460 ίερὸν
3560 3408 3737 3461 προσο

2173 3491 2436 3557 εύξασθαι
2462 3507 2476 3521 ο
2506 3490 2535 3543 6
2562 3483 2649 3550 ἐἷς
2680 3487 2995 3555 Φαρισαῖος,
3028 3483 3123 3537 καὶ
3149 3484 3177 3537 6
3206 3480 3394 3550 ἕτερος
3427 3472 3733 3547 Τελώνης.ι

2172 3583 2356 3638 Θέλων
2392 3578 2636 3650 ἐναργῶς
2659 3577 3014 3648 παραστῆσαι
3042 3574 3105 3626 τδ
3133 3574 3199 3625 ἐκ
3227 3571 3328 3640 τῆς
3353 3569 3739 3630 ταπεινώσεως

2172 3674 2387 3742 κέρδος,
2421 3671 2520 3725 καὶ
2557 3670 2659 3736 τὴν
2686 3670 2752 3721 ἐκ
2798 3668 2900 3737 τῆς
2951 3662 3333 3733 ὑπερηφανίας
3377 3660 3605 3731 ζημίαν,
3659 3660 3740 3720 είς

2171 3766 2266 3819 δύο
2302 3765 2465 3818 διεῖλε
2489 3763 2700 3824 πάντας
2728 3760 2857 3823 τοὺς
2878 3758 2959 3828 τῷ
2983 3755 3114 3826 ίερῷ
3152 3755 3500 3822 προσιόντας,
3540 3751 3741 3822 μᾶλλον

2171 3856 2230 3910 δὲ
2256 3855 2384 3919 τοὺς
2411 3856 2494 3917 είς
2526 3853 2661 3908 αὐτὸ
2719 3850 2989 3913 ἀνιόντας.
3022 3841 3181 3901 Οὗτοι
3208 3845 3267 3898 δι
3312 3845 3454 3898 εἰσιν
3488 3844 3539 3897 oi
3574 3858 3741 3913 προσ-

2171 3947 2340 4019 ευχῆς
2388 3946 2552 4000 ἕνεκα
2586 3944 2667 4015 τῷ
2703 3943 2798 3997 τοῦ
2827 3940 2965 3995 Θεοῦ
3000 3938 3113 4008 ναῷ
3142 3936 3483 4008 προσιόντες*
3515 3933 3737 4002 τοιαύτη

2130 4056 2133 4057 ⁷
2172 4043 2281 4110 γὰρ
2304 4043 2337 4110 η
2369 4039 2468 4109 τῆς
2497 4036 2807 4106 προσευχῆς
2836 4032 3090 4103 φύσις.Ἀ
3103 4030 3171 4083 πὸ
3198 4030 3256 4100 6
3283 4030 3385 4099 γῆς
3408 4029 3487 4091 είς
3515 4027 3744 4098 οὐρανὸν

2176 4134 2370 4201 ἀνάγει
2411 4131 2505 4185 τδν
2553 4129 2863 4197 ἄνθρωπον,
2918 4124 3013 4177 καὶ
3047 4123 3157 4175 πᾶν
3209 4123 3531 4188 ἐπουράνιον
3570 4119 3740 4185 ὑπερ-

2174 4223 2321 4276 ϐᾶσα
2375 4220 2471 4275 καὶ
2511 4220 2684 4287 ϐνομα
2728 4217 2825 4270 καὶ
2880 4213 3083 4284 ὕψωμα
3133 4213 3232 4265 καὶ
3288 4210 3542 4277 ἀξίωμα,
3594 4206 3743 4274 αὐτῷ

2177 4314 2479 4381 παρίστησι
2534 4309 2722 4362 τοῦτον
2753 4305 2832 4375 τῷ
2861 4306 2956 4358 ἐπὶ
2982 4304 3205 4358 πάντων
3252 4300 3394 4370 Θεῷ.
3426 4296 3536 4351 Ἦν
3568 4298 3625 4350 δέ
3650 4297 3745 4350 καὶ

2176 4406 2236 4460 τὸ
2279 4407 2422 4474 ἱερὸν
2455 4404 2636 4456 ἐκεῖνο
2676 4399 2740 4454 τδ
2790 4396 3026 4451 παλαιὸν
3077 4395 3165 4462 ἐφ’
3210 4389 3416 4462 ὑψηλοῦ
3466 4391 3745 4458 κείμενον,

2178 4485 2245 4551 ἐν’
2268 4496 2529 4565 μετεώρῳ
2553 4494 2653 4562 τῆς
2681 4493 2910 4551 πόλεως’
2944 4485 3031 4555 ἐφῖ
3056 4481 3117 4540 οῦ
3144 4502 3280 4539 ποτε
3308 4484 3493 4550 λόφου,
3512 4479 3746 4535 θανάτου

2179 4589 2279 4659 τὴν
2321 4583 2682 4654 Ἰερουσαλὴμ
2754 4579 3137 4640 ἀναλίσκοντος
3162 4619 3178 4642 ,
3233 4574 3327 4629 τὸν
3375 4570 3749 4639 θανατηφόρον

2110 4640 2154 4692 D
2184 4640 2417 4747 ἀγγελον
2471 4673 2592 4728 ίδὼν
2695 4671 2859 4725 Δαϐὶδ
2908 4640 3255 4738 ἐσπασμένον
3300 4664 3575 4736 ῥομφαίαν
3608 4659 3751 4713 κατὰ

2179 4774 2279 4842 τῆς
2312 4768 2538 4834 πόλεως,
2575 4763 2786 4826 ἀναϐὰς
2827 4761 3181 4833 ᾠκοδόμησεν
3213 4758 3330 4810 ἐκεῖ
3356 4752 3752 4842 θυσιαστήριον

2181 4861 2259 4929 τῷ
2303 4857 2515 4929 Κυρίῳ,
2554 4858 2651 4911 καὶ
2700 4856 3001 4923 ἀνήνεγκεν
3038 4851 3126 4904 ἐπ’
3165 4847 3331 4903 αὑτοῦ
3381 4846 3462 4915 τῷ
3494 4843 3614 4913 Θεῷ
3661 4841 3753 4893 θυ-

2183 4952 2327 5017 σίαν,
2365 4952 2461 5004 καὶ
2492 4947 2761 5018 ἐπεσχέθη
2796 4949 2830 5019 ἡ
2866 4944 3125 5018 θραῦσι;’
3162 4942 3247 5003 είς
3295 4938 3466 4992 τύπον
3498 4936 3596 4988 καὶ
3622 4931 3753 4986 ταῦ-

2179 5061 2249 5096 τα
2288 5042 2387 5111 τῆς
2447 5040 2592 5095 κατά
2645 5038 2744 5109 τὴν
2794 5037 2950 5108 ίερὰν
2979 5032 3292 5106 προσευχήν
3350 5025 3623 5096 σωτηρίου
3654 5024 3750 5077 καὶ

2179 5134 2566 5204 πνευματικῆς
2602 5132 2923 5191 ἀναϐάσεως
2951 5168 2966 5193 ,
3000 5127 3095 5180 καὶ
3154 5124 3250 5178 τοῦ
3305 5122 3373 5176 δι’
3420 5119 3590 5187 αὐτῆς
3641 5116 3728 5169 lla

2180 5227 2343 5297 σμοῦ⁶
2379 5224 2592 5279 τυπικὰ
2630 5225 2741 5293 γὰρ
2766 5217 2835 5292 ἦν
2865 5220 3050 5272 ἐκεῖνα
3083 5216 3262 5271 πάντα
3289 5212 3425 5282 πρὸς
3476 5207 3752 5276 σωτηρίαν

2180 5318 2358 5389 ἡμῶν-
2391 5319 2442 5369 εἰ
2482 5317 2539 5369 δὲ
2572 5315 2775 5386 βούλει,
2823 5310 2920 5364 καὶ
2973 5309 3056 5371 είς
3109 5306 3287 5359 τύπον
3318 5305 3416 5372 τῆς
3456 5299 3577 5352 καθ’
3603 5297 3753 5389 ἡμᾶς

2180 5387 2384 5481 ταύτης
2428 5410 2581 5479 ίερᾶς
2647 5404 2995 5474 Ἐκκλησίας,
3031 5402 3152 5471 ἥτις
3205 5399 3372 5458 ὅντως
3426 5392 3511 5462 ἐφ’
3549 5387 3752 5459 ὑψηλοῦ

2189 5506 2389 5566 κεῖται,
2420 5499 2710 5569 άγγελικός
2741 5514 2824 5558 τις
2856 5495 3013 5556 ἄλλος
3047 5491 3182 5544 οὖσα
3204 5520 3211 5530 -
3231 5488 3328 5539 καὶ
3381 5483 3754 5550 ὑπερκόσμιος

2188 5594 2391 5665 χῶρος,
2430 5594 2488 5646 ἐν
2531 5584 2575 5659 ᾧ
2629 5588 2765 5658 πρὸς
2820 5583 3110 5654 ὲξιλασμὸν
3154 5579 3248 5633 τοῦ
3288 5576 3495 5643 κόσμου
3529 5570 3753 5634 παντὸς,
