4090 6488
357 493 415 556 21
1733 493 1899 552 ΠΟΜ
1911 494 2066 552 ILIA
2115 495 2196 555 Il.

3567 493 3654 557 QE."

362 615 452 663 καὶ
491 609 722 663 Θανάτου
752 608 1005 678 θραῦσιν,
1047 611 1142 662 καὶ
1173 608 1318 676 ζωῆς
1367 607 1643 660 ἀθανάτου
1695 622 1928 673 περιουα
1961 666 1962 669 η

2068 622 2146 660 ιοιι
2180 607 2356 660 dixit:
2385 607 2641 662 Homines
2674 609 2780 662 duo
2805 607 3105 678 pergebant
3128 607 3181 662 in
3205 609 3488 678 templum,
3531 611 3626 666 sed

363 704 501 784 σίαν,
546 701 608 754 τὺ
661 702 1002 778 ἀναίμακτον
1049 701 1144 754 καὶ
1195 701 1335 770 μέγα
1368 701 1461 752 καὶ
1491 699 1660 761 ὅντως
1699 697 1935 767 εὐπρόσ-

2049 716 2066 748 ι
2083 699 2462 754 Ascendebant
2496 701 2556 754 in
2589 701 2872 770 templum.
2889 720 2908 753 ι

359 796 542 848 ὃεκτον
578 795 658 865 τῷ
704 794 824 866 Θεῷ
857 793 1198 866 ἀναφέρεται
1235 795 1404 865 θῦμα.
1461 794 1562 846 Διά
1610 791 1783 846 ταῦτα
1819 789 2001 842 τοίνυν
2025 790 2127 845 οὐκ
2196 789 2374 859 εἶπεν,
2412 793 2731 865 Ἄνθρωποι
2781 794 2877 848 δύο
2946 796 3254 866 προσῆλθον
3342 794 3422 865 τῷ
3485 795 3639 866 ίεριῖι,

360 893 472 946 ἀλλ’
501 894 780 963 ἀνέϐησαν
806 896 885 958 εἰς
921 894 982 946 τὸ
1024 894 1196 962 ἱερόν.

429 1012 549 1066 Εἰσὶ
580 1012 641 1065 δὲ
687 1012 779 1064 καὶ
815 1011 912 1064 νῦν
956 1011 1028 1076 οἳ,
1081 1011 1224 1080 πρὸς
1255 1012 1358 1082 τὴν
1412 1011 1569 1081 ἱερὰν
1608 1009 1944 1081 Ἐκκλησίαν
1989 1063 1992 1065 .

358 1105 672 1174 ἐρχόμενοι,
733 1105 833 1156 οὐκ
881 1103 1039 1156 αὐτοὶ
1091 1104 1500 1171 ἀναϐαίνουσιν,
1565 1102 1706 1158 ἀλλὰ
1767 1121 1944 1157 καταο-

360 1196 539 1247 ambat
575 1193 780 1263 μᾶλλον
826 1193 924 1264 τὴν
975 1193 1068 1246 τὸν
1116 1194 1353 1263 οὐρανὸν
1402 1194 1778 1258 εἰκονίζουσαν
1817 1193 1945 1246 Ἐκ-

358 1288 616 1358 κλησίαν,
648 1287 850 1348 οἵτινές
893 1288 1037 1340 εἰσιν
1071 1286 1122 1340 oi
1152 1286 1455 1356 συντυχίας
1499 1288 1661 1358 χάριν
1694 1286 1792 1339 καὶ
1816 1286 1943 1354 ὁμι-

359 1385 482 1447 λίας
509 1383 608 1452 τῆς
654 1383 790 1450 πρὸς
838 1380 1105 1450 ἀλλήλους
1141 1371 1599 1452 παραγινόμενοι,
1651 1383 1746 1434 καὶ
1776 1381 1826 1434 οἱ
1872 1380 1942 1433 τά

367 1473 505 1525 ὥνια
561 1471 917 1541 προτιθέντες
972 1470 1066 1522 καὶ
1121 1469 1527 1541 ἀγοράζοντες·
1582 1466 1796 1521 ἐοίκασι
1834 1467 1945 1536 γὰρ

361 1566 618 1633 ἀλλήλοις
645 1583 663 1600 ο
721 1569 770 1619 οἱ
818 1567 918 1636 μὲν
949 1566 1061 1635 γὰρ
1091 1565 1258 1634 ὠνὴν,
1308 1565 1355 1617 ot
1394 1564 1451 1616 δὲ
1484 1564 1678 1631 λόγους
1708 1562 1948 1622 διδόντες

359 1661 822 1730 ἀντιλαμϐάνουσι
865 1661 936 1713 τά
997 1659 1340 1726 κατάλληλα.
1404 1657 1555 1722 Οὓς,
1619 1659 1810 1724 ὥσπερ
1851 1653 1945 1707 τοῦ

363 1751 513 1824 ἱεροῦ
551 1752 761 1804 ἐκείνου
789 1749 1071 1826 παντελῶς
1107 1751 1136 1802 6
1175 1748 1377 1820 Κύριος
1403 1747 1571 1813 ἐξωσέ
1617 1764 1773 1810 ποτε,
1809 1747 1946 1814 πρὸς

360 1845 561 1901 αὐτοὺς
590 1841 762 1896 εἰπών
789 1859 802 1874 ·
841 1861 858 1892 ι
897 1841 956 1895 '0
982 1841 1132 1902 οἶκός
1155 1858 1257 1910 μου
1285 1839 1435 1899 οἶκος
1471 1840 1783 1910 προσευχῆς
1815 1838 1945 1907 κλη-

361 1935 614 2003 θήσεται,
647 1935 806 2002 ὑμεῖς
855 1934 913 1988 δὲ
962 1934 1260 2002 ἐποιήσατε
1298 1933 1467 1986 αὐτὸν
1523 1932 1792 2000 σπήλαιον
1844 1931 1943 2000 λῃ-

366 2028 533 2080 στῶν·
575 2047 592 2078 ι
631 2026 774 2080 οὕτω
823 2027 918 2080 καὶ
957 2025 1069 2078 τῶν
1113 2025 1338 2079 οἰκείων
1385 2024 1596 2078 τούτων
1624 2023 1799 2092 λόγων
1825 2017 1944 2086 £5.6-

363 2120 554 2182 ϐαλεν,
591 2120 667 2181 ὡς
700 2119 774 2187 μὴ
806 2117 1207 2180 ἀναϐαίνοντας
1253 2117 1334 2180 είς
1369 2118 1429 2170 τὸ
1462 2116 1610 2185 ἱερὸν
1641 2118 1803 2181 ὅλως,
1841 2115 1948 2169 κᾶν

363 2213 604 2280 ἑκάστης
646 2212 862 2278 ἡμέρας
904 2209 1197 2280 ἔρχωνται.
1237 2209 1297 2261 'U
1346 2209 1403 2262 δὲ
1457 2210 1754 2280 Φαρισαῖος
1793 2208 1888 2261 καὶ
1921 2210 1950 2261 6

365 2304 620 2373 Τελώνης
655 2304 932 2373 ἀνέϐησαν
973 2306 1054 2366 είς
1104 2304 1167 2356 τὸ
1219 2305 1408 2375 ἱερόνο
1445 2302 1783 2389 ἀμφοτέροις
1840 2303 1950 2415 {dp
2011 2315 2014 2318 ’

362 2395 445 2461 εἷς
475 2394 545 2467 ἦν
573 2397 774 2460 σκοπὸς
815 2400 876 2450 τὸ
899 2397 1332 2467 προσεύξασθαι,
1367 2398 1416 2450 εἱ
1462 2398 1556 2451 καὶ
1585 2397 1614 2449 6
1652 2385 1950 2466 Φαρισοῗίος

366 2492 513 2561 μετά
541 2491 640 2560 τὴν
675 2490 864 2544 ἄνοδον
898 2493 1244 2560 κατήνεγκεν
1290 2490 1510 2550 ἑαυτὸν,
1549 2491 1657 2543 ὑπὸ
1695 2491 1793 2543 τοῦ
1827 2491 1952 2560 τρό-

365 2604 480 2638 που
543 2585 943 2656 περιτραπείςο
1010 2585 1219 2647 σκοπὸς
1288 2583 1386 2654 μὲν
1446 2583 1555 2652 γάρ
1611 2585 1800 2646 αὐτοῖς
1851 2585 1951 2652 τῆς

363 2678 691 2740 ἀναϐάσεως
745 2681 775 2732 6
814 2677 1010 2737 αὐτός·
1041 2676 1452 2749 προσεύξασθαι
1499 2675 1610 2747 γὰρ
1646 2675 1949 2747 ἀνέϐησαν,

359 2773 386 2823 ό
436 2768 506 2821 δὲ
547 2768 750 2840 τρόπος
794 2766 1091 2828 ἀντίθετος·
1129 2768 1157 2820 6
1204 2767 1304 2835 μὲν
1340 2767 1450 2834 γὰρ
1483 2766 1952 2835 συντετριμμένος

363 2867 466 2913 καὶ
500 2860 968 2929 τεταπεινωμένος
1025 2860 1296 2929 ἀνήρχετο
1317 2900 1332 2923 ,
1370 2857 1525 2928 παρά
1591 2857 1687 2911 τοῦ
1719 2857 1953 2927 ψαλμῳ-

361 2952 454 3004 δοῦ
502 2951 788 3020 Προφήτου
840 2949 1048 3018 μαθὼν,
1082 2951 1164 3002 ὅτι
1216 2948 1445 3018 καρδίαν
1477 2949 1954 3018 συντετριμμένην

365 3045 458 3096 καὶ
496 3041 1010 3111 τεταπεινωμένηνὸ
1031 3042 1163 3103 Θεὸς
1178 3042 1278 3095 οὐκ
1307 3039 1675 3106 ὲξουδενὼσειο
1711 3042 1828 3093 ἐπεὶ
1862 3043 1972 3099 καὶΔ

363 3137 538 3198 αὐτὸς
575 3137 702 3202 περὶ
738 3134 905 3188 αὑτοῦ
955 3152 1122 3203 φησιν
1157 3137 1184 3188 ό
1223 3135 1517 3204 Προφήτης
1546 3175 1560 3199 ,
1593 3134 1814 3197 πάντως
1867 3134 1955 3186 διά

364 3231 572 3296 πείρας
605 3225 759 3289 εἰδὼς
783 3241 798 3256 ⁸
831 3245 850 3278 ι
891 3225 1324 3296 Ἐταπεινὼθην,
1353 3232 1447 3279 καὶ
1471 3226 1646 3279 ἔσωσέ
1683 3243 1750 3294 με
1776 3227 1804 3277 6
1846 3226 1958 3278 Κύ-

368 3340 515 3391 ριος.
547 3339 564 3370 ι
606 3321 713 3372 Καὶ
771 3319 825 3371 τί
872 3318 1018 3386 λέγω
1065 3319 1156 3372 τὸν
1193 3320 1528 3388 Προφήτηνς
1564 3319 1616 3370 ’ὁ
1675 3319 1786 3387 γάρ
1845 3318 1957 3372 τῶν

365 3410 676 3481 προφητῶν
705 3409 838 3472 Θεὸς
871 3409 992 3463 καθ’
1033 3411 1186 3479 ἡμᾶς
1231 3409 1299 3461 δι’
1331 3411 1482 3479 ἡμᾶς
1511 3412 1808 3478 γενόμενος
1835 3410 1960 3462 ὲ-τα-

366 3507 646 3557 πείνωσεν
679 3503 891 3565 ἑαυτὸν,
941 3502 1086 3559 καθά
1116 3519 1284 3572 φησιν
1312 3502 1340 3554 6
1376 3501 1726 3562 Ἀπόστολος’
1757 3501 1838 3554 διὸ
1869 3503 1962 3554 καὶ

365 3603 393 3650 6
428 3597 574 3658 Θεὸς
622 3595 784 3668 αὑτὸν
823 3594 1212 3664 ὑπερύψωσεν.
1256 3594 1315 3647 '0
1366 3593 1424 3647 δὲ
1469 3595 1768 3665 Φαρισαῖος
1817 3594 1964 3664 μέγα

368 3690 568 3757 φυσῶν
606 3690 700 3742 καὶ
733 3689 1190 3754 ἀλαζονευόμενος
1223 3690 1430 3743 ἄνεισιν
1458 3729 1471 3751 ,
1509 3689 1584 3745 ὼς
1619 3690 1712 3740 καὶ
1741 3689 1965 3741 δικαιὼ-

369 3801 480 3834 σιυν
518 3781 747 3834 ἑαυτόνο
773 3781 868 3832 καὶ
919 3778 1095 3832 ταῦτα
1136 3779 1370 3831 ἐνώπιον
1417 3779 1512 3831 τοῦ
1563 3777 1725 3836 Θεοῦ,
1762 3779 1895 3847 παρ’
1921 3772 1966 3846 ᾧ

368 3877 534 3928 πᾶσα
591 3873 908 3943 δικαιοσύνη
940 3871 1099 3941 ἡμῶν
1149 3871 1225 3934 ὡς
1275 3873 1444 3942 ῥάκος
1486 3870 1962 3939 ἀποκαθημένης·

368 3971 428 4019 οὗ
486 3965 606 4035 γὰρ
655 3966 856 4033 ἢκουσε
898 3964 992 4018 τοῦ
1041 3963 1324 4033 λέγοντος·
1363 3985 1382 4015 ι
1432 3961 1770 4028 ’Λκάθαρτος
1815 3963 1969 4033 παρά

370 4062 579 4128 Κυρίῳ
617 4059 723 4116 πᾶς
770 4057 1201 4127 ὑῂλοκάρδιοςο
1239 4075 1256 4108 ›
1311 4057 1408 4109 καί
1433 4074 1448 4087 ο
1488 4075 1508 4106 ‹
1545 4056 1752 4120 Κύριος
1786 4055 1963 4126 ὑπερ-

369 4151 611 4218 ηφάνοις
635 4148 1058 4202 ἀντιτάσσεται·
1094 4166 1112 4198 ι
1152 4146 1266 4198 καί·
1310 4165 1329 4198 t
1362 4146 1501 4199 Οὐαὶ
1537 4147 1590 4199 οἱ
1625 4145 1971 4210 δικαιοῦντες

369 4241 610 4304 ἑαυτοὺς
645 4243 737 4294 καὶ
776 4240 1006 4293 ἐνώπιον
1041 4239 1224 4293 αὐτῶν
1259 4239 1643 4308 ἐπιστήμονες.
1680 4258 1700 4291 ι

449 4338 534 4391 Οὐ
577 4335 737 4405 μόνον
767 4335 822 4386 δὲ
863 4334 922 4385 τὸ
967 4328 1100 4403 ἦθος
1151 4334 1244 4384 καὶ
1279 4334 1305 4385 6
1334 4332 1534 4401 τρόπος
1577 4332 1777 4395 αὐτοὺς
1806 4332 1970 4386 διεῖλε

369 4433 642 4500 διάφορος
671 4429 769 4490 ὣν,
806 4426 940 4478 ἀλλὰ
983 4424 1074 4478 καὶ
1105 4425 1168 4477 τὸ
1197 4423 1294 4493 τῆς
1326 4425 1635 4494 προσευχῆς
1673 4421 1811 4486 εἶδος
1832 4441 1846 4454 ο
1892 4426 1973 4477 δι-

374 4521 556 4576 πλοῦν
583 4519 694 4588 γὰρ
730 4519 826 4571 καὶ
865 4516 1054 4569 τοῦτο’
1090 4515 1372 4584 προσευχὴ
1423 4516 1532 4586 γάρ
1559 4519 1708 4570 ἐστιν
1759 4517 1821 4568 οὑ
1853 4519 1977 4585 δεή-

2117 1007 2254 1063 Sunt
2283 1011 2448 1063 etiam
2488 1027 2630 1065 nunc
2657 1012 2721 1064 ad
2749 1023 2993 1066 sanctam
3028 1012 3327 1066 Ecclesiant
3359 1011 3645 1063 venientes

2047 1101 2141 1169 qui
2187 1117 2294 1156 non
2342 1104 2443 1171 ipsi
2477 1107 2802 1168 ascemlunt,
2842 1107 2936 1160 sed
2974 1104 3154 1172 potius
3185 1104 3331 1157 illam
3363 1119 3466 1172 qua
3502 1105 3640 1170 ligu-

2049 1201 2201 1246 ratur
2256 1193 2458 1250 coelum
2516 1194 2818 1249 detrahunt
2844 1195 3168 1257 Ecclesiant,
3206 1205 3259 1249 et
3296 1195 3347 1247 hi
3384 1206 3510 1247 sunt
3549 1195 3640 1261 qui

2047 1285 2309 1355 colloquii
2336 1295 2392 1342 et
2422 1303 2688 1342 occursus
2721 1304 2888 1342 causa
2923 1287 3245 1352 adveniunt,
3281 1287 3364 1341 vel
3402 1289 3641 1339 vendunt

2047 1387 2304 1433 etntmtve
2378 1395 2627 1446 merces;
2676 1380 2751 1434 illi
2786 1379 2933 1434 enim
2989 1381 3130 1434 inter
3155 1396 3214 1436 se
3248 1391 3374 1434 sunt
3407 1381 3641 1445 similes,

2045 1487 2175 1524 nant
2215 1471 2306 1525 alii
2339 1473 2557 1540 quidem
2585 1490 2816 1536 merces,
2844 1474 2934 1526 alii
2961 1491 3087 1526 vero
3111 1490 3396 1529 sermones
3428 1475 3644 1526 traden.

2048 1573 2129 1618 tes
2167 1565 2406 1620 vicissim
2467 1564 2769 1635 accipiunt.
2823 1569 2994 1633 Quos,
3043 1569 3268 1633 perinde
3319 1583 3382 1619 ac
3435 1569 3502 1635 ah
3556 1567 3647 1620 illo

2051 1658 2252 1727 templo
2293 1675 2515 1726 prorsus
2573 1661 2847 1728 quondam
2891 1661 3049 1728 ejecit
3102 1661 3382 1717 Dominus,
3429 1661 3494 1712 ad
3554 1675 3647 1711 eos

2053 1753 2245 1805 dicens
2269 1752 2530 1807 :tDomus
2550 1768 2667 1806 mea
2687 1753 2885 1807 domus
2912 1752 3183 1804 orationis
3214 1753 3524 1814 vocabitur,
3551 1768 3647 1806 vos

2055 1855 2232 1898 autem
2258 1843 2461 1898 feciSIis
2487 1860 2605 1898 eam
2630 1845 2944 1911 speluncam
2971 1844 3244 1896 latronum
3277 1845 3323 1873 ²¹
3348 1862 3367 1908 ;_
3399 1863 3415 1894 ι
3446 1843 3527 1897 sic
3552 1859 3647 1898 eos

2053 1951 2082 1990 a
2115 1937 2227 1990 suis
2254 1936 2377 1991 iSIis
2429 1936 2778 1992 sermonibus
2809 1936 3067 1999 extrusit,
3108 1936 3181 1989 ita
3217 1947 3274 1990 ut
3303 1951 3647 2005 nequaquam

2055 2030 2162 2083 dici
2217 2037 2440 2097 possent
2484 2029 2536 2084 in
2579 2031 2776 2085 ctelunt
2839 2031 3224 2094 ascendentes,
3277 2029 3378 2083 etsi
3421 2029 3652 2096 singulis

2056 2121 2252 2174 diebus
2283 2121 2413 2176 illud
2472 2122 2693 2176 adeant.
2737 2123 2808 2175 At
2857 2119 3167 2175 Pharisaeus
3217 2131 3273 2174 et
3318 2121 3654 2176 Publicanus

2058 2217 2425 2270 ascenderunt
2459 2216 2510 2268 itt
2544 2215 2827 2282 templum.
2867 2215 3068 2284 quippe
3119 2215 3281 2268 ambo
3337 2215 3649 2267 orationem

2059 2309 2314 2363 similiter
2368 2308 2747 2371 intendebant,
2807 2308 2936 2361 licet
2991 2306 3307 2361 Pharisaeus
3362 2317 3652 2375 postquam

2059 2403 2397 2458 ascendisset
2420 2402 2767 2473 semetipsum
2787 2400 3048 2471 dejecerit
3073 2401 3234 2454 modo
3251 2414 3498 2466 eversus,
3529 2415 3652 2453 nam

2063 2495 2184 2550 ﬁnis
2211 2496 2558 2550 ascensionis
2588 2494 2731 2547 idem
2763 2492 3063 2562 eratipsis,
3097 2491 3474 2546 ascendebant
3502 2491 3648 2545 enim

2062 2597 2386 2654 utorarent,
2425 2588 2620 2641 modus
2651 2597 2831 2640 autent
2865 2585 3210 2640 contrarius:
3253 2583 3395 2637 alius
3427 2581 3645 2650 quidem

2061 2683 2331 2735 contritus
2379 2691 2435 2735 et
2493 2681 2819 2736 humiliatus
2864 2677 3219 2739 ascendebat,
3274 2693 3304 2730 a
3360 2675 3658 2729 Psalmista

2063 2773 2324 2845 propheta
2354 2776 2596 2840 discens,
2631 2774 2889 2843 quoniam
2924 2788 3020 2825 cor
3072 2771 3367 2825 contritum
3395 2779 3449 2823 et
3479 2767 3660 2820 hinni.-

2067 2869 2250 2923 liatunt
2280 2863 2420 2920 Deus
2459 2882 2565 2919 non
2595 2865 2884 2934 despiciet,
2910 2873 3200 2933 postquam
3229 2862 3344 2927 ipse
3380 2861 3446 2914 de
3481 2878 3540 2912 se
3578 2860 3658 2908 di-

2066 2961 2144 3014 xit
2193 2958 2491 3026 Propheta,
2521 2959 2745 3010 omnino
2813 2971 2908 3022 per
2957 2951 3354 3023 experientiam
3429 2954 3656 3003 ilo-tus:

2072 3050 2427 3103 tllutniliatns
2458 3065 2577 3103 sunt
2608 3057 2663 3101 et
2705 3047 2939 3101 salvavit
2975 3063 3060 3100 me
3118 3044 3382 3098 Dominus
3411 3044 3514 3094 ⁵³.»
3555 3045 3659 3096 Sed

2065 3159 2236 3213 quare
2260 3141 2585 3212 PtOpbetam
2619 3142 2784 3196 dico?
2821 3157 2942 3194 nam
2971 3140 3363 3212 prophetarum
3431 3138 3572 3190 Deus
3595 3138 3661 3188 ad

2068 3253 2165 3291 nos
2191 3248 2411 3306 propter
2433 3253 2530 3291 nos
2553 3237 2888 3290 descendens
2907 3254 2925 3285 ι
2954 3219 3264 3288 hnniiliavit
3286 3230 3663 3296 semetipsum,

2065 3334 2282 3393 propter
2306 3326 2449 3393 qttod
2478 3333 2533 3377 et
2570 3325 2711 3378 Deus
2739 3324 2997 3378 ettaltavit
3025 3323 3172 3375 illtttn
3202 3365 3214 3386 ,
3244 3333 3300 3374 ut
3330 3322 3399 3374 ait
3435 3322 3667 3387 Aposto-

2063 3419 2149 3472 lus
2172 3417 2253 3484 “;
2290 3437 2308 3468 ι
2339 3417 2652 3471 Pbarisueus
2688 3428 2868 3470 autem
2898 3416 3065 3467 tnulta
3115 3417 3334 3482 jactans
3366 3423 3421 3467 et
3449 3424 3666 3466 tumens

2065 3513 2330 3572 ascendit,
2382 3511 2534 3580 quasi
2599 3509 2948 3579 semetipsum
3004 3507 3429 3577 justil‘it-aturus,
3502 3505 3668 3574 idque

2067 3618 2248 3656 coram
2287 3601 2415 3666 Deo,
2452 3604 2593 3670 apud
2619 3619 2780 3670 quem
2812 3603 2994 3656 omnis
3022 3601 3238 3671 justitia
3271 3611 3462 3653 nostra
3511 3599 3668 3663 quasi

2069 3710 2280 3764 pannus
2339 3707 2714 3748 menstrttalze.
2747 3693 2864 3747 Non
2904 3695 3049 3747 enim
3106 3696 3380 3745 dicentem
3411 3695 3614 3742 audivit
3651 3709 3664 3744 '.

2077 3806 2094 3837 t
2119 3788 2470 3840 'Aboniinatin
2504 3787 2712 3838 Domini
2743 3790 2924 3840 outtiis
2957 3804 3224 3853 arrogans
3251 3787 3349 3838 ⁸⁵.»
3391 3785 3488 3835 Iit:
3529 3785 3669 3833 clio-

2073 3876 2255 3927 tninns
2286 3875 2537 3942 superbis
2561 3876 2760 3929 resistit
2785 3877 2859 3926 ²⁶ο
2911 3887 2962 3928 et
3000 3895 3015 3924 ι
3054 3875 3142 3928 Vae
3173 3875 3265 3942 qui
3308 3876 3583 3941 sapientes
3611 3892 3672 3922 ts.

2083 3967 2183 4020 Stis
2211 3969 2261 4017 in
2309 3968 2484 4022 oculis
2516 3967 2736 4034 vestris,
2770 3978 2823 4022 et
2881 3985 3068 4023 coram
3103 3967 3509 4037 vobismctipsis
3541 3981 3669 4033 pru—

2049 4062 2267 4121 dentes
2299 4063 2365 4118 ’⁷.
2382 4083 2399 4116 ι

2150 4325 2259 4380 Nec
2299 4333 2508 4380 tantum
2545 4342 2726 4382 mores
2760 4313 3056 4382 etimodus
3109 4345 3225 4389 eos,
3252 4343 3375 4381 eum
3425 4326 3526 4379 sibi
3563 4341 3670 4378 non

2079 4422 2477 4483 consentirent,
2505 4432 2928 4490 separaverunt,
2956 4425 3051 4476 sed
3073 4421 3236 4475 etiam
3273 4421 3540 4473 orationis
3565 4418 3674 4470 for-

2080 4528 2188 4573 ma.
2246 4514 2346 4566 ista
2381 4515 2524 4567 enim
2559 4515 2775 4584 duplex.
2815 4514 3025 4584 Quippe
3055 4515 3234 4569 oratio
3268 4523 3352 4568 est
3386 4529 3491 4565 non
3542 4528 3676 4578 sup—-

376 4632 522 4677 σεως
556 4613 740 4683 μόνον,
768 4609 904 4663 ἀλλὰ
945 4612 1044 4664 καὶ
1102 4608 1455 4678 εὐχαριστίας
1486 4606 1786 4677 πρόϐλημα
1809 4622 1824 4636 °
1879 4609 1962 4661 xa‘

2084 4605 2396 4675 plicationis
2437 4606 2800 4666 solummodo,
2839 4607 2931 4659 sed
2959 4619 3014 4659 et
3060 4608 3364 4675 gratiarum
3434 4607 3675 4660 actionis

373 4716 402 4764 6
437 4711 545 4780 μὲν
579 4708 689 4762 τῶν
719 4705 1173 4776 προσευξομένων
1201 4705 1380 4758 ἄνεισι
1415 4705 1553 4774 πρὸς
1594 4704 1687 4758 τόν
1711 4703 1807 4756 τοῦ
1836 4702 1974 4754 Θεοῦ

373 4804 535 4867 ναὸν,
575 4799 813 4865 δοξάσων
858 4798 951 4851 καὶ
983 4797 1398 4867 εὐχαριστήσων
1428 4795 1506 4863 τῷ
1552 4795 1695 4864 Θεῷ,
1728 4794 1870 4864 ὑπὲρ
1902 4786 1976 4846 ὧν

374 4893 548 4948 ἔλαϐε
587 4893 720 4960 παρ’
752 4889 938 4943 αὐτοῦ·
971 4891 999 4942 6
1027 4889 1081 4942 δὲ
1107 4887 1348 4958 αἰτήσων
1382 4886 1527 4955 ἀττερ
1557 4885 1712 4940 οὔπω
1759 4885 1976 4950 ἔλαϐεν,

373 4983 454 5039 ὧν
485 4984 587 5036 καὶ
617 4981 851 5051 μάλιστα
877 4981 975 5049 τῆς
1001 4977 1237 5045 ἑκάστης
1273 4977 1422 5044 ὥρας
1461 4977 1586 5030 καθ’
1617 4979 1768 5046 ἡμᾶς
1792 4978 1978 5045 ἀμαρ-

372 5079 640 5131 τάνουσιν
667 5073 749 5128 ἔτι
780 5074 874 5127 καὶ
897 5075 930 5143 ἡ
958 5072 1068 5125 τῶν
1101 5071 1522 5140 ἁμαρτημάτων
1550 5071 1767 5138 ἄφεσιςο
1802 5072 1833 5139 ὴ
1868 5069 1978 5139 γάρ

377 5173 690 5241 ὑπόσχεσις
744 5167 855 5220 τῶν
909 5167 1040 5236 παρ’
1089 5165 1248 5235 ἡμῶν
1278 5164 1354 5235 τῷ
1387 5165 1507 5234 Θεῷ
1538 5163 1659 5217 κατ’
1691 5164 1978 5216 εὐσέϐειαν

376 5266 430 5336 7
492 5260 973 5332 προσφερομένων
1017 5260 1080 5312 οὐ
1129 5257 1476 5329 προσευχὴν,
1510 5257 1624 5310 ἀλλ’
1662 5257 1830 5328 εὐχὴν
1862 5257 1980 5327 ἔχει

378 5360 491 5425 τὴν
530 5353 857 5422 ἐπωνυμίαν
876 5369 890 5382 ·
916 5353 1012 5404 καὶ
1038 5350 1186 5404 τοῦτ’
1215 5351 1488 5419 ἐδήλωσεν
1515 5355 1543 5404 ό
1571 5350 1744 5403 εἰπών
1764 5367 1778 5381 ·
1821 5369 1840 5402 ι
1876 5351 1982 5404 Εὖ-

377 5446 583 5513 ξασθε,
618 5447 711 5498 καὶ
754 5445 984 5498 ἀπόδοτε
1036 5444 1228 5513 Κυρίῳ
1258 5444 1334 5514 τῷ
1383 5442 1501 5511 Θεῷ
1531 5442 1725 5512 ἡμῶν·
1765 5462 1784 5494 ι
1825 5444 1921 5496 καὶ
1955 5445 1983 5496 6

376 5541 595 5607 λέγων,
641 5539 948 5606 (Κρεῖσσον
993 5537 1066 5606 μὴ
1102 5535 1364 5599 εὔξασθαι
1398 5538 1430 5607 ἢ
1470 5535 1737 5600 εὔξασθαι
1775 5537 1869 5589 καὶ
1903 5537 1981 5607 μὴ

381 5629 715 5684 ἀποδοῦναι.
747 5649 764 5679 ι
819 5629 980 5682 Ἃ).λά
1017 5630 1078 5682 τὸ
1108 5629 1332 5683 διπλοῦν
1387 5632 1568 5683 έκεῖνο
1597 5629 1696 5697 τῆς
1747 5646 1982 5696 προσευ-

381 5723 486 5791 χῆς
550 5717 692 5784 εἶδος
740 5720 935 5792 διπλῆν
984 5722 1096 5793 ἔχει
1151 5723 1246 5775 καὶ
1294 5723 1390 5793 τὴν
1426 5721 1721 5793 ἀχρείωσιν
1752 5727 1861 5786 τοῖς
1896 5726 1972 5794 μὴ

457 5904 505 5933 ³³
531 5901 719 5954 Matth.
753 5920 860 5958 xm.
897 5905 978 5956 15.

387 5974 434 6005 ⁸³
468 5973 596 6027 l‘.ai
656 5989 806 6036 Lxxv,
842 5975 919 6027 ii.

1061 5905 1106 5934 ’³
1131 5903 1268 5956 l‘snl.
1308 5920 1448 5965 cstv,
1477 5905 1526 5957 6.

1002 5978 1042 6005 ⁸³
1077 5975 1261 6029 Eccle.‘
1298 5992 1344 6038 κ,
1381 5974 1394 6026 i

1611 5906 1655 5936 "‘
1694 5904 1927 5976 Philipp.
1963 5924 2019 5970 tt,
2055 5905 2103 5959 8.

2084 4698 2432 4766 explanatio;
2477 4699 2595 4752 ideo
2633 4714 2773 4751 ttuus
2799 4699 3023 4766 quidem
3057 4714 3248 4750 eorum
3283 4699 3372 4766 qui
3405 4700 3676 4750 ast-ende-

2061 4791 2218 4846 runt
2248 4802 2302 4844 ut
2335 4803 2580 4858 orarent,
2614 4793 2878 4863 templum
2912 4793 3003 4846 Dei
3038 4794 3209 4847 adivit
3243 4805 3298 4846 ut
3327 4793 3514 4847 Iaudes
3550 4808 3679 4862 grai-

2089 4886 2300 4951 tiasque
2357 4886 2468 4939 Deo
2511 4895 2694 4956 ageret
2723 4897 2944 4956 propter
2979 4901 3043 4940 ca
3073 4904 3194 4954 qua:
3235 4885 3416 4938 abillo
3442 4902 3676 4954 acet-pe-

2089 4987 2169 5030 rat
2196 4992 2212 5042 ;
2253 4977 2394 5032 alius
2423 4989 2603 5033 autem
2632 4986 2689 5031 ut
2717 4989 3043 5041 exposceret
3085 4996 3204 5046 qua:
3248 4981 3488 5031 nondum
3519 4993 3676 5031 arce.-

2086 5080 2238 5136 perat
2267 5070 2486 5137 (quibus
2517 5088 2662 5125 nunc
2696 5071 2916 5140 quoque
2948 5075 3100 5126 multi
3135 5085 3325 5125 carent
3359 5073 3499 5140 apud
3531 5089 3676 5138 nos},

2086 5178 2295 5217 necnon
2337 5173 2688 5232 peccatorum
2718 5165 3120 5220 reitiissionem.
3146 5163 3452 5218 l’rotuissio
3483 5181 3674 5218 eorum

2086 5273 2207 5324 qua:
2227 5257 2431 5309 a'ttobis
2455 5257 2563 5310 Deo
2591 5257 2806 5325 pietatis
2826 5258 3000 5328 gratia
3033 5258 3387 5322 exhibentur,
3418 5274 3522 5309 non
3556 5275 3680 5309 ora-

2089 5351 2252 5404 tionis
2272 5351 2366 5404 sed
2385 5351 2490 5404 voti
2511 5368 2711 5406 nomen
2741 5351 2930 5409 habet.
2964 5353 3109 5420 quod
3135 5351 3430 5406 declaravit
3452 5353 3627 5405 dicen.
3665 5369 3678 5404 :

2097 5465 2114 5495 ι
2133 5443 2340 5500 Vovcte
2363 5455 2416 5497 et
2447 5444 2654 5499 reddite
2681 5446 2906 5501 Domino
2940 5445 3047 5501 Deo
3080 5457 3265 5500 nostro
3284 5448 3386 5512 ",i
3418 5456 3469 5498 et
3497 5461 3510 5496 :
3539 5446 3681 5496 «Μαι

2093 5538 2197 5591 lius
2217 5549 2300 5591 est
2335 5555 2440 5590 non
2468 5552 2664 5592 vovere
2691 5555 2853 5607 quam
2880 5556 3074 5594 vovere
3109 5553 3162 5593 et
3189 5555 3298 5593 non
3328 5535 3558 5594 reddere
3577 5544 3634 5587 ²⁹.
3657 5560 3676 5592 ιι

2095 5633 2198 5685 Sed
2240 5630 2435 5696 duplex
2487 5632 2590 5685 ista
2647 5633 2914 5687 orationis
2967 5633 3140 5686 forma
3175 5633 3368 5702 duplex
3409 5645 3573 5686 etiam
3606 5633 3686 5686 eis

2085 5725 2173 5793 qui
2202 5741 2310 5778 non
2343 5727 2633 5779 attendunt
2665 5725 2820 5780 aﬂ‘ert
2846 5711 3284 5781 iucoinmoduut:
3325 5745 3449 5780 nam
3477 5727 3682 5781 oratio-

2744 5910 2788 5937 ’τ
2822 5908 2982 5962 l’rov.
3019 5924 3076 5970 ll,
3115 5909 3202 5967 2.1..

2189 5910 2231 5938 ²⁵
2266 5907 2423 5961 ιἰλυν.
2465 5926 2571 5972 κγι,
2612 5909 2663 5961 ὅ.
2744 5910 2788 5937 ’⁸
2822 5908 2982 5962 l’rov.
3019 5924 3076 5970 ll,
3115 5909 3202 5967 2.1.,
3281 5912 3324 5948 ἳῖ
3361 5911 3465 5971 15.2.
3504 5927 3554 5975 ν,
3594 5908 3684 5964 il.
