4090 6452
454 367 534 429 23
1678 367 2035 434 ,ϐΒΕϐΟΒΙ

2143 365 2434 430 ἈῙιΑΜιΈ
3647 362 3720 429 Ἃ

457 494 582 532 nem
611 478 830 548 quidem
861 494 964 547 qna
1006 479 1323 534 remittatur
1349 486 1632 548 peccatum
1674 490 1730 535 et
1751 481 2026 550 supplica-

2143 480 2502 550 προσέχουσιο
2547 476 2649 548 τήν
2695 475 2798 544 μέν
2837 476 2946 546 γὰρ
2982 476 3124 548 ὑπὲρ
3161 476 3409 546 ἀφέσεως
3463 477 3718 549 ἁμαρτη-

457 569 662 623 tionem
705 568 1109 625 abstinentibus
1139 585 1169 624 a
1203 571 1348 626 malo
1387 568 1660 626 eﬂicacem
1709 572 1888 626 reddit
1916 586 2041 640 spes

458 669 513 716 et
546 661 915 730 compunctio,
937 670 1243 716 emortuam
1271 677 1402 717 vero
1423 663 1731 731 desperatio
1756 674 1810 716 et
1833 663 2039 718 duritas

458 753 664 808 cordis.
693 753 1002 808 Gratiarum
1022 755 1291 809 actionem
1311 771 1410 824 pro
1435 757 1588 811 bonis
1611 770 1640 808 a
1667 754 1780 809 Deo
1797 757 1861 809 de
1883 756 2039 809 nobis

460 839 702 908 acceptis
756 840 1148 908 aceeptabilem
1197 841 1416 911 quidem
1451 839 1621 898 efﬁcit
1652 843 1958 905 humilitas,
1984 852 2038 895 et

459 949 571 988 non
599 933 882 999 superbire
904 932 1166 987 adversus
1189 947 1284 988 eos
1317 935 1406 1002 qui
1444 949 1508 988 ea
1554 951 1664 992 non
1685 947 2034 1004 acceperunt,

460 1021 730 1090 ingratam
758 1035 889 1074 vero
908 1021 972 1074 de
1001 1023 1080 1075 eis
1105 1020 1310 1075 inﬂatio
1334 1032 1586 1092 tanquam
1608 1024 1826 1093 proprio
1856 1023 2040 1078 studio

459 1118 515 1163 et
555 1121 736 1165 mente
767 1111 989 1176 habitis,
1025 1121 1079 1166 et
1121 1128 1311 1167 eorum
1343 1114 1432 1182 qui
1465 1129 1572 1167 non
1611 1115 1696 1168 illa
1755 1123 1882 1170 sunt
1945 1130 2037 1168 as-

461 1203 635 1255 secuti
677 1204 1075 1257 condemnatio.
1130 1203 1248 1271 Quo
1303 1216 1531 1275 utroque
1569 1220 1808 1278 :egrotus
1843 1210 2036 1264 morbo

463 1290 792 1358 Phariscus,
835 1311 862 1346 a
905 1298 1202 1365 semetipso
1258 1299 1480 1368 suisque
1526 1302 1869 1356 sermonibus
1899 1318 2034 1356 con-

461 1385 771 1439 demnatur.
839 1386 971 1440 Nam
1008 1403 1129 1442 cum
1172 1393 1508 1446 ascendisset
1567 1393 1618 1445 in
1657 1394 1914 1462 templum
1976 1405 2036 1448 nt

461 1476 685 1543 gratias,
717 1491 820 1529 neu
869 1491 1076 1545 preces.
1106 1488 1316 1546 ageret,
1344 1483 1655 1549 superbiam
1690 1497 1741 1534 et
1773 1484 2034 1536 convlcmo

463 1564 740 1619 nationem
771 1581 884 1622 sua:
903 1569 968 1621 ad
1008 1569 1172 1621 Dctltn
1205 1569 1502 1635 gratiarum
1557 1571 1754 1624 actioni
1789 1573 1953 1627 stulte
1981 1583 2037 1628 et

462 1657 848 1713 miserabiliter
888 1659 1206 1715 immiscuit.
1267 1660 1465 1717 «Stans
1514 1665 1682 1728 enim,
1731 1664 1809 1718 ait
1853 1663 2034 1727 Jesus,

464 1749 583 1806 hinc
642 1751 784 1820 apud
813 1767 873 1808 se
911 1753 1135 1806 orabat:
1196 1753 1357 1816 Deus,
1397 1757 1598 1825 gratias
1632 1756 1726 1810 tibi
1787 1771 1887 1826 ago
1909 1757 2035 1826 quia

2143 572 2331 642 μάτων
2364 570 2675 640 προσευχήν
2704 585 2762 621 τε
2795 568 2893 622 καὶ
2920 567 3105 639 δέησιν
3149 568 3414 638 ἀνύσιμον
3443 569 3541 638 μὲν
3574 567 3722 624 ποιεί

2145 664 2283 734 μετά
2324 665 2427 733 τὴν
2457 663 2669 734 ἀποχὴν
2693 661 2805 715 τῶν
2843 661 3032 716 κακῶν
3062 662 3095 732 ἠ
3131 663 3315 724 πίστις
3345 661 3442 714 καὶ
3475 662 3509 730 ή
3542 661 3715 714 κατά-

2139 754 2312 820 νυξις,
2346 755 2612 824 ἀνήνυτον
2654 752 2714 807 δέ
2760 754 2795 824 ἡ
2837 753 3150 821 ἀπόγνωσις
3199 751 3295 806 καὶ
3343 755 3376 823 ή
3427 751 3706 824 πώρωσις.

2139 846 2254 914 Τὴν
2280 845 2336 898 δέ
2369 845 2510 914 ὑπὲρ
2542 839 2617 897 ὧν
2663 842 2722 897 εὖ
2752 844 2902 912 παρά
2929 841 3069 896 Θεοῦ
3101 841 3454 911 πεπόνθαμεν
3493 841 3718 909 εὐχαρι-

2141 941 2296 992 στίαν
2323 936 2724 1007 εὐπρόσδεκτον
2756 935 2860 1005 μέν
2890 937 2924 1006 ἡ
2966 936 3302 996 ταπείνωσις
3331 934 3496 996 ποιεῖ,
3524 931 3618 985 καὶ
3652 930 3720 984 τὺ

2143 1028 2218 1098 μὴ
2263 1027 2701 1096 κατεπαίρεσθαι
2748 1025 2858 1079 τῶν
2880 1024 2981 1078 οὐκ
3025 1025 3286 1096 ἐχόντων,
3343 1023 3717 1094 ἀπρόσδεκτον

2138 1119 2194 1172 δὲ
2249 1121 2284 1188 ή
2315 1119 2408 1172 ἐπὶ
2455 1118 2668 1181 τούτοις
2721 1117 2976 1186 ἔπαρσις,
3010 1117 3086 1180 ώς
3132 1119 3314 1188 οἰκείᾳ
3365 1118 3566 1186 σπουδῇ
3620 1117 3718 1168 καὶ

2139 1209 2337 1278 γνώσει
2369 1211 2844 1278 προσγινομένοις,
2881 1209 2978 1262 καὶ
3008 1209 3042 1279 ἡ
3085 1208 3222 1278 πρὸς
3250 1209 3378 1271 τοὺς
3413 1209 3490 1277 μὴ
3513 1225 3718 1275 κεκτη·

2141 1300 2339 1369 μένους
2363 1299 2715 1369 κατάκρισις.
2742 1299 2925 1369 "Amp
2952 1298 3121 1369 ἄμφω
3134 1299 3328 1363 νοσῶν,
3359 1299 3715 1368 όΦαρισαῖος,

2140 1392 2270 1462 παρ’
2307 1390 2502 1444 ἐαυτοῦ
2531 1391 2625 1444 καὶ
2653 1390 2763 1443 τῶν
2786 1391 3003 1444 οἰκείων
3028 1390 3204 1458 λόγων
3235 1389 3513 1457 ἐλέγχεται
3540 1404 3555 1419 ·
3587 1390 3719 1441 dva-

2138 1484 2239 1546 ϐἀς
2274 1483 2382 1554 γὰρ
2417 1485 2498 1547 εἰς
2521 1486 2580 1537 τδ
2601 1484 2768 1556 ἱερὸν,
2805 1481 3246 1552 εὐχαριστήσων,
3278 1482 3341 1534 ού
3370 1481 3715 1548 δεησόμενος,

2137 1575 2368 1646 ἔπαρσιν
2396 1576 2492 1627 καὶ
2533 1578 2860 1646 κατάκρισιν
2891 1573 3143 1644 ἀφρόνως
3191 1591 3248 1626 τε
3284 1574 3378 1626 καὶ
3423 1573 3622 1633 ἀθλίως
3649 1574 3715 1642 τῇ

2137 1668 2276 1733 πρὸς
2323 1665 2456 1717 Θεὸν
2507 1665 2837 1736 εὐχαριστίᾳ.
2888 1665 3178 1734 κατέμιξε.
3217 1682 3236 1713 ι
3273 1663 3506 1724 Σταθεὶς
3561 1662 3672 1730 γὰρ
3700 1703 3714 1720 .

2141 1760 2330 1825 φησιν,
2375 1750 2528 1820 οὗτος
2585 1759 2722 1827 πρὸς
2776 1757 2966 1810 ἑαυτὸν
3013 1745 3184 1810 ταῦτα
3237 1756 3579 1826 προσηύχετο
3605 1771 3619 1786 ο
3659 1755 3716 1805 Ὀ

464 1856 575 1895 non
607 1857 728 1897 sum
757 1843 898 1897 sicut
927 1846 1104 1897 caueri
1165 1845 1466 1907 hominum.
1526 1856 1792 1916 raptores,
1830 1847 2035 1915 injusti,

2146 1850 2301 1914 Θεὸς,
2325 1849 2639 1918 εὐχαριστῶ
2672 1866 2776 1914 σοι,
2810 1849 2894 1902 δτι
2927 1849 3028 1901 οὐκ
3069 1847 3189 1918 εἰμὶ
3230 1846 3421 1916 ὥσπερ
3454 1849 3502 1898 οἱ
3541 1844 3720 1898 λοιποὶ

465 1929 751 1984 adulteri.)
785 1929 1043 1986 Pharisaei
1089 1945 1262 1991 status
1300 1952 1410 1990 non
1443 1939 1584 1990 servi
1619 1938 2036 2006 subiectionem,

465 2021 564 2077 sed
587 2023 1009 2078 inverecundam
1035 2024 1280 2080 declarat
1335 2027 1672 2096 superbiam,
1703 2029 2036 2084 contrariam

462 2114 513 2170 ei
570 2115 664 2185 qui
700 2115 889 2170 oculos
917 2115 984 2170 ad
1024 2118 1221 2171 castum
1261 2127 1483 2188 propter
1520 2119 1885 2174 humilitatem
1918 2121 2037 2174 ele-

460 2220 595 2263 vare
623 2222 726 2262 non
755 2207 1012 2262 audebat.
1071 2207 1205 2263 Vere
1236 2211 1374 2277 apud
1406 2226 1464 2264 se
1497 2211 1803 2268 Pharisaeus
1823 2213 2035 2277 orabat,

463 2313 575 2354 non
603 2299 745 2354 enim
778 2301 843 2353 ad
873 2300 1040 2355 Deum
1079 2303 1344 2367 ascendit,
1399 2305 1500 2358 etsi
1537 2320 1642 2358 non
1683 2306 1879 2359 lateret
1912 2322 2037 2360 eum

463 2393 555 2460 qui
590 2394 742 2447 sedet
765 2409 928 2463 super
950 2393 1270 2462 Cherubim,
1297 2397 1388 2466 qui
1407 2397 1754 2479 abyssorum'
1776 2399 1883 2451 ima
1907 2413 2038 2467 pro-

463 2482 649 2552 Spicit,
687 2483 831 2538 illius
884 2485 1085 2539 oratio.
1139 2485 1348 2557 Quippe
1370 2503 1493 2542 cum
1555 2491 1788 2544 diceret:
1826 2489 2040 2544 Gratias

465 2591 568 2644 ago
598 2575 718 2640 tibi,
755 2590 860 2630 non
893 2576 1112 2645 adjecit,
1149 2578 1276 2645 quia
1314 2579 1508 2646 gratis,
1551 2586 1812 2650 tauquam
1851 2581 2030 2633 minus

466 2670 534 2723 ad
566 2669 929 2724 resistendum
967 2670 1214 2736 robusto,
1269 2671 1396 2725 mihi
1431 2673 1725 2727 miseratus
1775 2673 1967 2726 dedisti
2007 2689 2036 2726 a

465 2761 676 2831 laqueis
703 2761 921 2832 maligni
950 2763 1296 2830 libertatem;
1333 2781 1458 2818 nam
1499 2765 1791 2820 admodum
1842 2766 2039 2820 animm

465 2855 717 2918 arduum,
759 2852 980 2915 fratres,
1017 2853 1224 2924 laqueis
1262 2856 1466 2910 inimici
1513 2856 1782 2910 irretitum
1826 2867 1879 2911 et
1910 2859 2039 2911 reti-

466 2948 569 2998 bus
593 2945 803 3014 peccati
840 2943 1088 3012 illapsum
1121 2959 1278 3014 posse
1308 2959 1402 3012 per
1449 2946 1826 3014 pmnitentiam
1881 2948 2038 3001 aufu-

464 3051 617 3105 gere.
647 3037 776 3090 ideo
821 3036 1015 3104 majori
1049 3037 1386 3103 providentia
1420 3047 1605 3092 nostra
1631 3040 2030 3107 gubernantur,

464 3128 766 3198 saepiusque
805 3145 923 3182 cum
946 3129 1094 3183 nullo
1118 3129 1276 3183 modo
1301 3129 1749 3194 laboraverimus,
1775 3131 1960 3186 nmltis
1982 3142 2035 3186 et

467 3221 681 3290 magnis
721 3219 880 3274 malis
923 3219 1233 3289 superiores
1277 3235 1399 3274 cum
1451 3218 1563 3275 Deo
1615 3226 2032 3289 permansimus,

466 3312 888 3369 misericorditer
902 3310 1132 3366 alleviati
1153 3319 1620 3382 prepternostram
1641 3313 2033 3379 inﬁrmitatem,

462 3414 520 3460 et
533 3412 744 3472 oportet
757 3418 854 3458 nos
872 3418 970 3472 pro
988 3406 1126 3458 dono
1140 3413 1320 3474 gratos
1337 3419 1479 3466 esse,
1497 3414 1548 3460 et
1563 3405 1834 3460 humiliari
1850 3421 2032 3462 coram

465 3494 714 3562 adjutore
744 3503 955 3556 nostro,
1006 3493 1098 3547 sed
1127 3507 1234 3547 non
1257 3491 1454 3547 inﬂari.
1480 3492 1788 3550 Pharisaeus
1812 3503 1994 3549 autem
2019 3511 2034 3548 :

462 3585 703 3649 Gratias,
723 3586 818 3648 ait,
839 3599 941 3655 ago
972 3584 1064 3639 tibi
1082 3583 1516 3654 Deus,’nnnfquia
1553 3587 1734 3657 accepi
1759 3595 1858 3639 ate
1876 3586 2035 3640 anxi-

462 3677 621 3742 lium,
642 3677 734 3732 sed
751 3676 877 3746 quia
913 3690 1019 3730 non
1044 3691 1162 3729 sum
1186 3677 1328 3730 sicut
1351 3679 1532 3732 caeteri
1553 3677 1861 3741 hominum,
1879 3679 2034 3751 qqasi

463 3785 491 3822 a
525 3783 584 3824 se
601 3778 653 3822 et
688 3783 753 3823 ex
786 3783 882 3822 sua
912 3767 1107 3822 virtute
1133 3767 1336 3823 habens
1363 3777 1632 3838 raptorem
1658 3785 1764 3825 non
1791 3785 1913 3825 esse
1940 3785 2038 3826 nec

463 3861 788 3936 adulterum,
842 3872 942 3912 nec
989 3858 1275 3927 iujustum,
1327 3859 1373 3913 si
1412 3858 1697 3916 fortelalis
1720 3877 1827 3915 non
1855 3870 2034 3928 esset;

463 3969 572 4007 non
598 3952 742 4006 enim
774 3951 829 4004 in
851 3950 969 4020 ejus
997 3960 1265 4020 potestate
1290 3961 1410 4006 erat
1436 3962 1494 4006 ut
1516 3953 1697 4023 justus
1722 3954 2038 4008 crederetur

463 4047 532 4100 de
559 4047 854 4116 semetipso
914 4043 1256 4109 testiﬁcatus,
1308 4044 1400 4097 sed
1426 4058 1621 4099 omnes
1647 4044 1830 4111 potius
1869 4060 2034 4114 quam

463 4153 522 4194 se
557 4137 882 4206 aspiciebat,
935 4147 992 4190 et
1025 4149 1237 4199 omnes,
1268 4148 1300 4188 ο
1328 4135 1598 4189 dementia
1631 4137 1645 4190 l
1678 4145 2038 4190 contemnens

462 4246 632 4285 unum
683 4227 856 4285 solum
881 4227 1136 4283 censebat
1158 4242 1280 4282 esse
1305 4227 1513 4296 justum
1528 4237 1582 4284 et
1601 4229 1924 4300 sapientem,
1955 4244 2042 4284 se-

464 4322 778 4391 metipsum.
801 4319 935 4373 Nam
971 4319 1143 4374 dixit:
1179 4337 1198 4370 ι
1233 4317 1349 4372 Non
1391 4335 1508 4373 sum
1537 4319 1683 4375 sicut
1729 4319 1913 4375 caeteri
1943 4321 2041 4374 ho-

464 4413 695 4471 minum.
717 4418 984 4477 κριοί-οε,
1024 4407 1238 4478 injusti,
1271 4409 1525 4476 adulteri,
1561 4410 1706 4464 velut
1739 4410 1903 4464 etiam
1947 4409 2039 4464 hic

2146 1940 2255 1993 τῶν
2293 1940 2616 2010 ἀνθρώπων,
2647 1939 2920 2010 ἅρπαγες,
2955 1940 3156 2003 ἄδικοι,
3178 1938 3379 2008 μοιχοί.
3422 1956 3441 1989 ι
3465 1937 3541 1990 Τὸ
3593 1935 3721 2004 στῆ-

2147 2051 2232 2084 ναι
2288 2032 2383 2085 τὸν
2430 2031 2724 2102 Φαρισαῖον
2773 2032 2836 2084 ού
2888 2031 2988 2102 τὴν
3025 2029 3281 2100 δουλικὴν
3347 2029 3718 2098 παράστασιν,

2146 2124 2286 2178 ἀλλὰ
2347 2123 2447 2192 τὴν
2497 2123 3026 2192 ἀπηρυθριασμένην
3087 2121 3350 2177 ἀνάτασιν
3399 2119 3568 2188 δηλοῖ,
3619 2117 3720 2186 τὴν

2145 2215 2532 2285 ἀντικειμένην
2565 2213 2644 2284 τῷ
2681 2215 2819 2284 μηδέ
2878 2215 3007 2277 τοὺς
3060 2212 3381 2283 ὀφθαλμοὺς
3429 2209 3720 2281 θαρροῦντι

2146 2309 2282 2376 πρὸς
2315 2305 2543 2377 οὐρανὸν
2595 2305 2702 2357 ὑπὸ
2751 2305 3136 2366 ταπεινώσεως
3180 2299 3337 2372 ἆραι.
3389 2300 3634 2361 Εἰκότως
3660 2298 3719 2352 δέ

2145 2397 2282 2465 πρὸς
2310 2396 2504 2451 ἑαυτὸν
2533 2395 2563 2447 6
2593 2395 2885 2463 Φαρισαῖος
2933 2391 3274 2464 προσηύχετο
3293 2407 3307 2422 ο
3355 2390 3415 2444 ού
3447 2389 3556 2458 γὰρ
3595 2387 3722 2440 ἀνέ-

2118 2489 2300 2541 ·ϐαινε
2337 2488 2472 2555 πρὸς
2497 2487 2591 2538 τὸν
2609 2485 2765 2546 Θεὸν.
2795 2487 2842 2538 εί
2877 2485 2969 2538 καὶ
2993 2485 3094 2537 οὐκ
3123 2483 3388 2537 ἐλάνθανε
3416 2482 3507 2534 τὴν
3537 2481 3715 2548 καθή-

2150 2598 2308 2652 μενον
2357 2580 2450 2633 ἐπὶ
2494 2579 2606 2633 τῶν
2668 2577 2988 2648 Χερουϐὶμ,
3057 2575 3154 2629 καὶ
3219 2572 3586 2627 ἐπιϐλέποντα
3648 2569 3719 2624 τὰ

2146 2676 2352 2746 ἔσχατα
2376 2675 2486 2729 τῶν
2523 2673 2798 2729 ἀϐύσσων.
2839 2672 2906 2726 Ἦ
2951 2670 3118 2726 αὐτοῦ
3151 2671 3376 2739 τοιαύτη
3405 2666 3717 2739 προσευχή·

2149 2767 2469 2838 Εὐχαριστῶ
2503 2785 2584 2820 σοι
2617 2768 2749 2838 γὰρ,
2786 2765 2980 2828 εἰπὼν,
3013 2765 3112 2817 ούκ
3136 2763 3462 2831 ἐπήνεγκεν,
3491 2761 3573 2814 ὅτι
3611 2758 3718 2812 δω-

2148 2861 2301 2927 ρεὰν,
2356 2860 2432 2924 ὡς
2480 2859 2683 2929 ἀσθενῆ
2739 2858 2876 2929 πρὸς
2945 2853 3376 2926 ἀντιπαράταξιν
3411 2893 3427 2918 ,
3485 2852 3719 2919 ἐλεήσας

2145 2951 2350 3014 ἔδωκας
2398 2956 2489 3021 μοι
2542 2950 2644 3020 τὴν
2699 2949 2806 3001 ἀπὸ
2861 2947 2970 3001 τῶν
3023 2946 3118 2998 τοῦ
3183 2944 3420 3013 πονηροῦ
3475 2940 3718 3008 παγίδων

2145 3042 2475 3113 ἐλευθερίαν·
2504 3041 2745 3110 ἀνδρεῖον
2777 3039 2882 3108 γάρ
2910 3042 3028 3092 ἐστι
3069 3037 3211 3090 κατὰ
3243 3036 3443 3106 ψυχὴν,
3473 3032 3716 3100 ἀδελφοὶ,

2143 3136 2205 3189 τὸ
2234 3133 2578 3206 κρατηθέντα
2616 3133 2736 3194 ταῖς
2766 3131 2859 3184 τοῦ
2909 3128 3106 3198 ἐχθροῦ
3154 3128 3378 3196 πάγαις,
3415 3127 3509 3180 καὶ
3553 3139 3717 3193 περι-

2140 3227 2376 3280 πεσόντα
2413 3227 2527 3286 τοῖς
2579 3223 2797 3294 βρόχοις
2832 3221 2930 3290 τῆς
2969 3218 3243 3289 ἁμαρτίας
3265 3259 3280 3283 ,
3314 3216 3611 3284 δυνηθῆναι
3645 3213 3714 3283 τῇ

2140 3317 2401 3388 μετανοίᾳ
2428 3316 2734 3382 διαφυγεῖν.
2777 3312 2878 3364 Διά
2921 3311 3081 3365 τοῦτο
3121 3308 3350 3380 προνοίᾳ
3401 3307 3608 3377 μείζονι
3645 3305 3718 3358 τὰ

2136 3409 2260 3463 καθ’
2303 3407 2452 3478 ἡμᾶς
2490 3403 2849 3470 διευθύνεται,
2877 3403 2971 3457 καὶ
3001 3402 3264 3463 πολλάκις
3302 3399 3498 3470 μικρὸν
3543 3397 3575 3468 ἢ
3607 3407 3718 3464 μη-

2137 3504 2225 3556 δὲν
2281 3501 2732 3564 σπουδάσαντες,
2784 3496 3000 3554 πολλῶν
3066 3497 3164 3550 καὶ
3226 3495 3482 3578 μεγάλων
3528 3491 3717 3545 παθῶν

2139 3590 2403 3664 ἀνώτεροι
2437 3590 2534 3644 σὺν
2579 3589 2700 3657 Θεῷ
2749 3587 3124 3653 διεμείναμεν,
3162 3584 3464 3651 συμπαθῶς
3514 3599 3716 3648 κουφι-

2143 3684 2363 3746 σθέντες
2412 3682 2501 3738 διὰ
2548 3682 2647 3752 τὴν
2682 3681 2960 3750 ἡμετέραν
2999 3676 3316 3731 ἀσθένειαν·
3365 3678 3458 3729 καὶ
3509 3675 3591 3727 δεῖ
3616 3673 3716 3742 τῆς

2139 3776 2349 3846 δωρεᾶς
2384 3772 2767 3844 ἐπιγνώμονας
2800 3772 2949 3843 ἡμᾶς
2992 3767 3158 3834 εἶναι,
3194 3768 3289 3821 καὶ
3323 3764 3714 3820 ταπεινοῦσθαι

2139 3869 2234 3920 τοῦ
2282 3867 2661 3938 παρασχόντος
2703 3865 2955 3930 ἐνώπιον,
2996 3863 3130 3918 ἀλλά
3167 3862 3242 3932 μὴ
3273 3860 3619 3932 ἐπαίρεσθαι.
3654 3858 3717 3910 Ὀ

2139 3957 2196 4010 δέ
2228 3957 2542 4026 Φαρισαῖος,
2578 3955 2906 4026 Εὐχαριστῶ
2961 3970 3066 4014 σοι,
3108 3952 3296 4019 φησὶν,
3351 3951 3380 4001 6
3438 3947 3592 4009 Θεός·
3619 3945 3718 4013 οὐχ

2141 4049 2223 4102 ὅτι
2275 4046 2470 4100 ἔλαϐον
2517 4045 2772 4116 βοήθειάν
2820 4061 2943 4097 τινα
2995 4042 3149 4112 παρά
3201 4039 3318 4105 σοῦ,
3351 4039 3465 4093 ἀλλ’
3511 4037 3716 4092 ὅτιούκ

2140 4140 2258 4209 εἰμὶ
2283 4139 2470 4208 ὥσπερ
2495 4141 2542 4192 οἱ
2571 4139 2752 4191 λοιποὶ
2779 4138 2888 4190 τῶν
2914 4136 3218 4205 ἀνθρώπων
3244 4151 3259 4166 ·
3294 4134 3368 4196 ώς
3403 4134 3469 4186 ἂν
3504 4130 3716 4184 οἴκοθεν

2142 4236 2238 4288 καὶ
2281 4230 2412 4299 παρ’
2445 4229 2668 4292 ἑαυτοῦ,
2701 4231 2797 4282 καὶ
2840 4228 2900 4292 ἐξ
2941 4227 3148 4289 οἰκείας
3171 4225 3312 4293 ἔχων
3341 4223 3627 4291 δυνάμεως
3654 4223 3716 4274 τὸ

2144 4325 2220 4395 μὴ
2250 4319 2391 4377 εἶναι
2421 4322 2624 4392 ἅρπαξ,
2668 4323 2760 4373 καὶ
2803 4320 2991 4389 μοιχὸς
3040 4320 3133 4372 καὶ
3181 4318 3387 4380 ἄδικος,
3420 4317 3578 4383 εἴπερ
3606 4314 3716 4383 ἄρα

2141 4422 2242 4472 οὐκ
2279 4412 2368 4487 ἦν’
2404 4416 2465 4468 οὐ
2502 4418 2613 4484 γὰρ
2649 4415 2936 4484 προσεῖχεν
2984 4409 3166 4479 ἐαυτῷ
3189 4451 3203 4476 ,
3249 4411 3336 4464 ἵνα
3379 4410 3588 4470 δίκαιος
3630 4407 3716 4478 εἴη

461 4505 838 4575 publicanus»
863 4501 1076 4569 lnsane,
1100 4501 1304 4558 diceret
1333 4505 1454 4571 quis
1477 4503 1543 4556 ad
1574 4518 1731 4558 enim:
1769 4504 1812 4557 si
1839 4512 2033 4572 praeter

2143 4507 2497 4561 πιστεύεσθαι
2528 4507 2658 4575 περὶ
2703 4501 2898 4557 ἐαυτοῦ
2922 4503 3120 4568 λέγων,
3155 4503 3293 4556 ἀλλά
3333 4501 3546 4562 πάντας
3583 4500 3720 4567 μᾶλ-

465 4612 518 4654 te
544 4615 737 4654 omnes
782 4599 960 4667 injusti
1009 4609 1065 4654 et
1093 4609 1360 4666 raptores,
1392 4597 1515 4667 quis
1565 4595 1767 4650 furtum
1796 4607 1850 4651 et
1880 4600 2033 4648 dam-

465 4707 591 4744 num
622 4690 929 4746 δύσει-ειιεῖ
951 4691 1090 4757 Quid
1119 4690 1250 4743 «iste
1271 4688 1657 4756 publicanus}:
1681 4701 1849 4754 quare
1867 4701 2034 4756 pecu-

458 4784 612 4838 liaris
641 4784 741 4838 ista
776 4785 1021 4838 additio?
1054 4781 1243 4838 Nonne
1272 4797 1412 4837 unus
1440 4790 1524 4837 est
1553 4780 1794 4834 omnium
1826 4790 1879 4834 et
1909 4793 2032 4833 cum

461 4875 674 4931 czeteris
707 4891 734 4928 a
774 4885 859 4928 tua
899 4873 1174 4928 communi
1218 4881 1294 4935 et,
1327 4881 1386 4926 ut
1413 4871 1486 4925 ita
1510 4855 2030 4936 dicam,universali

463 4967 919 5023 condemnatione
976 4965 1401 5034 comprehensus
1459 4963 1600 5018 fuit?
1635 4964 1720 5018 vel
1766 4963 2030 5032 numquid

461 5060 662 5130 duplici
701 5058 975 5128 indigebat
1025 5055 1255 5126 judicio,
1294 5055 1421 5124 quia
1458 5055 1558 5111 sub
1601 5057 1708 5110 tuis
1737 5066 1857 5111 erat
1885 5055 2030 5111 Pha-

462 5151 675 5206 risaicis
707 5148 881 5204 oculis
917 5187 932 5210 ,
967 5146 1144 5201 liceta
1191 5145 1351 5216 longe
1381 5147 1595 5202 Staret?
1647 5147 1874 5217 insuper
1925 5150 2028 5202 etsi

462 5243 592 5313 quia
626 5247 812 5310 aperte
837 5237 1177 5308 publicanus,
1213 5237 1338 5292 inde
1371 5238 1628 5308 iujustum
1670 5241 1810 5295 hunc
1835 5255 2031 5295 nosce-

467 5337 588 5386 has.
615 5331 758 5384 unde
787 5327 1134 5382 adulterum?
1154 5327 1343 5385 Nonne
1367 5331 1587 5399 impune
1614 5330 1708 5386 tibi
1735 5333 1860 5388 licet
1895 5333 2036 5387 hunc

462 5429 683 5491 lmdere,
721 5427 843 5494 quia
879 5427 1008 5480 alios
1041 5425 1215 5480 lmsit?
1244 5423 1356 5478 Non
1391 5423 1462 5478 ita
1496 5437 1647 5490 sane,
1676 5443 1781 5480 non
1815 5426 1908 5492 ita,
1939 5428 2033 5480 sed

463 5525 566 5574 iste
591 5519 811 5586 quidem
839 5519 891 5572 in
920 5519 1107 5574 humili
1126 5519 1320 5587 spiritu
1356 5529 1498 5572 tuam
1528 5519 1705 5575 ferens
1737 5522 2024 5585 superbam

463 5610 992 5671 condemnationem.
1025 5610 1244 5679 Deoque
1271 5626 1366 5680 pre
1381 5627 1471 5665 ces
1497 5627 1616 5666 cum
1655 5612 1917 5680 suiipsius
1935 5613 2032 5665 ob-

459 5703 772 5769 jurgatione
822 5701 1080 5764 oﬂerens,
1130 5701 1255 5769 jure
1308 5703 1375 5758 ab
1401 5719 1466 5758 eo
1497 5705 1803 5758 dimittetur
1853 5720 1916 5757 ex
1951 5704 2034 5757 eis

459 5797 526 5843 oh
546 5808 677 5863 quas
698 5795 1095 5850 damnationem
1125 5797 1319 5852 meruit
1346 5797 1658 5866 injustitiis;
1687 5805 1739 5849 tu
1765 5811 1891 5852 vero
1912 5797 2035 5866 jure

2147 4600 2239 4652 λον
2271 4598 2498 4651 ἔϐλεπεν
2522 4597 2555 4667 ἢ
2589 4597 2800 4659 ἑαυτὸν,
2823 4595 2919 4647 καὶ
2946 4594 3176 4657 πάντας,
3214 4594 3259 4648 ὣ
3292 4595 3390 4663 τῆς
3418 4592 3714 4656 ἀπονοίαςέ

2147 4692 2462 4758 ἐξουδενῶν,
2495 4689 2596 4744 ἕνα
2647 4689 2808 4760 μόνον
2841 4687 2978 4759 ῷετο
3035 4689 3243 4741 δίκαιον
3295 4684 3433 4740 εἶναι
3481 4689 3577 4740 καὶ
3613 4686 3719 4740 σώο

2149 4803 2344 4856 φρονα,
2398 4782 2591 4836 ἐαυτόν
2617 4797 2632 4810 ·
2667 4799 2686 4830 ι
2717 4782 2831 4834 Οὐκ
2883 4783 3000 4851 εἰμὶ
3033 4783 3163 4849 γὰρ,
3214 4780 3399 4847 φησὶν,
3431 4778 3621 4848 ὥσπερ
3666 4779 3717 4831 οἱ

2145 4877 2326 4932 λοιποὶ
2352 4875 2463 4928 τῶν
2509 4873 2833 4941 ἀνθρώπων,
2881 4874 3150 4942 ἅρπαγες,
3198 4871 3401 4934 ἄδικοι,
3445 4872 3643 4940 μοιχοὶ,
3682 4871 3714 4939 ἦ

2148 4968 2246 5023 καὶ
2275 4968 2350 5029 ὡς
2389 4959 2542 5028 οὗτος
2573 4965 2600 5016 6
2633 4965 2938 5030 Ἰ¹ελώνης.›
2981 4965 3090 5031 Τῆς
3115 4962 3323 5025 ἀνοίας,
3353 4959 3508 5016 εἶπεν
3543 4962 3609 5016 ἀν
3633 4979 3716 5025 τις

2154 5060 2290 5130 πρὸς
2317 5057 2478 5110 αὐτόν
2503 5071 2520 5088 ο
2548 5058 2640 5109 καὶ
2683 5057 2732 5108 εί
2781 5054 2918 5124 πλὴν
2953 5053 3047 5108 σοῦ
3093 5056 3293 5118 πάντες
3324 5055 3498 5109 ἄδικοί
3527 5073 3587 5108 τε
3623 5057 3719 5109 καὶ

2150 5154 2420 5220 ἅρπαγες,
2463 5151 2546 5209 τίς
2575 5149 2603 5200 6
2635 5148 2732 5217 τὴν
2770 5148 3028 5215 ἁρπαγὴν
3071 5147 3167 5198 καὶ
3194 5147 3291 5215 τὴν
3323 5149 3568 5202 κάκωσιν
3594 5148 3720 5218 ὑφι-

2153 5243 2456 5312 στάμενος;
2487 5241 2540 5293 τί
2572 5239 2628 5292 δέ
2656 5242 2751 5292 καὶ
2773 5243 2800 5293 6
2831 5238 3081 5310 Τελώνης
3114 5233 3305 5303 οὖτο;;
3339 5242 3434 5293 καὶ
3461 5242 3492 5311 ἡ
3524 5240 3716 5294 τούτου

2149 5336 2270 5388 κατ’
2299 5333 2492 5403 ἐξοχὴν
2525 5331 2810 5402 προσθήκη
2839 5349 2855 5397 ;
2907 5333 3007 5402 οὐχ
3041 5328 3120 5397 εἷς
3165 5332 3239 5386 ὢν
3271 5334 3526 5387 ἁπάντων
3561 5332 3701 5403 μετά

2149 5428 2260 5482 τῶν
2293 5425 2495 5479 λοιπῶν
2529 5425 2621 5478 καὶ
2663 5418 2819 5486 οὗτος
2865 5425 2930 5494 τῇ
2988 5426 3142 5494 παρά
3182 5424 3276 5478 σοῦ
3315 5428 3492 5495 κοινῇ,
3520 5426 3616 5480 καὶ
3641 5425 3720 5488 ὡς

2152 5521 2327 5572 εἰπεῖν
2380 5517 2734 5585 οἰκουμενικῇ
2797 5515 3123 5584 κατακρίσει
3175 5517 3715 5586 συμπεριείληπταις

2152 5613 2184 5682 ἦ
2229 5611 2516 5671 διπλασίας
2545 5608 2651 5660 ἔδει
2678 5606 2856 5676 τούτῳ
2887 5611 2984 5678 τῆς
3020 5611 3341 5679 καταδίκης,
3363 5610 3436 5672 ὼς
3465 5611 3569 5663 ὑπὸ
3592 5613 3717 5673 τοὺς

2149 5701 2519 5772 Φαρισαῖκοὺς
2554 5700 2680 5761 σοὺς
2717 5697 3053 5766 ὀφθαλμοὺς,
3086 5700 3134 5750 εί
3167 5701 3260 5751 καὶ
3300 5700 3519 5768 μακρὰν
3544 5701 3715 5753 ἐστῶ-

2148 5815 2200 5850 τι
2231 5815 2247 5861 ;
2280 5793 2452 5856 ἄλλως
2481 5809 2539 5844 τε
2576 5791 2671 5844 καὶ
2702 5791 2943 5862 τελώνην
2973 5792 3072 5862 μὲν
3100 5793 3416 5863 ὑπάρχοντα
3441 5794 3710 5864 φανερῶς,
