4090 6442
389 422 460 484 25
1761 414 1999 476 ΗΟΜΙῙ

2127 414 2210 477 ΙΙ.
3588 406 3662 471 ἓϐ

395 533 575 616 ἄδικον
615 530 762 603 ᾔδεις
818 529 972 594 ὄντα,
1028 525 1218 597 μοιχὸν
1261 523 1320 578 δὲ
1380 522 1583 589 πόθεν;
1621 521 1744 594 ἥσὲ
1770 523 1961 577 τοῦτον
1993 579 1999 591 ,

2104 519 2525 579 ondemuaberis
2569 517 3005 592 srrperbe‘iillum
3039 533 3340 589 omnesque
3413 520 3663 576 homines

394 613 596 682 ἀδικεῖν
625 624 936 688 ἀνεύθυνον,
974 621 1274 692 ἐπειδήπερ
1312 611 1470 682 οὗτος
1501 620 1696 682 ἄλλους
1749 617 1961 688 ἠδίκεις

2109 629 2365 677 ccusans,
2413 620 2576 682 teque
2625 612 2870 667 omnium
2945 611 3120 666 solum
3171 610 3497 680 iustificans.
3546 610 3662 665 Non

395 722 505 775 Οὐκ
539 723 650 774 ἔστι
681 718 857 785 τοῦτο,
887 717 987 771 οὐκ
1025 717 1195 779 ἔστιν,
1229 714 1345 768 ἀλλ’
1373 707 1529 778 οὗτος
1559 715 1658 783 μὲν
1692 712 1876 783 φέρων
1904 706 1963 763 ὲν

2104 722 2187 760 um
2205 705 2540 761 sicutcmteri
2559 704 2862 768 hominum,
2885 713 3153 772 raptores,
3174 704 3381 773 iujusti,
3404 703 3661 759 adulteri.

398 813 638 883 ταπεινῷ
666 811 744 882 τῷ
773 810 1085 880 φρονήματι
1111 809 1210 878 τὴν
1238 808 1296 878 8
1327 807 1426 878 σὴν
1456 806 1815 877 ὑπερήφανον
1881 799 2249 870 κατηγορίαν,
2289 799 2388 852 καὶ
2459 797 2536 870 τῷ
2577 797 2704 867 Θεῷ
2768 799 3098 868 προσφέρων
3137 798 3236 851 σὺν
3309 795 3664 865 αὐτομεμψίᾳ

397 908 497 977 τὴν
542 904 773 968 ἱκεσίαν,
824 903 1160 973 ἀφεθήσεται
1208 900 1344 974 παρ’,
1383 899 1553 954 αὐτοῦ
1597 897 1824 960 δικαίως
1862 895 1963 964 τῆς
2002 891 2143 962 ὑπὲρ
2169 885 2246 945 ὧν
2289 891 2456 955 αὐτὸς
2523 891 2754 962 ἠδίκησε
2803 890 3146 959 καταδίκης·
3229 890 3294 943 σὺ
3333 890 3390 942 δὲ
3437 886 3664 943 καταδι-

397 1001 641 1072 κασθήσῃ
669 999 917 1062 δικαίως,
951 997 1324 1068 ὑπερηφάνως
1365 995 1582 1049 ἐκείνου
1652 1010 1714 1045 τε
1759 990 1868 1042 οιαὶ
1935 987 2154 1042 πάντων
2218 987 2527 1060 ἀνθρώπων
2581 986 2911 1057 κατηγορῶν
2939 1027 2954 1051 ,
3011 987 3110 1040 καὶ
3166 987 3329 1057 μόνον
3393 986 3658 1040 ἁπάντων

400 1083 912 1152 σεαυτὸν’δικαιῶν.
961 1094 1076 1147 Οὐκ
1131 1091 1253 1162 εἰμὶ
1311 1089 1501 1158 ὥσπερ
1553 1087 1604 1141 οἱ
1646 1085 1827 1141 λοιποὶ
1863 1080 1972 1136 τῶν
2010 1079 2339 1149 ἀνθρώπων,
2375 1081 2652 1152 ἅρπαγες,
2683 1081 2882 1145 ἄδικοι,
2930 1078 3132 1151 μοιχοί.

470 1191 657 1268 Ταῦτα
700 1188 769 1242 τά
823 1187 1044 1256 ῥήματα
1097 1185 1194 1237 καὶ
1239 1183 1336 1253 τὴν
1389 1182 1528 1251 πρὸς
1564 1180 1654 1232 τὸν
1706 1178 1842 1232 Θεὸν
1874 1193 1947 1228 κα

399 1285 498 1356 τὴν
529 1283 666 1353 πρὸς
716 1281 926 1340 πάντας
967 1275 1292 1346 ἀνθρώπους
1327 1271 1630 1343 ὑπεροψίαν
1665 1270 1760 1322 τοῦ
1803 1269 1976 1332 Φαρι-

405 1377 560 1430 σαίου
606 1373 909 1441 παρίστησι
934 1387 948 1401 ·
1009 1369 1142 1439 πρὸς
1175 1367 1236 1421 δὲ
1285 1368 1386 1422 καὶ
1425 1363 1486 1416 τδ
1526 1359 1976 1432 κατεψευσμένον

404 1470 504 1535 τῆς
562 1463 724 1519 αὐτοῦ
772 1461 1133 1532 συνειδήσεως
1160 1477 1174 1490 ·
1217 1458 1342 1521 τούς
1392 1474 1452 1510 τε
1495 1456 1608 1526 γὰρ
1657 1452 1978 1524 ἀνθρώπους

404 1561 556 1628 κοινῇ
600 1557 803 1619 πάντας
852 1554 1116 1619 ἐξουδενεί
1146 1551 1420 1622 φανερῶς,
1452 1550 1546 1603 καὶ
1578 1547 1679 1618 τὴν
1725 1545 1834 1598 τῶν
1870 1561 1974 1598 κα-

403 1651 514 1704 κῶν
543 1651 752 1719 ἀποχὴν
779 1647 840 1700 οὐ
875 1649 942 1718 τῇ
986 1644 1078 1698 τοῦ
1111 1644 1268 1708 Θεοῦ,
1317 1643 1454 1697 ἀλλά
1496 1643 1564 1711 τῇ
1615 1637 1739 1693 καθ’
1783 1636 1976 1691 ἑαυτὸν

403 1743 628 1810 δυνάμει
677 1739 1116 1810 προσμαρτυρεῖ.
1168 1738 1229 1790 Et
1283 1735 1341 1789 δὲ
1393 1733 1741 1804 εὐχαριστεῖν
1789 1745 1976 1800 φησιν,

399 1837 539 1890 ἀλλά
574 1834 713 1904 τάχα
756 1833 844 1886 διὰ
893 1831 1070 1898 τοῦτο,
1105 1831 1200 1883 καὶ
1253 1829 1392 1900 πλὴν
1439 1825 1605 1883 αὐτοῦ
1641 1827 1850 1886 πάντας
1887 1823 1984 1876 ἀν-

405 1927 656 1996 θρώπους
687 1922 1020 1984 ἀκολάστους
1069 1916 1209 1974 εἶναι
1264 1918 1476 1989 νομίζει
1504 1918 1600 1972 καὶ
1630 1916 1850 1977 ἀδίκους
1883 1912 1982 1967 καὶ

407 2017 686 2088 ἅρπαγας.
739 2015 814 2079 ὡς
869 2015 1080 2085 μηδενὶ,
1139 2011 1279 2082 πλὴν
1332 2009 1517 2082 αὐτῷ,
1580 2008 1860 2075 ἀξιοῦντος
1888 2002 1984 2059 τοῦ

409 2109 548 2163 Θεοῦ
573 2109 672 2178 τὴν
712 2107 912 2178 ἀρετὴν
949 2107 1276 2176 παρασχεῖν.
1317 2104 1461 2159 Ἀλλ’
1492 2103 1544 2156 εί
1571 2103 1775 2164 πάντες
1803 2102 1853 2154 οί
1877 2099 1988 2152 λοι-

408 2201 507 2255 ποὶ
546 2199 800 2266 τοιοῦτοι,
828 2200 896 2254 τά
933 2197 1035 2277 τοῦ
1075 2197 1374 2269 Φαρισαίου
1424 2195 1618 2250 τούτου
1656 2191 1988 2264 προκεῖσθαι

409 2295 619 2359 τούτοις
665 2296 799 2350 πᾶσι
844 2293 980 2365 πρὸς
1019 2291 1330 2364 διαρπαγὴν
1364 2290 1555 2361 ἐχρῆν.
1602 2289 1679 2342 Οὐ
1733 2285 1986 2354 φαίνεται

406 2389 466 2443 δὲ
521 2388 714 2451 οὕτως’
765 2387 961 2456 ἐπάγει
1024 2387 1134 2456 γὰρ
1183 2384 1343 2448 αὐτὸς
1367 2426 1382 2450 ,
1416 2385 1512 2436 ζὸτι
1545 2399 1565 2432 ι
1599 2378 1866 2447 Νηστεύω
1907 2377 1988 2442 δίς

409 2480 502 2534 τοῦ
551 2479 871 2545 Σαϐϐἀτου,
910 2478 1230 2534 ἀποδεκατῶ
1277 2477 1461 2530 πάντα
1517 2475 1621 2529 ὅσα
1675 2471 1922 2541 κτῶμαι.
1963 2487 1983 2522 ι

417 2571 534 2642 Οὐχ
578 2572 678 2626 ὅσα
729 2573 994 2640 κέκτηται
1039 2570 1204 2638 φησὶν
1251 2563 1658 2629 ἀποδεκατοῦν,
1717 2561 1834 2616 ἀλλ’
1887 2563 1989 2615 ὅσα

410 2665 631 2726 κτᾶται,
666 2665 766 2728 τὰς
796 2661 1114 2733 προσθήκας
1143 2664 1240 2714 καὶ
1264 2661 1362 2723 τάς
1388 2659 1725 2728 ὲπαυξήσεις
1768 2656 1868 2724 τῆς
1901 2655 1987 2708 οἰ-

408 2753 914 2829 κιίαςῆπεριουσίας
969 2753 1057 2807 διὰ
1117 2750 1310 2804 τούτου
1367 2749 1578 2815 δηλῶν·
1640 2744 1839 2800 οὐκοῦν
1875 2739 1990 2812 εἶχε

417 2846 519 2916 μὲν
574 2845 715 2915 άπερ
768 2843 1058 2914 ἐκέκτητο.
1112 2840 1534 2913 προσελάμϐανε
1567 2837 1624 2891 δὲ
1671 2834 1992 2909 ἀνεπηρεάο

414 2955 553 3001 στως
608 2937 751 3006 ἅπερ
800 2935 1042 2989 ἐδύνατοο
1082 2935 1200 2997 πῶς
1241 2929 1336 2986 οῦν
1373 2932 1544 3002 χωρὶς
1592 2929 1756 2985 αὑτοῦ
1789 2930 1991 2992 πάντες

411 3029 658 3099 ἥρπαζον
711 3029 806 3082 καὶ
837 3028 1096 3096 ἠδίκουνς
1129 3025 1317 3084 Οὕτως
1352 3022 1713 3091 αὐτέλεγκτόν
1751 3023 1868 3074 ἐστι
1897 3021 1994 3074 καὶ

2143 1173 2275 1240 Qna-
2303 1177 2468 1230 verba
2517 1174 2780 1230 Pharistci
2821 1173 3134 1243 superbiam
3181 1181 3293 1227 tum
3339 1188 3467 1244 erga
3495 1174 3666 1228 Deum

2073 1281 2188 1328 tum
2230 1286 2358 1336 erga
2417 1284 2609 1324 omnes
2652 1266 2900 1322 homines
2930 1264 3236 1330 proferunt,
3312 1280 3522 1319 necnon
3553 1261 3673 1330 ejus

2075 1364 2422 1422 conscientiae
2470 1360 2775 1424 fallaciam;
2827 1373 3019 1412 omnes
3048 1359 3194 1411 enim
3241 1357 3498 1412 homines
3524 1372 3675 1412 com-

2075 1459 2227 1514 muni
2284 1458 2544 1524 despectu
2576 1457 2755 1522 palam
2792 1450 3124 1510 contemnit.
3157 1459 3212 1504 et
3247 1465 3401 1504 suam
3444 1465 3472 1501 a
3515 1449 3674 1503 malis

2082 1552 2468 1607 abstinentiam
2532 1563 2638 1600 non
2679 1545 2776 1599 Dei
2811 1546 2904 1600 sed
2960 1543 3225 1612 suiipsius
3267 1542 3450 1596 robori
3518 1541 3676 1595 attri-
3765 1553 3767 1555 '

2085 1647 2222 1701 huit.
2284 1645 2358 1699 Se
2381 1643 2585 1715 gratias
2621 1654 2782 1707 agere
2837 1638 2998 1701 dixit,
3055 1637 3148 1689 sed
3192 1637 3376 1689 stati-u
3435 1636 3539 1688 hac
3587 1635 3676 1690 via

2086 1753 2301 1802 omnes,
2335 1751 2393 1790 se
2425 1742 2677 1801 excepto,
2725 1731 2976 1786 homines
3016 1729 3312 1784 dissolutos
3364 1727 3572 1796 cogitat
3617 1735 3678 1782 et

2091 1839 2338 1899 raptores
2391 1836 2446 1882 et
2477 1826 2731 1893 iniustos.
2765 1822 2943 1892 quasi
2973 1823 3017 1875 si
3053 1821 3192 1874 Dens
3227 1821 3426 1873 nemini
3466 1820 3570 1874 nisi
3597 1818 3677 1874 illi

2086 1924 2341 1977 virtutem
2381 1919 2624 1987 prazbcre
2679 1915 2950 1980 dignetur.
3012 1911 3117 1967 Sed
3148 1911 3194 1964 si
3250 1923 3440 1966 omnes
3494 1907 3680 1964 caeteri

2090 2015 2225 2071 tales
2247 2022 2455 2074 essent.
2497 2009 2756 2064 Pharisaei
2783 2008 2924 2061 bona
2951 2004 3216 2060 omnibus
3255 2003 3322 2058 ad
3351 2002 3678 2072 rapiendum

2086 2123 2210 2166 esse
2233 2105 2468 2162 obnoxia
2507 2102 2815 2173 oportebat.
2853 2099 3006 2166 Quod
3039 2106 3218 2151 tamen
3297 2111 3402 2151 non
3440 2095 3681 2156 videtur,

2089 2202 2346 2270 namipse
2371 2198 2552 2253 addit:
2589 2195 2815 2262 (Jejuno
2841 2194 2926 2247 bis
2951 2194 3003 2247 in
3038 2193 3299 2255 Sabbato,
3333 2190 3579 2245 decimas
3609 2188 3682 2241 do

2089 2297 2334 2351 omnium
2359 2308 2476 2362 qua:
2493 2290 2768 2360 possideo.
2798 2306 2816 2339 ι
2852 2286 2968 2341 Non
2989 2287 3230 2340 omnium
3265 2299 3386 2354 quae
3415 2280 3679 2351 possedit.

2089 2389 2300 2443 dixitse
2323 2386 2563 2440 decimas
2595 2381 2834 2443 dedisse,
2899 2379 2991 2433 sed
3024 2379 3269 2432 omnium
3289 2374 3684 2445 qnaz‘possidet

2089 2495 2312 2537 suarum
2375 2478 2716 2532 incrementa
2775 2471 3060 2538 copiarum
3103 2479 3156 2523 et
3214 2476 3505 2534 augmenta
3559 2466 3684 2520 istis

2089 2573 2269 2630 verbis
2293 2571 2600 2626 declarans.
2637 2566 2804 2636 Igitur
2835 2580 2898 2619 ex
2931 2578 3037 2618 una
3071 2562 3352 2630 parteiam
3379 2575 3482 2614 non
3515 2560 3687 2614 hahe-

2089 2666 2182 2720 bat
2207 2678 2271 2717 ea
2301 2676 2422 2732 qua:
2463 2657 2802 2728 possederat,
2829 2663 2884 2708 et
2913 2670 2978 2707 ex
3011 2653 3114 2706 alia
3144 2654 3264 2706 sine
3285 2650 3493 2704 oll'ensa
3529 2648 3672 2713 adji-

2091 2758 2267 2813 ciebat
2298 2764 2636 2824 quaecunque
2682 2757 2926 2814 poterat;
2977 2744 3251 2813 quomodo
3303 2757 3434 2810 ergo
3494 2754 3688 2794 onmes

2092 2859 2289 2919 prmler
2312 2862 2436 2902 eum
2461 2844 2786 2898 furabantur
2809 2849 2865 2894 et
2897 2837 3200 2904 injustitias
3225 2833 3685 2890 committebant?

2091 2942 2324 2998 Tantum
2366 2936 2717 3004 semetipsam
2775 2933 3017 2996 damnat,
3084 2940 3298 2984 tantum
3324 2927 3428 2981 sibi
3463 2927 3692 2981 insidia-

2096 3049 2181 3092 tur
2209 3033 2452 3090 malitia!
2491 3039 2702 3086 tantum
2733 3041 2953 3094 seraper
3012 3025 3266 3078 amentia:
3297 3022 3688 3076 commiscetur

413 3121 865 3191 αὐτεπίϐουλονή
906 3120 1112 3174 κακίαι
1165 3118 1342 3179 οὕτως
1389 3117 1508 3170 ἐστὶ
1542 3114 1988 3184 συγκεκραμένον

2104 3125 2470 3182 mendacium!
2500 3121 2841 3175 Decimarum
2874 3116 3198 3170 solutionem
3235 3115 3288 3168 in
3320 3113 3691 3167 testimonium

414 3217 502 3270 ἀεὶ
544 3216 604 3268 τὸ
653 3214 844 3285 ψεῦδος
877 3215 942 3283 τῇ
983 3211 1250 3283 ἀπονοίᾳί
1283 3211 1396 3280 Τὴν
1454 3209 1552 3278 μὲν
1584 3202 1678 3260 οῦν
1717 3204 1988 3260 ἀποδεκά-

413 3326 576 3361 τωσιν
606 3309 683 3370 είς
717 3305 1064 3374 παράστασιν
1098 3305 1164 3356 ἐκ
1207 3302 1532 3371 περιουσίας
1555 3300 1650 3367 τῆς
1683 3297 1890 3360 οἰκείας
1915 3296 1992 3349 δι-

414 3399 708 3470 καιοσύνης
738 3399 1020 3469 προήγαγε
1040 3412 1056 3428 ο
1087 3396 1210 3460 πῶς
1234 3395 1345 3465 γὰρ
1371 3392 1555 3464 ἅρπαξ
1585 3390 1738 3443 ἔσται
1763 3389 1872 3443 τῶν
1900 3389 1993 3442 ἀλ-

411 3491 638 3560 λοτρίων
674 3491 704 3544 ὁ
730 3485 1076 3543 ἀποδεκατῶν
1099 3485 1168 3539 τά
1213 3485 1422 3548 οἰκεϊα;
1459 3480 1572 3552 Τὴν
1622 3479 1683 3534 δὲ
1732 3478 1994 3548 νηστείαν

421 3587 503 3649 είς
544 3586 642 3652 τὴν
704 3583 808 3653 τῆς
869 3578 1225 3650 σωφροσύνης
1248 3574 1548 3638 ἐπίδειξιν·
1577 3572 1840 3642 ποιητικὴ
1877 3571 1990 3641 γάρ

427 3677 646 3744 ἁγνείας
707 3676 742 3745 ἠ
797 3673 1024 3742 νηστεία
1071 3671 1242 3724 ἐστίν.
1284 3666 1464 3720 Ἔστω
1506 3664 1710 3728 τοίνυν,
1767 3661 2000 3731 σώφρων

417 3771 678 3840 ὑπάρχεις
719 3768 814 3821 καὶ
857 3765 1083 3826 δίκαιος,
1137 3762 1184 3816 εί
1217 3761 1273 3814 δὲ
1306 3760 1508 3830 βούλει,
1543 3757 1643 3810 καὶ
1677 3753 1866 3823 σοφὸς,
1903 3751 2004 3804 καὶ

420 3839 675 3929 νουνεχὴς
695 3857 789 3912 καὶ
810 3857 1052 3925 ἀνδρεῖος
1077 3851 1172 3905 καὶ
1192 3851 1245 3903 εί
1258 3867 1308 3903 τι
1338 3847 1580 3902 τοιοῦτον
1591 3845 1800 3911 ἕτερον·
1821 3839 1868 3892 εί
1903 3840 2003 3910 μὲν

421 3953 571 4021 παρά
617 3945 845 4002 σεαυτοῦ
871 3946 1051 3999 λαϐὼν
1081 3944 1246 4018 ςχεις,
1277 3941 1372 3995 καὶ
1407 3940 1482 4009 μὴ
1521 3936 1672 4005 παρά
1711 3933 1805 3986 τοῦ
1843 3932 2006 3996 Θεοῦ,

421 4045 476 4096 τί
533 4040 848 4110 καταψεύδῃ
902 4035 1134 4091 καὶτοῦ
1195 4035 1294 4102 τῆς
1321 4029 1631 4101 προσευχῆς
1683 4028 2010 4097 σχήματος,

419 4137 516 4190 καὶ
562 4135 641 4198 είς
689 4133 749 4186 τὺ
776 4132 924 4202 ίερδν
962 4129 1276 4190 ἀναϐαίνεις
1319 4126 1420 4179 καὶ
1453 4121 1804 4192 εὐχαριστίας
1833 4118 2011 4188 μάτην

423 4228 645 4295 λέγεις;
715 4226 763 4278 εί
796 4223 854 4276 δὲ
875 4237 880 4242 ·
903 4221 1056 4292 παρά
1091 4218 1229 4272 Θεοῦ
1259 4216 1442 4270 λαϐὼν
1476 4215 1643 4285 ἔχεις,
1686 4212 1786 4266 οὐκ
1820 4209 2012 4273 ἔλαϐες

421 4309 515 4373 ἵνα
563 4316 872 4387 κομπάζῃς,
903 4314 1000 4366 ἀλλ
1072 4313 1161 4364 ἵνα
1203 4310 1340 4381 πρὸς
1367 4306 1802 4377 οἰκοδομὴνῗτοῖς
1833 4303 2016 4365 ἄλλοις

427 4412 679 4484 ῦπάρχῃς
711 4411 791 4472 είς
843 4407 998 4472 δόξαν
1033 4404 1124 4459 τοῦ
1157 4403 1561 4473 παρασχόντος.
1635 4398 1863 4466 Χαίρειν
1919 4389 2012 4446 οὖν

2097 3213 2593 3289 supcrabuudantis
2637 3227 2748 3266 suae
2789 3210 3013 3279 iustitiae
3045 3208 3343 3273 produxit;
3385 3222 3506 3259 nam
3555 3219 3695 3271 quo-

2098 3309 2261 3366 modo
2277 3318 2464 3376 raptor
2484 3303 2786 3359 alienorum
2813 3302 3054 3356 decimas
3073 3300 3294 3353 solvens
3315 3294 3696 3366 propriorum?

2099 3398 2373 3471 Jejnnium
2412 3410 2542 3450 vero
2591 3394 2643 3448 in
2675 3391 3046 3446 ostensiouem
3093 3388 3466 3458 temperantize
3491 3385 3693 3446 attulit.

2103 3504 2257 3564 pater
2285 3493 2430 3546 enim
2462 3485 2732 3543 castitatis
2766 3493 2851 3539 est
2871 3482 3165 3552 jejunium.
3202 3481 3351 3538 Esto.
3378 3489 3692 3547 temperans

2105 3601 2167 3641 es
2197 3595 2252 3639 et
2281 3582 2485 3653 justus,
2517 3589 2573 3634 et
2598 3579 2643 3634 si
2672 3576 2935 3637 volueris,
2961 3575 3198 3640 sapiens,
3237 3574 3500 3642 prudens,
3533 3583 3701 3637 gene-

2109 3659 2292 3736 rosus,
2328 3685 2540 3727 necnon
2574 3669 2678 3723 alia
2708 3667 2934 3723 similia.
2975 3665 3032 3718 Si
3064 3666 3176 3719 haec.
3207 3664 3427 3733 quidem
3461 3677 3488 3714 a
3524 3671 3575 3714 te
3605 3676 3699 3714 ac-

2110 3777 2268 3836 cepta
2284 3764 2456 3820 habes
2479 3771 2534 3817 et
2564 3777 2672 3815 non
2709 3775 2737 3813 a
2765 3759 2896 3824 Deo,
2917 3772 3088 3826 quare
3108 3757 3261 3824 ﬁngis
3286 3754 3550 3808 orationis
3584 3753 3700 3805 for-

2111 3871 2278 3918 mam,
2310 3862 2366 3907 et
2390 3850 2444 3904 in
2465 3849 2724 3916 templum
2750 3847 3026 3910 ascendis,
3055 3851 3112 3898 et
3138 3844 3433 3912 gratiarum
3456 3843 3704 3894 actiones

2114 3949 2319 4006 frustra
2359 3943 2513 4014 agis?
2573 3941 2632 3996 Si
2663 3953 2795 3994 vero
2834 3954 2860 3992 a
2894 3938 3004 3991 Deo
3033 3936 3280 4004 acceptis
3335 3935 3560 4000 gaudes,
3593 3949 3698 3984 ιιοτι

2117 4038 2374 4110 accepisti
2405 4047 2463 4090 ut
2491 4033 2762 4105 glorieris,
2797 4033 2890 4086 sed
2928 4042 2989 4084 ut
3015 4029 3081 4084 ad
3113 4028 3536 4084 aedificationem
3573 4026 3703 4079 aliis

2119 4135 2196 4191 sis
2251 4133 2302 4187 in
2341 4129 2566 4200 gloriam
2627 4124 2961 4178 cxbihentis.
3021 4123 3194 4188 Igitur
3223 4135 3383 4188 quam
3418 4118 3708 4173 verissime

2119 4226 2403 4296 oportebat
2426 4233 2478 4277 te
2506 4235 2629 4276 cum
2652 4217 2961 4273 humilitate
2985 4216 3244 4284 gaudere,
3283 4221 3337 4266 et
3365 4212 3570 4281 gratias
3604 4210 3707 4262 Iar-

2123 4319 2282 4392 gitori
2337 4317 2567 4372 fundere
2606 4321 2825 4383 propter
2846 4325 2940 4365 eos
2963 4326 3192 4379 quorum
3216 4308 3391 4377 gratia
3421 4305 3700 4375 accepisti,

2128 4427 2248 4467 nam
2281 4425 2386 4464 non
2428 4418 2532 4464 tam
2564 4415 2784 4476 propter
2819 4419 2878 4458 se
2907 4417 3069 4472 quam
3103 4411 3325 4471 propter
3374 4399 3712 4467 aspicientes

421 4507 498 4569 ὡς
547 4502 761 4574 ἀληθῶς
819 4500 926 4554 ἔδει
986 4500 1084 4551 σὺν
1118 4496 1472 4556 ταπεινώσει,
1541 4491 1636 4545 καὶ
1670 4487 1999 4558 εὐχαριστείη

2124 4505 2334 4570 lampas
2368 4501 2542 4555 lucem
2597 4497 2817 4564 accipit.
2863 4493 3162 4548 Sabbatum
3195 4493 3335 4548 dixit
3363 4491 3708 4550 Pharisaeus,

409 4599 519 4654 ἷκαὶ
566 4596 642 4666 τῷ
691 4596 857 4660 δόντι,
897 4593 992 4646 καὶ
1019 4591 1085 4644 δι’
1113 4588 1208 4652 οὒς
1241 4585 1452 4641 ἔλαϐεν
1481 4585 1542 4638 οὐ
1581 4584 1690 4653 γὰρ
1720 4580 1861 4651 ὑπὲρ
1893 4581 2019 4632 ἐαυ-

423 4693 524 4761 τῆς
554 4690 756 4761 μᾶλλον
784 4688 816 4755 ἢ
858 4686 946 4740 διὰ
978 4685 1104 4748 τοὺς
1153 4682 1397 4754 δρῶντας
1429 4681 1464 4750 ὴ
1495 4677 1720 4748 λαμπάς
1749 4673 2020 4742 λαμϐάνει

426 4784 488 4839 τὸ
519 4783 655 4853 φῶς.
683 4781 959 4836 Σάϐϐατον
989 4779 1044 4831 δέ
1077 4795 1244 4846 φησιν
1277 4778 1305 4829 ὁ
1333 4774 1629 4844 Φαρισαῖος
1660 4769 1717 4823 of.
1740 4765 2018 4853 emeato-

432 4850 542 4943 μην
560 4872 795 4942 ἡμέραν,
820 4867 955 4922 ἀλλά
986 4868 1084 4932 τὴν
1110 4866 1383 4933 ἑϐδομάδα
1409 4863 1518 4917 τῶν
1545 4859 1794 4932 ἡμερῶν,
1818 4850 1893 4912 ὧν
1911 4856 2022 4943 τὰς

429 4942 523 5020 δύο
559 4964 854 5033 νηστίμους
882 4962 1030 5026 ἄγων
1084 4957 1442 5030 μεγαλαυχεῖ,
1472 4953 1681 5022 ἀγνοῶν
1726 4954 1810 5005 ὅτι
1854 4942 2017 5004 αὗται

433 5059 532 5128 μὲν
549 5055 885 5126 ἀνθρώπιναι
900 5052 1160 5122 ἀρεταὶ,ξή
1181 5050 1238 5103 δὲ
1262 5045 1602 5116 ὑπερεφανία
1627 5039 1987 5112 δαιμονιώδης
2001 5056 2016 5071 ·

2129 4613 2238 4652 non
2271 4595 2413 4650 diem
2447 4591 2756 4662 septimam.
2788 4593 2882 4645 sed
2912 4588 3125 4642 dierum
3158 4583 3549 4640 hebdomadam
3573 4594 3710 4649 quo-

2132 4705 2250 4744 rum
2284 4689 2417 4742 duos
2474 4685 2690 4754 jejunus
2751 4698 2809 4736 So
2841 4681 3018 4750 egisse
3043 4679 3238 4749 jactat,
3271 4675 3522 4731 nesciens
3569 4687 3708 4740 quo-

2133 4784 2276 4835 niam
2304 4779 2535 4831 virtutes
2568 4777 2784 4844 quidem
2832 4773 3113 4827 hominum
3142 4780 3292 4833 snnt,
3327 4767 3580 4835 superbia
3610 4781 3710 4818 att-

2135 4886 2244 4929 lcm
2275 4875 2614 4933 dmunnum;
2670 4869 2792 4920 ideo
2836 4867 2954 4920 illas
2991 4865 3175 4918 irritas
3203 4855 3330 4917 facit
3374 4872 3428 4916 et
3469 4859 3710 4915 immista

2126 4965 2380 5020 deturbat
2410 4963 2454 5017 si
2495 4975 2636 5014 verte
2656 4960 2786 5023 sint,
2815 4966 3020 5026 quanto
3041 4956 3215 5024 magis
3246 4953 3289 5007 si
3322 4952 3492 5006 falsa).

437 5115 512 5208 διὸ
543 5115 663 5205 καὶ.
685 5152 895 5220 ἀχρειοῖ
929 5115 1273 5210 ταύτανςτκαὶ
1322 5115 1691 5210 συγκατασπᾷ
1744 5137 2045 5206 συζυγεῖσα
2071 5173 2086 5198 ,
2121 5129 2222 5185 κᾶν
2250 5126 2473 5198 ἀληθεῖς
2508 5119 2634 5188 ὦσι,
2675 5121 2830 5186 πόσῳ
2865 5119 3068 5189 μᾶλλον
3103 5118 3153 5172 εί
3183 5115 3709 5186 κεκιϐδηλευμένοιις

512 5243 652 5297 Ἀλλ’
687 5243 716 5296 6
761 5241 854 5308 μὲν
889 5239 1180 5308 Φαρισαῖος
1213 5234 1462 5289 τοιαῦτα.
1494 5252 1514 5286 ι
1544 5234 1605 5286 '0
1645 5232 1702 5284 δὲ
1749 5229 2010 5298 Τελώνης

436 5334 711 5406 μακρόθεν
750 5331 944 5394 ἑστὼς,
973 5329 1075 5382 οὐκ
1126 5327 1319 5399 ήοελεν
1354 5326 1478 5378 οὐδὲ
1527 5325 1657 5387 τοὺς
1699 5319 2017 5391 ὀφθαλμοὺς

434 5427 572 5497 πρὸς
594 5427 688 5480 τὸν
734 5422 966 5494 οὐρανὸν
996 5418 1154 5490 ἆραι,
1203 5419 1318 5472 ἀλλ’
1349 5417 1584 5472 ἔτυπτεν
1617 5417 1701 5478 είς
1726 5415 1790 5468 τὸ
1818 5411 2019 5467 ἑαυτοῦ

435 5519 651 5589 στῆθος,
692 5517 865 5584 λέγων
890 5530 906 5546 ο
946 5512 1008 5570 '0
1038 5513 1194 5578 Θεὸς,
1245 5510 1494 5581 ἱλάσθητί
1530 5526 1621 5580 μοι
1659 5508 1737 5576 τῷ
1761 5507 2022 5576 ἀμαρτω-

435 5606 536 5675 λῷ.
575 5625 595 5658 ο
637 5605 832 5678 Ὁρᾶτε
884 5603 986 5673 τὴν
1029 5601 1370 5655 ταπείνωσιν
1401 5601 1526 5666 ὅση,
1568 5597 1664 5652 καὶ
1694 5597 1793 5669 τὴν
1825 5597 2015 5649 πίστιν

440 5697 537 5749 καὶ
573 5695 669 5767 τὴν
708 5693 1129 5765 αὐτομεμψίαη
1175 5691 1372 5761 Ὁρᾶτε
1418 5689 1518 5760 τὴν
1543 5689 1722 5760 ἄκραν
1755 5685 2022 5754 συστολὴν

442 5789 540 5857 τῆς
567 5805 624 5839 τε
650 5786 886 5848 διανοίας
921 5786 1020 5838 καὶ
1050 5785 1158 5837 τῶν
1192 5783 1527 5850 αἰσθήσεων,
1563 5781 1682 5851 ἆμοι
1703 5779 1760 5831 δὲ
1795 5778 1892 5831 καὶ⁸
1923 5776 2021 5847 τὴν

447 5879 740 5951 συντριϐὴν
784 5880 881 5950 τῆς
915 5878 1141 5950 καρδίας
1184 5879 1251 5948 τῇ
1300 5876 1576 5947 προσευχῇ
1627 5872 1719 5925 τοῦ
1771 5869 2019 5924 Τελὼνου

2208 5219 2285 5276 lta
2341 5221 2561 5289 quidem
2615 5215 2948 5287 Pharisarus.
3016 5233 3034 5265 ι
3080 5211 3407 5265 Publicanus
3452 5220 3628 5262 autem
3679 5219 3711 5258 a

2124 5316 2281 5385 longe
2318 5323 2498 5377 stans,
2531 5309 2750 5366 nolebat
2780 5323 2882 5363 uec
2915 5307 3107 5361 oculos
3146 5305 3211 5357 ad
3243 5295 3444 5358 malum
3486 5303 3706 5356 levare:

2129 5407 2225 5462 sed
2259 5401 2603 5474 percutiebat
2641 5408 2833 5469 pectus
2860 5411 3044 5461 suum,
3077 5395 3272 5451 dicens
3302 5415 3314 5449 :
3351 5394 3529 5455 Dens,
3581 5407 3716 5461 pro-

2132 5498 2300 5564 pitius
2355 5504 2476 5551 esto
2531 5492 2664 5547 mihi
2714 5490 3008 5560 peccatori.
3064 5507 3083 5540 ι
3163 5486 3438 5541 Videtisne
3507 5491 3714 5552 quanta

2131 5589 2420 5644 humilitas
2443 5595 2498 5642 et
2522 5584 2654 5640 fides
2692 5591 2746 5638 et
2779 5581 2996 5651 propria
3041 5575 3394 5647 obiurgatio?
3439 5573 3718 5627 Videtisne

2127 5693 2396 5738 summam
2468 5675 2863 5742 cogitationum
2923 5673 3296 5737 sensuumque
3355 5680 3714 5734 prcssuram,

2128 5775 2401 5840 simulque
2436 5768 2620 5824 cordis
2677 5766 3066 5821 contritioncm
3103 5759 3340 5814 orationi
3389 5757 3550 5826 hujus
3600 5754 3714 5808 Pu-

2131 5863 2332 5921 bliceni
2362 5859 2712 5930 coniunctam
2739 5857 2762 5910 ’ἒ
2797 5855 2932 5911 Nam
2961 5870 3082 5908 cum
3123 5849 3461 5905 ascendisset
3495 5848 3549 5903 in
3579 5853 3718 5902 tem-
