4090 6444
420 418 494 483 21
1654 412 2033 477 GREGORII
2077 417 2166 479 PA
2179 416 2401 479 LAM/E
3607 420 3689 481 28‘

432 531 580 599 pium
601 537 658 583 ut
680 543 897 586 suorum
922 529 1294 587 dimissionem
1317 534 1665 597 peccatorum
1697 527 1987 597 ﬂagitaret,

2114 529 2287 583 τούτου
2328 529 2826 599 συγκεκραμένηνς
2880 528 3085 589 ἀναϐὰς
3146 526 3253 595 γὰρ
3291 527 3371 589 εἰς
3417 528 3477 580 τὸ
3534 529 3676 596 ἱερὸν

435 621 693 687 pulchras
727 636 912 676 secum
961 621 1186 675 adduxit
1222 623 1290 674 ad
1342 620 1508 674 Deum
1556 621 1996 675 Conciliaturas:

440 710 602 765 iidem
655 728 778 781 qua:
830 728 937 766 non
982 711 1289 775 confundit,
1329 711 1864 781 irreprchensibilem
1923 712 2005 766 sui

439 802 615 873 ipsius
677 805 1114 873 obiurgationem
1137 845 1155 873 ,
1212 786 1576 873 nequaquam.
1602 802 2009 872 despiciendam

440 897 627 952 cordis
679 898 1088 961 contritionem,
1153 897 1488 952 exaltantem
1550 893 2007 950 humiliationem.

404 986 657 1055 'Optime
707 989 941 1043 orationi
999 988 1277 1058 coaptavit
1334 987 1909 1057 circumspectionem.
1967 988 2007 1041 A

443 1078 605 1145 longe
639 1079 783 1133 enim
824 1095 950 1135 cum
993 1090 1166 1143 esset,
1220 1096 1328 1134 non
1377 1080 1514 1135 dixit
1550 1089 1724 1144 stans,
1773 1082 1917 1138 sicut
1944 1080 2011 1134 de

443 1166 757 1231 Phariszco;
827 1169 924 1225 sed
956 1185 1080 1225 cum
1115 1181 1286 1236 esset,
1328 1170 1619 1226 admodum
1674 1179 1851 1226 status
1904 1170 2006 1225 de-

450 1261 763 1316 missionem
800 1262 884 1317 his
912 1262 1090 1317 verbis
1111 1261 1421 1326 declarans,
1452 1263 1722 1332 simulque
1745 1262 2011 1317 orationis

448 1338 892 1420 suppliciumque
930 1354 1223 1408 verborum
1261 1352 1592 1408 indefessam
1627 1352 2008 1419 iterationem;

446 1460 571 1496 nam
633 1445 765 1500 nihil
798 1445 943 1499 aliud
997 1446 1286 1515 proferens
1332 1456 1389 1502 et
1442 1445 1794 1515 excogitans,
1841 1444 1907 1499 ad
1952 1458 2014 1500 se

445 1544 659 1590 tantum
687 1544 741 1590 et
765 1538 831 1590 ad
867 1537 1034 1592 Deum
1069 1538 1324 1602 attendit,
1354 1538 1578 1594 vocibus
1614 1536 1835 1591 brevem
1865 1536 2006 1590 mulo

447 1614 699 1681 toties'in
731 1628 903 1697 ipsam
942 1639 1266 1683 convertens
1300 1629 1739 1699 postulationem.
1773 1642 1894 1699 quae
1919 1636 2002 1684 est

446 1719 732 1774 utilissima
763 1722 1026 1778 orationis
1054 1723 1251 1777 forma.

2108 623 2248 693 ὑπὲρ
2275 625 2374 691 τῆς
2425 621 2534 675 τῶν
2568 621 2786 675 οίκείων
2821 621 3238 691 ἁμαρτημάτων
3283 621 3526 685 ἀφέσεως
3555 621 3681 688 δεη-

2117 715 2367 779 σόμενος,
2412 714 2585 778 καλάς
2637 713 2950 783 ἐπηγάγετο
2997 714 3118 781 μεθ’
3151 711 3348 766 ἐαυτοῦ
3391 715 3490 776 τάς
3527 730 3682 781 μεσι-

2112 808 2381 870 τευούσας
2408 807 2547 878 πρὸς
2575 806 2666 860 τὸν
2692 805 2850 872 Θεὸν,
2882 807 2982 877 τὴν
3007 806 3442 877 ἀκαταίσχυντον
3472 807 3673 869 πίστιν,

2111 898 2213 967 τὴν
2238 897 2610 968 ἀκατάκριτον
2635 897 3038 967 αὐτομεμψίαν,
3070 898 3171 966 τὴν
3204 898 3278 967 μὴ
3321 896 3678 965 ἐξουδενωμέι

2112 1008 2212 1062 νην
2249 990 2542 1060 συντριϐὴν
2569 990 2670 1058 τῆς
2702 989 2953 1061 καρδίας,
2987 989 3087 1059 τὴν
3120 988 3365 1058 ὑψοῦσαν
3410 988 3680 1043 ταπείνω-

2115 1095 2223 1134 σιν.
2245 1079 2459 1149 Συνῆψε
2490 1079 2547 1133 δὲ
2576 1081 2671 1134 καὶ
2698 1081 2765 1150 τῇ
2800 1081 3079 1151 προσευχῇ
3118 1079 3218 1148 τὴν
3255 1079 3534 1149 προσοχὴν
3563 1079 3685 1149 ἀρι-

2115 1187 2241 1225 στα.
2270 1171 2565 1242 Μακρόθεν
2587 1172 2719 1240 γὰρ,
2748 1172 2938 1242 φησὶν,
2962 1169 3137 1235 ἐστὼς
3169 1171 3199 1224 ὁ
3223 1170 3479 1239 Τελὼνης
3503 1164 3681 1234 οὗτοςο

2113 1262 2215 1318 οῦκ
2243 1259 2365 1317 εἷπε
2393 1262 2613 1325 σταθεὶς
2644 1264 2722 1326 ὡς
2746 1264 2839 1318 ἐπὶ
2866 1263 2960 1317 τοῦ
2985 1262 3305 1332 Φαρισαίου,
3347 1263 3462 1317 ἀλλ’
3490 1262 3680 1323 ἐστὼς·

2110 1357 2212 1427 τήν
2257 1357 2351 1411 ἐπὶ
2405 1356 2542 1411 πολὺ
2595 1356 2906 1428 παράτασιν
2951 1356 3052 1425 τῆς
3090 1357 3331 1421 στάσεως
3359 1355 3449 1410 διά
3471 1355 3684 1417 ῖτούτου

2110 1448 2311 1520 δηλῶν,
2346 1448 2485 1518 ὁμοῦ
2535 1449 2594 1504 δὲ
2637 1450 2731 1505 καὶ
2779 1450 2840 1504 τὸ
2888 1448 3149 1519 ἐπίμονον
3204 1448 3305 1518 τῆς
3326 1448 3562 1517 δεήσεως
3591 1448 3687 1500 καὶ

2115 1541 2225 1595 τῶν
2280 1541 2610 1612 ίλαστηρίων
2682 1542 2944 1613 ῥημάτων
2971 1557 2986 1574 ·
3033 1540 3199 1609 μηδὲν
3237 1538 3348 1609 γάρ
3408 1538 3465 1609 9
3501 1538 3688 1608 ἕτερον

2120 1628 2260 1699 μήτε
2301 1629 2618 1700 προτιθεὶς,
2655 1630 2794 1701 μήτε
2841 1629 3244 1701 διανοούμενος,
3305 1627 3484 1699 ἐαυτῷ
3540 1628 3688 1697 μόνῳ

2114 1720 2370 1791 προσεῖχε
2447 1724 2544 1777 καὶ
2606 1720 2684 1792 τῷ
2731 1721 2872 1793 Θεῷ,
2919 1722 3089 1793 αὐτὴν
3150 1722 3237 1790 ἐφ’
3279 1720 3478 1791 ἐαυτὴν
3530 1720 3691 1790 στρέ-

445 1826 560 1878 φων
627 1812 720 1866 καὶ
759 1812 1210 1881 πολυπλασιάζων
1260 1817 1430 1886 μόνην
1488 1815 1589 1886 τὴν
1627 1815 2003 1886 μονολόγιστον
2061 1814 2265 1885 δέησιν,
2329 1814 2466 1887 ὅπερ
2548 1815 2959 1885 ἀνυσιμώτατόν
3008 1816 3127 1869 ἐστι
3181 1814 3493 1885 προσευχῆς
3523 1809 3687 1878 εἶδος.

516 1905 684 1975 igitur
716 1923 970 1972 manens,
1005 1910 1101 1977 ait,
1135 1925 1165 1965 a
1209 1911 1370 1980 longe
1408 1910 1744 1967 Publicanus
1790 1908 2007 1964 nolebat

2177 1908 2470 1977 Μακρόθεν
2508 1907 2626 1974 οὖν,
2656 1908 2847 1981 φησιν,
2875 1909 2904 1962 ὁ
2931 1908 3185 1978 Τελώνης
3215 1906 3411 1972 ἑστὼς,
3437 1909 3541 1979 οὐκ
3560 1909 3689 1979 ήθε-

447 2011 548 2052 nec
580 1998 770 2054 oculos
806 2000 874 2053 ad
903 2001 1103 2056 cteium
1134 2001 1371 2057 elevare.
1405 2002 1529 2071 ipse
1560 2012 1733 2057 status
1758 2010 2012 2057 constan-

447 2089 582 2143 tiam
619 2090 786 2146 simul
821 2100 878 2145 et
908 2093 1290 2150 demissionem
1331 2094 1623 2163 signiﬁcat,
1663 2108 1764 2149 nec
1812 2103 1897 2169 est
1925 2108 2015 2148 so-

390 2241 398 2249 .
450 2178 561 2235 ium
594 2181 715 2237 vilis
745 2184 910 2251 servi,
942 2186 1035 2240 sed
1066 2186 1228 2241 etiam
1261 2187 1340 2242 rei
1371 2187 1741 2257 comparentis
1772 2186 2010 2242 habitus.

448 2271 800 2330 Demonstrat
836 2277 1074 2332 animam
1122 2294 1152 2333 a
1199 2289 1424 2348 peccato
1454 2280 1706 2345 liberam,
1744 2290 2013 2336 remotam

440 2362 623 2420 adhuc
670 2379 701 2418 a
755 2367 890 2431 Deo,
940 2369 1070 2436 quia
1131 2372 1372 2427 nomium
1424 2372 1590 2428 habet
1640 2376 1709 2428 ad
1752 2388 1875 2428 eum
1916 2388 2016 2443 per

448 2466 613 2519 opera
644 2458 1007 2523 praesentiam,
1041 2459 1140 2516 sed
1163 2462 1230 2516 ad
1266 2464 1806 2533 appropinquandum
1845 2479 2009 2534 para-

448 2556 559 2599 tam
613 2561 709 2615 per
758 2549 1147 2608 abstinentiam
1181 2568 1212 2606 a
1243 2553 1421 2620 malis,
1472 2562 1527 2610 et
1570 2557 1684 2622 iam
1734 2571 1829 2624 per
1872 2556 2013 2614 bona

447 2638 700 2696 consilia.
734 2640 827 2698 Sic
847 2657 979 2715 ergo
1010 2652 1165 2703 stans
1188 2660 1219 2700 a
1245 2645 1405 2716 longe
1426 2646 1765 2705 Publicanus
1793 2650 2015 2706 nolebat

445 2744 547 2783 nec
589 2733 777 2787 oculos
827 2735 894 2787 ad
941 2736 1139 2791 cmlnm
1174 2736 1408 2801 elevare,
1464 2739 1565 2795 hoc
1597 2741 1757 2796 modo
1788 2741 2010 2812 istoque

445 2821 633 2877 habitu
676 2827 1031 2896 semetipsum
1075 2830 1388 2898 vituperare
1431 2840 1488 2885 et
1523 2833 1815 2904 objurgare
1844 2845 2015 2904 pate-

441 2914 687 2984 faciens;
760 2918 1040 2987 indignum
1092 2922 1235 2976 enim
1290 2937 1350 2978 se
1396 2924 1626 2978 ducebat
1662 2934 1720 2980 et
1767 2926 1910 2982 ctelo
1959 2936 2015 2983 et

444 3008 644 3075 templo
695 3012 966 3066 terrestri.
1017 3010 1145 3069 ideo
1200 3014 1254 3068 in
1306 3015 1523 3085 porticu
1561 3017 1782 3086 quidem
1812 3018 2010 3085 stabat,

452 3101 520 3154 ad
557 3102 755 3156 cmlum
802 3119 932 3159 vero
976 3106 1285 3174 prospicere
1336 3122 1443 3162 non
1487 3109 1756 3175 audebat,
1810 3122 2016 3180 quanto

446 3194 628 3248 minus
654 3194 720 3248 ad
753 3195 921 3250 Deum
944 3197 1070 3252 caeli
1089 3198 1112 3252 7
1133 3198 1239 3253 Sed
1264 3200 1572 3255 vehementi
1593 3204 2014 3271 compunctione

451 3294 633 3340 motus
661 3295 849 3353 pectus
898 3301 1057 3342 suum
1092 3292 1452 3359 percntiebat,
1492 3292 1689 3349 exinde
1729 3309 1788 3350 se
1836 3296 2009 3367 plagis

442 3375 667 3445 dignum
697 3393 1023 3445 proponens,
1070 3396 1372 3451 gravesque
1411 3386 1645 3453 gemitus
1675 3395 1730 3440 et
1757 3386 2010 3456 planctus

443 3468 571 3522 hinc
605 3469 862 3524 emittens
886 3512 904 3537 ,
960 3486 1170 3526 necnon
1218 3484 1382 3541 caput
1425 3476 1581 3545 quasi
1613 3478 2011 3535 condemnatus

444 3562 735 3627 inclinans,
769 3578 827 3617 se
860 3575 1198 3630 peccatorent
1240 3567 1566 3635 appellabat,
1605 3579 1661 3623 et
1692 3570 2008 3624 misericor-

444 3651 587 3706 diam
616 3668 740 3709 cum
770 3655 872 3709 iitle
899 3655 1224 3723 implorabat
1248 3658 1437 3713 dicens
1463 3675 1477 3713 :
1504 3678 1522 3711 ι
1555 3658 1717 3724 Deus,
1741 3661 2011 3730 propitius

446 3751 564 3795 esto
646 3743 779 3797 mihi
843 3748 1141 3811 peccatori.
1183 3766 1202 3799 ι
1259 3746 1393 3801 Nam
1452 3750 1687 3804 credidit
1739 3751 1939 3806 dicenti
1994 3768 2008 3805 :

451 3850 471 3883 ι
515 3832 656 3899 Dixi,
685 3832 1001 3891 Conﬁtebor
1039 3837 1328 3892 adversum
1361 3855 1447 3894 me
1478 3841 1797 3908 iujustitiam
1835 3858 2008 3896 meam

446 3924 691 3991 Domino,
723 3935 777 3979 et
804 3936 860 3980 tu
897 3928 1152 3983 remisisti
1185 3930 1514 3997 impietatem
1535 3932 1717 3986 cordis
1745 3933 1846 3987 mei
1873 3933 1942 3985 '°.
1981 3951 1999 3984 ι

448 4014 649 4070 Verum
695 4019 825 4087 quid
853 4020 1099 4075 addidit?
1142 4037 1162 4072 t
1204 4019 1495 4077 Descendit
1532 4023 2009 4090 istejustiiicatns,

447 4107 525 4160 ait
572 4108 875 4172 Dominus,
921 4112 988 4166 ab
1023 4113 1153 4179 illo;
1188 4129 1318 4182 qma
1367 4117 1543 4168 omnis
1582 4116 1672 4183 qui
1722 4132 1783 4169 se
1812 4116 2017 4169 exultat

451 4194 845 4262 lnuniiiabitur,
873 4207 926 4252 ct
947 4200 1040 4266 qui
1073 4215 1134 4254 se
1163 4201 1411 4256 humiliat
1438 4202 1783 4256 exaltabitur.
1820 4220 1839 4254 ι
1881 4201 2015 4256 Nan:

448 4301 570 4340 cum
596 4288 773 4358 reipsa
816 4291 1122 4359 arrogantia
1162 4292 1234 4347 sit
1269 4294 1532 4361 diabolus,
1570 4293 1655 4347 isti
1688 4293 1853 4348 etiam
1885 4311 2016 4363 pro-

450 4378 625 4442 prium
655 4380 906 4448 superbia
939 4381 1163 4449 malum,
1199 4382 1320 4438 ideo
1346 4383 1517 4439 vincit
1544 4393 1602 4439 et
1635 4383 1871 4438 immista
1917 4385 2014 4439 de-

2113 2001 2204 2054 λεν
2228 2000 2352 2055 οῦδέ
2376 2001 2500 2065 τοῦς
2528 1998 2842 2072 ὀφθαλμοὺς
2872 2002 2953 2064 είς
2972 2002 3067 2054 τὸν
3099 1999 3330 2069 οὐρανὸν
3361 1996 3515 2068 ἆραι.
3539 1999 3687 2070 Αὕτη

2114 2093 2147 2162 ή
2183 2094 2372 2155 στάσις
2423 2093 2520 2147 καὶ
2570 2094 2759 2157 στάσις
2800 2089 2871 2163 ἦν
2898 2090 3036 2163 ὁμοῦ
3087 2092 3184 2146 καί⁵
3215 2092 3552 2157 ὁπόπτωσις,
3592 2096 3685 2147 καὶ

2112 2183 2214 2237 οὐκ
2242 2182 2496 2246 εὐτελοῦς
2521 2182 2708 2237 δούλου
2742 2182 2927 2254 μόνον,
2962 2179 3103 2239 ἀλλὰ
3129 2181 3225 2236 καὶ
3251 2182 3545 2236 καταδίκου
3580 2198 3690 2237 πα-

2116 2276 2397 2346 ράστασις.
2471 2278 2757 2349 Ἐμφαίνει
2802 2277 2862 2332 δὲ
2922 2277 3018 2331 καὶ
3074 2277 3177 2346 τὴν
3230 2275 3536 2347 ἀφειμένην
3588 2275 3690 2345 τῆς

2115 2368 2392 2440 ἁμαρτίας
2423 2370 2622 2440 ψυχήν,
2648 2370 2869 2440 μακράν
2896 2370 2998 2439 μὲν
3021 2368 3187 2424 οὖσαν
3207 2368 3291 2424 ἔτι
3314 2368 3475 2434 Θεοῦ,
3506 2369 3596 2423 δια
3626 2370 3687 2424 τὸ

2118 2460 2287 2530 μήπω
2317 2461 2416 2531 τήν
2456 2460 2525 2515 δι’
2555 2461 2732 2531 ἔργων
2769 2460 2918 2532 ἔχειν
2961 2460 3100 2531 πρὸς
3135 2461 3298 2516 αὐτὸν
3336 2461 3683 2534 παρρησίαν,

2114 2551 2357 2621 ἐγγίζειν
2383 2552 2441 2607 δὲ
2468 2553 2834 2623 προσδόκιμον
2866 2548 3035 2608 οὖσαν
3066 2552 3207 2623 Θεῷ,
3230 2554 3319 2609 διά
3347 2553 3446 2624 τὴν
3474 2554 3685 2627 ἀποχὴν

2116 2645 2224 2698 τῶν
2263 2646 2472 2710 κακῶν,
2509 2645 2605 2699 καὶ
2636 2649 2736 2715 τὴν
2784 2645 2996 2715 ἀγαθήν
3045 2646 3144 2716 ήδη
3179 2646 3459 2717 πρόθεσιν.
3498 2648 3688 2713 Οὕτως

2114 2731 2210 2790 οὖν
2249 2737 2524 2807 μακρόθεν
2564 2738 2594 2791 ὁ
2650 2738 2901 2807 Τελώνης
2946 2737 3143 2801 ἑστὼς,
3192 2740 3292 2792 οὐκ
3335 2739 3527 2810 ἢθελεν
3564 2740 3687 2795 οὐδὲ

2114 2828 2244 2892 τοῦς
2277 2829 2587 2901 ὀφθαλμοὺς
2616 2834 2697 2894 είς
2715 2831 2808 2887 τὸν
2838 2830 3067 2901 οὐρανὸν
3092 2825 3246 2901 ἆραι,
3275 2830 3353 2901 τῷ
3373 2833 3560 2903 τρόπῳ
3592 2835 3686 2887 καὶ

2115 2919 2194 2989 τῷ
2236 2922 2476 2991 σχήματι
2522 2921 2621 2991 τὴν
2657 2922 2863 2975 οίκείαν
2907 2921 3251 2987 κατάγνωσιν
3280 2923 3374 2976 καὶ
3413 2925 3692 2993 αὐτομεμ-

2113 3013 2245 3083 ψίαν
2266 3011 2715 3082 ἐπιδεικνύμενος
2734 3028 2750 3044 °
2783 3013 3006 3077 ἀνάξιον
3031 3016 3139 3083 γὰρ
3167 3014 3359 3068 ἐαυτὸν
3388 3017 3571 3084 ἠγεῖτο
3596 3020 3687 3070 καὶ

2113 3104 2210 3157 τοῦ
2239 3103 2469 3174 οὐρανοῦ
2517 3106 2613 3158 καὶ
2650 3104 2747 3158 τοῦ
2789 3103 2929 3158 κατά
2976 3104 3072 3174 τὴν
3108 3104 3211 3174 γῆν
3246 3105 3414 3175 ίεροῦ.
3455 3107 3546 3161 Διὸ
3593 3105 3689 3159 τοῦ

2118 3197 2217 3266 μὲν
2244 3196 2337 3250 ἐπὶ⁸
2363 3196 2474 3250 τῶν
2503 3195 2790 3265 προθύρων
2822 3197 3063 3266 εἱστήκει
3082 3235 3099 3261 ,
3124 3197 3263 3265 πρὸς
3293 3198 3349 3251 δὲ
3386 3198 3479 3253 τὸν
3526 3200 3689 3269 οὐρα-

2115 3288 2205 3340 νὸν
2228 3286 2349 3340 οῦδέ
2374 3284 2645 3349 ἀτενίζειν
2662 3285 2885 3355 ἐτόλμα,
2910 3276 3063 3356 πόσῳ
3084 3288 3286 3355 μᾶλλον
3312 3287 3448 3358 πρὸς
3476 3291 3569 3342 τὸν
3592 3290 3686 3343 τοῦ

2111 3375 2344 3449 οὐρανοῦ
2378 3376 2553 3441 Θεόν;
2605 3374 2747 3429 Ἀλλ’
2782 3374 2888 3428 ὑπὸ
2916 3376 3019 3443 τῆς
3067 3377 3306 3446 σφοδρᾶς
3340 3380 3688 3446 κατανύξεως

2111 3469 2329 3522 τύπτων
2359 3466 2420 3519 τὸ
2445 3464 2640 3519 ἐαυτοῦ
2675 3464 2894 3536 στῆθος,
2929 3467 3024 3521 καὶ
3059 3469 3286 3537 πληγῶν
3316 3471 3509 3525 ἐαυτὸν
3538 3472 3688 3537 ἀξιον

2114 3556 2387 3629 παριστὰς
2410 3555 2683 3621 ἐντεῦθεν,
2703 3556 3061 3631 βαρυπενθῶν
3088 3558 3328 3623 καὶτοὺς
3350 3562 3687 3631 στεναγμοὺς

2116 3651 2456 3721 ἀναπέμπων
2477 3647 2708 3717 ἐκεῖθεν,
2740 3653 2833 3705 καὶ
2856 3652 2954 3719 τὴν
2977 3651 3218 3721 κεφαλὴν
3250 3651 3326 3715 ὡς
3356 3652 3687 3722 κατάκριτος

2116 3743 2334 3807 κλίνων,
2366 3741 2693 3808 ἁμαρτωλὸν
2718 3743 2928 3806 ἐκάλει,
2960 3743 3056 3795 καὶ
3098 3742 3189 3795 τὸν
3220 3743 3450 3813 ἱλασμὸν
3483 3742 3687 3805 πιστῶς

2115 3834 2393 3903 ἐπεζήτει,
2431 3835 2603 3903 λέγων
2628 3852 2641 3866 υ
2680 3854 2697 3886 ι
2733 3834 2793 3887 Ὀ
2824 3833 2975 3900 Θεὸς,
3003 3833 3251 3901 ἱλάσθητί
3287 3851 3377 3903 μοι
3403 3832 3479 3902 τῷ
3508 3835 3689 3903 ἀμαρο

2115 3927 2302 3991 τωλῷ»
2332 3941 2346 3956 °
2379 3926 2669 3980 ἐπίστευσε
2724 3928 2833 3995 γὰρ
2868 3925 2946 3995 τῷ
2979 3926 3229 3993 λέγοντι·
3273 3944 3292 3976 r
3330 3919 3495 3991 Εἶπα,
3537 3924 3687 3989 Ἐξα-

2118 4018 2365 4088 γορεύσω
2395 4018 2515 4071 κατ’
2539 4016 2670 4084 ἐμοῦ
2704 4019 2805 4086 τὴν
2829 4018 3057 4084 ἀνομίαν
3103 4034 3206 4084 μου
3233 4015 3312 4086 τῷ
3352 4017 3563 4087 Κυρίῳ,
3598 4018 3685 4067 καὶ

2121 4108 2184 4159 σὺ
2225 4110 2442 4178 ἀφῆκας
2470 4108 2567 4176 τὴν
2609 4106 2867 4161 ἀσέϐειαν
2898 4108 3000 4173 τῆς
3039 4107 3262 4177 καρδίας
3305 4124 3429 4177 μου.
3467 4125 3486 4158 ι
3523 4107 3587 4161 Τί
3625 4107 3689 4175 δὴ

2116 4199 2179 4252 τὸ
2210 4198 2302 4250 ἐπὶ
2324 4197 2567 4261 τούτοιςς
2607 4215 2627 4248 ι
2668 4198 2889 4268 Κατέϐη
2914 4192 3070 4261 οὗτος
3117 4199 3555 4269 δεδικαιωμένος,
3581 4217 3673 4269 φη-

2120 4291 2207 4340 σὶν
2231 4289 2259 4340 ὁ
2294 4286 2518 4359 Κύριος,
2548 4288 2581 4358 ἢ
2618 4290 2823 4351 ἐκεῖνος
2845 4305 2859 4321 ·
2890 4290 2971 4342 ὅτι
2996 4290 3155 4352 uage
3194 4288 3344 4359 ὑψῶν
3372 4289 3564 4343 ἐαυτὸν
3593 4307 3691 4344 τα-

2122 4380 2539 4449 πεινωθήσεται,
2563 4382 2591 4432 ὁ
2610 4381 2666 4434 δὲ
2686 4382 2956 4433 ταπεινῶν
2977 4381 3167 4435 ἐαυτὸν
3188 4381 3558 4452 ὑψωθήσεται.
3599 4381 3689 4444 Ὠς

443 4467 566 4535 jieit
600 4485 814 4525 omnem
839 4471 1129 4527 humanam
1154 4473 1407 4527 virtutem
1431 4492 1446 4527 :
1477 4475 1548 4527 ita
1576 4473 1862 4530 humilitas
1887 4490 2010 4541 erga

2122 4470 2230 4538 γάρ
2282 4470 2604 4540 αὐτόχρημα
2644 4469 2812 4537 τῦφός
2850 4471 2999 4523 ἐστιν
3040 4472 3068 4523 ὁ
3115 4470 3382 4538 διάϐολος,
3432 4472 3526 4525 καὶ
3560 4471 3690 4525 ῐδιόν

396 4556 403 4563 ’
452 4562 617 4615 Deum
677 4562 940 4616 bonorum
999 4575 1084 4618 est
1138 4565 1311 4619 virtus
1362 4565 1702 4633 angelorum,
1741 4575 1797 4619 et
1850 4567 2010 4620 vincit

2122 4562 2238 4613 ἐστι
2277 4561 2448 4627 τούτῳ
2490 4562 2522 4631 ή
2566 4562 2940 4631 ὑπερηφάνεια
2967 4562 3155 4625 κακὸν,
3194 4562 3274 4615 διὸ
3304 4564 3399 4617 καὶ
3429 4564 3552 4634 νικᾷ
3600 4563 3691 4615 καὶ

451 4648 745 4705 humanum
800 4651 1083 4720 quodlibet
1142 4653 1332 4706 vitium
1395 4653 1691 4708 oﬂemleuti
1753 4670 2010 4724 superve-

2125 4653 2487 4723 συγκατασπᾷ
2512 4653 2849 4722 συμμιγείσα
2877 4653 3058 4706 πᾶσαν
3085 4653 3286 4724 ἀρετὴν
3316 4653 3688 4724 ἀνθρωπίνην,

452 4741 649 4807 uicus;
699 4742 979 4797 humilitas
1026 4743 1173 4798 enim
1224 4752 1312 4797 est
1358 4757 1555 4798 currus
1585 4758 1693 4810 quo
1728 4744 1795 4798 ad
1845 4745 2010 4798 Demn

2116 4743 2288 4811 οῦτως
2314 4745 2347 4813 ή
2379 4745 2514 4814 πρὸς
2537 4744 2630 4796 τὸν
2646 4743 2777 4797 Θεὸν
2804 4745 3132 4807 ταπείνωσις
3155 4745 3404 4812 ἀγγέλων
3430 4745 3694 4811 τῶνάγα-

450 4836 760 4889 ascenditur
802 4853 896 4905 per
941 4837 1113 4892 nubes
1151 4836 1271 4890 illas
1318 4852 1439 4904 quin
1469 4835 1669 4890 eﬂ‘erre
1713 4836 1916 4891 debent
1948 4838 2010 4890 ad

2117 4834 2227 4887 θῶν
2254 4837 2401 4887 ἐστιν
2435 4834 2626 4904 ἀρετὴ,
2672 4835 2767 4888 καὶ
2822 4836 2949 4907 νικᾷ
2987 4836 3171 4889 πᾶσαν
3198 4834 3546 4905 ἀνθρωπίνην
3596 4852 3693 4887 κα-

452 4926 616 4978 Denm
652 4927 861 4980 futuros
903 4943 1024 4980 cum
1077 4927 1188 4980 Deo
1237 4930 1287 4980 in
1348 4927 1563 4981 iniinita
1597 4927 1822 4992 smcula,
1859 4937 2010 4997 prout

2118 4926 2264 4987 κίαν,
2294 4927 2689 4996 ἐπιγενομένην
2725 4926 2802 4995 τῷ
2832 4927 3153 4979 πταίσαντι*
3184 4924 3369 4994 ὄχημα
3400 4924 3509 4993 γάρ
3545 4925 3691 4976 ἐστιν

452 5017 699 5082 prtetlixit
730 5017 1021 5085 Apostolus
1054 5034 1067 5070 :
1104 5035 1123 5066 ι
1163 5015 1477 5083 Rapiemur,
1520 5018 1719 5086 inquit,
1770 5018 1824 5073 in
1857 5021 2010 5074 nubi-

2120 5021 2151 5083 ἠ
2182 5018 2511 5080 ταπείνωσις
2542 5017 2639 5085 τῆς
2689 5017 2826 5086 πρὸς
2865 5016 2957 5069 τὸν
2990 5014 3124 5068 Θεὸν
3169 5013 3489 5077 ἀναϐάσεως
3509 5057 3523 5079 ,
3551 5012 3692 5067 κατά

449 5107 550 5161 bus
584 5110 796 5163 obviam
832 5109 1061 5162 Domino
1104 5109 1154 5160 in
1202 5124 1350 5171 aera,
1397 5121 1451 5163 et
1503 5113 1581 5165 sic
1631 5127 1846 5181 semper
1891 5130 2010 5167 cum

2114 5110 2208 5171 τὰς
2241 5109 2466 5176 νεφέλας
2500 5109 2735 5174 ἐκείνας,
2768 5107 2825 5160 αἳ
2857 5106 3142 5176 μέλλουσιν
3174 5105 3413 5159 ἀνοίσειν
3442 5106 3575 5175 πρὸς
3602 5107 3693 5157 τὸν

450 5200 681 5254 Domino
706 5204 908 5255 erimus
928 5201 995 5253 ³⁸.
1031 5218 1051 5252 ι
1093 5199 1185 5252 Est
1216 5202 1359 5254 enim
1386 5204 1537 5269 quasi
1570 5207 1816 5272 qumdam
1847 5205 2010 5261 nubes

2114 5202 2244 5253 Θεὸν
2274 5203 2400 5265 τοὺς
2424 5201 2717 5270 ἐσομένους
2743 5201 2822 5260 εἰς
2847 5198 3108 5267 ἀπείρους
3139 5198 3341 5258 αἰῶνας
3368 5200 3506 5267 μετά
3528 5197 3691 5259 Θεοῦ,

450 5292 729 5345 humilitas
761 5293 1091 5357 paenitentia:
1134 5291 1448 5360 conjuncta,
1480 5295 1845 5365 lacrymarum
1895 5298 2010 5350 ίοη-

2114 5291 2361 5359 καθάπερ
2401 5293 2428 5343 ὁ
2468 5290 2788 5352 Ἀπόστολος
2816 5291 3222 5358 προεφήτευσεν
3246 5303 3261 5319 ⁸
3300 5305 3318 5338 ι
3341 5287 3696 5357 Ἀρπαγησό·

452 5393 532 5435 tes
566 5385 836 5436 exoculis
865 5381 1123 5446 edocens,
1160 5384 1465 5451 dignosque
1500 5401 1564 5438 ex
1610 5385 1849 5454 indignis
1899 5387 2010 5442 eﬂi~

2116 5384 2253 5453 μεθα
2282 5382 2412 5452 γὰρ,
2441 5382 2627 5450 φησὶν,
2650 5383 2708 5434 ἐν
2736 5380 2987 5449 νεφέλαις
3016 5382 3098 5443 είς
3132 5380 3440 5443 ἀπάντησιν
3461 5379 3555 5429 τοῦ
3586 5379 3694 5429 Κυ-

448 5466 599 5520 ciens
632 5480 842 5517 necnon
867 5463 977 5517 Deo
1012 5466 1076 5517 ad
1108 5482 1268 5533 quem
1305 5467 1455 5519 ducit
1485 5470 1825 5537 coniungens
1847 5474 2010 5539 gratia

2129 5474 2345 5541 piovei;
2364 5473 2522 5542 ἀέρα,
2547 5472 2640 5524 καὶ
2658 5470 2801 5524 οὕτω
2819 5470 3046 5522 πάντοτε
3073 5470 3170 5520 σὺν
3195 5467 3381 5535 Κυρίῳ
3402 5465 3657 5532 ἐσόμεθα.
3672 5484 3692 5514 ο

446 5555 771 5624 justiiicatos
807 5572 903 5624 per
937 5556 1257 5611 intentionis
1287 5560 1657 5614 Sanctitatem.

2129 5559 2255 5617 Οἷον
2283 5564 2390 5633 γάρ
2419 5564 2502 5627 τίς
2526 5567 2642 5617 ἐστι
2674 5563 2868 5632 νεφέλη
2898 5564 2989 5615 καὶ
3015 5564 3047 5629 ἡ
3075 5559 3425 5621 ταπείνωσις,
3456 5556 3543 5605 διὰ
3568 5567 3696 5621 μετ-

449 5651 629 5714 ανοίας
676 5653 935 5712 sessim.
972 5655 1066 5705 καὶ
1102 5655 1198 5715 τὰς
1244 5654 1357 5707 τῶν
1396 5655 1648 5724 δακρύων
1716 5656 1934 5721 λιϐάῗα;
1981 5660 2042 5712 ἐκ
2083 5660 2189 5713 τῶν
2245 5659 2538 5728 ὀφθαλμῶν
2588 5661 2823 5728 ἀφιεῖσα.
2868 5659 2960 5711 καὶ
3029 5657 3152 5717 τοὺς
3210 5651 3394 5715 ἀξίους
3439 5651 3501 5704 ἔκ
3582 5648 3692 5701 τῶν

518 5826 562 5877 ἓθ
593 5828 729 5881 l’aai.
772 5845 917 5893 aut,
959 5831 1011 5883 5.
1094 5831 1133 5862 ³³
1167 5834 1180 5884 l
1219 5832 1403 5888 'i‘ltt'ss.
1442 5851 1516 5901 tv,
1552 5837 1610 5888 ib'
