4090 6450
411 401 484 466 29
1827 407 1996 468 ῙΙΟΜ

2117 415 2160 468 Α
2196 413 2277 474 ll.
3618 407 3690 470 30

416 512 646 577 ἀναξίων
685 511 973 580 ἐξάγουσα,

417 605 580 673 σύνην
605 605 698 671 τῆς
719 608 1113 674 προαιρέσεως.

1060 515 1153 566 καὶ
1191 511 1466 582 ἀνάγουσα
1521 511 1614 566 καὶ
1661 512 1739 583 τῷ
1808 514 1927 584 Θεῷ
1997 517 2296 573 συνιστᾶσα
2345 519 2554 589 δωρεὰν
2601 521 3062 594 δεδικαιωμένους
3112 522 3198 576 διὰ
3265 523 3363 591 τὴν
3415 525 3690 591 εὐγνωμο-

500 697 639 748 um“
664 699 693 749 6
725 698 824 766 μὲν
851 698 1104 769 Τελώνης
1146 700 1494 770 κακοτέχνως
1541 700 1996 771 σφετεριζόμενος

2173 703 2282 758 Sed
2337 703 2673 760 Publicanus
2726 705 2946 775 quidem
2999 703 3150 774 prius
3201 702 3377 756 aliena
3434 715 3691 769 perverse

419 786 486 840 τὰ
512 787 761 855 ἀλλότρια
796 789 1081 858 πρότερον,
1145 790 1244 857 τῆς
1293 792 1656 860 κακοτεχνίας
1703 791 1999 860 ἀφιέμενος

423 875 663 946 ὕστερον,
717 880 810 930 καὶ
845 879 919 947 μὴ
954 879 1179 932 δικαιῶν
1218 881 1433 943 ἑαυτὸν,
1468 881 1814 934 δεδικαίωται
1839 897 1854 912 ⁸
1885 882 1912 934 6
1946 881 2003 934 δὲ

419 969 706 1036 Φαρισαῖος
738 969 844 1022 τῶν
873 971 1054 1034 ἄλλοις
1083 972 1469 1042 προσηκόντων
1503 972 1578 1042 μὴ
1616 971 1997 1040 ἀντεχόμενος,

421 1060 513 1112 καὶ
553 1060 774 1113 δικαιῶν
813 1063 1006 1114 ἑαυτὸν
1061 1066 1574 1133 κατακέκριται.οἱ
1627 1064 1684 1117 δὲ
1743 1063 1836 1116 καὶ
1891 1063 2003 1115 τῶν

418 1150 605 1214 ἄλλοις
639 1152 1027 1221 προσηκόντων
1085 1151 1158 1223 μὴ
1208 1154 1564 1222 ἀπεχόμενοι,
1623 1153 1717 1207 καὶ
1760 1152 2003 1208 δικαιοῦν

419 1242 816 1311 ἐπιχειροῦντες
845 1244 1071 1307 ἑαυτοὺς
1090 1287 1104 1310 ,
1138 1251 1189 1298 τί
1225 1245 1542 1308 πείσονταις
1584 1246 1748 1299 Ἀλλὰ
1778 1245 2004 1308 τούτους

422 1333 522 1401 μὲν
549 1334 792 1402 ἀφῶμεν,
828 1337 950 1388 ἐπεὶ
983 1339 1075 1388 καὶ
1104 1337 1132 1388 6
1184 1337 1409 1408 Κύριος,
1454 1339 1531 1401 ὡς
1575 1340 1682 1407 ἄρα
1736 1337 1810 1407 μὴ
1858 1336 2004 1404 λόγῳ

421 1429 792 1494 καταπειθεῖς.
839 1431 999 1484 Ἔστι
1049 1432 1095 1486 δ’
1129 1432 1217 1486 ὅτε
1266 1433 1552 1503 καὶὴμεϊς
1596 1431 2006 1500 ταπεινούμεθα

421 1522 870 1592 προσευχόμενοι,
904 1523 998 1577 καὶ
1023 1523 1153 1586 ἴσως
1182 1524 1412 1595 οἰόμεθα
1441 1525 1536 1578 τοῦ
1565 1525 1812 1577 Τελὼνου
1842 1523 2004 1592 κομί-

419 1613 607 1678 ζεσθαι
657 1615 720 1667 τὸ
741 1615 1016 1684 δικαίωμα
1039 1632 1055 1648 ο
1079 1618 1180 1670 οὐκ
1209 1616 1324 1687 ἔχει
1349 1617 1407 1669 δὲ
1435 1615 1610 1679 οῦτως
1643 1631 1660 1648 ⁸
1685 1617 1862 1669 ἐκεῖνο
1892 1616 2004 1684 γὰρ

420 1707 501 1758 δεῖ
527 1709 767 1770 σκοπεῖν,
795 1709 876 1760 ὅτι
897 1708 1052 1779 παρὰ
1082 1708 1174 1761 τοῦ
1203 1710 1504 1778 Φαρισαίου
1535 1708 1678 1761 κατὰ
1711 1708 2004 1778 πρόσωπον

409 1787 450 1848 ’ὁ
476 1797 722 1861 Τελώνης
751 1800 845 1852 καὶ
871 1801 1010 1869 μετὰ
1031 1801 1091 1854 τὸ
1117 1801 1380 1872 ἐκστῆναι
1411 1799 1516 1869 τῆς
1546 1799 1827 1870 ἁμαρτίας
1855 1799 2006 1866 ἐξου-

423 1888 761 1959 οεκούμενος,
795 1893 890 1944 καὶ
921 1891 1083 1956 αὐτὸς
1113 1892 1307 1946 ἑαυτὸν
1345 1891 1640 1956 ὲξουθενῶν
1675 1891 2003 1954 κατεδίκαζε

425 1981 501 2052 μὴ
532 1982 690 2050 μόνον
715 1983 816 2036 οὐκ
832 1983 1146 2050 ἀντιλέγων,
1178 1981 1314 2036 ἀλλὰ
1333 1983 1430 2036 καὶ
1453 1983 1775 2053 συνηγορῶν
1805 1982 2002 2049 ἐκείνῳ

421 2074 544 2126 καθ’
579 2075 683 2143 lo
707 2073 925 2131 ἑαυτοῦ.
967 2073 1139 2126 Ὅταν
1166 2069 1262 2126 οῦν
1286 2075 1383 2127 καὶ
1415 2075 1581 2137 αὐτὸς
1618 2075 1717 2144 τὴν
1753 2075 1810 2125 ὲν
1841 2071 2003 2142 χερσὶ
2035 2057 2082 2117 Β

409 2163 609 2220 κακίαν
626 2165 807 2234 ἀφεὶς,
834 2167 948 2230 τοῖς
972 2165 1018 2219 δ’
1041 2164 1213 2237 αὐτὴν
1243 2163 1595 2232 ὲξουθενοῦσι
1611 2163 1708 2216 καὶ
1731 2151 2006 2232 λοιδοροῦ-

411 2273 496 2312 σιν
515 2256 614 2310 οὐκ
634 2257 941 2328 ἀντιλέγῃς,
976 2257 1114 2312 ἀλλὰ
1157 2255 1654 2326 συγκαταδικάζων
1680 2254 1902 2319 σαυτὸν,
1927 2251 2003 2314 ὡς

411 2350 540 2404 ταντα
583 2350 848 2417 τοιοῦτον,
893 2351 984 2404 διὰ
1031 2350 1346 2421 προσευχῆς
1396 2350 1456 2402 ὲν
1512 2343 1810 2411 κατανύξει
1862 2343 2006 2413 προς

415 2446 576 2515 μόνον
607 2444 977 2512 καταφεύγεις
1015 2443 1108 2497 τὸν
1155 2446 1220 2496 ὲκ
1266 2441 1404 2496 Θεοῦ
1447 2442 1698 2506 ἱλασμὸν,
1752 2439 1862 2492 ίσθι
1916 2454 2008 2490 σε·

415 2539 692 2607 σωσμένος
745 2536 998 2604 Τελὼνης
1030 2535 1108 2590 ὢν
1134 2552 1149 2567 ·
1191 2534 1378 2588 πολλοὶ
1406 2535 1519 2602 γὰρ
1560 2535 1724 2601 φασιν
1775 2531 2007 2590 ἑαυτοὺς

413 2632 775 2702 ἁμαρτωλοὺς
821 2632 918 2684 καὶ
963 2629 1198 2698 λέγομεν
1234 2627 1366 2689 ἴσως
1399 2627 1487 2680 καὶ
1523 2626 1752 2694 ἔχομεν·
1809 2623 2008 2690 ἀτιμία

414 2723 472 2779 δὲ
502 2726 726 2796 καρδίαν
757 2724 1114 2796 ἐδοκίμασεν*
1154 2719 1347 2786 ὥσπερ
1379 2719 1493 2788 γὰρ
1521 2721 1549 2772 6
1581 2720 1760 2788 μέγας
1793 2713 2010 2778 Παῦλος

413 2818 604 2889 πόρρω
653 2819 753 2886 τῆς
793 2817 1131 2886 φαρισαῖκῆς
1193 2811 1569 2883 μεγαλαυχίας
1623 2811 1766 2876 ἐστὶ,
1827 2813 2008 2864 καίτοι

414 2912 551 2979 προς
576 2910 704 2972 τοὺς
732 2910 788 2961 ὲν
821 2907 1075 2978 Κορίνθῳ
1104 2905 1382 2972 γλώσσαις
1410 2902 1704 2964 λαλοῦντας
1735 2901 1968 2970 γράφων
1990 2915 2005 2932 ·

420 3019 441 3054 ι
505 3000 826 3069 Εὑχαριστῶ
871 2999 950 3068 τῷ
995 2998 1116 3064 Θεῷ
1158 3013 1260 3066 μου
1310 2993 1535 3048 πάντων
1585 2993 1742 3064 ὑμῶν
1804 2993 2010 3062 μᾶλλον

415 3095 688 3164 γλώσσαις
733 3093 932 3147 λαλῶν.
979 3109 998 3143 ι
1046 3091 1165 3146 Ἵνα
1199 3091 1310 3160 γὰρ
1352 3091 1600 3152 ἐκείνους
1647 3087 2004 3157 καταστείλῃ,

416 3190 557 3242 κατά
584 3187 696 3242 τῶν
727 3186 801 3258 μὴ
825 3186 886 3240 τὸ
915 3185 1162 3256 χάρισμα
1189 3183 1551 3254 κεκτημένων
1577 3182 2006 3252 ἐπαιρομένους,

413 3281 638 3336 τοιαῦτα
662 3281 861 3352 γράφει
893 3280 922 3332 6
953 3276 1188 3349 ἀλλαχοῦ
1225 3276 1446 3330 πάντων
1483 3274 1777 3345 περίψημα
1808 3274 2006 3328 ἑαυτὸν

415 3371 554 3430 εἶναι
580 3375 801 3444 λέγων.⁶

487 3469 698 3540 Ὥσπερ
729 3463 820 3522 οῦν
856 3470 885 3522 6
913 3467 1126 3530 Παῦλος
1160 3467 1348 3520 ἐκεῖνα
1397 3464 1649 3534 γράφων,
1687 3465 1880 3535 πόρρω
1911 3465 2008 3530 τῆς

417 3563 754 3632 φαρισαῖκῆς
773 3561 1148 3633 μεγαλαυχίας
1167 3559 1336 3622 ἐστὶν,
1369 3557 1544 3620 οὕτως
1566 3558 1686 3610 ἐστὶ
1712 3558 1804 3610 καὶ
1832 3556 1895 3609 τὰ
1917 3555 2009 3609 τοῦ

417 3657 662 3712 Τελώνου
727 3657 947 3726 ῥήματα
1004 3655 1210 3722 λέγειν,
1267 3653 1362 3705 καὶ
1411 3651 1826 3717 ταπεινολογεῖν
1884 3650 2010 3701 κατ’

417 3750 646 3810 ικεῖνον,
679 3749 770 3800 καὶ
816 3748 891 3816 μὴ
930 3746 1289 3815 δικαιωθῆναι
1332 3743 1590 3813 καθάπερ
1639 3744 1850 3803 ἐκεῖνος
1876 3757 1889 3770 ·
1932 3741 2012 3794 δεῖ

419 3843 529 3911 γὰρ
561 3843 672 3902 τοῖς
701 3839 1011 3901 τελωνικοῖς
1047 3840 1257 3908 ῥήμασι
1303 3838 1590 3906 προσεῖναι
1617 3835 1716 3886 καὶ
1753 3835 1854 3900 τὴν
1898 3831 2010 3884 ἀπὸ

416 3917 525 3988 τῶν
555 3934 740 3987 κακῶν
783 3931 1094 4002 μετάθεσιν,
1121 3931 1217 3985 καὶ
1246 3930 1345 4000 τὴν
1371 3932 1429 3983 ὲν
1456 3931 1525 3999 τῇ
1559 3927 1710 3998 ψυχῇ
1743 3927 2007 3990 διάθεσιν,

420 4031 517 4082 καὶ
543 4028 638 4100 τὴν
670 4026 987 4093 κατάνυξιν,
1017 4026 1114 4079 καὶ
1144 4026 1246 4090 τὴν
1285 4024 1569 4095 ὑπομονὴν
1607 4023 1822 4076 ἐκείνου
1843 4038 1857 4054 ·
1885 4023 2013 4078 ἐπεὶ

421 4121 516 4174 καὶ
537 4122 564 4174 6
591 4117 756 4173 Δαϐὶδ
789 4117 969 4189 ἔργοις
1000 4118 1112 4172 δεῖν
1147 4116 1318 4184 ἔδειξε
1353 4120 1446 4170 τδν
1477 4115 1782 4170 ὑπεύθυνον
1817 4115 2011 4169 ἑαυτὸν

419 4213 573 4284 παρὰ
620 4211 739 4282 Θεῷ
787 4210 1144 4280 λογιζόμενον
1201 4209 1298 4264 καλ⁵
1355 4209 1725 4282 μετανοοῦντα
1793 4208 2012 4265 δικαίαν

417 4306 675 4372 ἡγεῖσθαι
733 4305 830 4358 καὶ
866 4303 1111 4376 φορητὴν
1162 4303 1266 4373 τὴν
1305 4303 1438 4373 παρ’
1477 4303 1682 4372 ἐτέρων
1732 4303 1814 4367 είς
1850 4303 2012 4356 αὑτὸν

420 4395 696 4465 i'aﬁpw‘xa‘t
737 4393 984 4464 ἀτιμίαν.
1040 4395 1196 4449 Μετὰ
1239 4394 1351 4465 γὰρ
1383 4395 1481 4463 τὴν
1514 4394 1792 4466 ἁμαρτίαν
1825 4394 2011 4459 κακῶς

419 4489 633 4542 ἁκούων
668 4488 822 4557 παρὰ
853 4487 946 4541 τοῦ
969 4487 1188 4559 Σεμεεὶ,
1215 4488 1357 4559 πρὸς
1393 4489 1520 4551 τοὺς
1543 4487 1860 4558 ἀμύνεσθαι
1889 4487 2014 4556 βου-

418 4581 676 4648 λομένους
702 4580 914 4650 ἔλεγενο
952 4579 1398 4651 «Ἀφετε“αύτδν
1429 4579 1775 4648 καταρᾶσθαί
1809 4597 1901 4650 με,
1928 4581 2012 4636 ὅτι

419 4674 624 4746 Κύριος
684 4671 841 4728 εἴπεν
893 4673 1044 4744 αύτῷ
1076 4673 1495 4745 καταράσασθαι
1535 4673 1626 4727 τὸν
1652 4674 1876 4736 Δαὸὶδ,ι
1911 4674 2012 4744 τὴν

2105 795 2399 858 invadens,
2429 806 2618 864 postea
2643 798 2915 865 pravitate
2953 795 3163 860 relicta,
3203 810 3302 850 nec
3334 794 3687 858 semetipsum

2101 889 2436 958 justilicans,
2465 891 2840 959 justiﬁcatur;
2899 888 3216 944 Pliarismus
3247 896 3426 940 autem
3459 886 3688 938 aliormu

2105 987 2248 1041 bona
2281 1002 2391 1040 non
2435 987 2682 1040 retinens
2719 995 2773 1040 et
2819 987 3173 1055 semetipsum
3204 983 3512 1052 justilicans
3558 997 3688 1034 con-

2108 1079 2414 1135 demnatur.
2462 1078 2659 1133 Verum
2712 1081 2908 1133 alienis
2957 1095 3062 1133 non
3118 1079 3458 1133 abstinentes
3501 1085 3556 1128 et
3600 1088 3688 1126 se-

2109 1171 2697 1239 metipsosjustificare
2728 1172 3146 1233 contendentes,
3198 1170 3330 1238 quid
3377 1162 3693 1236 patientur?

2107 1260 2178 1314 At
2227 1262 2360 1315 istos
2393 1263 2609 1330 quidem
2650 1263 2988 1327 omittamus,
3034 1279 3156 1314 cum
3192 1260 3392 1314 dixerit
3429 1259 3692 1312 Dominus

2107 1367 2167 1405 se
2195 1367 2302 1406 non
2331 1353 2514 1407 verbis
2541 1355 2782 1407 suaderi.
2810 1353 2920 1408 Nos
2949 1369 3080 1406 vero
3106 1354 3313 1422 pariter
3338 1349 3694 1405 lnnniliatnur

2111 1445 2495 1511 deprecantes,
2527 1454 2582 1498 ct
2612 1445 2869 1498 similiter
2890 1453 3145 1510 putamus
3174 1441 3458 1497 Publicani
3485 1440 3694 1496 referre

2104 1532 2594 1601 jnstiflcationem;
2629 1535 2701 1590 ita
2732 1549 2910 1591 tamen
2942 1550 3048 1589 non
3084 1533 3310 1601 accidit,
3340 1549 3471 1587 nam
3513 1534 3695 1588 εοιιεί-

2109 1626 2304 1678 derare
2341 1636 2558 1693 oportet
2601 1629 2864 1697 quoniam
2902 1643 2930 1681 a
2968 1627 3246 1682 Pharisaeo
3271 1626 3576 1682 secundum
3616 1624 3696 1677 fa-

2109 1722 2249 1775 ciem
2306 1723 2472 1776 etiam
2508 1733 2799 1793 postquam
2852 1741 2881 1778 a
2935 1734 3162 1793 peccato
3193 1721 3529 1779 surrexisset
3559 1735 3692 1774 con-

2108 1818 2369 1880 temptus,
2388 1814 2739 1884 semetipsum
2760 1816 2924 1870 etiam
2949 1815 3255 1882 despiciens
3279 1811 3692 1876 condemnavit,

2109 1917 2220 1955 non
2260 1911 2468 1956 tantum
2509 1920 2636 1958 cum
2665 1904 2890 1960 minime
2916 1905 3340 1969 contradiceret,
3367 1902 3462 1959 sed
3491 1912 3546 1957 et
3567 1917 3693 1957 cum

2111 1991 2186 2045 illi
2223 2002 2414 2046 contra
2467 2009 2524 2048 se
2579 1997 2921 2050 conveniret.
2959 1995 3194 2061 Quando
3243 1994 3408 2064 igitur
3457 2002 3603 2047 tuam
3641 1993 3695 2046 in

2111 2084 2362 2137 manibus
2422 2085 2706 2141 dimittens
2748 2087 3014 2141 malitiam
3064 2087 3186 2140 aliis
3222 2097 3273 2139 te
3316 2096 3540 2156 propter
3572 2101 3694 2140 eam

2113 2173 2601 2227 contemnentibus
2658 2185 2710 2226 et
2771 2176 3124 2227 initientibus
3180 2194 3284 2229 non
3345 2180 3702 2243 contradicis,

2109 2264 2202 2316 Sed
2236 2273 2289 2317 le
2319 2272 2370 2316 et
2403 2274 2454 2317 tu
2489 2265 2605 2332 ipse
2638 2266 2912 2320 damnans
2949 2277 3009 2320 ut
3055 2269 3240 2332 talem,
3272 2285 3367 2336 per
3395 2270 3702 2323 oralionem

2110 2357 2160 2408 in
2192 2356 2610 2425 compnnctione
2649 2357 2717 2412 ad
2764 2358 2936 2413 solam
2991 2360 3085 2415 Dei
3137 2359 3340 2428 refugis
3398 2362 3710 2416 misericor-

2110 2447 2280 2514 diam,
2306 2451 2450 2503 scito
2478 2461 2552 2514 te,
2584 2452 2689 2505 etsi
2720 2450 3105 2513 Publicanum.
3149 2454 3360 2507 salvum
3391 2470 3534 2509 esse.
3569 2453 3705 2508 Nam

2111 2543 2270 2598 multi
2300 2544 2492 2597 dicunt
2535 2559 2596 2599 se
2639 2554 2988 2614 peccatores,
3024 2555 3078 2599 et
3134 2545 3370 2599 diciimis
3421 2548 3625 2613 pariter
3653 2557 3709 2600 et

2111 2636 2418 2700 habemus;
2460 2635 2705 2694 dedecus
2732 2646 2917 2690 autem
2951 2651 3052 2690 cor
3075 2637 3346 2704 probavit.
3378 2635 3532 2692 Licet
3559 2637 3705 2691 enim

2112 2743 2340 2796 magnus
2373 2727 2570 2782 Paulus
2635 2727 2824 2796 procul
2880 2743 2907 2780 a
2953 2727 3259 2796 pltarisaica
3290 2728 3553 2796 jactantia
3589 2746 3711 2782 Ver.

2110 2830 2350 2883 seretur,
2385 2829 2631 2875 attamen
2674 2821 2742 2874 ad
2791 2819 3118 2874 Corinthios
3165 2820 3370 2885 linguis
3420 2822 3709 2889 loquentes

2111 2914 2408 2968 svribens:
2450 2932 2469 2966 ι
2508 2912 2750 2973 Gratias.
2811 2912 3012 2982 inquit,
3055 2928 3157 2984 ago
3217 2915 3328 2968 Deo
3381 2931 3502 2968 meo
3561 2917 3708 2983 quod

2113 3008 2356 3060 Omniqu
2391 3017 2637 3061 vestrum
2693 3007 2878 3078 lingua
2917 3006 3112 3076 loquor
3141 3007 3208 3060 ³⁸.
3256 3026 3274 3058 ι
3315 3006 3449 3062 Nam
3489 3020 3548 3061 ut
3586 3009 3708 3061 illos

2111 3097 2330 3164 dejiciat
2379 3100 2642 3154 adversus
2695 3115 2791 3154 eos
2839 3100 2930 3168 qui
3001 3099 3130 3154 talia
3189 3099 3524 3154 charismata
3591 3115 3702 3153 non

2111 3191 2469 3258 possidebant
2523 3191 2762 3254 inflatos,
2830 3193 2956 3248 talia
3007 3193 3200 3250 scribit
3249 3193 3344 3265 qui
3397 3193 3598 3264 ubique
3651 3209 3710 3250 se

2111 3287 2354 3344 omnium
2383 3289 2694 3358 peripsema
2726 3305 2849 3346 esse
2879 3291 3039 3344 dixit.

2186 3467 2837 3536 igiturquemadmodum
2865 3466 3068 3522 Paulus
3099 3466 3191 3522 illa
3215 3466 3488 3532 scribens,
3517 3465 3710 3536 procul

2115 3576 2140 3608 a
2172 3559 2479 3621 pliarisaiCa
2503 3558 2774 3626 jactantia
2813 3567 3016 3624 manet,
3056 3559 3128 3612 ita
3167 3547 3358 3629 potest
3386 3559 3509 3627 quis
3544 3558 3710 3612 verba

2115 3652 2398 3706 l'ulilit-aui
2429 3651 2635 3715 dicere,
2661 3661 2715 3705 et
2747 3650 3050 3705 secundum
3100 3651 3262 3705 istmn
3308 3667 3365 3704 se
3399 3650 3710 3712 lmmiliarc,

2113 3756 2166 3800 et
2205 3754 2390 3796 tamen
2431 3756 2776 3810 nequaquam
2812 3743 2957 3796 sicut
3001 3742 3089 3794 ille
3120 3742 3432 3809 justiticari.
3489 3745 3714 3810 Oportet

2114 3839 2260 3892 enim
2313 3834 2596 3890 Pnblicani
2639 3835 2825 3890 verbis
2878 3835 3184 3900 attendere,
3246 3851 3459 3888 necnon
3521 3835 3639 3904 ejus
3681 3851 3712 3890 a

2117 3929 2276 3984 malis
2305 3929 2749 3993 conversionem,
2790 3928 2911 3997 ejus
2955 3929 3008 3983 in
3049 3927 3232 3981 anima
3273 3927 3530 3989 consilia,
3594 3927 3714 3998 ejus

2113 4023 2598 4091 compunetionem
2634 4031 2690 4074 et
2714 4020 3086 4076 constantiam
3120 4021 3346 4075 imitari.
3379 4019 3505 4076 Ideo
3537 4021 3713 4076 David

2115 4116 2376 4186 Operibus
2406 4115 2732 4171 monstravit
2758 4131 2882 4170 eum
2920 4117 3012 4186 qui
3064 4116 3166 4170 sibi
3217 4116 3388 4170 Demn
3433 4114 3711 4171 infensum

2116 4211 2320 4280 cogitat
2360 4225 2600 4280 vereque
2633 4210 2865 4281 pcenitet
2895 4210 3099 4266 debere
3124 4209 3276 4279 justa
3313 4210 3715 4278 tolerandaque

2115 4303 2320 4359 ducere
2350 4303 2586 4357 aliorum
2635 4313 2828 4358 contra
2861 4317 2921 4358 se
2945 4303 3190 4356 convicia
3219 4311 3274 4357 et
3302 4310 3708 4372 contemptum.

2114 4395 2250 4450 Nam
2281 4405 2403 4466 post
2441 4405 2724 4465 peceatum
2758 4396 2894 4449 dura
2937 4409 2967 4448 a
2998 4395 3183 4449 Scmei
3215 4395 3469 4461 audiens,
3496 4399 3577 4450 eis
3619 4399 3711 4465 qui

2120 4491 2308 4543 ulcisci
2359 4490 2614 4545 volebant
2661 4491 2945 4558 respondit
2997 4504 3011 4540 :
3061 4506 3080 4538 ι
3126 4489 3402 4543 Dimittite
3473 4506 3596 4544 eum
3653 4505 3713 4546 ut

2118 4581 2410 4638 maledicat
2469 4583 2639 4648 milii”;
2695 4583 2959 4636 Dominus
3040 4581 3186 4637 enim
3237 4583 3494 4650 praecepit
3550 4585 3599 4640 ei
3660 4595 3718 4638 ut

2117 4673 2408 4728 tnaledicat
2465 4674 2630 4728 David
2664 4673 2748 4740 ³³;
2786 4693 2806 4727 ι
2864 4674 2958 4730 Dei
2989 4685 3212 4744 propter
3256 4686 3546 4744 peccatum
3594 4677 3714 4746 ejus

419 4767 529 4821 ἀπὸ
559 4767 649 4820 τοῦ
680 4765 817 4822 Θεοῦ
851 4766 936 4820 διὰ
961 4766 1060 4838 τὴν
1089 4767 1166 4829 εις
1194 4766 1359 4820 αὐτὸν
1395 4768 1674 4836 ἁμαρτίαν
1715 4766 2010 4837 συγχώρησ-

2123 4769 2565 4834 permissionem,
2613 4767 2758 4821 illius
2809 4768 3124 4821 mandatum
3186 4782 3311 4822 esse
3377 4767 3602 4832 dicens;
3662 4781 3712 4820 et

421 4875 530 4925 σιν,
576 4857 783 4912 ἐκείνου
820 4857 1160 4928 πρόσταγμα
1185 4858 1361 4926 λέγων
1417 4858 1598 4911 εἶναι·
1655 4858 1834 4911 καίτοι.
1865 4857 2013 4929 δεινῇ

418 4953 540 5004 τότε
590 4953 682 5005 καὶ
735 4953 950 5025 μεγάλῃ
990 4953 1250 5023 συμφορᾷ
1293 4952 1708 5021 προσεπάλαιεν
1742 4954 1772 5005 6
1820 4951 2012 5019 Δαὸὶδ,

419 5041 549 5112 ἄρτι
593 5040 690 5095 τοῦ
735 5040 1092 5109 ’Δᾶεσσαλὼμ
1126 5041 1536 5106 ἐπαναστάντος
1581 5043 1757 5113 αὐτῷ.
1800 5044 1908 5095 Καὶ
1950 5043 2017 5114 δὴ

425 5136 544 5207 μετ’
577 5136 770 5206 ὀδύνης
797 5136 859 5190 ού
887 5137 1134 5208 φορητῆς
1165 5136 1320 5192 ἄκων
1347 5137 1449 5207 τὴν
1481 5136 1846 5208 Ἰερουσαλὴμ
1869 5139 2013 5191 ἀπο·

421 5230 628 5295 λιπὼν,
692 5233 816 5285 ἐπεὶ
867 5231 1004 5301 πρὸς
1060 5230 1160 5300 τὴν
1207 5229 1492 5301 ὑπώρειαν
1551 5229 1648 5284 τοῦ
1720 5232 2016 5297 Ἐλαιῶνος

422 5323 628 5392 ἔφθασε
679 5322 921 5392 φεύγων,
970 5323 1062 5376 τὸν
1119 5323 1318 5393 Σεμεεὶ
1360 5323 1688 5394 προσθήκην
1737 5316 1866 5394 εῦρε
1915 5323 2018 5393 τῆς

428 5435 494 5470 συ
504 5434 604 5486 μφς
619 5417 738 5488 ρᾶς,
768 5416 937 5479 λίθοις
965 5417 1126 5470 αὑτὸν
1149 5417 1438 5486 βάλλοντα,
1467 5420 1560 5472 καὶ
1582 5418 1822 5480 ἀφειδῶς
1846 5419 2019 5487 ἐπαρ-

427 5512 657 5579 ώμενον,
680 5512 775 5565 καὶ
792 5509 1024 5576 ἀναιδῶς
1053 5510 1476 5580 καθυϐρίζοντα,
1513 5513 1606 5564 καὶ
1637 5511 1809 5580 ἄνδρα
1839 5512 2012 5580 αἱμά-

428 5619 537 5655 των
577 5602 980 5667 ἀποκαλοῦντα,
1011 5604 1105 5656 καὶ
1154 5603 1330 5673 ἄνδρα
1367 5601 1705 5672 παράνομον,
1756 5604 1923 5656 οἱονεὶ
1956 5604 2018 5659 τὸ

430 5697 558 5764 περὶ
574 5695 672 5764 τὴν
689 5695 972 5764 Βηρσαὸεὲ
991 5696 1086 5750 καὶ
1111 5697 1198 5749 τὸν
1222 5697 1424 5764 Οὐρίαν
1443 5697 1574 5763 ἄγος
1602 5698 1682 5756 εἰς
1709 5696 2017 5767 ὀ-ιειδισμζν

504 5877 599 5934 ⁸³1
639 5879 766 5935 Cor.
835 5900 980 5948 xxiv,
1045 5886 1128 5938 l8.
1209 5886 1249 5914 ³³
1283 5883 1319 5936 ll
1354 5883 1484 5955 l’urg.
1531 5902 1641 5950 xvi,
1706 5886 1790 5941 10.

2119 4872 2300 4917 tamen
2367 4862 2504 4916 dira).
2566 4860 2905 4930 immanique
2963 4861 3265 4915 calamitati
3326 4861 3717 4916 obluctaliatur

2117 4955 2314 5021 David,
2369 4955 2629 5008 Absalom
2677 4969 2855 5024 nuper
2904 4955 3171 5010 adversus
3210 4970 3333 5012 eum
3371 4957 3714 5022 insurgente.

2120 5048 2183 5102 Et
2230 5049 2451 5118 quidem
2485 5063 2610 5102 cum
2643 5048 2836 5103 dolore
2873 5047 3207 5101 intolerabili
3246 5047 3452 5101 invitus
3489 5046 3711 5101 Jerusa-

2117 5141 2220 5196 lem
2287 5141 2620 5208 relinqnens,
2682 5150 2974 5208 postquam
3035 5141 3101 5192 ad
3160 5138 3364 5193 clivum
3435 5138 3716 5192 Olivarum

2118 5234 2463 5302 pervenisset
2496 5232 2810 5301 aufugiens,
2843 5230 3138 5287 infortunii
3181 5233 3586 5286 incrementum
3618 5230 3712 5284 Se-

2122 5327 2225 5380 mei
2266 5327 2500 5390 invenit,
2529 5326 2740 5397 lapides
2775 5326 2828 5380 in
2861 5340 2990 5380 eum
3025 5325 3364 5390 mittentem,
3417 5335 3471 5378 et
3525 5334 3722 5378 contu--

2121 5420 2348 5476 meliose
2391 5421 2700 5484 laedenteu,
2768 5429 2824 5474 et
2876 5417 3226 5486 impudenter
3273 5416 3720 5481 maledicentem,

2126 5525 2179 5569 et
2222 5515 2397 5567 virum
2433 5514 2758 5582 sanguiumn
2821 5512 3208 5581 appellantem,
3273 5509 3561 5576 virumque
3620 5507 3725 5560 Be-

2129 5606 2240 5669 lial,
2303 5606 2449 5661 velut
2479 5605 2597 5675 ejus
2651 5605 2832 5661 scelus
2867 5620 3033 5672 super
3093 5603 3402 5658 Betlisabee
3452 5611 3506 5656 et
3557 5617 3725 5671 super

2133 5698 2324 5754 Uriam
2372 5701 2426 5754 in
2476 5699 2830 5769 opprobrium
2876 5697 3023 5766 regis
3060 5707 3186 5752 ante
3230 5695 3418 5750 oculos
3459 5710 3725 5750 revomu-
