  <div class='ocr_page' id='page_1' title='image "/cluster/home/n/w/nwhite01/storage/ocr_20150623/151:no.2/coo.31924054870567/023.png"; bbox 0 0 4090 6448; ppageno 0'>
   <div class='ocr_carea' id='block_1_1' title="bbox 411 449 3684 531">
    <p class='ocr_par' dir='ltr' id='par_1_1' title="bbox 411 449 3684 531">
     <span class='ocr_line' id='line_1_1' title="bbox 411 449 3684 531; baseline 0.006 -20"><span class='ocrx_word' id='word_1_1' title='bbox 411 449 474 512; x_wconf 84' lang='grc'><strong>31</strong></span> <span class='ocrx_word' id='word_1_2' title='bbox 1649 459 2033 522; x_wconf 79' lang='lat' dir='ltr'><strong>GREGORII</strong></span> <span class='ocrx_word' id='word_1_3' title='bbox 2072 459 2395 522; x_wconf 67' lang='lat' dir='ltr'><strong>PALAMAI</strong></span> <span class='ocrx_word' id='word_1_4' title='bbox 3599 468 3684 531; x_wconf 65' lang='lat'><strong>32“</strong></span> 
     </span>
    </p>
   </div>
   <div class='ocr_carea' id='block_1_2' title="bbox 411 567 1990 652">
    <p class='ocr_par' dir='ltr' id='par_1_2' title="bbox 411 567 1981 638">
     <span class='ocr_line' id='line_1_2' title="bbox 411 567 1981 638; baseline 0.008 -20"><span class='ocrx_word' id='word_1_5' title='bbox 411 577 540 620; x_wconf 91' lang='lat' dir='ltr'><strong>tem.</strong></span> <span class='ocrx_word' id='word_1_6' title='bbox 591 567 654 620; x_wconf 87' lang='lat' dir='ltr'><strong>Et</strong></span> <span class='ocrx_word' id='word_1_7' title='bbox 691 586 796 624; x_wconf 92' lang='lat' dir='ltr'><strong>non</strong></span> <span class='ocrx_word' id='word_1_8' title='bbox 835 573 1002 628; x_wconf 86' lang='lat' dir='ltr'><strong>semel</strong></span> <span class='ocrx_word' id='word_1_9' title='bbox 1050 582 1257 629; x_wconf 90' lang='lat' dir='ltr'><strong>tantum</strong></span> <span class='ocrx_word' id='word_1_10' title='bbox 1309 583 1403 629; x_wconf 91' lang='lat' dir='ltr'><strong>aut</strong></span> <span class='ocrx_word' id='word_1_11' title='bbox 1459 578 1542 632; x_wconf 90' lang='lat' dir='ltr'><strong>bis</strong></span> <span class='ocrx_word' id='word_1_12' title='bbox 1598 578 1981 638; x_wconf 86' lang='lat' dir='ltr'><strong>conviciatus,</strong></span> 
     </span>
    </p>
   </div>
   <div class='ocr_carea' id='block_1_3' title="bbox 2093 567 3672 652">
    <p class='ocr_par' dir='ltr' id='par_1_3' title="bbox 2093 579 3672 652">
     <span class='ocr_line' id='line_1_3' title="bbox 2093 579 3672 652; baseline 0.004 -20"><span class='ocrx_word' id='word_1_13' title='bbox 2093 580 2184 632; x_wconf 87' lang='grc' dir='ltr'>τοῦ</span> <span class='ocrx_word' id='word_1_14' title='bbox 2217 579 2486 647; x_wconf 83' lang='grc' dir='ltr'>βασιλέως</span> <span class='ocrx_word' id='word_1_15' title='bbox 2519 581 2615 634; x_wconf 77' lang='grc' dir='ltr'>ὑπ’</span> <span class='ocrx_word' id='word_1_16' title='bbox 2643 580 2766 652; x_wconf 80' lang='grc' dir='ltr'>δψιν</span> <span class='ocrx_word' id='word_1_17' title='bbox 2790 581 3019 650; x_wconf 77' lang='grc' dir='ltr'>ἄγοντα.</span> <span class='ocrx_word' id='word_1_18' title='bbox 3047 582 3155 636; x_wconf 75' lang='grc' dir='ltr'><strong>Καὶ</strong></span> <span class='ocrx_word' id='word_1_19' title='bbox 3183 582 3306 636; x_wconf 70' lang='grc' dir='ltr'>ούδδ</span> <span class='ocrx_word' id='word_1_20' title='bbox 3338 582 3488 650; x_wconf 80' lang='grc' dir='ltr'>ἀπαξ</span> <span class='ocrx_word' id='word_1_21' title='bbox 3521 581 3553 652; x_wconf 77' lang='grc' dir='ltr'>ἢ</span> <span class='ocrx_word' id='word_1_22' title='bbox 3588 583 3672 648; x_wconf 69' lang='grc' dir='ltr'>δὶς</span> 
     </span>
    </p>
   </div>
   <div class='ocr_carea' id='block_1_4' title="bbox 411 659 1982 741">
    <p class='ocr_par' dir='ltr' id='par_1_4' title="bbox 411 659 1982 741">
     <span class='ocr_line' id='line_1_4' title="bbox 411 659 1982 741; baseline 0.008 -31"><span class='ocrx_word' id='word_1_23' title='bbox 411 659 790 730; x_wconf 76' lang='lat' dir='ltr'><strong>lapidibusque</strong></span> <span class='ocrx_word' id='word_1_24' title='bbox 829 674 884 718; x_wconf 91' lang='lat' dir='ltr'><strong>et</strong></span> <span class='ocrx_word' id='word_1_25' title='bbox 911 667 1153 734; x_wconf 90' lang='lat' dir='ltr'><strong>_probris</strong></span> <span class='ocrx_word' id='word_1_26' title='bbox 1218 684 1327 736; x_wconf 64' lang='lat' dir='ltr'><strong>pra:</strong></span> <span class='ocrx_word' id='word_1_27' title='bbox 1377 670 1640 737; x_wconf 74' lang='lat' dir='ltr'><strong>lapidibus</strong></span> <span class='ocrx_word' id='word_1_28' title='bbox 1668 671 1823 725; x_wconf 89' lang='lat' dir='ltr'><strong>valde</strong></span> <span class='ocrx_word' id='word_1_29' title='bbox 1853 686 1982 741; x_wconf 85' lang='lat' dir='ltr'><strong>gra-</strong></span> 
     </span>
    </p>
   </div>
   <div class='ocr_carea' id='block_1_5' title="bbox 410 751 1989 831">
    <p class='ocr_par' dir='ltr' id='par_1_5' title="bbox 410 751 1989 831">
     <span class='ocr_line' id='line_1_5' title="bbox 410 751 1989 831; baseline 0.013 -30"><span class='ocrx_word' id='word_1_30' title='bbox 410 751 651 805; x_wconf 90' lang='lat' dir='ltr'><strong>vioribus</strong></span> <span class='ocrx_word' id='word_1_31' title='bbox 707 755 982 811; x_wconf 78' lang='lat' dir='ltr'><strong>lacessens</strong></span> <span class='ocrx_word' id='word_1_32' title='bbox 1026 763 1376 829; x_wconf 89' lang='lat' dir='ltr'><strong>provocavit;</strong></span> <span class='ocrx_word' id='word_1_33' title='bbox 1430 763 1524 819; x_wconf 88' lang='lat' dir='ltr'><strong>sed</strong></span> <span class='ocrx_word' id='word_1_34' title='bbox 1555 765 1892 831; x_wconf 90' lang='lat' dir='ltr'><strong>ambulabat,</strong></span> <span class='ocrx_word' id='word_1_35' title='bbox 1928 776 1989 821; x_wconf 81' lang='grc' dir='ltr'><strong>ιιι</strong></span> 
     </span>
    </p>
   </div>
   <div class='ocr_carea' id='block_1_6' title="bbox 416 843 1985 927">
    <p class='ocr_par' dir='ltr' id='par_1_6' title="bbox 416 843 1985 927">
     <span class='ocr_line' id='line_1_6' title="bbox 416 843 1985 927; baseline 0.013 -34"><span class='ocrx_word' id='word_1_36' title='bbox 416 843 677 911; x_wconf 87' lang='lat' dir='ltr'><strong>scriptum</strong></span> <span class='ocrx_word' id='word_1_37' title='bbox 715 857 818 912; x_wconf 90' lang='lat' dir='ltr'><strong>est,</strong></span> <span class='ocrx_word' id='word_1_38' title='bbox 878 864 971 902; x_wconf 81' lang='lat' dir='ltr'><strong>rex</strong></span> <span class='ocrx_word' id='word_1_39' title='bbox 1023 861 1078 904; x_wconf 87' lang='lat' dir='ltr'><strong>et</strong></span> <span class='ocrx_word' id='word_1_40' title='bbox 1125 869 1317 910; x_wconf 84' lang='lat' dir='ltr'><strong>omnes</strong></span> <span class='ocrx_word' id='word_1_41' title='bbox 1367 856 1502 911; x_wconf 88' lang='lat' dir='ltr'><strong>socii</strong></span> <span class='ocrx_word' id='word_1_42' title='bbox 1544 857 1666 922; x_wconf 82' lang='lat' dir='ltr'><strong>ejus</strong></span> <span class='ocrx_word' id='word_1_43' title='bbox 1716 875 1814 927; x_wconf 87' lang='lat' dir='ltr'><strong>per</strong></span> <span class='ocrx_word' id='word_1_44' title='bbox 1843 861 1985 914; x_wconf 85' lang='lat' dir='ltr'><strong>viam</strong></span> 
     </span>
    </p>
   </div>
   <div class='ocr_carea' id='block_1_7' title="bbox 408 938 1988 1013">
    <p class='ocr_par' dir='ltr' id='par_1_7' title="bbox 408 938 1988 1013">
     <span class='ocr_line' id='line_1_7' title="bbox 408 938 1988 1013; baseline 0.011 -27"><span class='ocrx_word' id='word_1_45' title='bbox 408 947 533 986; x_wconf 87' lang='lat' dir='ltr'><strong>cum</strong></span> <span class='ocrx_word' id='word_1_46' title='bbox 565 948 652 1002; x_wconf 86' lang='lat' dir='ltr'><strong>eo,</strong></span> <span class='ocrx_word' id='word_1_47' title='bbox 701 945 754 991; x_wconf 89' lang='lat' dir='ltr'><strong>et</strong></span> <span class='ocrx_word' id='word_1_48' title='bbox 809 938 984 994; x_wconf 89' lang='lat' dir='ltr'><strong>Semei</strong></span> <span class='ocrx_word' id='word_1_49' title='bbox 1035 957 1132 1012; x_wconf 91' lang='lat' dir='ltr'><strong>per</strong></span> <span class='ocrx_word' id='word_1_50' title='bbox 1187 943 1374 1013; x_wconf 86' lang='lat' dir='ltr'><strong>jugum</strong></span> <span class='ocrx_word' id='word_1_51' title='bbox 1425 949 1627 1002; x_wconf 89' lang='lat' dir='ltr'><strong>montis</strong></span> <span class='ocrx_word' id='word_1_52' title='bbox 1686 965 1752 1002; x_wconf 84' lang='lat' dir='ltr'><strong>ex</strong></span> <span class='ocrx_word' id='word_1_53' title='bbox 1813 949 1988 1004; x_wconf 89' lang='lat' dir='ltr'><strong>latere</strong></span> 
     </span>
    </p>
   </div>
   <div class='ocr_carea' id='block_1_8' title="bbox 408 1025 1986 1100">
    <p class='ocr_par' dir='ltr' id='par_1_8' title="bbox 408 1025 1986 1100">
     <span class='ocr_line' id='line_1_8' title="bbox 408 1025 1986 1100; baseline 0.011 -26"><span class='ocrx_word' id='word_1_54' title='bbox 408 1032 596 1076; x_wconf 87' lang='lat' dir='ltr'><strong>contra</strong></span> <span class='ocrx_word' id='word_1_55' title='bbox 638 1025 787 1080; x_wconf 90' lang='lat' dir='ltr'><strong>illum</strong></span> <span class='ocrx_word' id='word_1_56' title='bbox 827 1030 1206 1100; x_wconf 89' lang='lat' dir='ltr'><strong>gradiebatur,</strong></span> <span class='ocrx_word' id='word_1_57' title='bbox 1265 1036 1599 1092; x_wconf 86' lang='lat' dir='ltr'><strong>maledicens</strong></span> <span class='ocrx_word' id='word_1_58' title='bbox 1653 1047 1707 1090; x_wconf 90' lang='lat' dir='ltr'><strong>et</strong></span> <span class='ocrx_word' id='word_1_59' title='bbox 1765 1039 1986 1093; x_wconf 89' lang='lat' dir='ltr'><strong>mittens</strong></span> 
     </span>
    </p>
   </div>
   <div class='ocr_carea' id='block_1_9' title="bbox 415 1114 1982 1199">
    <p class='ocr_par' dir='ltr' id='par_1_9' title="bbox 415 1114 1982 1199">
     <span class='ocr_line' id='line_1_9' title="bbox 415 1114 1982 1199; baseline 0.013 -34"><span class='ocrx_word' id='word_1_60' title='bbox 415 1114 540 1168; x_wconf 89' lang='lat' dir='ltr'><strong>inde</strong></span> <span class='ocrx_word' id='word_1_61' title='bbox 557 1116 760 1185; x_wconf 81' lang='lat' dir='ltr'><strong>lapides</strong></span> <span class='ocrx_word' id='word_1_62' title='bbox 780 1122 1036 1177; x_wconf 89' lang='lat' dir='ltr'><strong>adversus</strong></span> <span class='ocrx_word' id='word_1_63' title='bbox 1055 1141 1201 1192; x_wconf 89' lang='lat' dir='ltr'><strong>eum,</strong></span> <span class='ocrx_word' id='word_1_64' title='bbox 1229 1142 1425 1181; x_wconf 84' lang='lat' dir='ltr'><strong>acervo</strong></span> <span class='ocrx_word' id='word_1_65' title='bbox 1445 1145 1620 1196; x_wconf 83' lang='lat' dir='ltr'><strong>regem</strong></span> <span class='ocrx_word' id='word_1_66' title='bbox 1648 1130 1982 1199; x_wconf 85' lang='lat' dir='ltr'><strong>opprimens.</strong></span> 
     </span>
    </p>
   </div>
   <div class='ocr_carea' id='block_1_10' title="bbox 419 1207 1982 1290">
    <p class='ocr_par' dir='ltr' id='par_1_10' title="bbox 419 1207 1982 1290">
     <span class='ocr_line' id='line_1_10' title="bbox 419 1207 1982 1290; baseline 0.011 -32"><span class='ocrx_word' id='word_1_67' title='bbox 419 1207 828 1266; x_wconf 79' lang='lat' dir='ltr'><strong>Vimlicautibus</strong></span> <span class='ocrx_word' id='word_1_68' title='bbox 863 1224 1042 1268; x_wconf 88' lang='lat' dir='ltr'><strong>autem</strong></span> <span class='ocrx_word' id='word_1_69' title='bbox 1076 1233 1169 1270; x_wconf 82' lang='lat' dir='ltr'><strong>rex</strong></span> <span class='ocrx_word' id='word_1_70' title='bbox 1205 1234 1307 1271; x_wconf 91' lang='lat' dir='ltr'><strong>non</strong></span> <span class='ocrx_word' id='word_1_71' title='bbox 1337 1221 1580 1275; x_wconf 83' lang='lat' dir='ltr'><strong>carebat.</strong></span> <span class='ocrx_word' id='word_1_72' title='bbox 1630 1222 1814 1276; x_wconf 87' lang='lat' dir='ltr'><strong>Abisai</strong></span> <span class='ocrx_word' id='word_1_73' title='bbox 1854 1237 1982 1290; x_wconf 84' lang='lat' dir='ltr'><strong>ergo</strong></span> 
     </span>
    </p>
   </div>
   <div class='ocr_carea' id='block_1_11' title="bbox 410 1299 1984 1382">
    <p class='ocr_par' dir='ltr' id='par_1_11' title="bbox 410 1299 1984 1382">
     <span class='ocr_line' id='line_1_11' title="bbox 410 1299 1984 1382; baseline 0.013 -33"><span class='ocrx_word' id='word_1_74' title='bbox 410 1299 666 1369; x_wconf 74' lang='lat' dir='ltr'><strong>princeps</strong></span> <span class='ocrx_word' id='word_1_75' title='bbox 695 1305 934 1371; x_wconf 68' lang='lat' dir='ltr'><strong>malitiae,</strong></span> <span class='ocrx_word' id='word_1_76' title='bbox 974 1323 1099 1362; x_wconf 90' lang='lat' dir='ltr'><strong>cum</strong></span> <span class='ocrx_word' id='word_1_77' title='bbox 1128 1311 1252 1364; x_wconf 89' lang='lat' dir='ltr'><strong>talia</strong></span> <span class='ocrx_word' id='word_1_78' title='bbox 1284 1310 1426 1366; x_wconf 82' lang='lat' dir='ltr'><strong>ferre</strong></span> <span class='ocrx_word' id='word_1_79' title='bbox 1458 1329 1560 1366; x_wconf 91' lang='lat' dir='ltr'><strong>non</strong></span> <span class='ocrx_word' id='word_1_80' title='bbox 1596 1326 1802 1382; x_wconf 70' lang='lat' dir='ltr'><strong>posset,</strong></span> <span class='ocrx_word' id='word_1_81' title='bbox 1844 1316 1984 1369; x_wconf 82' lang='lat' dir='ltr'><strong>dixit</strong></span> 
     </span>
    </p>
   </div>
   <div class='ocr_carea' id='block_1_12' title="bbox 414 1389 1984 1463">
    <p class='ocr_par' dir='ltr' id='par_1_12' title="bbox 414 1389 1984 1463">
     <span class='ocr_line' id='line_1_12' title="bbox 414 1389 1984 1463; baseline 0.015 -25"><span class='ocrx_word' id='word_1_82' title='bbox 414 1390 480 1440; x_wconf 87' lang='lat' dir='ltr'><strong>ad</strong></span> <span class='ocrx_word' id='word_1_83' title='bbox 535 1389 748 1448; x_wconf 88' lang='lat' dir='ltr'><strong>David:</strong></span> <span class='ocrx_word' id='word_1_84' title='bbox 787 1414 804 1448; x_wconf 83' lang='lat' dir='ltr'><strong>t</strong></span> <span class='ocrx_word' id='word_1_85' title='bbox 838 1395 1018 1462; x_wconf 86' lang='lat' dir='ltr'><strong>Quare</strong></span> <span class='ocrx_word' id='word_1_86' title='bbox 1059 1401 1334 1458; x_wconf 85' lang='lat' dir='ltr'><strong>maledicit</strong></span> <span class='ocrx_word' id='word_1_87' title='bbox 1385 1405 1537 1458; x_wconf 90' lang='lat' dir='ltr'><strong>canis</strong></span> <span class='ocrx_word' id='word_1_88' title='bbox 1586 1404 1677 1459; x_wconf 88' lang='lat' dir='ltr'><strong>hic</strong></span> <span class='ocrx_word' id='word_1_89' title='bbox 1736 1417 1984 1463; x_wconf 90' lang='lat' dir='ltr'><strong>mortuus</strong></span> 
     </span>
    </p>
   </div>
   <div class='ocr_carea' id='block_1_13' title="bbox 416 1479 1987 1566">
    <p class='ocr_par' dir='ltr' id='par_1_13' title="bbox 416 1479 1987 1566">
     <span class='ocr_line' id='line_1_13' title="bbox 416 1479 1987 1566; baseline 0.015 -36"><span class='ocrx_word' id='word_1_90' title='bbox 416 1479 651 1538; x_wconf 90' lang='lat' dir='ltr'><strong>Domino</strong></span> <span class='ocrx_word' id='word_1_91' title='bbox 697 1502 817 1540; x_wconf 90' lang='lat' dir='ltr'><strong>meo</strong></span> <span class='ocrx_word' id='word_1_92' title='bbox 875 1491 1031 1559; x_wconf 82' lang='lat' dir='ltr'><strong>regi?</strong></span> <span class='ocrx_word' id='word_1_93' title='bbox 1090 1491 1296 1546; x_wconf 78' lang='lat' dir='ltr'><strong>Vadam</strong></span> <span class='ocrx_word' id='word_1_94' title='bbox 1359 1504 1414 1549; x_wconf 90' lang='lat' dir='ltr'><strong>et</strong></span> <span class='ocrx_word' id='word_1_95' title='bbox 1477 1499 1768 1564; x_wconf 88' lang='lat' dir='ltr'><strong>amputabo</strong></span> <span class='ocrx_word' id='word_1_96' title='bbox 1816 1509 1987 1566; x_wconf 87' lang='lat' dir='ltr'><strong>caput</strong></span> 
     </span>
    </p>
   </div>
   <div class='ocr_carea' id='block_1_14' title="bbox 414 1569 1986 1660">
    <p class='ocr_par' dir='ltr' id='par_1_14' title="bbox 414 1569 1986 1660">
     <span class='ocr_line' id='line_1_14' title="bbox 414 1569 1986 1660; baseline 0.01 -33"><span class='ocrx_word' id='word_1_97' title='bbox 414 1569 534 1637; x_wconf 76' lang='lat' dir='ltr'><strong>eius</strong></span> <span class='ocrx_word' id='word_1_98' title='bbox 566 1573 631 1628; x_wconf 70' lang='lat'><strong>“.</strong></span> <span class='ocrx_word' id='word_1_99' title='bbox 675 1594 693 1628; x_wconf 77' lang='grc' dir='ltr'><strong>ι</strong></span> <span class='ocrx_word' id='word_1_100' title='bbox 735 1575 844 1633; x_wconf 78' lang='lat' dir='ltr'><strong>Rex</strong></span> <span class='ocrx_word' id='word_1_101' title='bbox 879 1590 1054 1635; x_wconf 89' lang='lat' dir='ltr'><strong>autem</strong></span> <span class='ocrx_word' id='word_1_102' title='bbox 1092 1585 1355 1650; x_wconf 84' lang='lat' dir='ltr'><strong>repressit</strong></span> <span class='ocrx_word' id='word_1_103' title='bbox 1385 1602 1507 1641; x_wconf 92' lang='lat' dir='ltr'><strong>eum</strong></span> <span class='ocrx_word' id='word_1_104' title='bbox 1540 1598 1595 1642; x_wconf 90' lang='lat' dir='ltr'><strong>et</strong></span> <span class='ocrx_word' id='word_1_105' title='bbox 1625 1604 1822 1657; x_wconf 82' lang='lat' dir='ltr'><strong>pueros</strong></span> <span class='ocrx_word' id='word_1_106' title='bbox 1843 1591 1986 1660; x_wconf 86' lang='lat' dir='ltr'><strong>ejus,</strong></span> 
     </span>
    </p>
   </div>
   <div class='ocr_carea' id='block_1_15' title="bbox 413 1665 1990 1749">
    <p class='ocr_par' dir='ltr' id='par_1_15' title="bbox 413 1665 1990 1749">
     <span class='ocr_line' id='line_1_15' title="bbox 413 1665 1990 1749; baseline 0.015 -35"><span class='ocrx_word' id='word_1_107' title='bbox 413 1665 481 1716; x_wconf 91' lang='lat' dir='ltr'><strong>ad</strong></span> <span class='ocrx_word' id='word_1_108' title='bbox 545 1681 639 1720; x_wconf 88' lang='lat' dir='ltr'><strong>eos</strong></span> <span class='ocrx_word' id='word_1_109' title='bbox 690 1671 927 1726; x_wconf 86' lang='lat' dir='ltr'><strong>dicens:</strong></span> <span class='ocrx_word' id='word_1_110' title='bbox 969 1693 986 1724; x_wconf 81' lang='grc' dir='ltr'><strong>ι</strong></span> <span class='ocrx_word' id='word_1_111' title='bbox 1023 1674 1197 1730; x_wconf 88' lang='lat' dir='ltr'><strong>Sinite</strong></span> <span class='ocrx_word' id='word_1_112' title='bbox 1244 1693 1392 1740; x_wconf 86' lang='lat' dir='ltr'><strong>eum,</strong></span> <span class='ocrx_word' id='word_1_113' title='bbox 1435 1679 1479 1732; x_wconf 90' lang='lat' dir='ltr'><strong>si</strong></span> <span class='ocrx_word' id='word_1_114' title='bbox 1531 1680 1667 1734; x_wconf 81' lang='lat' dir='ltr'><strong>forte</strong></span> <span class='ocrx_word' id='word_1_115' title='bbox 1731 1685 1990 1749; x_wconf 87' lang='lat' dir='ltr'><strong>respiciat</strong></span> 
     </span>
    </p>
   </div>
   <div class='ocr_carea' id='block_1_16' title="bbox 415 1755 1990 1829">
    <p class='ocr_par' dir='ltr' id='par_1_16' title="bbox 415 1755 1990 1829">
     <span class='ocr_line' id='line_1_16' title="bbox 415 1755 1990 1829; baseline 0.014 -21"><span class='ocrx_word' id='word_1_116' title='bbox 415 1755 681 1814; x_wconf 86' lang='lat' dir='ltr'><strong>Dominus</strong></span> <span class='ocrx_word' id='word_1_117' title='bbox 731 1762 782 1815; x_wconf 91' lang='lat' dir='ltr'><strong>in</strong></span> <span class='ocrx_word' id='word_1_118' title='bbox 827 1764 1207 1823; x_wconf 88' lang='lat' dir='ltr'><strong>bumiliatione</strong></span> <span class='ocrx_word' id='word_1_119' title='bbox 1242 1785 1357 1824; x_wconf 87' lang='lat' dir='ltr'><strong>mea</strong></span> <span class='ocrx_word' id='word_1_120' title='bbox 1412 1780 1466 1826; x_wconf 77' lang='lat' dir='ltr'><strong>et</strong></span> <span class='ocrx_word' id='word_1_121' title='bbox 1504 1772 1693 1826; x_wconf 88' lang='lat' dir='ltr'><strong>reddat</strong></span> <span class='ocrx_word' id='word_1_122' title='bbox 1734 1774 1866 1828; x_wconf 90' lang='lat' dir='ltr'><strong>mihi</strong></span> <span class='ocrx_word' id='word_1_123' title='bbox 1898 1775 1990 1829; x_wconf 90' lang='lat' dir='ltr'><strong>b0-</strong></span> 
     </span>
    </p>
   </div>
   <div class='ocr_carea' id='block_1_17' title="bbox 419 1854 1386 1920">
    <p class='ocr_par' dir='ltr' id='par_1_17' title="bbox 419 1854 1386 1920">
     <span class='ocr_line' id='line_1_17' title="bbox 419 1854 1386 1920; baseline 0.019 -21"><span class='ocrx_word' id='word_1_124' title='bbox 419 1863 547 1901; x_wconf 87' lang='lat' dir='ltr'><strong>num</strong></span> <span class='ocrx_word' id='word_1_125' title='bbox 581 1866 678 1920; x_wconf 91' lang='lat' dir='ltr'><strong>pro</strong></span> <span class='ocrx_word' id='word_1_126' title='bbox 709 1854 814 1908; x_wconf 88' lang='lat' dir='ltr'><strong>ista</strong></span> <span class='ocrx_word' id='word_1_127' title='bbox 851 1858 1235 1916; x_wconf 89' lang='lat' dir='ltr'><strong>maledictione</strong></span> <span class='ocrx_word' id='word_1_128' title='bbox 1257 1863 1324 1916; x_wconf 85' lang='grc'><strong>³⁵.</strong></span> <span class='ocrx_word' id='word_1_129' title='bbox 1368 1883 1386 1915; x_wconf 75' lang='grc' dir='ltr'><strong>ι</strong></span> 
     </span>
    </p>
   </div>
   <div class='ocr_carea' id='block_1_18' title="bbox 486 1939 1989 2028">
    <p class='ocr_par' dir='ltr' id='par_1_18' title="bbox 486 1939 1989 2028">
     <span class='ocr_line' id='line_1_18' title="bbox 486 1939 1989 2028; baseline 0.013 -34"><span class='ocrx_word' id='word_1_130' title='bbox 486 1939 641 2007; x_wconf 87' lang='lat' dir='ltr'><strong>Quod</strong></span> <span class='ocrx_word' id='word_1_131' title='bbox 675 1955 801 2001; x_wconf 89' lang='lat' dir='ltr'><strong>tunc</strong></span> <span class='ocrx_word' id='word_1_132' title='bbox 832 1949 1048 2016; x_wconf 90' lang='lat' dir='ltr'><strong>quidem</strong></span> <span class='ocrx_word' id='word_1_133' title='bbox 1083 1953 1382 2022; x_wconf 83' lang='lat' dir='ltr'><strong>perfectum</strong></span> <span class='ocrx_word' id='word_1_134' title='bbox 1413 1967 1499 2010; x_wconf 88' lang='lat' dir='ltr'><strong>est</strong></span> <span class='ocrx_word' id='word_1_135' title='bbox 1530 1968 1586 2012; x_wconf 89' lang='lat' dir='ltr'><strong>et</strong></span> <span class='ocrx_word' id='word_1_136' title='bbox 1627 1957 1678 2012; x_wconf 91' lang='lat' dir='ltr'><strong>in</strong></span> <span class='ocrx_word' id='word_1_137' title='bbox 1703 1974 1839 2028; x_wconf 91' lang='lat' dir='ltr'><strong>opus</strong></span> <span class='ocrx_word' id='word_1_138' title='bbox 1863 1973 1989 2014; x_wconf 81' lang='lat' dir='ltr'><strong>eve-</strong></span> 
     </span>
    </p>
   </div>
   <div class='ocr_carea' id='block_1_19' title="bbox 415 2033 1991 2116">
    <p class='ocr_par' dir='ltr' id='par_1_19' title="bbox 415 2033 1991 2116">
     <span class='ocr_line' id='line_1_19' title="bbox 415 2033 1991 2116; baseline 0.016 -33"><span class='ocrx_word' id='word_1_139' title='bbox 415 2033 512 2096; x_wconf 91' lang='lat' dir='ltr'><strong>nit,</strong></span> <span class='ocrx_word' id='word_1_140' title='bbox 545 2039 852 2093; x_wconf 85' lang='lat' dir='ltr'><strong>ostenditur</strong></span> <span class='ocrx_word' id='word_1_141' title='bbox 887 2050 1068 2098; x_wconf 86' lang='lat' dir='ltr'><strong>autem</strong></span> <span class='ocrx_word' id='word_1_142' title='bbox 1115 2047 1279 2100; x_wconf 88' lang='lat' dir='ltr'><strong>etiam</strong></span> <span class='ocrx_word' id='word_1_143' title='bbox 1303 2062 1397 2116; x_wconf 87' lang='lat' dir='ltr'><strong>per</strong></span> <span class='ocrx_word' id='word_1_144' title='bbox 1427 2047 1565 2104; x_wconf 87' lang='lat' dir='ltr'><strong>hanc</strong></span> <span class='ocrx_word' id='word_1_145' title='bbox 1590 2051 1656 2104; x_wconf 89' lang='lat' dir='ltr'><strong>de</strong></span> <span class='ocrx_word' id='word_1_146' title='bbox 1692 2050 1991 2109; x_wconf 82' lang='lat' dir='ltr'><strong>Publicano</strong></span> 
     </span>
    </p>
   </div>
   <div class='ocr_carea' id='block_1_20' title="bbox 411 2121 1992 2206">
    <p class='ocr_par' dir='ltr' id='par_1_20' title="bbox 411 2121 1992 2206">
     <span class='ocr_line' id='line_1_20' title="bbox 411 2121 1992 2206; baseline 0.013 -32"><span class='ocrx_word' id='word_1_147' title='bbox 411 2130 469 2175; x_wconf 84' lang='lat' dir='ltr'><strong>et</strong></span> <span class='ocrx_word' id='word_1_148' title='bbox 501 2121 773 2198; x_wconf 66' lang='lat' dir='ltr'><strong>Pharisteo</strong></span> <span class='ocrx_word' id='word_1_149' title='bbox 819 2132 1153 2198; x_wconf 86' lang='lat' dir='ltr'><strong>parabolam,</strong></span> <span class='ocrx_word' id='word_1_150' title='bbox 1179 2150 1394 2206; x_wconf 88' lang='lat' dir='ltr'><strong>semper</strong></span> <span class='ocrx_word' id='word_1_151' title='bbox 1428 2138 1480 2192; x_wconf 92' lang='lat' dir='ltr'><strong>in</strong></span> <span class='ocrx_word' id='word_1_152' title='bbox 1517 2140 1784 2206; x_wconf 85' lang='lat' dir='ltr'><strong>justitiam</strong></span> <span class='ocrx_word' id='word_1_153' title='bbox 1811 2142 1992 2196; x_wconf 90' lang='lat' dir='ltr'><strong>adim-</strong></span> 
     </span>
    </p>
   </div>
   <div class='ocr_carea' id='block_1_21' title="bbox 415 2217 1992 2298">
    <p class='ocr_par' dir='ltr' id='par_1_21' title="bbox 415 2217 1992 2298">
     <span class='ocr_line' id='line_1_21' title="bbox 415 2217 1992 2298; baseline 0.016 -31"><span class='ocrx_word' id='word_1_154' title='bbox 415 2217 644 2284; x_wconf 87' lang='lat' dir='ltr'><strong>pletum.</strong></span> <span class='ocrx_word' id='word_1_155' title='bbox 672 2220 806 2277; x_wconf 87' lang='lat' dir='ltr'><strong>Nam</strong></span> <span class='ocrx_word' id='word_1_156' title='bbox 833 2228 923 2294; x_wconf 89' lang='lat' dir='ltr'><strong>qui</strong></span> <span class='ocrx_word' id='word_1_157' title='bbox 953 2243 1013 2282; x_wconf 84' lang='lat' dir='ltr'><strong>se</strong></span> <span class='ocrx_word' id='word_1_158' title='bbox 1045 2245 1171 2287; x_wconf 86' lang='lat' dir='ltr'><strong>vere</strong></span> <span class='ocrx_word' id='word_1_159' title='bbox 1196 2239 1352 2298; x_wconf 85' lang='lat' dir='ltr'><strong>putat</strong></span> <span class='ocrx_word' id='word_1_160' title='bbox 1381 2245 1598 2290; x_wconf 65' lang='lat' dir='ltr'><strong>aeternae</strong></span> <span class='ocrx_word' id='word_1_161' title='bbox 1627 2238 1992 2293; x_wconf 81' lang='lat' dir='ltr'><strong>damnationis</strong></span> 
     </span>
    </p>
   </div>
   <div class='ocr_carea' id='block_1_22' title="bbox 413 2307 1988 2394">
    <p class='ocr_par' dir='ltr' id='par_1_22' title="bbox 413 2307 1988 2394">
     <span class='ocr_line' id='line_1_22' title="bbox 413 2307 1988 2394; baseline 0.017 -36"><span class='ocrx_word' id='word_1_162' title='bbox 413 2307 662 2377; x_wconf 80' lang='lat' dir='ltr'><strong>dignum,</strong></span> <span class='ocrx_word' id='word_1_163' title='bbox 726 2318 1000 2383; x_wconf 88' lang='lat' dir='ltr'><strong>quomodo</strong></span> <span class='ocrx_word' id='word_1_164' title='bbox 1060 2337 1168 2377; x_wconf 93' lang='lat' dir='ltr'><strong>non</strong></span> <span class='ocrx_word' id='word_1_165' title='bbox 1218 2340 1482 2394; x_wconf 82' lang='lat' dir='ltr'><strong>generose</strong></span> <span class='ocrx_word' id='word_1_166' title='bbox 1539 2329 1832 2384; x_wconf 82' lang='lat' dir='ltr'><strong>sustinebit</strong></span> <span class='ocrx_word' id='word_1_167' title='bbox 1881 2345 1988 2384; x_wconf 90' lang='lat' dir='ltr'><strong>non</strong></span> 
     </span>
    </p>
   </div>
   <div class='ocr_carea' id='block_1_23' title="bbox 412 2399 1994 2474">
    <p class='ocr_par' dir='ltr' id='par_1_23' title="bbox 412 2399 1994 2474">
     <span class='ocr_line' id='line_1_23' title="bbox 412 2399 1994 2474; baseline 0.013 -22"><span class='ocrx_word' id='word_1_168' title='bbox 412 2399 728 2468; x_wconf 78' lang='lat' dir='ltr'><strong>despectum</strong></span> <span class='ocrx_word' id='word_1_169' title='bbox 768 2406 968 2474; x_wconf 91' lang='lat' dir='ltr'><strong>solum,</strong></span> <span class='ocrx_word' id='word_1_170' title='bbox 1027 2409 1122 2464; x_wconf 87' lang='lat' dir='ltr'><strong>sed</strong></span> <span class='ocrx_word' id='word_1_171' title='bbox 1157 2421 1211 2463; x_wconf 91' lang='lat' dir='ltr'><strong>et</strong></span> <span class='ocrx_word' id='word_1_172' title='bbox 1261 2413 1518 2472; x_wconf 89' lang='lat' dir='ltr'><strong>damnum</strong></span> <span class='ocrx_word' id='word_1_173' title='bbox 1559 2426 1614 2470; x_wconf 87' lang='lat' dir='ltr'><strong>et</strong></span> <span class='ocrx_word' id='word_1_174' title='bbox 1659 2418 1908 2470; x_wconf 83' lang='lat' dir='ltr'><strong>morbum</strong></span> <span class='ocrx_word' id='word_1_175' title='bbox 1938 2425 1994 2472; x_wconf 90' lang='lat' dir='ltr'><strong>et</strong></span> 
     </span>
    </p>
   </div>
   <div class='ocr_carea' id='block_1_24' title="bbox 412 2497 1994 2566">
    <p class='ocr_par' dir='ltr' id='par_1_24' title="bbox 412 2497 1994 2566">
     <span class='ocr_line' id='line_1_24' title="bbox 412 2497 1994 2566; baseline 0.011 -24"><span class='ocrx_word' id='word_1_176' title='bbox 412 2505 657 2554; x_wconf 88' lang='lat' dir='ltr'><strong>omnem.</strong></span> <span class='ocrx_word' id='word_1_177' title='bbox 686 2505 744 2548; x_wconf 93' lang='lat' dir='ltr'><strong>ut</strong></span> <span class='ocrx_word' id='word_1_178' title='bbox 790 2497 862 2551; x_wconf 88' lang='lat' dir='ltr'><strong>ita</strong></span> <span class='ocrx_word' id='word_1_179' title='bbox 895 2501 1092 2566; x_wconf 84' lang='lat' dir='ltr'><strong>dicam,</strong></span> <span class='ocrx_word' id='word_1_180' title='bbox 1131 2503 1474 2559; x_wconf 78' lang='lat' dir='ltr'><strong>aﬂlictiouem</strong></span> <span class='ocrx_word' id='word_1_181' title='bbox 1501 2515 1550 2562; x_wconf 91' lang='lat' dir='ltr'><strong>et</strong></span> <span class='ocrx_word' id='word_1_182' title='bbox 1583 2506 1994 2562; x_wconf 82' lang='lat' dir='ltr'><strong>calamitatem?</strong></span> 
     </span>
    </p>
   </div>
   <div class='ocr_carea' id='block_1_25' title="bbox 415 2581 1990 2660">
    <p class='ocr_par' dir='ltr' id='par_1_25' title="bbox 415 2581 1990 2660">
     <span class='ocr_line' id='line_1_25' title="bbox 415 2581 1990 2660; baseline 0.013 -25"><span class='ocrx_word' id='word_1_183' title='bbox 415 2581 518 2646; x_wconf 87' lang='lat' dir='ltr'><strong>Qui</strong></span> <span class='ocrx_word' id='word_1_184' title='bbox 554 2583 714 2639; x_wconf 87' lang='lat' dir='ltr'><strong>talem</strong></span> <span class='ocrx_word' id='word_1_185' title='bbox 751 2587 1064 2646; x_wconf 79' lang='lat' dir='ltr'><strong>exhibuerit</strong></span> <span class='ocrx_word' id='word_1_186' title='bbox 1095 2593 1436 2660; x_wconf 85' lang='lat' dir='ltr'><strong>patientiam,</strong></span> <span class='ocrx_word' id='word_1_187' title='bbox 1467 2613 1589 2651; x_wconf 92' lang='lat' dir='ltr'><strong>cum</strong></span> <span class='ocrx_word' id='word_1_188' title='bbox 1621 2599 1694 2652; x_wconf 89' lang='lat' dir='ltr'><strong>sit</strong></span> <span class='ocrx_word' id='word_1_189' title='bbox 1723 2614 1856 2655; x_wconf 80' lang='lat' dir='ltr'><strong>vere</strong></span> <span class='ocrx_word' id='word_1_190' title='bbox 1892 2605 1990 2655; x_wconf 83' lang='lat' dir='ltr'><strong>de-</strong></span> 
     </span>
    </p>
   </div>
   <div class='ocr_carea' id='block_1_26' title="bbox 412 2674 1990 2762">
    <p class='ocr_par' dir='ltr' id='par_1_26' title="bbox 412 2674 1990 2762">
     <span class='ocr_line' id='line_1_26' title="bbox 412 2674 1990 2762; baseline 0.013 -35"><span class='ocrx_word' id='word_1_191' title='bbox 412 2674 558 2727; x_wconf 86' lang='lat' dir='ltr'><strong>bitor</strong></span> <span class='ocrx_word' id='word_1_192' title='bbox 583 2688 636 2731; x_wconf 91' lang='lat' dir='ltr'><strong>et</strong></span> <span class='ocrx_word' id='word_1_193' title='bbox 669 2695 817 2743; x_wconf 89' lang='lat' dir='ltr'><strong>reus,</strong></span> <span class='ocrx_word' id='word_1_194' title='bbox 845 2681 1032 2737; x_wconf 88' lang='lat' dir='ltr'><strong>leviori</strong></span> <span class='ocrx_word' id='word_1_195' title='bbox 1062 2685 1411 2743; x_wconf 84' lang='lat' dir='ltr'><strong>damnatione</strong></span> <span class='ocrx_word' id='word_1_196' title='bbox 1445 2705 1652 2745; x_wconf 82' lang='lat' dir='ltr'><strong>necnon</strong></span> <span class='ocrx_word' id='word_1_197' title='bbox 1687 2702 1990 2762; x_wconf 87' lang='lat' dir='ltr'><strong>opportuna</strong></span> 
     </span>
    </p>
   </div>
   <div class='ocr_carea' id='block_1_27' title="bbox 416 2774 1992 2854">
    <p class='ocr_par' dir='ltr' id='par_1_27' title="bbox 416 2774 1992 2854">
     <span class='ocr_line' id='line_1_27' title="bbox 416 2774 1992 2854; baseline 0.012 -35"><span class='ocrx_word' id='word_1_198' title='bbox 416 2776 472 2820; x_wconf 91' lang='lat' dir='ltr'><strong>et</strong></span> <span class='ocrx_word' id='word_1_199' title='bbox 502 2781 779 2825; x_wconf 84' lang='lat' dir='ltr'><strong>cessatura</strong></span> <span class='ocrx_word' id='word_1_200' title='bbox 826 2774 1087 2830; x_wconf 88' lang='lat' dir='ltr'><strong>liberatur</strong></span> <span class='ocrx_word' id='word_1_201' title='bbox 1115 2779 1183 2832; x_wconf 91' lang='lat' dir='ltr'><strong>ab</strong></span> <span class='ocrx_word' id='word_1_202' title='bbox 1215 2780 1303 2834; x_wconf 88' lang='lat' dir='ltr'><strong>illa</strong></span> <span class='ocrx_word' id='word_1_203' title='bbox 1335 2797 1464 2836; x_wconf 87' lang='lat' dir='ltr'><strong>vere</strong></span> <span class='ocrx_word' id='word_1_204' title='bbox 1505 2785 1652 2854; x_wconf 88' lang='lat' dir='ltr'><strong>gravi</strong></span> <span class='ocrx_word' id='word_1_205' title='bbox 1685 2795 1739 2838; x_wconf 92' lang='lat' dir='ltr'><strong>et</strong></span> <span class='ocrx_word' id='word_1_206' title='bbox 1784 2800 1992 2854; x_wconf 87' lang='lat' dir='ltr'><strong>nequa-</strong></span> 
     </span>
    </p>
   </div>
   <div class='ocr_carea' id='block_1_28' title="bbox 412 2862 1991 2947">
    <p class='ocr_par' dir='ltr' id='par_1_28' title="bbox 412 2862 1991 2947">
     <span class='ocr_line' id='line_1_28' title="bbox 412 2862 1991 2947; baseline 0.015 -38"><span class='ocrx_word' id='word_1_207' title='bbox 412 2874 575 2926; x_wconf 86' lang='lat' dir='ltr'><strong>quam</strong></span> <span class='ocrx_word' id='word_1_208' title='bbox 609 2862 884 2918; x_wconf 89' lang='lat' dir='ltr'><strong>tolerauda</strong></span> <span class='ocrx_word' id='word_1_209' title='bbox 921 2882 1074 2934; x_wconf 74' lang='lat' dir='ltr'><strong>pmna</strong></span> <span class='ocrx_word' id='word_1_210' title='bbox 1111 2887 1269 2935; x_wconf 90' lang='lat' dir='ltr'><strong>;nam</strong></span> <span class='ocrx_word' id='word_1_211' title='bbox 1293 2887 1355 2925; x_wconf 84' lang='lat' dir='ltr'><strong>ex</strong></span> <span class='ocrx_word' id='word_1_212' title='bbox 1392 2873 1475 2927; x_wconf 91' lang='lat' dir='ltr'><strong>his</strong></span> <span class='ocrx_word' id='word_1_213' title='bbox 1508 2891 1650 2928; x_wconf 91' lang='lat' dir='ltr'><strong>nunc</strong></span> <span class='ocrx_word' id='word_1_214' title='bbox 1673 2878 1991 2947; x_wconf 87' lang='lat' dir='ltr'><strong>urgentibus</strong></span> 
     </span>
    </p>
   </div>
   <div class='ocr_carea' id='block_1_29' title="bbox 414 2951 1993 3025">
    <p class='ocr_par' dir='ltr' id='par_1_29' title="bbox 414 2951 1993 3025">
     <span class='ocr_line' id='line_1_29' title="bbox 414 2951 1993 3025; baseline 0.013 -25"><span class='ocrx_word' id='word_1_215' title='bbox 414 2951 575 3007; x_wconf 86' lang='lat' dir='ltr'><strong>malis</strong></span> <span class='ocrx_word' id='word_1_216' title='bbox 601 2953 865 3018; x_wconf 66' lang='lat' dir='ltr'><strong>cmpimns</strong></span> <span class='ocrx_word' id='word_1_217' title='bbox 895 2971 989 3025; x_wconf 90' lang='lat' dir='ltr'><strong>per</strong></span> <span class='ocrx_word' id='word_1_218' title='bbox 1041 2961 1361 3024; x_wconf 85' lang='lat' dir='ltr'><strong>patientiam</strong></span> <span class='ocrx_word' id='word_1_219' title='bbox 1404 2963 1562 3017; x_wconf 82' lang='lat' dir='ltr'><strong>llOblS</strong></span> <span class='ocrx_word' id='word_1_220' title='bbox 1591 2965 1827 3019; x_wconf 90' lang='lat' dir='ltr'><strong>divinam</strong></span> <span class='ocrx_word' id='word_1_221' title='bbox 1862 2981 1993 3020; x_wconf 92' lang='lat' dir='ltr'><strong>con-</strong></span> 
     </span>
    </p>
   </div>
   <div class='ocr_carea' id='block_1_30' title="bbox 411 3041 1991 3126">
    <p class='ocr_par' dir='ltr' id='par_1_30' title="bbox 411 3041 1991 3126">
     <span class='ocr_line' id='line_1_30' title="bbox 411 3041 1991 3126; baseline 0.011 -31"><span class='ocrx_word' id='word_1_222' title='bbox 411 3041 603 3097; x_wconf 85' lang='lat' dir='ltr'><strong>ciliare</strong></span> <span class='ocrx_word' id='word_1_223' title='bbox 661 3044 978 3101; x_wconf 69' lang='lat' dir='ltr'><strong>bonitatem.</strong></span> <span class='ocrx_word' id='word_1_224' title='bbox 1031 3049 1153 3104; x_wconf 88' lang='lat' dir='ltr'><strong>Ideo</strong></span> <span class='ocrx_word' id='word_1_225' title='bbox 1212 3068 1349 3107; x_wconf 84' lang='lat' dir='ltr'><strong>unus</strong></span> <span class='ocrx_word' id='word_1_226' title='bbox 1385 3068 1450 3108; x_wconf 78' lang='lat' dir='ltr'><strong>ex</strong></span> <span class='ocrx_word' id='word_1_227' title='bbox 1501 3057 1781 3126; x_wconf 77' lang='lat' dir='ltr'><strong>castigatis</strong></span> <span class='ocrx_word' id='word_1_228' title='bbox 1820 3074 1850 3112; x_wconf 90' lang='lat' dir='ltr'><strong>a</strong></span> <span class='ocrx_word' id='word_1_229' title='bbox 1883 3057 1991 3113; x_wconf 90' lang='lat' dir='ltr'><strong>Deo</strong></span> 
     </span>
    </p>
   </div>
   <div class='ocr_carea' id='block_1_31' title="bbox 410 3133 1987 3218">
    <p class='ocr_par' dir='ltr' id='par_1_31' title="bbox 410 3133 1987 3218">
     <span class='ocr_line' id='line_1_31' title="bbox 410 3133 1987 3218; baseline 0.011 -32"><span class='ocrx_word' id='word_1_230' title='bbox 410 3133 550 3187; x_wconf 71' lang='lat' dir='ltr'><strong>dixit</strong></span> <span class='ocrx_word' id='word_1_231' title='bbox 606 3154 620 3189; x_wconf 91' lang='lat'><strong>:</strong></span> <span class='ocrx_word' id='word_1_232' title='bbox 679 3137 1027 3207; x_wconf 86' lang='lat' dir='ltr'><strong>Disciplinam</strong></span> <span class='ocrx_word' id='word_1_233' title='bbox 1099 3143 1310 3197; x_wconf 88' lang='lat' dir='ltr'><strong>Domini</strong></span> <span class='ocrx_word' id='word_1_234' title='bbox 1367 3147 1670 3211; x_wconf 80' lang='lat' dir='ltr'><strong>sustinebo,</strong></span> <span class='ocrx_word' id='word_1_235' title='bbox 1731 3150 1987 3218; x_wconf 88' lang='lat' dir='ltr'><strong>quoniam</strong></span> 
     </span>
    </p>
   </div>
   <div class='ocr_carea' id='block_1_32' title="bbox 2089 673 3671 745">
    <p class='ocr_par' dir='ltr' id='par_1_32' title="bbox 2089 673 3671 745">
     <span class='ocr_line' id='line_1_32' title="bbox 2089 673 3671 745; baseline 0.003 -21"><span class='ocrx_word' id='word_1_236' title='bbox 2089 673 2530 742; x_wconf 75' lang='grc' dir='ltr'><strong>ἐπαρασάμενος,</strong></span> <span class='ocrx_word' id='word_1_237' title='bbox 2561 673 2653 726; x_wconf 76' lang='grc' dir='ltr'><strong>καὶ</strong></span> <span class='ocrx_word' id='word_1_238' title='bbox 2681 673 2852 740; x_wconf 85' lang='grc' dir='ltr'>λίθοις</span> <span class='ocrx_word' id='word_1_239' title='bbox 2875 675 2971 729; x_wconf 75' lang='grc' dir='ltr'>καὶ</span> <span class='ocrx_word' id='word_1_240' title='bbox 3003 673 3170 729; x_wconf 89' lang='grc' dir='ltr'>λίθων</span> <span class='ocrx_word' id='word_1_241' title='bbox 3197 675 3671 745; x_wconf 85' lang='grc' dir='ltr'>πληκτικωτέροις</span> 
     </span>
    </p>
   </div>
   <div class='ocr_carea' id='block_1_33' title="bbox 2091 765 3672 836">
    <p class='ocr_par' dir='ltr' id='par_1_33' title="bbox 2091 765 3672 836">
     <span class='ocr_line' id='line_1_33' title="bbox 2091 765 3672 836; baseline 0.001 -18"><span class='ocrx_word' id='word_1_242' title='bbox 2091 765 2300 834; x_wconf 76' lang='grc' dir='ltr'>ῥήμασι</span> <span class='ocrx_word' id='word_1_243' title='bbox 2327 765 2504 835; x_wconf 82' lang='grc' dir='ltr'>βαλὼν</span> <span class='ocrx_word' id='word_1_244' title='bbox 2533 766 2839 835; x_wconf 81' lang='grc' dir='ltr'><strong>ἀπήλλαξεν</strong></span> <span class='ocrx_word' id='word_1_245' title='bbox 2861 782 2879 800; x_wconf 77' lang='grc' dir='ltr'><strong>ο</strong></span> <span class='ocrx_word' id='word_1_246' title='bbox 2904 766 3019 820; x_wconf 87' lang='grc' dir='ltr'>ἀλλ’</span> <span class='ocrx_word' id='word_1_247' title='bbox 3071 766 3389 836; x_wconf 77' lang='grc' dir='ltr'><strong>ἐπορεύετο,</strong></span> <span class='ocrx_word' id='word_1_248' title='bbox 3424 767 3612 836; x_wconf 64' lang='grc' dir='ltr'>φησιν,</span> <span class='ocrx_word' id='word_1_249' title='bbox 3641 766 3672 820; x_wconf 82' lang='grc' dir='ltr'><strong>ό</strong></span> 
     </span>
    </p>
   </div>
   <div class='ocr_carea' id='block_1_34' title="bbox 2093 855 3672 928">
    <p class='ocr_par' dir='ltr' id='par_1_34' title="bbox 2093 855 3672 928">
     <span class='ocr_line' id='line_1_34' title="bbox 2093 855 3672 928; baseline 0.001 -20"><span class='ocrx_word' id='word_1_250' title='bbox 2093 855 2348 923; x_wconf 80' lang='grc' dir='ltr'>βασιλεὺς</span> <span class='ocrx_word' id='word_1_251' title='bbox 2376 858 2469 910; x_wconf 81' lang='grc' dir='ltr'>καὶ</span> <span class='ocrx_word' id='word_1_252' title='bbox 2494 857 2695 920; x_wconf 85' lang='grc' dir='ltr'>πάντες</span> <span class='ocrx_word' id='word_1_253' title='bbox 2715 857 2767 910; x_wconf 82' lang='lat' dir='ltr'><strong>oi</strong></span> <span class='ocrx_word' id='word_1_254' title='bbox 2793 857 2986 923; x_wconf 79' lang='grc' dir='ltr'>ἄνδρες</span> <span class='ocrx_word' id='word_1_255' title='bbox 3012 857 3178 912; x_wconf 78' lang='grc' dir='ltr'>αὐτοῦ</span> <span class='ocrx_word' id='word_1_256' title='bbox 3207 859 3328 928; x_wconf 82' lang='grc' dir='ltr'>μετ’</span> <span class='ocrx_word' id='word_1_257' title='bbox 3358 857 3550 920; x_wconf 77' lang='grc' dir='ltr'>αὑτοῦ,</span> <span class='ocrx_word' id='word_1_258' title='bbox 3572 857 3672 911; x_wconf 85' lang='grc' dir='ltr'>καὶ</span> 
     </span>
    </p>
   </div>
   <div class='ocr_carea' id='block_1_35' title="bbox 2092 949 3674 1022">
    <p class='ocr_par' dir='ltr' id='par_1_35' title="bbox 2092 949 3674 1022">
     <span class='ocr_line' id='line_1_35' title="bbox 2092 949 3674 1022; baseline 0.002 -21"><span class='ocrx_word' id='word_1_259' title='bbox 2092 950 2290 1018; x_wconf 74' lang='grc' dir='ltr'>Σεμεεὶ</span> <span class='ocrx_word' id='word_1_260' title='bbox 2312 950 2604 1018; x_wconf 73' lang='grc' dir='ltr'><strong>ἐπορεύετο</strong></span> <span class='ocrx_word' id='word_1_261' title='bbox 2625 951 2690 1004; x_wconf 79' lang='grc' dir='ltr'><strong>ἐκ</strong></span> <span class='ocrx_word' id='word_1_262' title='bbox 2708 949 3062 1019; x_wconf 81' lang='grc' dir='ltr'>πλευρᾶςτοῦ</span> <span class='ocrx_word' id='word_1_263' title='bbox 3082 949 3266 1021; x_wconf 75' lang='grc' dir='ltr'>ὅρους,</span> <span class='ocrx_word' id='word_1_264' title='bbox 3292 951 3554 1022; x_wconf 80' lang='grc' dir='ltr'>ἐχόμενος</span> <span class='ocrx_word' id='word_1_265' title='bbox 3575 950 3674 1006; x_wconf 82' lang='grc' dir='ltr'>αὐ-</span> 
     </span>
    </p>
   </div>
   <div class='ocr_carea' id='block_1_36' title="bbox 2090 1042 3669 1115">
    <p class='ocr_par' dir='ltr' id='par_1_36' title="bbox 2090 1042 3669 1115">
     <span class='ocr_line' id='line_1_36' title="bbox 2090 1042 3669 1115; baseline 0 -19"><span class='ocrx_word' id='word_1_266' title='bbox 2090 1043 2208 1109; x_wconf 78' lang='grc' dir='ltr'>τοῦ,</span> <span class='ocrx_word' id='word_1_267' title='bbox 2261 1042 2651 1114; x_wconf 82' lang='grc' dir='ltr'><strong>καταρώμενος</strong></span> <span class='ocrx_word' id='word_1_268' title='bbox 2698 1043 2793 1098; x_wconf 76' lang='grc' dir='ltr'><strong>καὶ</strong></span> <span class='ocrx_word' id='word_1_269' title='bbox 2831 1043 3000 1107; x_wconf 77' lang='grc' dir='ltr'><strong>λίθοις</strong></span> <span class='ocrx_word' id='word_1_270' title='bbox 3048 1043 3262 1115; x_wconf 82' lang='grc' dir='ltr'>βάλλων</span> <span class='ocrx_word' id='word_1_271' title='bbox 3303 1043 3368 1097; x_wconf 82' lang='grc' dir='ltr'><strong>ἐκ</strong></span> <span class='ocrx_word' id='word_1_272' title='bbox 3414 1043 3669 1110; x_wconf 89' lang='grc' dir='ltr'>πλαγίου,</span> 
     </span>
    </p>
   </div>
   <div class='ocr_carea' id='block_1_37' title="bbox 2091 1133 3670 1206">
    <p class='ocr_par' dir='ltr' id='par_1_37' title="bbox 2091 1133 3670 1206">
     <span class='ocr_line' id='line_1_37' title="bbox 2091 1133 3670 1206; baseline -0.001 -18"><span class='ocrx_word' id='word_1_273' title='bbox 2091 1139 2185 1188; x_wconf 71' lang='grc' dir='ltr'><strong>καὶ</strong></span> <span class='ocrx_word' id='word_1_274' title='bbox 2215 1133 2294 1204; x_wconf 85' lang='grc' dir='ltr'>τῷ</span> <span class='ocrx_word' id='word_1_275' title='bbox 2321 1134 2406 1203; x_wconf 79' lang='grc' dir='ltr'>χοῖ</span> <span class='ocrx_word' id='word_1_276' title='bbox 2437 1135 2665 1188; x_wconf 81' lang='grc' dir='ltr'><strong>πάσσων</strong></span> <span class='ocrx_word' id='word_1_277' title='bbox 2694 1136 2786 1190; x_wconf 79' lang='grc' dir='ltr'><strong>τὸν</strong></span> <span class='ocrx_word' id='word_1_278' title='bbox 2819 1135 3068 1206; x_wconf 85' lang='grc' dir='ltr'>βασιλέα.</span> <span class='ocrx_word' id='word_1_279' title='bbox 3100 1135 3217 1189; x_wconf 87' lang='grc' dir='ltr'>Ούκ</span> <span class='ocrx_word' id='word_1_280' title='bbox 3246 1135 3445 1206; x_wconf 78' lang='grc' dir='ltr'><strong>ἠπόρει</strong></span> <span class='ocrx_word' id='word_1_281' title='bbox 3475 1133 3533 1188; x_wconf 76' lang='grc' dir='ltr'>δὲ</span> <span class='ocrx_word' id='word_1_282' title='bbox 3559 1134 3670 1187; x_wconf 84' lang='grc' dir='ltr'><strong>τῶν</strong></span> 
     </span>
    </p>
   </div>
   <div class='ocr_carea' id='block_1_38' title="bbox 2094 1225 3673 1295">
    <p class='ocr_par' dir='ltr' id='par_1_38' title="bbox 2094 1225 3673 1295">
     <span class='ocr_line' id='line_1_38' title="bbox 2094 1225 3673 1295; baseline 0.003 -19"><span class='ocrx_word' id='word_1_283' title='bbox 2094 1225 2446 1278; x_wconf 81' lang='grc' dir='ltr'>κωλυσόντων</span> <span class='ocrx_word' id='word_1_284' title='bbox 2473 1227 2500 1278; x_wconf 85' lang='grc' dir='ltr'><strong>ό</strong></span> <span class='ocrx_word' id='word_1_285' title='bbox 2535 1225 2809 1294; x_wconf 88' lang='grc' dir='ltr'>βασιλεύς.</span> <span class='ocrx_word' id='word_1_286' title='bbox 2862 1225 3096 1280; x_wconf 76' lang='grc' dir='ltr'>Ἀὁεσσά</span> <span class='ocrx_word' id='word_1_287' title='bbox 3124 1225 3257 1294; x_wconf 84' lang='grc' dir='ltr'>γοῦν</span> <span class='ocrx_word' id='word_1_288' title='bbox 3293 1228 3322 1281; x_wconf 85' lang='grc' dir='ltr'><strong>ό</strong></span> <span class='ocrx_word' id='word_1_289' title='bbox 3361 1226 3673 1295; x_wconf 79' lang='grc' dir='ltr'>στρατηγὸς</span> 
     </span>
    </p>
   </div>
   <div class='ocr_carea' id='block_1_39' title="bbox 2097 1314 3671 1386">
    <p class='ocr_par' dir='ltr' id='par_1_39' title="bbox 2097 1314 3671 1386">
     <span class='ocr_line' id='line_1_39' title="bbox 2097 1314 3671 1386; baseline 0.003 -18"><span class='ocrx_word' id='word_1_290' title='bbox 2097 1316 2172 1385; x_wconf 81' lang='grc' dir='ltr'>μὴ</span> <span class='ocrx_word' id='word_1_291' title='bbox 2216 1316 2585 1386; x_wconf 83' lang='grc' dir='ltr'>ἀνασχόμενος</span> <span class='ocrx_word' id='word_1_292' title='bbox 2639 1317 2774 1386; x_wconf 79' lang='grc' dir='ltr'>πρὸς</span> <span class='ocrx_word' id='word_1_293' title='bbox 2816 1319 2908 1371; x_wconf 69' lang='grc' dir='ltr'>τὸν</span> <span class='ocrx_word' id='word_1_294' title='bbox 2949 1317 3116 1372; x_wconf 77' lang='grc' dir='ltr'>Δασὶδ</span> <span class='ocrx_word' id='word_1_295' title='bbox 3159 1314 3351 1374; x_wconf 75' lang='grc' dir='ltr'>εἶπεν·</span> <span class='ocrx_word' id='word_1_296' title='bbox 3391 1337 3412 1372; x_wconf 75' lang='grc' dir='ltr'><strong>ι</strong></span> <span class='ocrx_word' id='word_1_297' title='bbox 3450 1319 3570 1372; x_wconf 83' lang='grc' dir='ltr'>Ἵνα</span> <span class='ocrx_word' id='word_1_298' title='bbox 3616 1316 3671 1371; x_wconf 85' lang='grc' dir='ltr'><strong>τί</strong></span> 
     </span>
    </p>
   </div>
   <div class='ocr_carea' id='block_1_40' title="bbox 2091 1404 3669 1482">
    <p class='ocr_par' dir='ltr' id='par_1_40' title="bbox 2091 1404 3669 1482">
     <span class='ocr_line' id='line_1_40' title="bbox 2091 1404 3669 1482; baseline 0.002 -20"><span class='ocrx_word' id='word_1_299' title='bbox 2091 1411 2397 1479; x_wconf 80' lang='grc' dir='ltr'>καταρᾶται</span> <span class='ocrx_word' id='word_1_300' title='bbox 2427 1413 2454 1464; x_wconf 86' lang='grc' dir='ltr'><strong>ὁ</strong></span> <span class='ocrx_word' id='word_1_301' title='bbox 2483 1409 2627 1465; x_wconf 86' lang='grc' dir='ltr'>κύων</span> <span class='ocrx_word' id='word_1_302' title='bbox 2650 1413 2678 1464; x_wconf 85' lang='grc' dir='ltr'><strong>δ</strong></span> <span class='ocrx_word' id='word_1_303' title='bbox 2711 1411 2988 1482; x_wconf 81' lang='grc' dir='ltr'>τεθνηκὼς</span> <span class='ocrx_word' id='word_1_304' title='bbox 3015 1404 3174 1475; x_wconf 74' lang='grc' dir='ltr'>οὗτος</span> <span class='ocrx_word' id='word_1_305' title='bbox 3202 1412 3296 1466; x_wconf 88' lang='grc' dir='ltr'><strong>τδν</strong></span> <span class='ocrx_word' id='word_1_306' title='bbox 3325 1411 3530 1482; x_wconf 83' lang='grc' dir='ltr'>Κύριόν</span> <span class='ocrx_word' id='word_1_307' title='bbox 3567 1428 3669 1480; x_wconf 82' lang='grc' dir='ltr'><strong>μου</strong></span> 
     </span>
    </p>
   </div>
   <div class='ocr_carea' id='block_1_41' title="bbox 2088 1502 3673 1575">
    <p class='ocr_par' dir='ltr' id='par_1_41' title="bbox 2088 1502 3673 1575">
     <span class='ocr_line' id='line_1_41' title="bbox 2088 1502 3673 1575; baseline 0.001 -21"><span class='ocrx_word' id='word_1_308' title='bbox 2088 1502 2182 1554; x_wconf 70' lang='grc' dir='ltr'>τὸν</span> <span class='ocrx_word' id='word_1_309' title='bbox 2207 1502 2426 1570; x_wconf 79' lang='grc' dir='ltr'>βασιλέα</span> <span class='ocrx_word' id='word_1_310' title='bbox 2443 1519 2458 1568; x_wconf 88' lang='lat'><strong>;</strong></span> <span class='ocrx_word' id='word_1_311' title='bbox 2477 1504 2820 1573; x_wconf 80' lang='grc' dir='ltr'>Διαϐήσομαι</span> <span class='ocrx_word' id='word_1_312' title='bbox 2843 1503 2930 1575; x_wconf 80' lang='grc' dir='ltr'>δὴ,</span> <span class='ocrx_word' id='word_1_313' title='bbox 2961 1505 3060 1558; x_wconf 80' lang='grc' dir='ltr'>καὶ</span> <span class='ocrx_word' id='word_1_314' title='bbox 3084 1504 3268 1573; x_wconf 84' lang='grc' dir='ltr'>ἀφελῶ</span> <span class='ocrx_word' id='word_1_315' title='bbox 3298 1503 3402 1574; x_wconf 80' lang='grc' dir='ltr'><strong>τὴν</strong></span> <span class='ocrx_word' id='word_1_316' title='bbox 3426 1502 3673 1573; x_wconf 82' lang='grc' dir='ltr'>κεφαλὴν</span> 
     </span>
    </p>
   </div>
   <div class='ocr_carea' id='block_1_42' title="bbox 2082 1590 3674 1665">
    <p class='ocr_par' dir='ltr' id='par_1_42' title="bbox 2082 1590 3674 1665">
     <span class='ocr_line' id='line_1_42' title="bbox 2082 1590 3674 1665; baseline -0.001 -21"><span class='ocrx_word' id='word_1_317' title='bbox 2082 1591 2282 1660; x_wconf 80' lang='grc' dir='ltr'>αὑτοῦ.</span> <span class='ocrx_word' id='word_1_318' title='bbox 2323 1612 2342 1645; x_wconf 71' lang='grc' dir='ltr'><strong>ι</strong></span> <span class='ocrx_word' id='word_1_319' title='bbox 2400 1593 2458 1647; x_wconf 91' lang='lat'><strong>&#39;0</strong></span> <span class='ocrx_word' id='word_1_320' title='bbox 2501 1593 2558 1647; x_wconf 78' lang='grc' dir='ltr'><strong>δέ</strong></span> <span class='ocrx_word' id='word_1_321' title='bbox 2595 1593 2850 1662; x_wconf 78' lang='grc' dir='ltr'>βασιλεὺς</span> <span class='ocrx_word' id='word_1_322' title='bbox 2891 1593 3124 1665; x_wconf 75' lang='grc' dir='ltr'>ἐπέσχεν</span> <span class='ocrx_word' id='word_1_323' title='bbox 3167 1593 3354 1656; x_wconf 83' lang='grc' dir='ltr'>αὐτὸν,</span> <span class='ocrx_word' id='word_1_324' title='bbox 3405 1593 3502 1648; x_wconf 77' lang='grc' dir='ltr'>καὶ</span> <span class='ocrx_word' id='word_1_325' title='bbox 3547 1590 3674 1653; x_wconf 74' lang='grc' dir='ltr'>τοὺς</span> 
     </span>
    </p>
   </div>
   <div class='ocr_carea' id='block_1_43' title="bbox 2092 1680 3671 1753">
    <p class='ocr_par' dir='ltr' id='par_1_43' title="bbox 2092 1680 3671 1753">
     <span class='ocr_line' id='line_1_43' title="bbox 2092 1680 3671 1753; baseline -0.002 -17"><span class='ocrx_word' id='word_1_326' title='bbox 2092 1684 2288 1737; x_wconf 77' lang='grc' dir='ltr'>παῖδας</span> <span class='ocrx_word' id='word_1_327' title='bbox 2323 1682 2512 1748; x_wconf 80' lang='grc' dir='ltr'>αὑτοῦ,</span> <span class='ocrx_word' id='word_1_328' title='bbox 2557 1684 2695 1753; x_wconf 79' lang='grc' dir='ltr'>πρὸς</span> <span class='ocrx_word' id='word_1_329' title='bbox 2716 1683 2913 1747; x_wconf 70' lang='grc' dir='ltr'>αὐτοὺς</span> <span class='ocrx_word' id='word_1_330' title='bbox 2938 1681 3156 1737; x_wconf 87' lang='grc' dir='ltr'>ἐῑπών·</span> <span class='ocrx_word' id='word_1_331' title='bbox 3196 1683 3433 1747; x_wconf 70' lang='grc' dir='ltr'>«Ἅφετε</span> <span class='ocrx_word' id='word_1_332' title='bbox 3477 1680 3671 1746; x_wconf 77' lang='grc' dir='ltr'>αὐτὸν,</span> 
     </span>
    </p>
   </div>
   <div class='ocr_carea' id='block_1_44' title="bbox 2090 1771 3672 1844">
    <p class='ocr_par' dir='ltr' id='par_1_44' title="bbox 2090 1771 3672 1844">
     <span class='ocr_line' id='line_1_44' title="bbox 2090 1771 3672 1844; baseline -0.004 -16"><span class='ocrx_word' id='word_1_333' title='bbox 2090 1775 2237 1836; x_wconf 85' lang='grc' dir='ltr'>ὅπως</span> <span class='ocrx_word' id='word_1_334' title='bbox 2259 1773 2359 1828; x_wconf 87' lang='grc' dir='ltr'>ίδοι</span> <span class='ocrx_word' id='word_1_335' title='bbox 2386 1775 2590 1842; x_wconf 87' lang='grc' dir='ltr'>Κύριος</span> <span class='ocrx_word' id='word_1_336' title='bbox 2616 1776 2675 1826; x_wconf 85' lang='grc' dir='ltr'>ὲν</span> <span class='ocrx_word' id='word_1_337' title='bbox 2696 1777 2762 1844; x_wconf 81' lang='grc' dir='ltr'>τῇ</span> <span class='ocrx_word' id='word_1_338' title='bbox 2789 1779 3114 1828; x_wconf 84' lang='grc' dir='ltr'>ταπεινώσει</span> <span class='ocrx_word' id='word_1_339' title='bbox 3148 1791 3272 1841; x_wconf 87' lang='grc' dir='ltr'>μου,</span> <span class='ocrx_word' id='word_1_340' title='bbox 3298 1771 3394 1826; x_wconf 81' lang='grc' dir='ltr'>καὶ</span> <span class='ocrx_word' id='word_1_341' title='bbox 3415 1771 3672 1840; x_wconf 77' lang='grc' dir='ltr'>ἐπιστρέ-</span> 
     </span>
    </p>
   </div>
   <div class='ocr_carea' id='block_1_45' title="bbox 2090 1862 3355 1934">
    <p class='ocr_par' dir='ltr' id='par_1_45' title="bbox 2090 1862 3355 1934">
     <span class='ocr_line' id='line_1_45' title="bbox 2090 1862 3355 1934; baseline 0 -19"><span class='ocrx_word' id='word_1_342' title='bbox 2090 1862 2183 1932; x_wconf 79' lang='grc' dir='ltr'><strong>ψοι</strong></span> <span class='ocrx_word' id='word_1_343' title='bbox 2224 1879 2316 1931; x_wconf 90' lang='grc' dir='ltr'><strong>μοι</strong></span> <span class='ocrx_word' id='word_1_344' title='bbox 2354 1863 2534 1932; x_wconf 78' lang='grc' dir='ltr'>ἀγαθά</span> <span class='ocrx_word' id='word_1_345' title='bbox 2566 1864 2688 1916; x_wconf 75' lang='grc' dir='ltr'>ἀντὶ</span> <span class='ocrx_word' id='word_1_346' title='bbox 2719 1865 2816 1933; x_wconf 88' lang='grc' dir='ltr'><strong>τῆς</strong></span> <span class='ocrx_word' id='word_1_347' title='bbox 2845 1865 3091 1934; x_wconf 76' lang='grc' dir='ltr'>κατάρας</span> <span class='ocrx_word' id='word_1_348' title='bbox 3116 1864 3302 1918; x_wconf 81' lang='grc' dir='ltr'>αὑτοῦ.</span> <span class='ocrx_word' id='word_1_349' title='bbox 3337 1881 3355 1915; x_wconf 71' lang='grc' dir='ltr'><strong>ι</strong></span> 
     </span>
    </p>
   </div>
   <div class='ocr_carea' id='block_1_46' title="bbox 2171 1953 3669 2023">
    <p class='ocr_par' dir='ltr' id='par_1_46' title="bbox 2171 1953 3669 2023">
     <span class='ocr_line' id='line_1_46' title="bbox 2171 1953 3669 2023; baseline -0.001 -15"><span class='ocrx_word' id='word_1_350' title='bbox 2171 1956 2237 2008; x_wconf 83' lang='lat'><strong>&#39;0</strong></span> <span class='ocrx_word' id='word_1_351' title='bbox 2275 1955 2371 2008; x_wconf 77' lang='grc' dir='ltr'>καὶ</span> <span class='ocrx_word' id='word_1_352' title='bbox 2419 1955 2540 2009; x_wconf 85' lang='grc' dir='ltr'>τότε</span> <span class='ocrx_word' id='word_1_353' title='bbox 2591 1954 2691 2023; x_wconf 85' lang='grc' dir='ltr'>μὲν</span> <span class='ocrx_word' id='word_1_354' title='bbox 2726 1955 2981 2022; x_wconf 79' lang='grc' dir='ltr'>ἐτελέσθη</span> <span class='ocrx_word' id='word_1_355' title='bbox 3031 1958 3126 2009; x_wconf 70' lang='grc' dir='ltr'>καὶ</span> <span class='ocrx_word' id='word_1_356' title='bbox 3157 1957 3238 2016; x_wconf 89' lang='grc' dir='ltr'><strong>είς</strong></span> <span class='ocrx_word' id='word_1_357' title='bbox 3271 1955 3432 2022; x_wconf 73' lang='grc' dir='ltr'>ἔργον</span> <span class='ocrx_word' id='word_1_358' title='bbox 3483 1953 3669 2022; x_wconf 73' lang='grc' dir='ltr'>ἐξέϐη.</span> 
     </span>
    </p>
   </div>
   <div class='ocr_carea' id='block_1_47' title="bbox 2092 2045 3672 2117">
    <p class='ocr_par' dir='ltr' id='par_1_47' title="bbox 2092 2045 3672 2117">
     <span class='ocr_line' id='line_1_47' title="bbox 2092 2045 3672 2117; baseline -0.001 -16"><span class='ocrx_word' id='word_1_359' title='bbox 2092 2047 2369 2102; x_wconf 80' lang='grc' dir='ltr'>δείκνυται</span> <span class='ocrx_word' id='word_1_360' title='bbox 2400 2048 2458 2101; x_wconf 91' lang='grc' dir='ltr'><strong>δέ</strong></span> <span class='ocrx_word' id='word_1_361' title='bbox 2496 2050 2592 2102; x_wconf 75' lang='grc' dir='ltr'><strong>καὶ</strong></span> <span class='ocrx_word' id='word_1_362' title='bbox 2623 2049 2713 2102; x_wconf 85' lang='grc' dir='ltr'>διὰ</span> <span class='ocrx_word' id='word_1_363' title='bbox 2751 2049 2852 2117; x_wconf 91' lang='grc' dir='ltr'><strong>τῆς</strong></span> <span class='ocrx_word' id='word_1_364' title='bbox 2881 2048 3043 2101; x_wconf 80' lang='grc' dir='ltr'>κατὰ·</span> <span class='ocrx_word' id='word_1_365' title='bbox 3062 2048 3153 2100; x_wconf 78' lang='grc' dir='ltr'><strong>τὸν</strong></span> <span class='ocrx_word' id='word_1_366' title='bbox 3199 2045 3450 2115; x_wconf 86' lang='grc' dir='ltr'>Τελώνην</span> <span class='ocrx_word' id='word_1_367' title='bbox 3481 2046 3672 2100; x_wconf 81' lang='grc' dir='ltr'>τοῦτον</span> 
     </span>
    </p>
   </div>
   <div class='ocr_carea' id='block_1_48' title="bbox 2089 2138 3674 2210">
    <p class='ocr_par' dir='ltr' id='par_1_48' title="bbox 2089 2138 3674 2210">
     <span class='ocr_line' id='line_1_48' title="bbox 2089 2138 3674 2210; baseline -0.003 -16"><span class='ocrx_word' id='word_1_368' title='bbox 2089 2142 2188 2194; x_wconf 78' lang='grc' dir='ltr'>καὶ</span> <span class='ocrx_word' id='word_1_369' title='bbox 2223 2139 2316 2193; x_wconf 78' lang='grc' dir='ltr'>τὸν</span> <span class='ocrx_word' id='word_1_370' title='bbox 2345 2142 2638 2210; x_wconf 78' lang='grc' dir='ltr'>Φαρισαῖον</span> <span class='ocrx_word' id='word_1_371' title='bbox 2671 2140 3011 2209; x_wconf 70' lang='grc' dir='ltr'>παραϐολῆς,</span> <span class='ocrx_word' id='word_1_372' title='bbox 3041 2141 3146 2193; x_wconf 79' lang='grc' dir='ltr'>ὑπὸ</span> <span class='ocrx_word' id='word_1_373' title='bbox 3181 2141 3280 2209; x_wconf 88' lang='grc' dir='ltr'><strong>τῆς</strong></span> <span class='ocrx_word' id='word_1_374' title='bbox 3318 2138 3674 2207; x_wconf 83' lang='grc' dir='ltr'>δικαιοσύνης</span> 
     </span>
    </p>
   </div>
   <div class='ocr_carea' id='block_1_49' title="bbox 2092 2227 3674 2300">
    <p class='ocr_par' dir='ltr' id='par_1_49' title="bbox 2092 2227 3674 2300">
     <span class='ocr_line' id='line_1_49' title="bbox 2092 2227 3674 2300; baseline -0.004 -15"><span class='ocrx_word' id='word_1_375' title='bbox 2092 2231 2180 2285; x_wconf 83' lang='grc' dir='ltr'>ἀεὶ</span> <span class='ocrx_word' id='word_1_376' title='bbox 2219 2230 2579 2297; x_wconf 85' lang='grc' dir='ltr'>τελούμενον·</span> <span class='ocrx_word' id='word_1_377' title='bbox 2632 2233 2662 2285; x_wconf 85' lang='grc' dir='ltr'>ὁ</span> <span class='ocrx_word' id='word_1_378' title='bbox 2703 2231 2812 2300; x_wconf 89' lang='grc' dir='ltr'><strong>γάρ</strong></span> <span class='ocrx_word' id='word_1_379' title='bbox 2862 2229 3164 2283; x_wconf 82' lang='grc' dir='ltr'>ὑπεύθυνον</span> <span class='ocrx_word' id='word_1_380' title='bbox 3203 2229 3398 2283; x_wconf 68' lang='grc' dir='ltr'>ἑαυτὸν</span> <span class='ocrx_word' id='word_1_381' title='bbox 3454 2227 3674 2294; x_wconf 80' lang='grc' dir='ltr'>ἀληθῶς</span> 
     </span>
    </p>
   </div>
   <div class='ocr_carea' id='block_1_50' title="bbox 2090 2318 3663 2390">
    <p class='ocr_par' dir='ltr' id='par_1_50' title="bbox 2090 2318 3663 2390">
     <span class='ocr_line' id='line_1_50' title="bbox 2090 2318 3663 2390; baseline -0.004 -13"><span class='ocrx_word' id='word_1_382' title='bbox 2090 2323 2312 2378; x_wconf 81' lang='grc' dir='ltr'>αἰωνίου</span> <span class='ocrx_word' id='word_1_383' title='bbox 2345 2323 2619 2385; x_wconf 80' lang='grc' dir='ltr'>κολάσεως</span> <span class='ocrx_word' id='word_1_384' title='bbox 2645 2323 2990 2390; x_wconf 74' lang='grc' dir='ltr'>λογιζόμενος</span> <span class='ocrx_word' id='word_1_385' title='bbox 3027 2323 3143 2383; x_wconf 78' lang='grc' dir='ltr'><strong>πῶς</strong></span> <span class='ocrx_word' id='word_1_386' title='bbox 3175 2321 3276 2373; x_wconf 81' lang='grc' dir='ltr'><strong>οὐκ</strong></span> <span class='ocrx_word' id='word_1_387' title='bbox 3297 2319 3364 2373; x_wconf 82' lang='grc' dir='ltr'><strong>ἂν</strong></span> <span class='ocrx_word' id='word_1_388' title='bbox 3391 2318 3663 2388; x_wconf 79' lang='grc' dir='ltr'>ὑπομείνῃ</span> 
     </span>
    </p>
   </div>
   <div class='ocr_carea' id='block_1_51' title="bbox 2091 2409 3676 2484">
    <p class='ocr_par' dir='ltr' id='par_1_51' title="bbox 2091 2409 3676 2484">
     <span class='ocr_line' id='line_1_51' title="bbox 2091 2409 3676 2484; baseline -0.005 -14"><span class='ocrx_word' id='word_1_389' title='bbox 2091 2415 2381 2483; x_wconf 84' lang='grc' dir='ltr'>γενναίως.</span> <span class='ocrx_word' id='word_1_390' title='bbox 2414 2416 2516 2468; x_wconf 81' lang='grc' dir='ltr'><strong>οὐκ</strong></span> <span class='ocrx_word' id='word_1_391' title='bbox 2551 2415 2776 2484; x_wconf 76' lang='grc' dir='ltr'>ἀτιμίαν</span> <span class='ocrx_word' id='word_1_392' title='bbox 2818 2415 3001 2482; x_wconf 85' lang='grc' dir='ltr'>μόνον,</span> <span class='ocrx_word' id='word_1_393' title='bbox 3035 2413 3172 2466; x_wconf 83' lang='grc' dir='ltr'><strong>ἀλλά</strong></span> <span class='ocrx_word' id='word_1_394' title='bbox 3215 2413 3312 2466; x_wconf 69' lang='grc' dir='ltr'>καὶ</span> <span class='ocrx_word' id='word_1_395' title='bbox 3342 2409 3549 2480; x_wconf 77' lang='grc' dir='ltr'>ζημίαν</span> <span class='ocrx_word' id='word_1_396' title='bbox 3575 2411 3676 2464; x_wconf 77' lang='grc' dir='ltr'>καὶ</span> 
     </span>
    </p>
   </div>
   <div class='ocr_carea' id='block_1_52' title="bbox 2093 2501 3674 2574">
    <p class='ocr_par' dir='ltr' id='par_1_52' title="bbox 2093 2501 3674 2574">
     <span class='ocr_line' id='line_1_52' title="bbox 2093 2501 3674 2574; baseline -0.008 -12"><span class='ocrx_word' id='word_1_397' title='bbox 2093 2509 2271 2574; x_wconf 84' lang='grc' dir='ltr'>νόσον,</span> <span class='ocrx_word' id='word_1_398' title='bbox 2301 2507 2396 2562; x_wconf 81' lang='grc' dir='ltr'>καὶ</span> <span class='ocrx_word' id='word_1_399' title='bbox 2423 2507 2625 2570; x_wconf 81' lang='grc' dir='ltr'>πᾶσαν,</span> <span class='ocrx_word' id='word_1_400' title='bbox 2650 2507 2726 2569; x_wconf 89' lang='grc' dir='ltr'><strong>ώς</strong></span> <span class='ocrx_word' id='word_1_401' title='bbox 2753 2506 2950 2568; x_wconf 75' lang='grc' dir='ltr'>εἰπεῖν,</span> <span class='ocrx_word' id='word_1_402' title='bbox 2978 2501 3324 2573; x_wconf 83' lang='grc' dir='ltr'>δυσπραγίαν</span> <span class='ocrx_word' id='word_1_403' title='bbox 3353 2503 3447 2554; x_wconf 77' lang='grc' dir='ltr'>καὶ</span> <span class='ocrx_word' id='word_1_404' title='bbox 3476 2502 3674 2555; x_wconf 79' lang='grc' dir='ltr'>κάκω-</span> 
     </span>
    </p>
   </div>
   <div class='ocr_carea' id='block_1_53' title="bbox 2096 2590 3674 2666">
    <p class='ocr_par' dir='ltr' id='par_1_53' title="bbox 2096 2590 3674 2666">
     <span class='ocr_line' id='line_1_53' title="bbox 2096 2590 3674 2666; baseline -0.006 -14"><span class='ocrx_word' id='word_1_405' title='bbox 2096 2615 2228 2663; x_wconf 77' lang='grc' dir='ltr'>σινς</span> <span class='ocrx_word' id='word_1_406' title='bbox 2270 2596 2329 2652; x_wconf 89' lang='lat'><strong>&#39;0</strong></span> <span class='ocrx_word' id='word_1_407' title='bbox 2385 2597 2443 2652; x_wconf 75' lang='grc' dir='ltr'><strong>δέ</strong></span> <span class='ocrx_word' id='word_1_408' title='bbox 2480 2597 2740 2666; x_wconf 86' lang='grc' dir='ltr'>τοιαύτην</span> <span class='ocrx_word' id='word_1_409' title='bbox 2791 2595 3073 2664; x_wconf 77' lang='grc' dir='ltr'>ὑπομονὴν</span> <span class='ocrx_word' id='word_1_410' title='bbox 3116 2592 3550 2662; x_wconf 76' lang='grc' dir='ltr'>ἐνδεικνύμενος.</span> <span class='ocrx_word' id='word_1_411' title='bbox 3594 2590 3674 2654; x_wconf 81' lang='grc' dir='ltr'>ὤς</span> 
     </span>
    </p>
   </div>
   <div class='ocr_carea' id='block_1_54' title="bbox 2092 2681 3673 2760">
    <p class='ocr_par' dir='ltr' id='par_1_54' title="bbox 2092 2681 3673 2760">
     <span class='ocr_line' id='line_1_54' title="bbox 2092 2681 3673 2760; baseline -0.006 -18"><span class='ocrx_word' id='word_1_412' title='bbox 2092 2687 2376 2760; x_wconf 83' lang='grc' dir='ltr'>χρεώστης</span> <span class='ocrx_word' id='word_1_413' title='bbox 2416 2686 2560 2741; x_wconf 76' lang='grc' dir='ltr'>οὕτω</span> <span class='ocrx_word' id='word_1_414' title='bbox 2597 2688 2694 2741; x_wconf 77' lang='grc' dir='ltr'>καὶ</span> <span class='ocrx_word' id='word_1_415' title='bbox 2729 2685 3036 2749; x_wconf 82' lang='grc' dir='ltr'>ὑπεύθυνος</span> <span class='ocrx_word' id='word_1_416' title='bbox 3069 2683 3166 2748; x_wconf 82' lang='grc' dir='ltr'><strong>ὢν,</strong></span> <span class='ocrx_word' id='word_1_417' title='bbox 3198 2684 3267 2738; x_wconf 87' lang='grc' dir='ltr'>δι’</span> <span class='ocrx_word' id='word_1_418' title='bbox 3300 2681 3673 2751; x_wconf 77' lang='grc' dir='ltr'>ἐλαφροτέρας</span> 
     </span>
    </p>
   </div>
   <div class='ocr_carea' id='block_1_55' title="bbox 2093 2773 3673 2850">
    <p class='ocr_par' dir='ltr' id='par_1_55' title="bbox 2093 2773 3673 2850">
     <span class='ocr_line' id='line_1_55' title="bbox 2093 2773 3673 2850; baseline -0.006 -16"><span class='ocrx_word' id='word_1_419' title='bbox 2093 2780 2398 2850; x_wconf 83' lang='grc' dir='ltr'>καταδίκης</span> <span class='ocrx_word' id='word_1_420' title='bbox 2441 2779 2538 2834; x_wconf 78' lang='grc' dir='ltr'>καὶ</span> <span class='ocrx_word' id='word_1_421' title='bbox 2581 2777 2922 2849; x_wconf 83' lang='grc' dir='ltr'>προσκαίρου</span> <span class='ocrx_word' id='word_1_422' title='bbox 2954 2779 3049 2831; x_wconf 67' lang='grc' dir='ltr'>καὶ</span> <span class='ocrx_word' id='word_1_423' title='bbox 3079 2774 3348 2844; x_wconf 73' lang='grc' dir='ltr'>λυομένης</span> <span class='ocrx_word' id='word_1_424' title='bbox 3375 2773 3673 2844; x_wconf 79' lang='grc' dir='ltr'>λυτροῦται</span> 
     </span>
    </p>
   </div>
   <div class='ocr_carea' id='block_1_56' title="bbox 2093 2862 3673 2940">
    <p class='ocr_par' dir='ltr' id='par_1_56' title="bbox 2093 2862 3673 2940">
     <span class='ocr_line' id='line_1_56' title="bbox 2093 2862 3673 2940; baseline -0.007 -16"><span class='ocrx_word' id='word_1_425' title='bbox 2093 2872 2193 2939; x_wconf 87' lang='grc' dir='ltr'><strong>τῆς</strong></span> <span class='ocrx_word' id='word_1_426' title='bbox 2219 2871 2392 2935; x_wconf 78' lang='grc' dir='ltr'>ὅντως</span> <span class='ocrx_word' id='word_1_427' title='bbox 2421 2870 2645 2940; x_wconf 78' lang='grc' dir='ltr'>βαρείας</span> <span class='ocrx_word' id='word_1_428' title='bbox 2679 2868 2896 2938; x_wconf 80' lang='grc' dir='ltr'>ἐκείνης</span> <span class='ocrx_word' id='word_1_429' title='bbox 2935 2868 3034 2936; x_wconf 77' lang='lat' dir='ltr'><strong>ll</strong></span> <span class='ocrx_word' id='word_1_430' title='bbox 3071 2865 3167 2921; x_wconf 69' lang='grc' dir='ltr'><strong>καὶ</strong></span> <span class='ocrx_word' id='word_1_431' title='bbox 3199 2865 3476 2934; x_wconf 79' lang='grc' dir='ltr'>ἀφορήτου</span> <span class='ocrx_word' id='word_1_432' title='bbox 3507 2862 3673 2915; x_wconf 87' lang='grc' dir='ltr'>κολά-</span> 
     </span>
    </p>
   </div>
   <div class='ocr_carea' id='block_1_57' title="bbox 2095 2953 3670 3026">
    <p class='ocr_par' dir='ltr' id='par_1_57' title="bbox 2095 2953 3670 3026">
     <span class='ocr_line' id='line_1_57' title="bbox 2095 2953 3670 3026; baseline -0.007 -10"><span class='ocrx_word' id='word_1_433' title='bbox 2095 2977 2254 3026; x_wconf 83' lang='grc' dir='ltr'>σεως⁶</span> <span class='ocrx_word' id='word_1_434' title='bbox 2297 2963 2414 3016; x_wconf 76' lang='grc' dir='ltr'>ἐστι</span> <span class='ocrx_word' id='word_1_435' title='bbox 2443 2961 2488 3016; x_wconf 84' lang='grc' dir='ltr'>δ’</span> <span class='ocrx_word' id='word_1_436' title='bbox 2513 2963 2603 3015; x_wconf 85' lang='grc' dir='ltr'><strong>ὅτε</strong></span> <span class='ocrx_word' id='word_1_437' title='bbox 2642 2962 2738 3015; x_wconf 83' lang='grc' dir='ltr'>καὶ</span> <span class='ocrx_word' id='word_1_438' title='bbox 2769 2959 2881 3014; x_wconf 87' lang='grc' dir='ltr'><strong>τῶν</strong></span> <span class='ocrx_word' id='word_1_439' title='bbox 2911 2960 3007 3012; x_wconf 80' lang='grc' dir='ltr'>νῦν</span> <span class='ocrx_word' id='word_1_440' title='bbox 3035 2957 3400 3026; x_wconf 80' lang='grc' dir='ltr'>ἐπικειμένων</span> <span class='ocrx_word' id='word_1_441' title='bbox 3443 2953 3670 3018; x_wconf 82' lang='grc' dir='ltr'>δεινῶν,</span> 
     </span>
    </p>
   </div>
   <div class='ocr_carea' id='block_1_58' title="bbox 2091 3040 3683 3124">
    <p class='ocr_par' dir='ltr' id='par_1_58' title="bbox 2091 3040 3683 3124">
     <span class='ocr_line' id='line_1_58' title="bbox 2091 3040 3683 3124; baseline -0.008 -16"><span class='ocrx_word' id='word_1_442' title='bbox 2091 3055 2269 3124; x_wconf 80' lang='grc' dir='ltr'>ἀρχὴν</span> <span class='ocrx_word' id='word_1_443' title='bbox 2314 3051 2563 3108; x_wconf 73' lang='grc' dir='ltr'>ἐντεῦθεν</span> <span class='ocrx_word' id='word_1_444' title='bbox 2610 3050 2995 3121; x_wconf 78' lang='grc' dir='ltr'>λαμϐανούσης</span> <span class='ocrx_word' id='word_1_445' title='bbox 3023 3051 3123 3119; x_wconf 89' lang='grc' dir='ltr'><strong>τῆς</strong></span> <span class='ocrx_word' id='word_1_446' title='bbox 3157 3049 3225 3102; x_wconf 86' lang='grc' dir='ltr'>δι’</span> <span class='ocrx_word' id='word_1_447' title='bbox 3258 3047 3538 3116; x_wconf 79' lang='grc' dir='ltr'>ὑπομονὴν</span> <span class='ocrx_word' id='word_1_448' title='bbox 3558 3040 3683 3098; x_wconf 62' lang='grc' dir='ltr'>οἷον.</span> 
     </span>
    </p>
   </div>
   <div class='ocr_carea' id='block_1_59' title="bbox 2093 3137 3686 3214">
    <p class='ocr_par' dir='ltr' id='par_1_59' title="bbox 2093 3137 3686 3214">
     <span class='ocr_line' id='line_1_59' title="bbox 2093 3137 3686 3214; baseline -0.007 -16"><span class='ocrx_word' id='word_1_449' title='bbox 2093 3143 2528 3214; x_wconf 84' lang='grc' dir='ltr'>ὲποφειλομένης</span> <span class='ocrx_word' id='word_1_450' title='bbox 2557 3142 2708 3206; x_wconf 81' lang='grc' dir='ltr'>θείας</span> <span class='ocrx_word' id='word_1_451' title='bbox 2745 3142 3114 3212; x_wconf 78' lang='grc' dir='ltr'>χρηστότητος</span> <span class='ocrx_word' id='word_1_452' title='bbox 3138 3155 3151 3170; x_wconf 84' lang='lat'><strong><em>°</em></strong></span> <span class='ocrx_word' id='word_1_453' title='bbox 3191 3137 3270 3192; x_wconf 72' lang='grc' dir='ltr'><strong>διὸ</strong></span> <span class='ocrx_word' id='word_1_454' title='bbox 3307 3137 3403 3191; x_wconf 89' lang='grc' dir='ltr'><strong>καί</strong></span> <span class='ocrx_word' id='word_1_455' title='bbox 3435 3154 3519 3198; x_wconf 86' lang='grc' dir='ltr'><strong>τις</strong></span> <span class='ocrx_word' id='word_1_456' title='bbox 3563 3137 3686 3189; x_wconf 82' lang='grc' dir='ltr'>τῶν·</span> 
     </span>
    </p>
   </div>
   <div class='ocr_carea' id='block_1_60' title="bbox 412 3227 1990 3312">
    <p class='ocr_par' dir='ltr' id='par_1_60' title="bbox 412 3227 1981 3303">
     <span class='ocr_line' id='line_1_60' title="bbox 412 3227 1981 3303; baseline 0.008 -24"><span class='ocrx_word' id='word_1_457' title='bbox 412 3227 637 3294; x_wconf 78' lang='lat' dir='ltr'><strong>peccavi</strong></span> <span class='ocrx_word' id='word_1_458' title='bbox 665 3239 855 3282; x_wconf 88' lang='lat' dir='ltr'><strong>contra</strong></span> <span class='ocrx_word' id='word_1_459' title='bbox 881 3245 1026 3284; x_wconf 90' lang='lat' dir='ltr'><strong>enm.</strong></span> <span class='ocrx_word' id='word_1_460' title='bbox 1057 3229 1276 3287; x_wconf 88' lang='lat' dir='ltr'><strong>Utinam</strong></span> <span class='ocrx_word' id='word_1_461' title='bbox 1310 3250 1409 3288; x_wconf 87' lang='lat' dir='ltr'><strong>nos</strong></span> <span class='ocrx_word' id='word_1_462' title='bbox 1435 3251 1558 3290; x_wconf 91' lang='lat' dir='ltr'><strong>cum</strong></span> <span class='ocrx_word' id='word_1_463' title='bbox 1591 3237 1981 3303; x_wconf 87' lang='lat' dir='ltr'><strong>misericordia,</strong></span> 
     </span>
    </p>
   </div>
   <div class='ocr_carea' id='block_1_61' title="bbox 2093 3227 3670 3312">
    <p class='ocr_par' dir='ltr' id='par_1_61' title="bbox 2093 3229 3670 3304">
     <span class='ocr_line' id='line_1_61' title="bbox 2093 3229 3670 3304; baseline -0.006 -14"><span class='ocrx_word' id='word_1_464' title='bbox 2093 3237 2199 3290; x_wconf 81' lang='grc' dir='ltr'>ὑπὸ</span> <span class='ocrx_word' id='word_1_465' title='bbox 2261 3235 2398 3289; x_wconf 80' lang='grc' dir='ltr'><strong>Θεοῦ</strong></span> <span class='ocrx_word' id='word_1_466' title='bbox 2461 3234 2869 3304; x_wconf 80' lang='grc' dir='ltr'>παιδευομένων</span> <span class='ocrx_word' id='word_1_467' title='bbox 2935 3233 3039 3303; x_wconf 73' lang='grc' dir='ltr'>ἔφη</span> <span class='ocrx_word' id='word_1_468' title='bbox 3069 3248 3083 3263; x_wconf 94' lang='grc'><strong>·</strong></span> <span class='ocrx_word' id='word_1_469' title='bbox 3135 3231 3396 3284; x_wconf 88' lang='grc' dir='ltr'>Παιδείαν</span> <span class='ocrx_word' id='word_1_470' title='bbox 3461 3229 3670 3295; x_wconf 82' lang='grc' dir='ltr'>Κυρίου</span> 
     </span>
    </p>
   </div>
   <div class='ocr_carea' id='block_1_62' title="bbox 414 3320 1986 3400">
    <p class='ocr_par' dir='ltr' id='par_1_62' title="bbox 414 3320 1986 3400">
     <span class='ocr_line' id='line_1_62' title="bbox 414 3320 1986 3400; baseline 0.011 -32"><span class='ocrx_word' id='word_1_471' title='bbox 414 3331 524 3370; x_wconf 84' lang='lat' dir='ltr'><strong>non</strong></span> <span class='ocrx_word' id='word_1_472' title='bbox 560 3329 740 3371; x_wconf 84' lang='lat' dir='ltr'><strong>autem</strong></span> <span class='ocrx_word' id='word_1_473' title='bbox 777 3320 829 3373; x_wconf 91' lang='lat' dir='ltr'><strong>in</strong></span> <span class='ocrx_word' id='word_1_474' title='bbox 862 3320 942 3400; x_wconf 86' lang='lat' dir='ltr'><strong>ira</strong></span> <span class='ocrx_word' id='word_1_475' title='bbox 975 3331 1030 3375; x_wconf 91' lang='lat' dir='ltr'><strong>et</strong></span> <span class='ocrx_word' id='word_1_476' title='bbox 1075 3320 1258 3377; x_wconf 86' lang='lat' dir='ltr'><strong>furore</strong></span> <span class='ocrx_word' id='word_1_477' title='bbox 1292 3325 1508 3380; x_wconf 91' lang='lat' dir='ltr'><strong>Domini</strong></span> <span class='ocrx_word' id='word_1_478' title='bbox 1537 3329 1853 3397; x_wconf 78' lang='lat' dir='ltr'><strong>castigatos,</strong></span> <span class='ocrx_word' id='word_1_479' title='bbox 1883 3331 1986 3385; x_wconf 86' lang='lat' dir='ltr'><strong>ista</strong></span> 
     </span>
    </p>
   </div>
   <div class='ocr_carea' id='block_1_63' title="bbox 413 3405 1985 3482">
    <p class='ocr_par' dir='ltr' id='par_1_63' title="bbox 413 3405 1985 3482">
     <span class='ocr_line' id='line_1_63' title="bbox 413 3405 1985 3482; baseline 0.01 -22"><span class='ocrx_word' id='word_1_480' title='bbox 413 3405 508 3461; x_wconf 74' lang='lat' dir='ltr'><strong>Dei</strong></span> <span class='ocrx_word' id='word_1_481' title='bbox 566 3410 852 3480; x_wconf 88' lang='lat' dir='ltr'><strong>disciplina</strong></span> <span class='ocrx_word' id='word_1_482' title='bbox 899 3428 1006 3468; x_wconf 92' lang='lat' dir='ltr'><strong>non</strong></span> <span class='ocrx_word' id='word_1_483' title='bbox 1073 3415 1483 3482; x_wconf 75' lang='lat' dir='ltr'><strong>interﬁciamur,</strong></span> <span class='ocrx_word' id='word_1_484' title='bbox 1537 3421 1630 3474; x_wconf 89' lang='lat' dir='ltr'><strong>sed</strong></span> <span class='ocrx_word' id='word_1_485' title='bbox 1691 3423 1985 3476; x_wconf 84' lang='lat' dir='ltr'><strong>secundum</strong></span> 
     </span>
    </p>
   </div>
   <div class='ocr_carea' id='block_1_64' title="bbox 411 3497 1990 3582">
    <p class='ocr_par' dir='ltr' id='par_1_64' title="bbox 411 3497 1990 3582">
     <span class='ocr_line' id='line_1_64' title="bbox 411 3497 1990 3582; baseline 0.009 -30"><span class='ocrx_word' id='word_1_486' title='bbox 411 3497 752 3555; x_wconf 85' lang='lat' dir='ltr'><strong>Psalmistam</strong></span> <span class='ocrx_word' id='word_1_487' title='bbox 801 3503 851 3555; x_wconf 94' lang='lat' dir='ltr'><strong>in</strong></span> <span class='ocrx_word' id='word_1_488' title='bbox 877 3503 1034 3558; x_wconf 79' lang='lat' dir='ltr'><strong>linem</strong></span> <span class='ocrx_word' id='word_1_489' title='bbox 1060 3509 1546 3579; x_wconf 85' lang='lat' dir='ltr'><strong>erigamur,&#39;gratia</strong></span> <span class='ocrx_word' id='word_1_490' title='bbox 1574 3520 1628 3566; x_wconf 90' lang='lat' dir='ltr'><strong>et</strong></span> <span class='ocrx_word' id='word_1_491' title='bbox 1655 3512 1990 3582; x_wconf 78' lang='lat' dir='ltr'><strong>benignitate</strong></span> 
     </span>
    </p>
   </div>
   <div class='ocr_carea' id='block_1_65' title="bbox 416 3591 1986 3676">
    <p class='ocr_par' dir='ltr' id='par_1_65' title="bbox 416 3591 1986 3676">
     <span class='ocr_line' id='line_1_65' title="bbox 416 3591 1986 3676; baseline 0.01 -32"><span class='ocrx_word' id='word_1_492' title='bbox 416 3591 632 3644; x_wconf 89' lang='lat' dir='ltr'><strong>Domini</strong></span> <span class='ocrx_word' id='word_1_493' title='bbox 688 3595 857 3648; x_wconf 90' lang='lat' dir='ltr'><strong>nostri</strong></span> <span class='ocrx_word' id='word_1_494' title='bbox 923 3592 1048 3650; x_wconf 81' lang='lat' dir='ltr'><strong>Jesu</strong></span> <span class='ocrx_word' id='word_1_495' title='bbox 1099 3598 1351 3663; x_wconf 87' lang='lat' dir='ltr'><strong>Christi,</strong></span> <span class='ocrx_word' id='word_1_496' title='bbox 1422 3603 1508 3656; x_wconf 92' lang='lat' dir='ltr'><strong>cui</strong></span> <span class='ocrx_word' id='word_1_497' title='bbox 1560 3604 1736 3659; x_wconf 87' lang='lat' dir='ltr'><strong>omnis</strong></span> <span class='ocrx_word' id='word_1_498' title='bbox 1777 3606 1986 3676; x_wconf 86' lang='lat' dir='ltr'><strong>gloria,</strong></span> 
     </span>
    </p>
   </div>
   <div class='ocr_carea' id='block_1_66' title="bbox 416 3683 1991 3764">
    <p class='ocr_par' dir='ltr' id='par_1_66' title="bbox 416 3683 1991 3764">
     <span class='ocr_line' id='line_1_66' title="bbox 416 3683 1991 3764; baseline 0.01 -28"><span class='ocrx_word' id='word_1_499' title='bbox 416 3683 662 3739; x_wconf 87' lang='lat' dir='ltr'><strong>honoret</strong></span> <span class='ocrx_word' id='word_1_500' title='bbox 695 3687 944 3742; x_wconf 85' lang='lat' dir='ltr'><strong>adoratio</strong></span> <span class='ocrx_word' id='word_1_501' title='bbox 970 3703 1090 3743; x_wconf 90' lang='lat' dir='ltr'><strong>cum</strong></span> <span class='ocrx_word' id='word_1_502' title='bbox 1131 3701 1335 3747; x_wconf 67' lang='lat' dir='ltr'><strong>aeterno</strong></span> <span class='ocrx_word' id='word_1_503' title='bbox 1380 3695 1500 3764; x_wconf 83' lang='lat' dir='ltr'><strong>ejus</strong></span> <span class='ocrx_word' id='word_1_504' title='bbox 1546 3693 1727 3762; x_wconf 84' lang='lat' dir='ltr'><strong>Patre,</strong></span> <span class='ocrx_word' id='word_1_505' title='bbox 1771 3706 1822 3752; x_wconf 91' lang='lat' dir='ltr'><strong>et</strong></span> <span class='ocrx_word' id='word_1_506' title='bbox 1858 3714 1991 3753; x_wconf 66' lang='lat' dir='ltr'><strong>Sauo</strong></span> 
     </span>
    </p>
   </div>
   <div class='ocr_carea' id='block_1_67' title="bbox 413 3774 1989 3855">
    <p class='ocr_par' dir='ltr' id='par_1_67' title="bbox 413 3774 1989 3855">
     <span class='ocr_line' id='line_1_67' title="bbox 413 3774 1989 3855; baseline 0.01 -27"><span class='ocrx_word' id='word_1_507' title='bbox 413 3774 680 3839; x_wconf 90' lang='lat' dir='ltr'><strong>ctissimo,</strong></span> <span class='ocrx_word' id='word_1_508' title='bbox 731 3777 981 3848; x_wconf 85' lang='lat' dir='ltr'><strong>bonoque</strong></span> <span class='ocrx_word' id='word_1_509' title='bbox 1025 3789 1080 3834; x_wconf 91' lang='lat' dir='ltr'><strong>et</strong></span> <span class='ocrx_word' id='word_1_510' title='bbox 1111 3782 1422 3839; x_wconf 80' lang='lat' dir='ltr'><strong>viviﬁcante</strong></span> <span class='ocrx_word' id='word_1_511' title='bbox 1477 3783 1708 3855; x_wconf 83' lang='lat' dir='ltr'><strong>Spiritu,</strong></span> <span class='ocrx_word' id='word_1_512' title='bbox 1759 3803 1903 3842; x_wconf 87' lang='lat' dir='ltr'><strong>nunc</strong></span> <span class='ocrx_word' id='word_1_513' title='bbox 1934 3801 1989 3844; x_wconf 89' lang='lat' dir='ltr'><strong>et</strong></span> 
     </span>
    </p>
   </div>
   <div class='ocr_carea' id='block_1_68' title="bbox 415 3869 1635 3934">
    <p class='ocr_par' dir='ltr' id='par_1_68' title="bbox 415 3869 1635 3934">
     <span class='ocr_line' id='line_1_68' title="bbox 415 3869 1635 3934; baseline 0.012 -15"><span class='ocrx_word' id='word_1_514' title='bbox 415 3880 631 3934; x_wconf 83' lang='lat' dir='ltr'><strong>semper</strong></span> <span class='ocrx_word' id='word_1_515' title='bbox 659 3880 711 3924; x_wconf 90' lang='lat' dir='ltr'><strong>et</strong></span> <span class='ocrx_word' id='word_1_516' title='bbox 739 3869 792 3926; x_wconf 89' lang='lat' dir='ltr'><strong>in</strong></span> <span class='ocrx_word' id='word_1_517' title='bbox 826 3873 1025 3928; x_wconf 79' lang='lat' dir='ltr'><strong>saecula</strong></span> <span class='ocrx_word' id='word_1_518' title='bbox 1054 3877 1400 3931; x_wconf 79' lang='lat' dir='ltr'><strong>saeculorum.</strong></span> <span class='ocrx_word' id='word_1_519' title='bbox 1439 3879 1635 3934; x_wconf 83' lang='lat' dir='ltr'><strong>Amen.</strong></span> 
     </span>
    </p>
   </div>
   <div class='ocr_carea' id='block_1_69' title="bbox 1002 4177 1411 4236">
    <p class='ocr_par' dir='ltr' id='par_1_69' title="bbox 1002 4177 1411 4236">
     <span class='ocr_line' id='line_1_69' title="bbox 1002 4177 1411 4236; baseline 0 -2"><span class='ocrx_word' id='word_1_520' title='bbox 1002 4177 1287 4234; x_wconf 78' lang='lat' dir='ltr'><strong>HOMILIA</strong></span> <span class='ocrx_word' id='word_1_521' title='bbox 1326 4181 1411 4236; x_wconf 92' lang='lat' dir='ltr'><strong>Ill.</strong></span> 
     </span>
    </p>
   </div>
   <div class='ocr_carea' id='block_1_70' title="bbox 452 4288 1953 4364">
    <p class='ocr_par' dir='ltr' id='par_1_70' title="bbox 452 4288 1953 4364">
     <span class='ocr_line' id='line_1_70' title="bbox 452 4288 1953 4364; baseline 0.004 -20"><span class='ocrx_word' id='word_1_522' title='bbox 452 4288 522 4344; x_wconf 77' lang='lat' dir='ltr'><strong>In</strong></span> <span class='ocrx_word' id='word_1_523' title='bbox 555 4289 866 4355; x_wconf 80' lang='lat' dir='ltr'><strong>parabolam</strong></span> <span class='ocrx_word' id='word_1_524' title='bbox 909 4289 1124 4344; x_wconf 83' lang='lat' dir='ltr'><strong>Domini</strong></span> <span class='ocrx_word' id='word_1_525' title='bbox 1159 4289 1223 4344; x_wconf 80' lang='lat' dir='ltr'><strong>de</strong></span> <span class='ocrx_word' id='word_1_526' title='bbox 1266 4291 1440 4345; x_wconf 80' lang='lat' dir='ltr'><strong>salute</strong></span> <span class='ocrx_word' id='word_1_527' title='bbox 1486 4289 1615 4346; x_wconf 85' lang='lat' dir='ltr'><strong>Filii</strong></span> <span class='ocrx_word' id='word_1_528' title='bbox 1653 4295 1858 4364; x_wconf 84' lang='lat' dir='ltr'><strong>prodigi</strong></span> <span class='ocrx_word' id='word_1_529' title='bbox 1886 4296 1953 4350; x_wconf 71' lang='grc'><strong>⁸⁸.</strong></span> 
     </span>
    </p>
   </div>
   <div class='ocr_carea' id='block_1_71' title="bbox 495 4471 1992 4545">
    <p class='ocr_par' dir='ltr' id='par_1_71' title="bbox 495 4471 1992 4545">
     <span class='ocr_line' id='line_1_71' title="bbox 495 4471 1992 4545; baseline 0.004 -21"><span class='ocrx_word' id='word_1_530' title='bbox 495 4491 515 4524; x_wconf 77' lang='grc' dir='ltr'><strong>ι</strong></span> <span class='ocrx_word' id='word_1_531' title='bbox 549 4472 666 4527; x_wconf 87' lang='lat' dir='ltr'><strong>Erit</strong></span> <span class='ocrx_word' id='word_1_532' title='bbox 725 4471 901 4528; x_wconf 77' lang='lat' dir='ltr'><strong>fames</strong></span> <span class='ocrx_word' id='word_1_533' title='bbox 925 4511 942 4538; x_wconf 88' lang='lat'><strong>,</strong></span> <span class='ocrx_word' id='word_1_534' title='bbox 995 4471 1071 4525; x_wconf 91' lang='lat' dir='ltr'><strong>ait</strong></span> <span class='ocrx_word' id='word_1_535' title='bbox 1122 4473 1382 4542; x_wconf 83' lang='lat' dir='ltr'><strong>propheta</strong></span> <span class='ocrx_word' id='word_1_536' title='bbox 1420 4472 1724 4529; x_wconf 85' lang='lat' dir='ltr'><strong>Jerusalem</strong></span> <span class='ocrx_word' id='word_1_537' title='bbox 1761 4473 1952 4545; x_wconf 68' lang='lat' dir='ltr'><strong>lugens</strong></span> <span class='ocrx_word' id='word_1_538' title='bbox 1975 4514 1992 4540; x_wconf 88' lang='lat'><strong>,</strong></span> 
     </span>
    </p>
   </div>
   <div class='ocr_carea' id='block_1_72' title="bbox 2093 3319 3780 3395">
    <p class='ocr_par' dir='ltr' id='par_1_72' title="bbox 2093 3319 3780 3395">
     <span class='ocr_line' id='line_1_72' title="bbox 2093 3319 3780 3395; baseline -0.003 -17"><span class='ocrx_word' id='word_1_539' title='bbox 2093 3324 2324 3388; x_wconf 82' lang='grc' dir='ltr'>ὑποίσω,</span> <span class='ocrx_word' id='word_1_540' title='bbox 2351 3325 2433 3378; x_wconf 82' lang='grc' dir='ltr'>ὅτι</span> <span class='ocrx_word' id='word_1_541' title='bbox 2453 3327 2702 3395; x_wconf 79' lang='grc' dir='ltr'>ἥμαρτον</span> <span class='ocrx_word' id='word_1_542' title='bbox 2723 3322 2891 3393; x_wconf 82' lang='grc' dir='ltr'>αὐτῷ.</span> <span class='ocrx_word' id='word_1_543' title='bbox 2924 3323 3141 3375; x_wconf 88' lang='grc' dir='ltr'>Γένοιτο</span> <span class='ocrx_word' id='word_1_544' title='bbox 3165 3322 3221 3374; x_wconf 85' lang='grc' dir='ltr'><strong>δέ</strong></span> <span class='ocrx_word' id='word_1_545' title='bbox 3242 3321 3335 3374; x_wconf 77' lang='grc' dir='ltr'>καὶ</span> <span class='ocrx_word' id='word_1_546' title='bbox 3375 3322 3523 3390; x_wconf 77' lang='grc' dir='ltr'>ἡμᾶς</span> <span class='ocrx_word' id='word_1_547' title='bbox 3553 3319 3672 3388; x_wconf 79' lang='grc' dir='ltr'>μετ’</span> <span class='ocrx_word' id='word_1_548' title='bbox 3758 3326 3780 3348; x_wconf 81' lang='grc'><strong>⁸</strong></span> 
     </span>
    </p>
   </div>
   <div class='ocr_carea' id='block_1_73' title="bbox 2093 3410 3672 3486">
    <p class='ocr_par' dir='ltr' id='par_1_73' title="bbox 2093 3410 3672 3486">
     <span class='ocr_line' id='line_1_73' title="bbox 2093 3410 3672 3486; baseline -0.004 -18"><span class='ocrx_word' id='word_1_549' title='bbox 2093 3415 2298 3479; x_wconf 78' lang='grc' dir='ltr'>ἐλέους,</span> <span class='ocrx_word' id='word_1_550' title='bbox 2335 3416 2473 3469; x_wconf 92' lang='grc' dir='ltr'><strong>ἀλλά</strong></span> <span class='ocrx_word' id='word_1_551' title='bbox 2501 3416 2575 3486; x_wconf 84' lang='grc' dir='ltr'>μὴ</span> <span class='ocrx_word' id='word_1_552' title='bbox 2619 3416 2677 3468; x_wconf 79' lang='grc' dir='ltr'><strong>ἐν</strong></span> <span class='ocrx_word' id='word_1_553' title='bbox 2697 3415 2834 3484; x_wconf 82' lang='grc' dir='ltr'>ὀργῇ</span> <span class='ocrx_word' id='word_1_554' title='bbox 2876 3414 2971 3467; x_wconf 79' lang='grc' dir='ltr'><strong>καὶ</strong></span> <span class='ocrx_word' id='word_1_555' title='bbox 2993 3412 3152 3482; x_wconf 87' lang='grc' dir='ltr'><strong>Θυμῷ</strong></span> <span class='ocrx_word' id='word_1_556' title='bbox 3175 3412 3382 3480; x_wconf 85' lang='grc' dir='ltr'>Κυρίου</span> <span class='ocrx_word' id='word_1_557' title='bbox 3418 3410 3672 3465; x_wconf 80' lang='grc' dir='ltr'>παιδευο-</span> 
     </span>
    </p>
   </div>
   <div class='ocr_carea' id='block_1_74' title="bbox 2097 3498 3672 3574">
    <p class='ocr_par' dir='ltr' id='par_1_74' title="bbox 2097 3498 3672 3574">
     <span class='ocr_line' id='line_1_74' title="bbox 2097 3498 3672 3574; baseline -0.003 -18"><span class='ocrx_word' id='word_1_558' title='bbox 2097 3503 2315 3574; x_wconf 82' lang='grc' dir='ltr'>μένους,</span> <span class='ocrx_word' id='word_1_559' title='bbox 2348 3507 2415 3573; x_wconf 85' lang='grc' dir='ltr'>τῇ</span> <span class='ocrx_word' id='word_1_560' title='bbox 2437 3503 2660 3572; x_wconf 78' lang='grc' dir='ltr'>παιδεία</span> <span class='ocrx_word' id='word_1_561' title='bbox 2690 3501 2784 3556; x_wconf 83' lang='grc' dir='ltr'>τοῦ</span> <span class='ocrx_word' id='word_1_562' title='bbox 2817 3501 2953 3554; x_wconf 80' lang='grc' dir='ltr'>Θεοῦ</span> <span class='ocrx_word' id='word_1_563' title='bbox 2985 3501 3061 3569; x_wconf 86' lang='grc' dir='ltr'>μὴ</span> <span class='ocrx_word' id='word_1_564' title='bbox 3088 3498 3504 3569; x_wconf 86' lang='grc' dir='ltr'>κατενεχθῆναι,</span> <span class='ocrx_word' id='word_1_565' title='bbox 3534 3499 3672 3551; x_wconf 79' lang='grc' dir='ltr'><strong>ἀλλά</strong></span> 
     </span>
    </p>
   </div>
   <div class='ocr_carea' id='block_1_75' title="bbox 2092 3587 3680 3660">
    <p class='ocr_par' dir='ltr' id='par_1_75' title="bbox 2092 3587 3680 3660">
     <span class='ocr_line' id='line_1_75' title="bbox 2092 3587 3680 3660; baseline -0.004 -14"><span class='ocrx_word' id='word_1_566' title='bbox 2092 3591 2236 3646; x_wconf 79' lang='grc' dir='ltr'><strong>κατά</strong></span> <span class='ocrx_word' id='word_1_567' title='bbox 2261 3591 2352 3644; x_wconf 79' lang='grc' dir='ltr'><strong>τὸν</strong></span> <span class='ocrx_word' id='word_1_568' title='bbox 2382 3591 2694 3660; x_wconf 77' lang='grc' dir='ltr'>Ψαλμῳδδν</span> <span class='ocrx_word' id='word_1_569' title='bbox 2726 3589 3104 3660; x_wconf 82' lang='grc' dir='ltr'>ἀνορθωθῆναι</span> <span class='ocrx_word' id='word_1_570' title='bbox 3136 3587 3217 3650; x_wconf 85' lang='grc' dir='ltr'><strong>είς</strong></span> <span class='ocrx_word' id='word_1_571' title='bbox 3262 3587 3413 3650; x_wconf 86' lang='grc' dir='ltr'>τέλος</span> <span class='ocrx_word' id='word_1_572' title='bbox 3436 3601 3452 3617; x_wconf 83' lang='lat'><strong><em>°</em></strong></span> <span class='ocrx_word' id='word_1_573' title='bbox 3485 3588 3680 3657; x_wconf 64' lang='grc' dir='ltr'>χάριτι</span> 
     </span>
    </p>
   </div>
   <div class='ocr_carea' id='block_1_76' title="bbox 2092 3677 3669 3754">
    <p class='ocr_par' dir='ltr' id='par_1_76' title="bbox 2092 3677 3669 3754">
     <span class='ocr_line' id='line_1_76' title="bbox 2092 3677 3669 3754; baseline -0.004 -18"><span class='ocrx_word' id='word_1_574' title='bbox 2092 3684 2188 3736; x_wconf 81' lang='grc' dir='ltr'>καὶ</span> <span class='ocrx_word' id='word_1_575' title='bbox 2214 3684 2598 3754; x_wconf 83' lang='grc' dir='ltr'>φιλανθρωπίᾳ</span> <span class='ocrx_word' id='word_1_576' title='bbox 2625 3683 2719 3736; x_wconf 80' lang='grc' dir='ltr'>τοῦ</span> <span class='ocrx_word' id='word_1_577' title='bbox 2752 3681 2954 3754; x_wconf 87' lang='grc' dir='ltr'>Κυρίου</span> <span class='ocrx_word' id='word_1_578' title='bbox 2984 3679 3142 3754; x_wconf 81' lang='grc' dir='ltr'>ἡμῶν</span> <span class='ocrx_word' id='word_1_579' title='bbox 3184 3679 3360 3748; x_wconf 86' lang='grc' dir='ltr'><strong>Ἰησοῦ</strong></span> <span class='ocrx_word' id='word_1_580' title='bbox 3388 3677 3628 3750; x_wconf 78' lang='grc' dir='ltr'>Χριστοῦ</span> <span class='ocrx_word' id='word_1_581' title='bbox 3652 3694 3669 3710; x_wconf 76' lang='grc' dir='ltr'><strong><em>ο</em></strong></span> 
     </span>
    </p>
   </div>
   <div class='ocr_carea' id='block_1_77' title="bbox 2090 3759 3674 3846">
    <p class='ocr_par' dir='ltr' id='par_1_77' title="bbox 2090 3759 3674 3846">
     <span class='ocr_line' id='line_1_77' title="bbox 2090 3759 3674 3846; baseline -0.003 -18"><span class='ocrx_word' id='word_1_582' title='bbox 2090 3770 2135 3845; x_wconf 78' lang='grc' dir='ltr'><strong>ᾧ</strong></span> <span class='ocrx_word' id='word_1_583' title='bbox 2161 3778 2361 3846; x_wconf 83' lang='grc' dir='ltr'>πρέπει</span> <span class='ocrx_word' id='word_1_584' title='bbox 2408 3779 2558 3830; x_wconf 70' lang='grc' dir='ltr'>πᾶσα</span> <span class='ocrx_word' id='word_1_585' title='bbox 2585 3775 2730 3843; x_wconf 82' lang='grc' dir='ltr'>δόξα,</span> <span class='ocrx_word' id='word_1_586' title='bbox 2763 3775 2899 3846; x_wconf 84' lang='grc' dir='ltr'>τιμὴ</span> <span class='ocrx_word' id='word_1_587' title='bbox 2925 3775 3018 3830; x_wconf 79' lang='grc' dir='ltr'><strong>καὶ</strong></span> <span class='ocrx_word' id='word_1_588' title='bbox 3059 3772 3431 3844; x_wconf 87' lang='grc' dir='ltr'>προσκύνησις</span> <span class='ocrx_word' id='word_1_589' title='bbox 3461 3759 3559 3824; x_wconf 67' lang='grc' dir='ltr'><strong>σῖιν</strong></span> <span class='ocrx_word' id='word_1_590' title='bbox 3595 3769 3674 3839; x_wconf 81' lang='grc' dir='ltr'>τῷ</span> 
     </span>
    </p>
   </div>
   <div class='ocr_carea' id='block_1_78' title="bbox 2092 3862 3673 3940">
    <p class='ocr_par' dir='ltr' id='par_1_78' title="bbox 2092 3862 3673 3940">
     <span class='ocr_line' id='line_1_78' title="bbox 2092 3862 3673 3940; baseline -0.003 -18"><span class='ocrx_word' id='word_1_591' title='bbox 2092 3869 2316 3940; x_wconf 80' lang='grc' dir='ltr'>ἀνάρχῳ</span> <span class='ocrx_word' id='word_1_592' title='bbox 2338 3870 2502 3922; x_wconf 81' lang='grc' dir='ltr'>αὑτοῦ</span> <span class='ocrx_word' id='word_1_593' title='bbox 2531 3871 2728 3938; x_wconf 72' lang='grc' dir='ltr'>Πατρὶ,</span> <span class='ocrx_word' id='word_1_594' title='bbox 2752 3867 2944 3938; x_wconf 77' lang='grc' dir='ltr'>καὶτῷ</span> <span class='ocrx_word' id='word_1_595' title='bbox 2970 3866 3221 3933; x_wconf 87' lang='grc' dir='ltr'>παναγίῳ</span> <span class='ocrx_word' id='word_1_596' title='bbox 3249 3866 3345 3917; x_wconf 76' lang='grc' dir='ltr'>καὶ</span> <span class='ocrx_word' id='word_1_597' title='bbox 3361 3862 3554 3932; x_wconf 87' lang='grc' dir='ltr'>ἀγαθῷ</span> <span class='ocrx_word' id='word_1_598' title='bbox 3576 3877 3673 3918; x_wconf 72' lang='grc' dir='ltr'><strong>και</strong></span> 
     </span>
    </p>
   </div>
   <div class='ocr_carea' id='block_1_79' title="bbox 2093 3953 3670 4030">
    <p class='ocr_par' dir='ltr' id='par_1_79' title="bbox 2093 3953 3670 4030">
     <span class='ocr_line' id='line_1_79' title="bbox 2093 3953 3670 4030; baseline -0.004 -17"><span class='ocrx_word' id='word_1_599' title='bbox 2093 3960 2342 4030; x_wconf 80' lang='grc' dir='ltr'>ζωοποιῷ</span> <span class='ocrx_word' id='word_1_600' title='bbox 2365 3961 2670 4028; x_wconf 85' lang='grc' dir='ltr'>Πνεύματι,</span> <span class='ocrx_word' id='word_1_601' title='bbox 2710 3960 2806 4013; x_wconf 80' lang='grc' dir='ltr'><strong>νῦν</strong></span> <span class='ocrx_word' id='word_1_602' title='bbox 2840 3959 2936 4012; x_wconf 73' lang='grc' dir='ltr'><strong>καὶ</strong></span> <span class='ocrx_word' id='word_1_603' title='bbox 2968 3959 3054 4012; x_wconf 72' lang='grc' dir='ltr'><strong>ἀεὶ</strong></span> <span class='ocrx_word' id='word_1_604' title='bbox 3093 3959 3188 4011; x_wconf 72' lang='grc' dir='ltr'><strong>καὶ</strong></span> <span class='ocrx_word' id='word_1_605' title='bbox 3213 3959 3291 4020; x_wconf 85' lang='grc' dir='ltr'><strong>είς</strong></span> <span class='ocrx_word' id='word_1_606' title='bbox 3315 3955 3438 4019; x_wconf 79' lang='grc' dir='ltr'>τοὺς</span> <span class='ocrx_word' id='word_1_607' title='bbox 3466 3953 3670 4017; x_wconf 74' lang='grc' dir='ltr'>αἰῶνας</span> 
     </span>
    </p>
   </div>
   <div class='ocr_carea' id='block_1_80' title="bbox 2093 4051 2706 4120">
    <p class='ocr_par' dir='ltr' id='par_1_80' title="bbox 2093 4051 2706 4120">
     <span class='ocr_line' id='line_1_80' title="bbox 2093 4051 2706 4120; baseline -0.003 -15"><span class='ocrx_word' id='word_1_608' title='bbox 2093 4052 2201 4105; x_wconf 83' lang='grc' dir='ltr'><strong>τῶν</strong></span> <span class='ocrx_word' id='word_1_609' title='bbox 2234 4051 2468 4104; x_wconf 76' lang='grc' dir='ltr'>αἰώνων.</span> <span class='ocrx_word' id='word_1_610' title='bbox 2510 4052 2706 4120; x_wconf 84' lang='grc' dir='ltr'>Ἀμήν.</span> 
     </span>
    </p>
   </div>
   <div class='ocr_carea' id='block_1_81' title="bbox 2681 4177 3037 4235">
    <p class='ocr_par' dir='ltr' id='par_1_81' title="bbox 2681 4177 3037 4235">
     <span class='ocr_line' id='line_1_81' title="bbox 2681 4177 3037 4235; baseline -0.003 0"><span class='ocrx_word' id='word_1_611' title='bbox 2681 4178 2924 4235; x_wconf 80' lang='grc' dir='ltr'><strong>ΟΜΙΔῙᾹ</strong></span> <span class='ocrx_word' id='word_1_612' title='bbox 2965 4177 3037 4234; x_wconf 82' lang='grc' dir='ltr'>Γ’.</span> 
     </span>
    </p>
   </div>
   <div class='ocr_carea' id='block_1_82' title="bbox 2095 4291 3668 4362">
    <p class='ocr_par' dir='ltr' id='par_1_82' title="bbox 2095 4291 3668 4362">
     <span class='ocr_line' id='line_1_82' title="bbox 2095 4291 3668 4362; baseline -0.001 -13"><span class='ocrx_word' id='word_1_613' title='bbox 2095 4297 2202 4362; x_wconf 74' lang='grc' dir='ltr'><strong>Εἷς</strong></span> <span class='ocrx_word' id='word_1_614' title='bbox 2252 4293 2370 4361; x_wconf 73' lang='grc' dir='ltr'>τὴν</span> <span class='ocrx_word' id='word_1_615' title='bbox 2407 4291 2560 4346; x_wconf 81' lang='grc' dir='ltr'>κατὰ</span> <span class='ocrx_word' id='word_1_616' title='bbox 2615 4292 2723 4344; x_wconf 78' lang='grc' dir='ltr'><strong>τὸν</strong></span> <span class='ocrx_word' id='word_1_617' title='bbox 2778 4291 3180 4354; x_wconf 74' lang='grc' dir='ltr'>σεσωσμένον</span> <span class='ocrx_word' id='word_1_618' title='bbox 3227 4294 3494 4348; x_wconf 81' lang='grc' dir='ltr'>Ἀσωτον</span> <span class='ocrx_word' id='word_1_619' title='bbox 3557 4292 3668 4348; x_wconf 78' lang='grc' dir='ltr'>τοῦ</span> 
     </span>
    </p>
   </div>
   <div class='ocr_carea' id='block_1_83' title="bbox 2555 4362 3179 4430">
    <p class='ocr_par' dir='ltr' id='par_1_83' title="bbox 2555 4362 3179 4430">
     <span class='ocr_line' id='line_1_83' title="bbox 2555 4362 3179 4430; baseline -0.005 -13"><span class='ocrx_word' id='word_1_620' title='bbox 2555 4362 2776 4430; x_wconf 84' lang='grc' dir='ltr'>Κυρίου</span> <span class='ocrx_word' id='word_1_621' title='bbox 2804 4363 3179 4429; x_wconf 74' lang='grc' dir='ltr'>παραϐολήν.</span> 
     </span>
    </p>
   </div>
   <div class='ocr_carea' id='block_1_84' title="bbox 2177 4473 3673 4546">
    <p class='ocr_par' dir='ltr' id='par_1_84' title="bbox 2177 4473 3673 4546">
     <span class='ocr_line' id='line_1_84' title="bbox 2177 4473 3673 4546; baseline 0.001 -17"><span class='ocrx_word' id='word_1_622' title='bbox 2177 4497 2204 4529; x_wconf 79' lang='grc' dir='ltr'>ι·</span> <span class='ocrx_word' id='word_1_623' title='bbox 2233 4479 2429 4532; x_wconf 86' lang='grc' dir='ltr'>Ἔσται</span> <span class='ocrx_word' id='word_1_624' title='bbox 2462 4477 2592 4530; x_wconf 83' lang='grc' dir='ltr'>ποτὲ</span> <span class='ocrx_word' id='word_1_625' title='bbox 2621 4475 2800 4546; x_wconf 74' lang='grc' dir='ltr'>λιμὸς,</span> <span class='ocrx_word' id='word_1_626' title='bbox 2831 4474 2930 4543; x_wconf 81' lang='grc' dir='ltr'>τὴν</span> <span class='ocrx_word' id='word_1_627' title='bbox 2970 4473 3333 4546; x_wconf 81' lang='grc' dir='ltr'>Ἰερουσαλὴμ</span> <span class='ocrx_word' id='word_1_628' title='bbox 3377 4476 3673 4532; x_wconf 80' lang='grc' dir='ltr'>ἀποκλαιό-</span> 
     </span>
    </p>
   </div>
   <div class='ocr_carea' id='block_1_85' title="bbox 417 4564 1990 4646">
    <p class='ocr_par' dir='ltr' id='par_1_85' title="bbox 417 4564 1988 4633">
     <span class='ocr_line' id='line_1_85' title="bbox 417 4564 1988 4633; baseline -0.001 -14"><span class='ocrx_word' id='word_1_629' title='bbox 417 4581 525 4620; x_wconf 89' lang='lat' dir='ltr'><strong>non</strong></span> <span class='ocrx_word' id='word_1_630' title='bbox 553 4564 730 4618; x_wconf 80' lang='lat' dir='ltr'><strong>fames</strong></span> <span class='ocrx_word' id='word_1_631' title='bbox 759 4565 916 4627; x_wconf 86' lang='lat' dir='ltr'><strong>panis</strong></span> <span class='ocrx_word' id='word_1_632' title='bbox 947 4573 1000 4618; x_wconf 93' lang='lat' dir='ltr'><strong>et</strong></span> <span class='ocrx_word' id='word_1_633' title='bbox 1036 4579 1213 4633; x_wconf 66' lang='lat' dir='ltr'><strong>aquae,</strong></span> <span class='ocrx_word' id='word_1_634' title='bbox 1247 4566 1339 4619; x_wconf 90' lang='lat' dir='ltr'><strong>sed</strong></span> <span class='ocrx_word' id='word_1_635' title='bbox 1375 4564 1547 4620; x_wconf 85' lang='lat' dir='ltr'><strong>fames</strong></span> <span class='ocrx_word' id='word_1_636' title='bbox 1579 4567 1829 4620; x_wconf 90' lang='lat' dir='ltr'><strong>audiendi</strong></span> <span class='ocrx_word' id='word_1_637' title='bbox 1864 4582 1988 4620; x_wconf 65' lang='lat' dir='ltr'><strong>vet--</strong></span> 
     </span>
    </p>
   </div>
   <div class='ocr_carea' id='block_1_86' title="bbox 2093 4564 3676 4646">
    <p class='ocr_par' dir='ltr' id='par_1_86' title="bbox 2101 4566 3676 4643">
     <span class='ocr_line' id='line_1_86' title="bbox 2101 4566 3676 4643; baseline -0.008 -18"><span class='ocrx_word' id='word_1_638' title='bbox 2101 4588 2262 4642; x_wconf 89' lang='grc' dir='ltr'>μενος</span> <span class='ocrx_word' id='word_1_639' title='bbox 2301 4566 2455 4622; x_wconf 75' lang='grc' dir='ltr'>εἶπεν</span> <span class='ocrx_word' id='word_1_640' title='bbox 2485 4571 2512 4622; x_wconf 88' lang='grc' dir='ltr'><strong>ό</strong></span> <span class='ocrx_word' id='word_1_641' title='bbox 2545 4569 2863 4643; x_wconf 80' lang='grc' dir='ltr'>Προφήτης,</span> <span class='ocrx_word' id='word_1_642' title='bbox 2913 4567 2975 4619; x_wconf 86' lang='grc' dir='ltr'><strong>ού</strong></span> <span class='ocrx_word' id='word_1_643' title='bbox 3003 4566 3162 4636; x_wconf 73' lang='grc' dir='ltr'>λιμὸς</span> <span class='ocrx_word' id='word_1_644' title='bbox 3195 4568 3362 4637; x_wconf 85' lang='grc' dir='ltr'>ἄρτου</span> <span class='ocrx_word' id='word_1_645' title='bbox 3396 4570 3492 4621; x_wconf 74' lang='grc' dir='ltr'>καὶ</span> <span class='ocrx_word' id='word_1_646' title='bbox 3548 4569 3676 4622; x_wconf 74' lang='grc' dir='ltr'>ὕδκ-</span> 
     </span>
    </p>
   </div>
   <div class='ocr_carea' id='block_1_87' title="bbox 417 4656 1992 4724">
    <p class='ocr_par' dir='ltr' id='par_1_87' title="bbox 417 4656 1992 4724">
     <span class='ocr_line' id='line_1_87' title="bbox 417 4656 1992 4724; baseline 0 -12"><span class='ocrx_word' id='word_1_647' title='bbox 417 4659 546 4712; x_wconf 94' lang='lat' dir='ltr'><strong>bum</strong></span> <span class='ocrx_word' id='word_1_648' title='bbox 584 4656 797 4713; x_wconf 91' lang='lat' dir='ltr'><strong>Domini</strong></span> <span class='ocrx_word' id='word_1_649' title='bbox 821 4656 886 4711; x_wconf 84' lang='grc'>⁸⁷.</span> <span class='ocrx_word' id='word_1_650' title='bbox 929 4675 948 4707; x_wconf 71' lang='grc' dir='ltr'><strong>ι</strong></span> <span class='ocrx_word' id='word_1_651' title='bbox 993 4656 1190 4711; x_wconf 84' lang='lat' dir='ltr'><strong>Fames</strong></span> <span class='ocrx_word' id='word_1_652' title='bbox 1229 4666 1312 4709; x_wconf 78' lang='lat' dir='ltr'><strong>est</strong></span> <span class='ocrx_word' id='word_1_653' title='bbox 1356 4657 1588 4724; x_wconf 89' lang='lat' dir='ltr'><strong>privatio</strong></span> <span class='ocrx_word' id='word_1_654' title='bbox 1618 4657 1776 4711; x_wconf 82' lang='lat' dir='ltr'><strong>simul</strong></span> <span class='ocrx_word' id='word_1_655' title='bbox 1810 4667 1863 4712; x_wconf 92' lang='lat' dir='ltr'><strong>et</strong></span> <span class='ocrx_word' id='word_1_656' title='bbox 1893 4658 1992 4712; x_wconf 88' lang='lat' dir='ltr'><strong>de-</strong></span> 
     </span>
    </p>
   </div>
   <div class='ocr_carea' id='block_1_88' title="bbox 421 4750 1995 4821">
    <p class='ocr_par' dir='ltr' id='par_1_88' title="bbox 421 4750 1995 4821">
     <span class='ocr_line' id='line_1_88' title="bbox 421 4750 1995 4821; baseline 0.003 -17"><span class='ocrx_word' id='word_1_657' title='bbox 421 4750 688 4805; x_wconf 84' lang='lat' dir='ltr'><strong>siderium</strong></span> <span class='ocrx_word' id='word_1_658' title='bbox 735 4750 841 4804; x_wconf 85' lang='lat' dir='ltr'><strong>cibi</strong></span> <span class='ocrx_word' id='word_1_659' title='bbox 901 4751 1223 4804; x_wconf 87' lang='lat' dir='ltr'><strong>necessarii.</strong></span> <span class='ocrx_word' id='word_1_660' title='bbox 1271 4750 1369 4805; x_wconf 87' lang='lat' dir='ltr'><strong>Est</strong></span> <span class='ocrx_word' id='word_1_661' title='bbox 1418 4752 1582 4805; x_wconf 83' lang='lat' dir='ltr'><strong>etiam</strong></span> <span class='ocrx_word' id='word_1_662' title='bbox 1613 4753 1819 4821; x_wconf 90' lang='lat' dir='ltr'><strong>aliquid</strong></span> <span class='ocrx_word' id='word_1_663' title='bbox 1851 4751 1995 4808; x_wconf 79' lang='lat' dir='ltr'><strong>fame</strong></span> 
     </span>
    </p>
   </div>
   <div class='ocr_carea' id='block_1_89' title="bbox 418 4842 1988 4914">
    <p class='ocr_par' dir='ltr' id='par_1_89' title="bbox 418 4842 1988 4914">
     <span class='ocr_line' id='line_1_89' title="bbox 418 4842 1988 4914; baseline 0.002 -18"><span class='ocrx_word' id='word_1_664' title='bbox 418 4843 521 4897; x_wconf 86' lang='lat' dir='ltr'><strong>ista</strong></span> <span class='ocrx_word' id='word_1_665' title='bbox 555 4842 704 4910; x_wconf 77' lang='lat' dir='ltr'><strong>pejus</strong></span> <span class='ocrx_word' id='word_1_666' title='bbox 735 4853 789 4897; x_wconf 89' lang='lat' dir='ltr'><strong>et</strong></span> <span class='ocrx_word' id='word_1_667' title='bbox 833 4843 1086 4897; x_wconf 81' lang='lat' dir='ltr'><strong>acerbius</strong></span> <span class='ocrx_word' id='word_1_668' title='bbox 1109 4883 1122 4908; x_wconf 92' lang='lat'><strong>,</strong></span> <span class='ocrx_word' id='word_1_669' title='bbox 1158 4843 1376 4914; x_wconf 89' lang='lat' dir='ltr'><strong>quando</strong></span> <span class='ocrx_word' id='word_1_670' title='bbox 1403 4845 1527 4913; x_wconf 89' lang='lat' dir='ltr'><strong>quis</strong></span> <span class='ocrx_word' id='word_1_671' title='bbox 1553 4846 1793 4914; x_wconf 89' lang='lat' dir='ltr'><strong>privatus</strong></span> <span class='ocrx_word' id='word_1_672' title='bbox 1823 4846 1988 4900; x_wconf 87' lang='lat' dir='ltr'><strong>rebus</strong></span> 
     </span>
    </p>
   </div>
   <div class='ocr_carea' id='block_1_90' title="bbox 423 4936 1993 5000">
    <p class='ocr_par' dir='ltr' id='par_1_90' title="bbox 423 4936 1993 5000">
     <span class='ocr_line' id='line_1_90' title="bbox 423 4936 1993 5000; baseline 0.001 -11"><span class='ocrx_word' id='word_1_673' title='bbox 423 4937 490 4989; x_wconf 85' lang='lat' dir='ltr'><strong>a&#39;d</strong></span> <span class='ocrx_word' id='word_1_674' title='bbox 527 4936 756 4989; x_wconf 87' lang='lat' dir='ltr'><strong>salutem</strong></span> <span class='ocrx_word' id='word_1_675' title='bbox 792 4937 1143 5000; x_wconf 80' lang='lat' dir='ltr'><strong>necessariis,</strong></span> <span class='ocrx_word' id='word_1_676' title='bbox 1183 4951 1338 4990; x_wconf 84' lang='lat' dir='ltr'><strong>suam</strong></span> <span class='ocrx_word' id='word_1_677' title='bbox 1387 4951 1494 4990; x_wconf 89' lang='lat' dir='ltr'><strong>non</strong></span> <span class='ocrx_word' id='word_1_678' title='bbox 1523 4936 1690 4990; x_wconf 83' lang='lat' dir='ltr'><strong>sentit</strong></span> <span class='ocrx_word' id='word_1_679' title='bbox 1721 4937 1993 4990; x_wconf 89' lang='lat' dir='ltr'><strong>miseriam</strong></span> 
     </span>
    </p>
   </div>
   <div class='ocr_carea' id='block_1_91' title="bbox 421 5028 1997 5097">
    <p class='ocr_par' dir='ltr' id='par_1_91' title="bbox 421 5028 1997 5097">
     <span class='ocr_line' id='line_1_91' title="bbox 421 5028 1997 5097; baseline 0.001 -18"><span class='ocrx_word' id='word_1_680' title='bbox 421 5043 522 5081; x_wconf 88' lang='lat' dir='ltr'><strong>nec</strong></span> <span class='ocrx_word' id='word_1_681' title='bbox 550 5029 748 5082; x_wconf 88' lang='lat' dir='ltr'><strong>salutis</strong></span> <span class='ocrx_word' id='word_1_682' title='bbox 779 5029 1118 5083; x_wconf 80' lang='lat' dir='ltr'><strong>desiderium</strong></span> <span class='ocrx_word' id='word_1_683' title='bbox 1173 5028 1427 5097; x_wconf 84' lang='lat' dir='ltr'><strong>percipit.</strong></span> <span class='ocrx_word' id='word_1_684' title='bbox 1483 5028 1620 5082; x_wconf 87' lang='lat' dir='ltr'><strong>Nam</strong></span> <span class='ocrx_word' id='word_1_685' title='bbox 1653 5031 1901 5083; x_wconf 84' lang='lat' dir='ltr'><strong>esuriens</strong></span> <span class='ocrx_word' id='word_1_686' title='bbox 1945 5037 1997 5082; x_wconf 91' lang='lat' dir='ltr'><strong>et</strong></span> 
     </span>
    </p>
   </div>
   <div class='ocr_carea' id='block_1_92' title="bbox 421 5119 1996 5188">
    <p class='ocr_par' dir='ltr' id='par_1_92' title="bbox 421 5119 1996 5188">
     <span class='ocr_line' id='line_1_92' title="bbox 421 5119 1996 5188; baseline 0 -17"><span class='ocrx_word' id='word_1_687' title='bbox 421 5135 532 5172; x_wconf 83' lang='lat' dir='ltr'><strong>non</strong></span> <span class='ocrx_word' id='word_1_688' title='bbox 587 5121 794 5174; x_wconf 88' lang='lat' dir='ltr'><strong>habens</strong></span> <span class='ocrx_word' id='word_1_689' title='bbox 827 5121 1021 5174; x_wconf 82' lang='lat' dir='ltr'><strong>circuit</strong></span> <span class='ocrx_word' id='word_1_690' title='bbox 1052 5135 1302 5188; x_wconf 56' lang='lat' dir='ltr'><strong>qua-rens</strong></span> <span class='ocrx_word' id='word_1_691' title='bbox 1347 5120 1546 5173; x_wconf 90' lang='lat' dir='ltr'><strong>alicubi</strong></span> <span class='ocrx_word' id='word_1_692' title='bbox 1593 5119 1772 5174; x_wconf 88' lang='lat' dir='ltr'><strong>cibum</strong></span> <span class='ocrx_word' id='word_1_693' title='bbox 1820 5119 1996 5187; x_wconf 85' lang='lat' dir='ltr'><strong>panis,</strong></span> 
     </span>
    </p>
   </div>
   <div class='ocr_carea' id='block_1_93' title="bbox 417 5212 2000 5280">
    <p class='ocr_par' dir='ltr' id='par_1_93' title="bbox 417 5212 2000 5280">
     <span class='ocr_line' id='line_1_93' title="bbox 417 5212 2000 5280; baseline 0 -15"><span class='ocrx_word' id='word_1_694' title='bbox 417 5212 548 5266; x_wconf 85' lang='lat' dir='ltr'><strong>etsi</strong></span> <span class='ocrx_word' id='word_1_695' title='bbox 605 5214 821 5266; x_wconf 87' lang='lat' dir='ltr'><strong>mucido</strong></span> <span class='ocrx_word' id='word_1_696' title='bbox 855 5213 1042 5280; x_wconf 68' lang='lat' dir='ltr'><strong>frusto}</strong></span> <span class='ocrx_word' id='word_1_697' title='bbox 1072 5221 1328 5268; x_wconf 82' lang='lat' dir='ltr'><strong>occurrat</strong></span> <span class='ocrx_word' id='word_1_698' title='bbox 1368 5213 1452 5267; x_wconf 91' lang='lat' dir='ltr'><strong>vel</strong></span> <span class='ocrx_word' id='word_1_699' title='bbox 1489 5228 1556 5266; x_wconf 80' lang='lat' dir='ltr'><strong>ex</strong></span> <span class='ocrx_word' id='word_1_700' title='bbox 1589 5213 1738 5266; x_wconf 91' lang='lat' dir='ltr'><strong>milio</strong></span> <span class='ocrx_word' id='word_1_701' title='bbox 1773 5226 2000 5279; x_wconf 83' lang='lat' dir='ltr'><strong>compo-</strong></span> 
     </span>
    </p>
   </div>
   <div class='ocr_carea' id='block_1_94' title="bbox 420 5301 2001 5374">
    <p class='ocr_par' dir='ltr' id='par_1_94' title="bbox 420 5301 2001 5374">
     <span class='ocr_line' id='line_1_94' title="bbox 420 5301 2001 5374; baseline -0.002 -16"><span class='ocrx_word' id='word_1_702' title='bbox 420 5305 608 5368; x_wconf 86' lang='lat' dir='ltr'><strong>situm,</strong></span> <span class='ocrx_word' id='word_1_703' title='bbox 641 5305 1056 5360; x_wconf 82' lang='lat' dir='ltr'><strong>ciueraceumve</strong></span> <span class='ocrx_word' id='word_1_704' title='bbox 1083 5322 1276 5374; x_wconf 88' lang='lat' dir='ltr'><strong>panem</strong></span> <span class='ocrx_word' id='word_1_705' title='bbox 1319 5313 1413 5358; x_wconf 89' lang='lat' dir='ltr'><strong>aut</strong></span> <span class='ocrx_word' id='word_1_706' title='bbox 1446 5304 1575 5374; x_wconf 88' lang='lat' dir='ltr'><strong>quid</strong></span> <span class='ocrx_word' id='word_1_707' title='bbox 1601 5303 1744 5358; x_wconf 91' lang='lat' dir='ltr'><strong>aliud</strong></span> <span class='ocrx_word' id='word_1_708' title='bbox 1780 5319 1843 5355; x_wconf 83' lang='lat' dir='ltr'><strong>ex</strong></span> <span class='ocrx_word' id='word_1_709' title='bbox 1880 5301 2001 5355; x_wconf 88' lang='lat' dir='ltr'><strong>lau-</strong></span> 
     </span>
    </p>
   </div>
   <div class='ocr_carea' id='block_1_95' title="bbox 421 5394 1998 5466">
    <p class='ocr_par' dir='ltr' id='par_1_95' title="bbox 421 5394 1998 5466">
     <span class='ocr_line' id='line_1_95' title="bbox 421 5394 1998 5466; baseline -0.002 -17"><span class='ocrx_word' id='word_1_710' title='bbox 421 5397 658 5452; x_wconf 86' lang='lat' dir='ltr'><strong>tioribus</strong></span> <span class='ocrx_word' id='word_1_711' title='bbox 721 5413 971 5453; x_wconf 77' lang='lat' dir='ltr'><strong>escarum</strong></span> <span class='ocrx_word' id='word_1_712' title='bbox 1031 5398 1320 5466; x_wconf 69' lang='lat' dir='ltr'><strong>SpCt‘iCbllS</strong></span> <span class='ocrx_word' id='word_1_713' title='bbox 1375 5397 1571 5464; x_wconf 88' lang='lat' dir='ltr'><strong>aliquis</strong></span> <span class='ocrx_word' id='word_1_714' title='bbox 1619 5396 1667 5448; x_wconf 90' lang='lat' dir='ltr'><strong>ei</strong></span> <span class='ocrx_word' id='word_1_715' title='bbox 1723 5394 1998 5464; x_wconf 54' lang='lat' dir='ltr'><strong>praébeat,</strong></span> 
     </span>
    </p>
   </div>
   <div class='ocr_carea' id='block_1_96' title="bbox 420 5483 1990 5563">
    <p class='ocr_par' dir='ltr' id='par_1_96' title="bbox 420 5483 1990 5563">
     <span class='ocr_line' id='line_1_96' title="bbox 420 5483 1990 5563; baseline -0.006 -17"><span class='ocrx_word' id='word_1_716' title='bbox 420 5503 632 5547; x_wconf 90' lang='lat' dir='ltr'><strong>tantum</strong></span> <span class='ocrx_word' id='word_1_717' title='bbox 663 5496 866 5561; x_wconf 79' lang='lat' dir='ltr'><strong>gaudet</strong></span> <span class='ocrx_word' id='word_1_718' title='bbox 887 5501 1150 5563; x_wconf 86' lang='lat' dir='ltr'><strong>quantum</strong></span> <span class='ocrx_word' id='word_1_719' title='bbox 1185 5491 1340 5559; x_wconf 84' lang='lat' dir='ltr'><strong>prius</strong></span> <span class='ocrx_word' id='word_1_720' title='bbox 1370 5503 1566 5542; x_wconf 83' lang='lat' dir='ltr'><strong>carens</strong></span> <span class='ocrx_word' id='word_1_721' title='bbox 1597 5485 1832 5539; x_wconf 88' lang='lat' dir='ltr'><strong>dolebat.</strong></span> <span class='ocrx_word' id='word_1_722' title='bbox 1857 5483 1990 5537; x_wconf 86' lang='lat' dir='ltr'><strong>Item</strong></span> 
     </span>
    </p>
   </div>
   <div class='ocr_carea' id='block_1_97' title="bbox 419 5575 1992 5656">
    <p class='ocr_par' dir='ltr' id='par_1_97' title="bbox 419 5575 1992 5656">
     <span class='ocr_line' id='line_1_97' title="bbox 419 5575 1992 5656; baseline -0.006 -19"><span class='ocrx_word' id='word_1_723' title='bbox 419 5587 508 5656; x_wconf 91' lang='lat' dir='ltr'><strong>qui</strong></span> <span class='ocrx_word' id='word_1_724' title='bbox 541 5585 810 5654; x_wconf 67' lang='lat' dir='ltr'><strong>spirituali</strong></span> <span class='ocrx_word' id='word_1_725' title='bbox 847 5585 990 5641; x_wconf 76' lang='lat' dir='ltr'><strong>fame</strong></span> <span class='ocrx_word' id='word_1_726' title='bbox 1021 5585 1256 5650; x_wconf 88' lang='lat' dir='ltr'><strong>laborat,</strong></span> <span class='ocrx_word' id='word_1_727' title='bbox 1289 5581 1469 5646; x_wconf 87' lang='lat' dir='ltr'><strong>idest,</strong></span> <span class='ocrx_word' id='word_1_728' title='bbox 1501 5577 1805 5648; x_wconf 85' lang='lat' dir='ltr'><strong>privatione</strong></span> <span class='ocrx_word' id='word_1_729' title='bbox 1831 5575 1992 5630; x_wconf 86' lang='lat' dir='ltr'><strong>simul</strong></span> 
     </span>
    </p>
   </div>
   <div class='ocr_carea' id='block_1_98' title="bbox 420 5671 1995 5747">
    <p class='ocr_par' dir='ltr' id='par_1_98' title="bbox 420 5671 1995 5747">
     <span class='ocr_line' id='line_1_98' title="bbox 420 5671 1995 5747; baseline -0.004 -18"><span class='ocrx_word' id='word_1_730' title='bbox 420 5685 474 5729; x_wconf 87' lang='lat' dir='ltr'><strong>ct</strong></span> <span class='ocrx_word' id='word_1_731' title='bbox 506 5675 776 5730; x_wconf 74' lang='lat' dir='ltr'><strong>desiderio</strong></span> <span class='ocrx_word' id='word_1_732' title='bbox 809 5677 1007 5747; x_wconf 87' lang='lat' dir='ltr'><strong>dapqu</strong></span> <span class='ocrx_word' id='word_1_733' title='bbox 1039 5675 1497 5737; x_wconf 82' lang='lat' dir='ltr'><strong>necessariarum,</strong></span> <span class='ocrx_word' id='word_1_734' title='bbox 1524 5671 1712 5727; x_wconf 85' lang='lat' dir='ltr'><strong>circuit</strong></span> <span class='ocrx_word' id='word_1_735' title='bbox 1743 5683 1995 5738; x_wconf 69' lang='lat' dir='ltr'><strong>quaerens</strong></span> 
     </span>
    </p>
   </div>
   <div class='ocr_carea' id='block_1_99' title="bbox 423 5763 1993 5838">
    <p class='ocr_par' dir='ltr' id='par_1_99' title="bbox 423 5763 1993 5838">
     <span class='ocr_line' id='line_1_99' title="bbox 423 5763 1993 5838; baseline -0.005 -14"><span class='ocrx_word' id='word_1_736' title='bbox 423 5769 710 5824; x_wconf 89' lang='lat' dir='ltr'><strong>habentem</strong></span> <span class='ocrx_word' id='word_1_737' title='bbox 751 5786 780 5823; x_wconf 86' lang='lat' dir='ltr'><strong>a</strong></span> <span class='ocrx_word' id='word_1_738' title='bbox 811 5770 922 5825; x_wconf 88' lang='lat' dir='ltr'><strong>Deo</strong></span> <span class='ocrx_word' id='word_1_739' title='bbox 956 5769 1216 5824; x_wconf 72' lang='lat' dir='ltr'><strong>doctrina:</strong></span> <span class='ocrx_word' id='word_1_740' title='bbox 1245 5767 1509 5838; x_wconf 86' lang='lat' dir='ltr'><strong>gratiam;</strong></span> <span class='ocrx_word' id='word_1_741' title='bbox 1543 5773 1596 5820; x_wconf 90' lang='lat' dir='ltr'><strong>ct</strong></span> <span class='ocrx_word' id='word_1_742' title='bbox 1622 5764 1665 5818; x_wconf 81' lang='lat' dir='ltr'><strong>si</strong></span> <span class='ocrx_word' id='word_1_743' title='bbox 1701 5763 1993 5828; x_wconf 86' lang='lat' dir='ltr'><strong>invenerit,</strong></span> 
     </span>
    </p>
   </div>
   <div class='ocr_carea' id='block_1_100' title="bbox 2091 4658 3674 4731">
    <p class='ocr_par' dir='ltr' id='par_1_100' title="bbox 2091 4658 3674 4731">
     <span class='ocr_line' id='line_1_100' title="bbox 2091 4658 3674 4731; baseline -0.003 -15"><span class='ocrx_word' id='word_1_744' title='bbox 2091 4681 2203 4727; x_wconf 85' lang='grc' dir='ltr'>τος,</span> <span class='ocrx_word' id='word_1_745' title='bbox 2237 4663 2377 4717; x_wconf 83' lang='grc' dir='ltr'>ἀλλὰ</span> <span class='ocrx_word' id='word_1_746' title='bbox 2402 4661 2562 4731; x_wconf 80' lang='grc' dir='ltr'>λιμὸς</span> <span class='ocrx_word' id='word_1_747' title='bbox 2591 4659 2685 4714; x_wconf 79' lang='grc' dir='ltr'>τοῦ</span> <span class='ocrx_word' id='word_1_748' title='bbox 2719 4659 2950 4712; x_wconf 81' lang='grc' dir='ltr'>ἀκοῦσαι</span> <span class='ocrx_word' id='word_1_749' title='bbox 2982 4658 3138 4726; x_wconf 85' lang='grc' dir='ltr'>λόγον</span> <span class='ocrx_word' id='word_1_750' title='bbox 3167 4661 3396 4729; x_wconf 84' lang='grc' dir='ltr'>Κυρίου.</span> <span class='ocrx_word' id='word_1_751' title='bbox 3442 4679 3460 4711; x_wconf 76' lang='grc' dir='ltr'><strong>ι</strong></span> <span class='ocrx_word' id='word_1_752' title='bbox 3499 4662 3674 4731; x_wconf 79' lang='grc' dir='ltr'>Λιμὸς</span> 
     </span>
    </p>
   </div>
   <div class='ocr_carea' id='block_1_101' title="bbox 2091 4749 3669 4822">
    <p class='ocr_par' dir='ltr' id='par_1_101' title="bbox 2091 4749 3669 4822">
     <span class='ocr_line' id='line_1_101' title="bbox 2091 4749 3669 4822; baseline -0.001 -14"><span class='ocrx_word' id='word_1_753' title='bbox 2091 4755 2151 4808; x_wconf 84' lang='grc' dir='ltr'><strong>δέ</strong></span> <span class='ocrx_word' id='word_1_754' title='bbox 2180 4756 2296 4807; x_wconf 87' lang='grc' dir='ltr'>ἐστι</span> <span class='ocrx_word' id='word_1_755' title='bbox 2321 4753 2578 4822; x_wconf 84' lang='grc' dir='ltr'>στέρησις</span> <span class='ocrx_word' id='word_1_756' title='bbox 2611 4751 2728 4820; x_wconf 74' lang='grc' dir='ltr'>ἅμα</span> <span class='ocrx_word' id='word_1_757' title='bbox 2765 4751 2858 4804; x_wconf 73' lang='grc' dir='ltr'><strong>καὶ</strong></span> <span class='ocrx_word' id='word_1_758' title='bbox 2886 4749 3068 4818; x_wconf 78' lang='grc' dir='ltr'>ὄρεξις</span> <span class='ocrx_word' id='word_1_759' title='bbox 3098 4750 3308 4820; x_wconf 81' lang='grc' dir='ltr'>τροφῆς</span> <span class='ocrx_word' id='word_1_760' title='bbox 3340 4751 3669 4818; x_wconf 75' lang='grc' dir='ltr'>ἀναγκαίας.</span> 
     </span>
    </p>
   </div>
   <div class='ocr_carea' id='block_1_102' title="bbox 2097 4831 3669 4917">
    <p class='ocr_par' dir='ltr' id='par_1_102' title="bbox 2097 4831 3669 4917">
     <span class='ocr_line' id='line_1_102' title="bbox 2097 4831 3669 4917; baseline -0.003 -18"><span class='ocrx_word' id='word_1_761' title='bbox 2097 4849 2290 4900; x_wconf 83' lang='grc' dir='ltr'>Ἔστιν</span> <span class='ocrx_word' id='word_1_762' title='bbox 2325 4845 2420 4899; x_wconf 77' lang='grc' dir='ltr'><strong>οὖν</strong></span> <span class='ocrx_word' id='word_1_763' title='bbox 2447 4846 2543 4899; x_wconf 71' lang='grc' dir='ltr'>καὶ</span> <span class='ocrx_word' id='word_1_764' title='bbox 2567 4843 2664 4897; x_wconf 81' lang='grc' dir='ltr'>τοῦ</span> <span class='ocrx_word' id='word_1_765' title='bbox 2691 4842 2852 4917; x_wconf 72' lang='grc' dir='ltr'>λιμοῦ</span> <span class='ocrx_word' id='word_1_766' title='bbox 2879 4831 3072 4895; x_wconf 81' lang='grc' dir='ltr'>τούτου</span> <span class='ocrx_word' id='word_1_767' title='bbox 3105 4843 3293 4910; x_wconf 84' lang='grc' dir='ltr'>χεῖρον</span> <span class='ocrx_word' id='word_1_768' title='bbox 3335 4843 3431 4895; x_wconf 71' lang='grc' dir='ltr'><strong>καὶ</strong></span> <span class='ocrx_word' id='word_1_769' title='bbox 3469 4844 3669 4896; x_wconf 83' lang='grc' dir='ltr'>ἀθλιώ-</span> 
     </span>
    </p>
   </div>
   <div class='ocr_carea' id='block_1_103' title="bbox 2095 4933 3674 5008">
    <p class='ocr_par' dir='ltr' id='par_1_103' title="bbox 2095 4933 3674 5008">
     <span class='ocr_line' id='line_1_103' title="bbox 2095 4933 3674 5008; baseline -0.002 -17"><span class='ocrx_word' id='word_1_770' title='bbox 2095 4956 2275 5008; x_wconf 87' lang='grc' dir='ltr'>τερον,</span> <span class='ocrx_word' id='word_1_771' title='bbox 2332 4938 2463 4991; x_wconf 79' lang='grc' dir='ltr'>δταν</span> <span class='ocrx_word' id='word_1_772' title='bbox 2540 4954 2625 5000; x_wconf 84' lang='grc' dir='ltr'><strong>τις</strong></span> <span class='ocrx_word' id='word_1_773' title='bbox 2677 4938 2943 5004; x_wconf 82' lang='grc' dir='ltr'>στέρησιν</span> <span class='ocrx_word' id='word_1_774' title='bbox 2999 4933 3139 5002; x_wconf 77' lang='grc' dir='ltr'>ἔχων</span> <span class='ocrx_word' id='word_1_775' title='bbox 3186 4934 3298 4988; x_wconf 88' lang='grc' dir='ltr'><strong>τῶν</strong></span> <span class='ocrx_word' id='word_1_776' title='bbox 3360 4936 3674 5002; x_wconf 76' lang='grc' dir='ltr'>ἀναγκαίων</span> 
     </span>
    </p>
   </div>
   <div class='ocr_carea' id='block_1_104' title="bbox 2096 5025 3671 5100">
    <p class='ocr_par' dir='ltr' id='par_1_104' title="bbox 2096 5025 3671 5100">
     <span class='ocr_line' id='line_1_104' title="bbox 2096 5025 3671 5100; baseline -0.002 -18"><span class='ocrx_word' id='word_1_777' title='bbox 2096 5032 2234 5100; x_wconf 77' lang='grc' dir='ltr'>πρὸς</span> <span class='ocrx_word' id='word_1_778' title='bbox 2280 5029 2578 5095; x_wconf 82' lang='grc' dir='ltr'>σωτηρίαν,</span> <span class='ocrx_word' id='word_1_779' title='bbox 2612 5027 3033 5095; x_wconf 84' lang='grc' dir='ltr'>ἁνεπαισθήτως</span> <span class='ocrx_word' id='word_1_780' title='bbox 3077 5025 3172 5096; x_wconf 74' lang='grc' dir='ltr'><strong>ἔχῃ</strong></span> <span class='ocrx_word' id='word_1_781' title='bbox 3221 5026 3319 5091; x_wconf 80' lang='grc' dir='ltr'><strong>τῆς</strong></span> <span class='ocrx_word' id='word_1_782' title='bbox 3361 5028 3671 5096; x_wconf 71' lang='grc' dir='ltr'>συμφορᾶς,</span> 
     </span>
    </p>
   </div>
   <div class='ocr_carea' id='block_1_105' title="bbox 2097 5115 3676 5191">
    <p class='ocr_par' dir='ltr' id='par_1_105' title="bbox 2097 5115 3676 5191">
     <span class='ocr_line' id='line_1_105' title="bbox 2097 5115 3676 5191; baseline -0.003 -17"><span class='ocrx_word' id='word_1_783' title='bbox 2097 5123 2276 5191; x_wconf 70' lang='grc' dir='ltr'>ὄρεξιν</span> <span class='ocrx_word' id='word_1_784' title='bbox 2305 5122 2404 5173; x_wconf 86' lang='grc' dir='ltr'><strong>οὐκ</strong></span> <span class='ocrx_word' id='word_1_785' title='bbox 2440 5121 2580 5190; x_wconf 82' lang='grc' dir='ltr'>ἔχων</span> <span class='ocrx_word' id='word_1_786' title='bbox 2609 5119 2747 5188; x_wconf 82' lang='grc' dir='ltr'>πρὸς</span> <span class='ocrx_word' id='word_1_787' title='bbox 2779 5119 3076 5186; x_wconf 84' lang='grc' dir='ltr'>σωτηρίαν.</span> <span class='ocrx_word' id='word_1_788' title='bbox 3110 5116 3172 5168; x_wconf 84' lang='lat'><strong>&#39;0</strong></span> <span class='ocrx_word' id='word_1_789' title='bbox 3201 5115 3310 5185; x_wconf 81' lang='grc' dir='ltr'><strong>γὰρ</strong></span> <span class='ocrx_word' id='word_1_790' title='bbox 3348 5116 3550 5168; x_wconf 79' lang='grc' dir='ltr'>πεινῶν</span> <span class='ocrx_word' id='word_1_791' title='bbox 3578 5119 3676 5170; x_wconf 75' lang='grc' dir='ltr'><strong>καὶ</strong></span> 
     </span>
    </p>
   </div>
   <div class='ocr_carea' id='block_1_106' title="bbox 2097 5206 3671 5283">
    <p class='ocr_par' dir='ltr' id='par_1_106' title="bbox 2097 5206 3671 5283">
     <span class='ocr_line' id='line_1_106' title="bbox 2097 5206 3671 5283; baseline -0.006 -15"><span class='ocrx_word' id='word_1_792' title='bbox 2097 5217 2198 5269; x_wconf 75' lang='grc' dir='ltr'><strong>οὐκ</strong></span> <span class='ocrx_word' id='word_1_793' title='bbox 2228 5215 2478 5280; x_wconf 80' lang='grc' dir='ltr'>εὐπορῶν</span> <span class='ocrx_word' id='word_1_794' title='bbox 2505 5215 2856 5283; x_wconf 81' lang='grc' dir='ltr'>περιέρχεται</span> <span class='ocrx_word' id='word_1_795' title='bbox 2883 5208 3066 5279; x_wconf 82' lang='grc' dir='ltr'>ζητῶν</span> <span class='ocrx_word' id='word_1_796' title='bbox 3097 5207 3198 5260; x_wconf 84' lang='grc' dir='ltr'><strong>ποῦ</strong></span> <span class='ocrx_word' id='word_1_797' title='bbox 3221 5206 3429 5277; x_wconf 82' lang='grc' dir='ltr'>τρύφος</span> <span class='ocrx_word' id='word_1_798' title='bbox 3465 5207 3634 5277; x_wconf 76' lang='grc' dir='ltr'>ἄρτου</span> <span class='ocrx_word' id='word_1_799' title='bbox 3654 5223 3671 5240; x_wconf 75' lang='grc' dir='ltr'><strong>ο</strong></span> 
     </span>
    </p>
   </div>
   <div class='ocr_carea' id='block_1_107' title="bbox 2099 5297 3674 5375">
    <p class='ocr_par' dir='ltr' id='par_1_107' title="bbox 2099 5297 3674 5375">
     <span class='ocr_line' id='line_1_107' title="bbox 2099 5297 3674 5375; baseline -0.008 -15"><span class='ocrx_word' id='word_1_800' title='bbox 2099 5306 2202 5360; x_wconf 78' lang='grc' dir='ltr'>κᾶν</span> <span class='ocrx_word' id='word_1_801' title='bbox 2233 5305 2584 5375; x_wconf 85' lang='grc' dir='ltr'>εύρωτιώσης</span> <span class='ocrx_word' id='word_1_802' title='bbox 2615 5302 2849 5370; x_wconf 82' lang='grc' dir='ltr'>ἐπιτύχῃ</span> <span class='ocrx_word' id='word_1_803' title='bbox 2887 5300 3086 5369; x_wconf 74' lang='grc' dir='ltr'>μάζης,</span> <span class='ocrx_word' id='word_1_804' title='bbox 3133 5297 3165 5368; x_wconf 84' lang='grc' dir='ltr'><strong>ἢ</strong></span> <span class='ocrx_word' id='word_1_805' title='bbox 3208 5298 3469 5368; x_wconf 85' lang='grc' dir='ltr'>κεγχρίαν</span> <span class='ocrx_word' id='word_1_806' title='bbox 3498 5298 3674 5367; x_wconf 86' lang='grc' dir='ltr'>τούτῳ</span> 
     </span>
    </p>
   </div>
   <div class='ocr_carea' id='block_1_108' title="bbox 2097 5389 3673 5468">
    <p class='ocr_par' dir='ltr' id='par_1_108' title="bbox 2097 5389 3673 5468">
     <span class='ocr_line' id='line_1_108' title="bbox 2097 5389 3673 5468; baseline 0.003 -18"><span class='ocrx_word' id='word_1_807' title='bbox 2097 5416 2182 5460; x_wconf 77' lang='grc' dir='ltr'><strong>τις</strong></span> <span class='ocrx_word' id='word_1_808' title='bbox 2213 5397 2398 5468; x_wconf 88' lang='grc' dir='ltr'>ἄρτον,</span> <span class='ocrx_word' id='word_1_809' title='bbox 2443 5397 2477 5467; x_wconf 76' lang='grc' dir='ltr'>ἢ</span> <span class='ocrx_word' id='word_1_810' title='bbox 2506 5394 2784 5466; x_wconf 84' lang='grc' dir='ltr'>πιτυρίαν,</span> <span class='ocrx_word' id='word_1_811' title='bbox 2839 5393 2874 5462; x_wconf 74' lang='grc' dir='ltr'>ἦ</span> <span class='ocrx_word' id='word_1_812' title='bbox 2904 5407 2957 5444; x_wconf 89' lang='grc' dir='ltr'><strong>τι</strong></span> <span class='ocrx_word' id='word_1_813' title='bbox 2983 5389 3113 5445; x_wconf 78' lang='grc' dir='ltr'>ἄλλο</span> <span class='ocrx_word' id='word_1_814' title='bbox 3152 5389 3264 5442; x_wconf 90' lang='grc' dir='ltr'><strong>τῶν</strong></span> <span class='ocrx_word' id='word_1_815' title='bbox 3317 5390 3416 5457; x_wconf 80' lang='grc' dir='ltr'><strong>τῆς</strong></span> <span class='ocrx_word' id='word_1_816' title='bbox 3463 5391 3673 5460; x_wconf 81' lang='grc' dir='ltr'>τροφῆς</span> 
     </span>
    </p>
   </div>
   <div class='ocr_carea' id='block_1_109' title="bbox 2103 5479 3679 5558">
    <p class='ocr_par' dir='ltr' id='par_1_109' title="bbox 2103 5479 3679 5558">
     <span class='ocr_line' id='line_1_109' title="bbox 2103 5479 3679 5558; baseline -0.005 -15"><span class='ocrx_word' id='word_1_817' title='bbox 2103 5488 2507 5558; x_wconf 83' lang='grc' dir='ltr'>εὐτελεστέρων</span> <span class='ocrx_word' id='word_1_818' title='bbox 2555 5487 2716 5541; x_wconf 89' lang='grc' dir='ltr'>είδῶν</span> <span class='ocrx_word' id='word_1_819' title='bbox 2763 5483 3045 5554; x_wconf 84' lang='grc' dir='ltr'>παράσχῃ,</span> <span class='ocrx_word' id='word_1_820' title='bbox 3087 5480 3269 5552; x_wconf 84' lang='grc' dir='ltr'>χαίρει</span> <span class='ocrx_word' id='word_1_821' title='bbox 3313 5479 3590 5545; x_wconf 82' lang='grc' dir='ltr'>τοσοῦτον,</span> <span class='ocrx_word' id='word_1_822' title='bbox 3621 5483 3679 5535; x_wconf 83' lang='grc' dir='ltr'><strong>ὅ·</strong></span> 
     </span>
    </p>
   </div>
   <div class='ocr_carea' id='block_1_110' title="bbox 2106 5570 3677 5650">
    <p class='ocr_par' dir='ltr' id='par_1_110' title="bbox 2106 5570 3677 5650">
     <span class='ocr_line' id='line_1_110' title="bbox 2106 5570 3677 5650; baseline -0.005 -16"><span class='ocrx_word' id='word_1_823' title='bbox 2106 5598 2197 5634; x_wconf 82' lang='grc' dir='ltr'><strong>σον</strong></span> <span class='ocrx_word' id='word_1_824' title='bbox 2224 5579 2619 5650; x_wconf 84' lang='grc' dir='ltr'>ἀποτυγχάνων</span> <span class='ocrx_word' id='word_1_825' title='bbox 2639 5577 2882 5631; x_wconf 79' lang='grc' dir='ltr'>ὠδυνᾶτο</span> <span class='ocrx_word' id='word_1_826' title='bbox 2903 5574 3190 5644; x_wconf 83' lang='grc' dir='ltr'>πρότερον.</span> <span class='ocrx_word' id='word_1_827' title='bbox 3230 5570 3342 5624; x_wconf 75' lang='lat' dir='ltr'><strong>Kal.</strong></span> <span class='ocrx_word' id='word_1_828' title='bbox 3373 5572 3401 5624; x_wconf 88' lang='grc' dir='ltr'><strong>ὁ</strong></span> <span class='ocrx_word' id='word_1_829' title='bbox 3433 5589 3677 5641; x_wconf 87' lang='grc' dir='ltr'>πνευμα-</span> 
     </span>
    </p>
   </div>
   <div class='ocr_carea' id='block_1_111' title="bbox 2102 5662 3675 5740">
    <p class='ocr_par' dir='ltr' id='par_1_111' title="bbox 2102 5662 3675 5740">
     <span class='ocr_line' id='line_1_111' title="bbox 2102 5662 3675 5740; baseline -0.008 -16"><span class='ocrx_word' id='word_1_830' title='bbox 2102 5672 2254 5726; x_wconf 82' lang='grc' dir='ltr'>τικὸν</span> <span class='ocrx_word' id='word_1_831' title='bbox 2283 5672 2462 5724; x_wconf 77' lang='grc' dir='ltr'>τοίνυν</span> <span class='ocrx_word' id='word_1_832' title='bbox 2492 5669 2633 5740; x_wconf 68' lang='grc' dir='ltr'>ἔχων</span> <span class='ocrx_word' id='word_1_833' title='bbox 2659 5667 2840 5738; x_wconf 71' lang='grc' dir='ltr'>λιμὸν,</span> <span class='ocrx_word' id='word_1_834' title='bbox 2870 5664 3139 5728; x_wconf 82' lang='grc' dir='ltr'>τουτέστι,</span> <span class='ocrx_word' id='word_1_835' title='bbox 3179 5662 3434 5732; x_wconf 72' lang='grc' dir='ltr'>στέρησίδ</span> <span class='ocrx_word' id='word_1_836' title='bbox 3463 5678 3522 5715; x_wconf 89' lang='grc' dir='ltr'><strong>τε</strong></span> <span class='ocrx_word' id='word_1_837' title='bbox 3559 5664 3675 5731; x_wconf 81' lang='grc' dir='ltr'><strong>ἅμα</strong></span> 
     </span>
    </p>
   </div>
   <div class='ocr_carea' id='block_1_112' title="bbox 2105 5755 3675 5834">
    <p class='ocr_par' dir='ltr' id='par_1_112' title="bbox 2105 5755 3675 5834">
     <span class='ocr_line' id='line_1_112' title="bbox 2105 5755 3675 5834; baseline -0.005 -16"><span class='ocrx_word' id='word_1_838' title='bbox 2105 5769 2200 5818; x_wconf 72' lang='grc' dir='ltr'><strong>καὶ</strong></span> <span class='ocrx_word' id='word_1_839' title='bbox 2249 5763 2434 5834; x_wconf 81' lang='grc' dir='ltr'>ὄρεξιν</span> <span class='ocrx_word' id='word_1_840' title='bbox 2487 5761 2878 5830; x_wconf 83' lang='grc' dir='ltr'>πνευματικῶν</span> <span class='ocrx_word' id='word_1_841' title='bbox 2933 5757 3261 5830; x_wconf 79' lang='grc' dir='ltr'>βρωμάτων,</span> <span class='ocrx_word' id='word_1_842' title='bbox 3326 5755 3675 5827; x_wconf 85' lang='grc' dir='ltr'>περιέρχεται</span> 
     </span>
    </p>
   </div>
   <div class='ocr_carea' id='block_1_113' title="bbox 494 5877 2751 5964">
    <p class='ocr_par' dir='ltr' id='par_1_113' title="bbox 494 5877 2751 5964">
     <span class='ocr_line' id='line_1_113' title="bbox 494 5877 2751 5964; baseline -0.003 -27"><span class='ocrx_word' id='word_1_843' title='bbox 494 5884 603 5938; x_wconf 66' lang='lat' dir='ltr'><strong>“ll</strong></span> <span class='ocrx_word' id='word_1_844' title='bbox 655 5886 784 5956; x_wconf 68' lang='lat' dir='ltr'><strong>llcg.</strong></span> <span class='ocrx_word' id='word_1_845' title='bbox 819 5900 934 5951; x_wconf 74' lang='lat' dir='ltr'><strong>xvx,</strong></span> <span class='ocrx_word' id='word_1_846' title='bbox 985 5887 1035 5940; x_wconf 87' lang='lat'><strong>9.</strong></span> <span class='ocrx_word' id='word_1_847' title='bbox 1115 5885 1159 5917; x_wconf 80' lang='grc'><strong>³⁸</strong></span> <span class='ocrx_word' id='word_1_848' title='bbox 1196 5884 1330 5942; x_wconf 87' lang='lat' dir='ltr'><strong>ibid.</strong></span> <span class='ocrx_word' id='word_1_849' title='bbox 1359 5884 1442 5940; x_wconf 84' lang='grc'><strong>10.</strong></span> <span class='ocrx_word' id='word_1_850' title='bbox 1501 5883 1566 5964; x_wconf 10' lang='grc'><strong>7³⁸</strong></span> <span class='ocrx_word' id='word_1_851' title='bbox 1601 5881 1735 5937; x_wconf 86' lang='lat' dir='ltr'><strong>Luc.</strong></span> <span class='ocrx_word' id='word_1_852' title='bbox 1777 5897 1868 5950; x_wconf 79' lang='lat' dir='ltr'><strong>xv,</strong></span> <span class='ocrx_word' id='word_1_853' title='bbox 1897 5878 1953 5934; x_wconf 83' lang='lat' dir='ltr'><strong>il</strong></span> <span class='ocrx_word' id='word_1_854' title='bbox 2001 5894 2150 5950; x_wconf 89' lang='lat' dir='ltr'><strong>seqq.</strong></span> <span class='ocrx_word' id='word_1_855' title='bbox 2228 5878 2271 5910; x_wconf 82' lang='grc'><strong>⁸⁷</strong></span> <span class='ocrx_word' id='word_1_856' title='bbox 2301 5883 2465 5933; x_wconf 83' lang='lat' dir='ltr'><strong>Amos</strong></span> <span class='ocrx_word' id='word_1_857' title='bbox 2514 5893 2634 5942; x_wconf 81' lang='lat' dir='ltr'><strong>vni,</strong></span> <span class='ocrx_word' id='word_1_858' title='bbox 2664 5877 2751 5930; x_wconf 86' lang='lat' dir='ltr'><strong>ll.</strong></span> 
     </span>
    </p>
   </div>
  </div>
