4090 6442
356 393 425 453 33
1725 382 1925 442 IIOMI

2033 383 2057 438 ι
2099 379 2215 439 ιιι.
3386 362 3389 365 ’
3548 386 3620 449 34

362 503 535 575 ζητῶν
579 501 671 553 τὸν
712 499 902 570 ἔχοντα
946 498 1093 570 παρὰ
1133 497 1267 551 Θεοῦ
1323 498 1421 567 τῆς
1482 494 1839 558 διδασκαλίας
1870 495 1929 547 τὸ

2036 508 2156 548 cum
2190 490 2385 563 gaudio
2431 490 2671 546 vescitur
2720 506 2860 560 pane
2907 493 3217 562 spiritualis
3246 498 3372 554 vitae
3396 502 3488 570 qui
3540 515 3625 557 est

364 597 600 665 χάρισμα
621 608 635 623 ’
674 592 777 644 κᾶν
808 590 966 663 εὕρῃ,
1004 592 1123 660 μετ’
1151 589 1494 660 εὐφροσύνης
1545 590 1811 659 τρέφεται
1840 587 1931 639 τὸν

362 688 516 760 ἄρτον
551 686 648 753 τῆς
696 684 1079 753 πνευματικῆς
1110 684 1275 753 ζωῆς,
1324 684 1381 747 ὃς
1422 685 1573 735 ἐστιν
1604 683 1633 734 6
1666 682 1931 751 σωτήριος

358 781 527 849 λόγος,
550 772 611 831 οὗ
647 778 785 847 μηδέ
822 777 1119 847 ἀποτυχεῖν
1152 775 1379 829 ἔστιτδν
1413 775 1492 838 είς
1527 775 1681 835 τέλος
1711 772 1934 843 ζητοῦν-

361 885 457 922 τα’
492 888 514 920 ι
547 869 658 929 Πᾶς
693 868 801 935 γὰρ
837 868 863 919 ὁ
889 867 1059 919 αίτῶν
1114 865 1405 936 λαμϐάνει,
1464 865 1563 920 καὶ
1584 867 1611 919 6
1642 863 1822 935 ζητῶν
1843 862 1933 913 εὑ-

360 967 528 1031 ρήσει,
570 960 666 1013 καὶ
700 958 778 1027 τῷ
812 961 1065 1028 κρούοντι
1093 959 1469 1030 ἀνοιγήσεται,
1505 975 1525 1011 t
1564 953 1718 1011 εἶπεν
1740 956 1767 1009 6
1792 955 1932 1024 Χρι-

358 1055 500 1115 στός.

427 1147 565 1199 Ἀλλ’
589 1146 692 1198 εἰσί
748 1162 916 1209 τινες,
957 1146 1006 1198 οἳ
1053 1146 1120 1215 τῇ
1159 1142 1498 1214 πολυημέρῳ
1537 1141 1685 1196 κατά
1715 1140 1840 1195 νοῦν
1864 1143 1932 1194 ἀ-

354 1238 550 1309 τροφίᾳ
576 1238 671 1290 καὶ
716 1238 816 1305 τὴν
856 1236 950 1289 τοῦ
980 1236 1276 1305 τρέφεσθαι
1321 1235 1502 1306 ὄρεξιν
1549 1233 1890 1288 ἀπεϐάλοντο
1916 1249 1930 1261 ·

352 1334 428 1385 διὸ
473 1332 595 1384 οὺδέ
640 1332 739 1400 τῆς
773 1330 977 1399 ζημίας
1016 1330 1390 1398 λαμὸἀνουσιν
1438 1328 1715 1399 αἴσθησιν,
1745 1326 1849 1380 κᾶν
1882 1325 1935 1378 ἔ·-

353 1442 489 1494 χωσι
520 1425 611 1476 τὸν
649 1422 995 1483 διδάσκοντα,
1033 1422 1132 1474 καὶ⁹
1161 1422 1298 1492 πρὸς
1338 1422 1509 1491 αὐτὴν
1560 1420 1657 1490 τὴν
1695 1420 1794 1488 τῆς
1850 1418 1933 1472 δι-

351 1515 649 1578 δασκαλίας
676 1517 941 1585 ἀκρόασιν
975 1514 1388 1584 δυσχεραίνουσι
1415 1531 1429 1544 ·
1460 1513 1564 1567 κᾶν
1598 1511 1675 1583 μὴ
1711 1511 1930 1581 ἔχωσιν,

351 1609 407 1660 οὐ
438 1607 661 1678 ζητοῦσι
682 1608 773 1660 τὸν
789 1607 1087 1671 διδάξοντα,
1108 1606 1204 1659 τοῦ
1252 1607 1465 1660 ἀσώτου
1504 1604 1639 1657 πολὺ
1670 1604 1933 1673 ἀμαρτω-

357 1700 575 1770 λότερον
604 1698 827 1764 ἄγοντες
868 1698 1000 1768 βίον.
1052 1700 1289 1761 Ἐκεῖνος
1330 1698 1439 1768 γάρ
1468 1697 1517 1749 εἰ
1540 1698 1635 1749 καὶ
1661 1697 1931 1766 ἐστερήθη

357 1791 696 1861 μακρυνθεὶς
752 1789 847 1841 τοῦ
900 1788 1084 1842 κοινοῦ
1120 1788 1387 1859 τροφιξωςΔ
1421 1788 1519 1841 καὶ
1572 1789 1782 1857 πατρὸς
1837 1788 1935 1840 καὶ

350 1884 632 1949 δεσπότου,
669 1882 807 1935 ἀλλά
852 1883 997 1952 λιμῷ
1045 1882 1379 1952 περιέπεσεν
1438 1880 1666 1951 ἰσχυρῷ,
1705 1880 1932 1948 καὶτῆς

350 1979 659 2049 στερήσεως
692 1973 1113 2042 ἐπαισθόμενος,
1167 1973 1465 2043 μετενόησε
1513 1974 1610 2025 καὶ
1651 1971 1927 2040 ἐπανῆλθε

350 2067 438 2119 καὶ
468 2065 798 2135 ἐπεζήτησε,
835 2062 932 2115 καὶ
961 2062 1121 2115 πάλιν
1155 2064 1315 2133 ἔτυχε
1346 2063 1447 2132 τῆς
1482 2061 1634 2126 θείας
1665 2062 1761 2114 καὶ
1792 2063 1931 2130 ἀκη-

352 2159 518 2228 ράτου
551 2155 780 2229 τροφῆς,
818 2157 910 2209 καὶ
951 2154 1208 2208 τοσοῦτον
1252 2155 1543 2226 ἀπήλαυσε
1585 2154 1674 2207 διά
1701 2156 1800 2222 τῆς
1830 2169 1931 2221 με·

350 2252 568 2313 τανοίας
607 2250 712 2302 τῶν
752 2249 846 2303 τοῦ
901 2250 1224 2320 Πνεύματος
1269 2248 1652 2319 χαρισμάτων,
1704 2246 1779 2310 ὡς
1834 2247 1931 2298 καὶ

348 2344 642 2413 ἐπίφθονον
674 2341 839 2394 αὐτὸν
883 2341 1138 2410 γενέσθαι
1177 2339 1274 2394 τοῦ
1318 2339 1579 2392 πλούτου.
1618 2338 1837 2391 Μᾶλλον
1870 2335 1929 2388 δὲ

348 2436 709 2499 ἀναλαϐόντες
737 2435 944 2489 ἄνωθεν
983 2432 1450 2502 διατρανὼσωμεν
1487 2429 1622 2501 πρὸς
1661 2428 1760 2499 τὴν
1788 2428 1927 2498 ὑμε-

348 2528 511 2600 τέραν
546 2527 765 2595 ἀγάπην
802 2529 899 2599 τὴν
941 2527 998 2579 ἐν
1034 2522 1390 2592 Εὐαγγελίοις
1428 2522 1634 2591 ταύτην
1678 2521 1774 2573 τοῦ
1810 2520 1926 2573 Κυ-

350 2623 467 2692 ρίου
507 2621 829 2692 παραϐολήν
855 2635 869 2652 ·
911 2620 1033 2672 ἐπεὶ
1081 2619 1176 2671 καὶ
1207 2617 1449 2687 σήμερον
1504 2614 1625 2678 ἔθος
1658 2612 1931 2683 ἀναγινώ-

348 2707 577 2761 σκεσθαι
611 2709 811 2778 ταύῑην
840 2709 912 2760 ἐπ
948 2706 1269 2775 ἐκκλησίας.

419 2804 526 2873 12
566 2820 584 2853 ι
626 2803 947 2873 Ἄνθρωπός
996 2817 1101 2865 τις,
1169 2800 1358 2867 φησὶν,
1390 2795 1503 2869 εἶχε
1534 2797 1629 2851 δύο
1679 2796 1850 2858 υίούς.
1899 2813 1918 2846 ι

358 2895 586 2949 Ἑαυτὸν
645 2894 930 2963 ἄνθρωπον
963 2891 1357 2962 παραόολικῶς
1407 2888 1649 2943 ἐνταῦθά
1688 2906 1854 2959 φησιν
1897 2890 1926 2941 6

347 2986 578 3056 Κύριος,
614 2985 711 3037 καὶ
752 2982 1069 3053 θαυμαστὸν
1114 2981 1287 3034 οὐδέν.
1327 2979 1392 3031 Et
1428 2980 1536 3048 γάρ
1581 2976 1799 3046 ἀληθῶς
1827 2973 1927 3029 ἀν-

346 3079 567 3149 θρωπος
622 3078 842 3144 ἐγένετο
890 3076 978 3128 δια
1030 3074 1129 3143 τὴν
1177 3072 1456 3142 ἡμετέραν
1524 3068 1823 3139 σωτηρίαν,
1871 3067 1924 3120 τί

349 3168 688 3238 θαυμαστὸν,
718 3168 767 3219 εί
798 3167 874 3230 ὡς
905 3165 1213 3237 ἀνθρώπων
1241 3165 1340 3218 ἕνα
1367 3160 1691 3233 προτίθησιν
1730 3160 1926 3213 ἑαυτὸν

347 3259 433 3312 ista
456 3261 563 3330 τὴν
587 3261 865 3331 ἡμετέραν
916 3257 1210 3327 ὠφέλειαν,
1259 3256 1288 3309 6
1339 3255 1435 3308 mi.
1467 3254 1568 3324 τῆς
1596 3252 1777 3322 ψυχῆς
1829 3251 1926 3304 καλ⁸

345 3360 437 3411 τοῦ
475 3357 736 3425 σώματος
767 3355 852 3410 ἀεὶ
886 3351 1165 3425 κηδεμὼν,
1196 3353 1273 3415 ὡς
1301 3350 1631 3420 ἀμφοτέρων
1654 3346 1924 3413 δεσπότης

345 3453 434 3504 καὶ
465 3450 747 3521 ποιητής;
797 3449 854 3512 6:,
897 3448 1058 3517 μόνος
1098 3447 1324 3516 ἀγάπης
1350 3446 1431 3507 είς
1480 3444 1631 3512 ἡμᾶς
1665 3440 1801 3512 ἔργα
1829 3439 1927 3493 καὶ

345 3544 679 3615 κηδεμονίας
711 3542 1166 3615 ὑπερϐαλλούσης
1187 3541 1280 3594 καὶ
1308 3537 1417 3607 πρὸ
1448 3538 1540 3591 τοῦ
1576 3534 1835 3605 γενέσθαι
1866 3534 1928 3603 ή-

351 3640 452 3707 μᾶς
500 3636 864 3700 ἀπεδείξατο·
918 3634 1027 3704 πρὸ
1078 3634 1237 3704 ἡμῶν
1297 3632 1407 3700 γὰρ
1456 3627 1737 3700 βασιλείας
1793 3625 1927 3695 ἡμῖν

346 3730 612 3800 ἡτοίμασε
659 3726 1027 3797 κληρονομίαν
1082 3723 1335 3787 αἰώνιον,
1391 3722 1467 3784 ὡς
1513 3720 1677 3782 αὑτός
1735 3733 1924 3786 φησιν,

346 3823 451 3875 ἀπὸ
472 3818 788 3889 καταϐολῆς
819 3817 1047 3886 κόσμου.
1085 3815 1200 3885 Πρὸ
1241 3814 1393 3883 ἡμῶν
1435 3813 1578 3880 ὑπὲρ
1614 3808 1768 3880 ἡμῶν
1799 3806 1928 3869 τοὺς

346 3913 616 3981 ἀγγέλους
650 3913 878 3979 ἐποίησε
910 3908 1192 3970 διακόνους
1229 3903 1753 3971 ἀποστελλομένους,
1784 3899 1860 3963 ὡς
1899 3901 1927 3951 ὁ

350 4006 561 4068 Παῦλος
588 4004 747 4073 φησι,
774 4004 863 4056 διὰ
889 4005 1015 4064 τοὺς
1048 4000 1338 4070 μέλλοντας
1370 3997 1729 4067 κληρονομεῖν
1754 4009 1929 4062 σωτη-

349 4103 495 4171 ρίαν.
534 4101 579 4151 ll
593 4099 652 4165 ρὺ
686 4096 843 4166 ἡμῶν
878 4095 943 4147 δι’
976 4094 1124 4164 ἡμᾶς
1154 4092 1319 4145 παντὶ
1364 4090 1442 4159 τῷ
1480 4087 1726 4156 αἰσθητῴ
1752 4084 1928 4152 τούτῳ

351 4196 542 4264 κόσμῳ
570 4191 663 4244 τὸν
698 4189 927 4259 οὐρανὸν
951 4187 1290 4257 περιέτεινεν
1315 4178 1426 4237 οἷόν
1456 4199 1582 4235 τινα
1626 4179 1831 4249 σκηνὴν
1861 4177 1928 4232 ἀ-

348 4305 481 4342 πασι
517 4284 705 4355 κοινὴν
737 4282 834 4335 καὶ
862 4281 1124 4350 ὁμότιμον
1149 4275 1438 4347 ἀνεγείρας
1469 4277 1605 4345 ἡμῖν
1636 4277 1695 4326 ἐν
1724 4276 1791 4343 τῇ
1817 4288 1927 4325 πα-

352 4380 538 4451 ροδικῇ
576 4376 691 4448 ζωῇ
723 4376 921 4446 ταύτῃ,
952 4372 1041 4424 τὸν
1072 4371 1238 4423 αὐτὴν
1282 4368 1592 4437 ἀεικίνητον
1629 4366 1724 4418 καὶ
1764 4364 1930 4416 πολυ-

349 4474 595 4542 κίνητον,
628 4470 704 4532 ὼς
746 4468 811 4521 ἀν
843 4464 1185 4537 ἀντιρρόπως
1244 4460 1565 4530 κινούμενος
1608 4458 1769 4521 αὐτὸς
1804 4459 1931 4510 ἐαυ-

2037 585 2229 638 salntis
2256 585 2481 638 verbum
2516 585 2657 654 quod
2694 600 2798 638 non
2840 596 3023 653 potest
3073 604 3180 643 non
3217 590 3463 646 invenire
3506 608 3625 662 per-

2037 685 2362 733 severanter
2386 692 2659 746 quagrens.
2693 696 2710 728 ι
2748 676 2939 731 Omnis
2969 680 3119 733 enim
3157 682 3249 750 qui
3294 686 3432 753 petit
3478 685 3624 740 acci-

2035 770 2136 839 pit,
2164 779 2219 823 et
2244 770 2335 838 qui
2366 772 2565 840 qumrit
2593 771 2822 838 invenit,
2849 782 2903 827 et
2932 772 3170 843 pulsanti
3196 777 3472 845 aperietur
3493 779 3563 846 ³⁸,
3595 798 3615 830 ι

2036 862 2113 918 ait
2144 860 2416 919 Christus.

2112 1128 2220 1185 Sed
2270 1141 2397 1184 sunt
2450 1131 2541 1201 qui
2589 1131 2844 1187 diuturna
2894 1135 3091 1189 mentis
3140 1136 3318 1191 inedia
3367 1152 3619 1194 escarum

2037 1224 2412 1294 appetentiam
2450 1225 2795 1290 amiserunt;
2857 1226 2979 1280 ideo
3030 1243 3131 1283 nec
3181 1230 3338 1284 exitii
3397 1247 3621 1288 sensum

2036 1318 2415 1386 eXperitmtur,
2443 1326 2500 1371 et
2515 1318 2729 1372 etiamsi
2751 1319 3034 1372 doctorem
3066 1319 3328 1386 habeant,
3363 1323 3626 1379 doctrinae

2037 1410 2283 1462 auditum
2322 1424 2464 1478 aegre
2495 1409 2814 1478 patiuntur;
2857 1420 2911 1463 et
2942 1412 2985 1465 si
3020 1427 3123 1464 non
3160 1411 3404 1467 habeant
3437 1416 3624 1470 docto-

2039 1516 2174 1568 rem,
2244 1518 2352 1557 non
2399 1513 2668 1571 quaerunt,
2718 1502 2967 1573 pluribus
2999 1519 3160 1573 quam
3204 1508 3458 1576 prodigus
3482 1509 3626 1564 ﬁlius

2038 1595 2280 1664 peccatis
2328 1603 2608 1648 oneratam
2646 1606 2869 1664 agentes
2900 1595 3090 1649 vitam.
3139 1596 3236 1649 ille
3280 1597 3427 1651 enim
3465 1601 3627 1667 equi-

2037 1689 2159 1742 dem
2213 1688 2485 1753 indigebat
2539 1699 2781 1742 remotus
2824 1690 2863 1741 ‘a
2935 1690 3211 1742 communi
3268 1691 3537 1745 nutritore
3570 1702 3625 1745 et

2038 1788 2191 1849 patre
2253 1789 2308 1833 et
2364 1779 2624 1843 domino,
2681 1779 2774 1834 sed
2837 1780 2890 1833 in
2972 1780 3349 1835 vehementem
3422 1780 3622 1836 famem

1964 1866 2008 1923 Β
2040 1870 2249 1931 iu'cidit,
2288 1877 2342 1924 et
2388 1870 2755 1940 privationem
2809 1869 3075 1933 sentiens,
3136 1872 3415 1938 paenituit,
3456 1882 3510 1925 et
3542 1887 3627 1925 re-

2038 1977 2227 2017 versus
2257 1963 2535 2030 quaasivit,
2568 1973 2622 2017 et
2647 1975 2838 2016 rursus
2874 1961 3083 2016 invenit
3131 1963 3367 2016 divinam
3400 1978 3623 2029 puram-

2043 2067 2152 2122 que
2186 2052 2254 2106 ab
2284 2053 2432 2106 omni
2472 2052 2700 2107 mistnra
2731 2067 2937 2119 escam,
2966 2063 3020 2106 et
3056 2060 3263 2106 tantum
3293 2056 3514 2120 gavisus
3540 2060 3626 2107 cst

2035 2159 2131 2214 per
2164 2144 2542 2213 paenitentiam
2572 2144 2769 2212 gratiis
2796 2142 3174 2211 spiritualibus
3197 2152 3254 2196 nt
3279 2144 3431 2195 dives
3459 2144 3622 2196 etiam

2032 2232 2111 2286 illi
2176 2233 2468 2289 invideret.
2528 2232 2723 2289 Melius
2776 2248 2907 2287 vero
2961 2234 3125 2287 altius
3186 2245 3519 2301 resumptam
3555 2234 3624 2286 ad

2034 2327 2359 2382 charitatem
2392 2338 2633 2383 vestram
2667 2326 3026 2395 explauemns
3066 2327 3226 2381 istam
3263 2328 3319 2381 in
3374 2327 3622 2395 Evange-

2033 2420 2123 2475 liis
2179 2405 2389 2475 Domini
2444 2421 2782 2490 parabolam,
2832 2437 2956 2476 eum
2992 2422 3110 2476 haec
3152 2422 3327 2478 soleat
3358 2423 3410 2476 in
3446 2420 3627 2478 eccle-

2033 2514 2130 2569 siis
2171 2515 2236 2569 ad
2266 2513 2585 2570 memoriam
2617 2514 2782 2572 hodie
2816 2516 3089 2572 revocari.

2113 2827 2130 2859 ι
2171 2807 2345 2861 llomo
2374 2809 2595 2877 quidam
2631 2808 2821 2864 habuit
2852 2809 2986 2864 duos
3020 2810 3183 2875 lilios,
3222 2831 3241 2863 ι
3275 2813 3400 2866 dicit
3437 2813 3621 2867 Durni-

2033 2917 2161 2956 nus.
2189 2900 2440 2967 Seipsum
2474 2901 2748 2955 hominem
2792 2916 2888 2970 per
2941 2903 3253 2970 parabolam
3292 2904 3375 2958 hic
3413 2906 3488 2959 ait
3513 2906 3622 2959 D0-

2035 2997 2233 3058 minus,
2281 3002 2333 3046 et
2386 2993 2521 3047 nihil
2556 2993 2697 3063 quod
2729 3004 2951 3060 stupeas
2983 3011 2998 3048 :
3029 2995 3075 3049 si
3111 2997 3253 3048 enim
3297 3013 3421 3049 vere
3457 2998 3624 3051 homo

2033 3086 2207 3143 lactus
2239 3092 2321 3139 est
2355 3096 2579 3154 prepter
2627 3092 2867 3138 nostram
2914 3085 3185 3149 salutem,
3232 3087 3359 3154 quid
3415 3089 3614 3141 mirum

2033 3178 2077 3232 si
2139 3186 2198 3230 ut
2251 3192 2422 3229 unum
2478 3177 2751 3231 hominem
2803 3179 3041 3247 seipsum
3099 3181 3350 3248 prOponit
3400 3191 3623 3250 propter

2031 3278 2273 3322 nostram
2298 3268 2617 3333 utilitatem,
2661 3268 2751 3336 qui
2786 3283 3003 3338 semper
3032 3270 3097 3324 de
3128 3271 3305 3323 anima
3330 3282 3383 3325 et
3407 3274 3472 3325 de
3500 3288 3623 3325 cor-

2030 3373 2162 3427 pore
2207 3368 2389 3421 curat,
2437 3366 2694 3427 tanquam
2747 3359 3036 3427 utrinSQue
3082 3360 3346 3415 Dominus
3384 3370 3437 3413 et
3483 3378 3620 3415 con-

2029 3452 2206 3516 ditor,
2265 3452 2354 3519 qui
2391 3451 2538 3506 solus
2572 3451 2861 3506 charitatis
2902 3466 3028 3521 erga
3078 3468 3176 3507 nos
3208 3470 3373 3521 opera
3410 3465 3465 3508 et
3503 3455 3619 3509 sin-

2030 3544 2238 3613 gularis
2294 3544 2713 3608 sollicitudinis,
2777 3547 2945 3600 etiam
3006 3548 3321 3617 priusquam
3373 3565 3622 3603 essemus

2029 3636 2322 3690 exhibuit?
2355 3635 2484 3688 Nam
2512 3646 2639 3690 ante
2677 3654 2776 3691 nos
2812 3640 2962 3707 regni
3001 3641 3158 3693 nobis
3201 3644 3413 3709 paravit
3458 3653 3616 3695 teter-

2032 3743 2155 3781 nam
2195 3726 2606 3790 hatreditatem,
2651 3735 2708 3779 ut
2756 3729 2874 3796 ipse
2921 3727 3085 3793 dixit,
3140 3746 3167 3783 a
3227 3732 3621 3785 conatitutione

2033 3821 2247 3875 mundi.
2297 3823 2438 3875 Ante
2476 3836 2575 3875 nos
2608 3836 2705 3891 pro
2749 3823 2907 3875 nobis
2954 3824 3178 3897 angelos
3233 3823 3363 3877 fecit
3400 3827 3452 3878 in
3518 3827 3622 3878 Ini-

2033 3920 2317 3973 nisterium
2351 3919 2573 3983 missos,
2619 3916 2797 3985 inquit
2848 3915 3074 3981 Paulus,
3126 3928 3348 3987 propter
3401 3935 3495 3972 cos
3526 3919 3617 3988 qui

2033 4006 2411 4063 [nereditatem
2450 4007 2679 4076 cupiunt
2715 4008 2906 4062 salutis
2936 4007 2999 4061 ³⁸.
3039 4010 3180 4063 Ante
3211 4027 3306 4061 nos
3338 4024 3434 4078 pro
3464 4013 3620 4063 nobis

2031 4102 2177 4155 circa
2231 4109 2399 4153 totmn
2460 4100 2775 4154 sensibilem
2835 4101 2999 4154 istum
3059 4101 3321 4153 mundum
3375 4102 3620 4155 extendit

2032 4193 2230 4246 (celum
2269 4204 2526 4261 tanquam
2563 4191 2973 4246 tabernaculum
3011 4194 3266 4246 omnibus
3303 4208 3615 4259 commune,

2032 4297 2085 4340 et
2120 4287 2235 4355 pari
2270 4286 2447 4356 pretio
2476 4278 2701 4339 chaium
2738 4286 2872 4339 illud
2900 4285 3058 4338 nobis
3089 4287 3141 4337 iu
3181 4285 3281 4338 hac
3315 4289 3617 4340 transeunti

2033 4379 2143 4431 vita
2183 4379 2405 4447 erigens
2432 4376 2696 4430 continuo
2729 4377 2988 4446 varioque
3021 4387 3171 4429 motu
3206 4376 3515 4445 prwditum,
3546 4380 3617 4433 ita

2035 4483 2090 4525 ut
2128 4470 2328 4524 librato
2371 4470 2625 4523 examine
2655 4478 2865 4523 motum
2897 4470 3249 4538 semetipsum
3291 4470 3346 4525 in
3397 4474 3617 4541 propria

347 4563 437 4615 τὸν
468 4561 615 4617 κατά
638 4556 824 4631 χώραν
848 4556 1021 4626 ἐπέχῃ
1047 4572 1061 4586 ·
1097 4554 1186 4606 ἀεὶ
1215 4552 1271 4605 δὲ
1302 4553 1625 4621 κινούμενον
1656 4550 1715 4601 ἐν
1750 4544 1928 4616 ἑαυτῷ

2039 4565 2260 4633 regione
2287 4563 2566 4629 retineat;
2600 4577 2818 4630 semper
2852 4572 3035 4616 autem
3074 4572 3278 4616 motum
3320 4563 3375 4616 in
3408 4578 3467 4618 se
3501 4565 3619 4632 ipso

348 4662 443 4712 καὶ
483 4658 587 4726 τὴν
632 4652 842 4723 πληθὺν
885 4650 993 4703 τῶν
1043 4648 1260 4718 ἄστρων
1305 4643 1809 4716 συμπεριφέροντα,
1861 4640 1927 4692 i'v’

349 4753 509 4821 ἡμεῖς
538 4749 674 4821 όμοῦ
706 4764 766 4800 τε
808 4742 1195 4811 διδασκώμεθα
1216 4740 1281 4793 τὸ
1312 4740 1611 4807 παροδικὸν
1657 4737 1759 4806 τῆς
1790 4737 1929 4806 ἡμε-

349 4850 512 4916 τέρας
552 4846 723 4912 ζωῆς,
749 4839 846 4893 καὶ
870 4837 1087 4891 πάντων
1114 4833 1482 4903 ἀπολαύωμεν
1529 4833 1640 4884 τῶν
1667 4829 1789 4885 κατ’
1835 4831 1934 4884 αὐ-

351 4944 463 5005 τὸν,
494 4939 687 4992 ἄλλοτε
726 4934 902 4987 ἀλλων
944 4931 1083 5000 ὑπὲρ
1113 4927 1360 4997 κεφαλῆς
1399 4926 1559 4996 ἡμῶν
1593 4924 1929 4995 γενομένων.

355 5033 429 5085 Δι’
455 5034 604 5103 ἡμᾶς
630 5029 736 5097 πρὸ
758 5025 914 5095 ἡμῶν
949 5023 1040 5076 τὸν
1074 5022 1250 5091 μέγαν
1291 5019 1515 5088 ἐποίησε
1548 5018 1817 5086 φωστῆρα
1847 5017 1927 5078 είς

352 5130 526 5197 ἀρχὰς
555 5124 655 5193 τῆς
693 5123 928 5193 ἡμέρας,
963 5119 1055 5171 καὶ
1092 5116 1185 5168 τὸν
1226 5112 1440 5166 ἐλάσσω
1488 5115 1567 5173 εἰς
1621 5111 1795 5181 ἀρχὰς
1825 5112 1927 5180 τῆς

349 5221 540 5282 νυκτός
566 5233 579 5246 ·
608 5221 699 5269 καὶ
737 5216 891 5268 ἔθετο
923 5210 1119 5273 αὐτούς
1161 5225 1222 5262 τε
1263 5211 1355 5261 καὶ
1384 5208 1512 5270 τοὺς
1542 5207 1732 5265 ἄλλους
1763 5207 1924 5260 ἀστέ-

354 5334 451 5386 ρας
487 5322 547 5366 εν
570 5312 645 5381 τῷ
670 5310 1034 5377 στερεώματι,
1069 5303 1533 5373 συγκινουμένους
1572 5304 1667 5355 καὶ
1713 5303 1926 5354 ἀντικι-

352 5408 647 5476 νουμένους
687 5401 859 5471 αὐτῷ,
894 5400 1175 5460 συνιόντας
1206 5412 1262 5449 τε
1298 5398 1391 5448 καὶ
1442 5394 1929 5465 παραλλάσσοντας

356 5500 675 5561 πολυειδῶς,
700 5496 766 5548 't'v‘
793 5489 927 5547 ὦσιν
953 5494 1085 5563 ἡμῖν
1109 5493 1187 5556 είς
1218 5492 1443 5561 σημεῖα,
1471 5490 1566 5541 καὶ
1589 5490 1670 5550 είς
1701 5489 1931 5558 καιροὺς

358 5594 448 5646 καὶ⁹
476 5590 557 5651 είς
594 5585 910 5647 ἐνιαυτούςο
946 5578 1021 5636 ῶν
1066 5580 1280 5643 οὐδενὸς
1317 5580 1509 5651 χρῄζει
1550 5579 1675 5630 οὔτε
1699 5578 1733 5647 ἠ
1765 5580 1930 5648 νοερά

356 5682 513 5751 φύσις
544 5682 682 5750 ὑπὲρ
707 5678 958 5748 αἴσθησιν
989 5672 1145 5731 οὖσα.
1172 5673 1294 5727 οὔτε
1330 5676 1362 5743 ἡ
1400 5674 1510 5726 τῶν
1542 5672 1750 5737 ἀλόγων
1774 5669 1929 5734 ζώων

430 5864 476 5898 ³⁸
507 5863 639 5921 Luc.
669 5885 742 5931 XI,
787 5867 874 5922 10.
951 5869 995 5900 ³³
1030 5865 1195 5923 llebr.
1230 5883 1270 5930 ι,
1308 5865 1392 5920 14.

2036 4666 2090 4712 et
2124 4655 2520 4726 plenitudinem
2559 4666 2833 4710 astrorum
2866 4668 3049 4707 secum
3083 4654 3501 4718 circumferens,
3562 4670 3624 4710 ut

2038 4764 2142 4803 nos
2176 4747 2338 4802 simul
2367 4747 2648 4802 discamus
2687 4744 2970 4815 fugitivam
3010 4746 3153 4799 hanc
3186 4761 3310 4800 esse
3346 4748 3537 4812 vitam,
3564 4759 3619 4800 ct

2039 4840 2296 4897 omnibus
2327 4854 2447 4908 qua:
2493 4842 2598 4893 sub
2642 4853 2709 4893 eo
2740 4846 2869 4892 sunt
2900 4847 3136 4902 utaumr,
3195 4839 3351 4892 aliter
3383 4840 3503 4892 aliis
3531 4855 3620 4892 ca-

2043 4934 2250 5003 pitibus
2280 4930 2484 4986 nostris
2526 4931 2915 5001 superpositis.
2964 4931 3105 4985 Ante
3160 4946 3258 4985 nos
3310 4947 3408 4999 pro
3460 4933 3620 4985 nobis

2042 5040 2299 5094 maguum
2331 5022 2745 5078 creavitlumen
2782 5031 2842 5076 ut
2876 5030 3137 5092 praeesset
3180 5023 3311 5085 diei,
3355 5036 3407 5076 et
3436 5023 3615 5077 lumen

2038 5122 2216 5174 minus
2248 5132 2306 5176 nt
2337 5126 2595 5187 praeesset
2628 5118 2797 5182 nocti,
2842 5127 2899 5170 et
2931 5118 3108 5185 posuit
3142 5117 3229 5168 illa
3266 5120 3408 5170 sient
3434 5129 3486 5170 ct
3515 5118 3617 5169 atia

2035 5215 2214 5269 sidera
2252 5216 2303 5268 in
2349 5214 2714 5277 lirmamento,
2781 5224 2931 5263 motu
2980 5221 3093 5263 tum
3145 5211 3312 5263 simili
3348 5221 3458 5262 tum
3490 5227 3622 5263 con-

2037 5309 2210 5361 trario
2246 5306 2323 5362 illi
2352 5314 2496 5371 acta,
2528 5315 2584 5360 et
2609 5304 3014 5359 multiformiter
3045 5319 3167 5357 cum
3208 5320 3273 5357 eo
3315 5306 3398 5358 vel
3425 5317 3619 5357 contra

2033 5416 2157 5456 eum
2188 5400 2455 5460 volutata,
2493 5406 2551 5451 ut
2582 5400 2696 5452 sint
2724 5398 2883 5451 nobis
2912 5399 2963 5450 in
2996 5397 3150 5466 signa
3182 5409 3235 5449 et
3267 5399 3320 5451 in
3370 5409 3619 5464 tempora

2032 5501 2086 5544 et
2124 5489 2175 5541 in
2220 5496 2594 5555 tempestates,
2627 5500 2858 5555 quorum
2891 5485 3039 5539 nullo
3072 5486 3281 5555 indiget
3306 5501 3408 5539 nec
3447 5486 3617 5553 Spiri-

2034 5582 2201 5637 tualis
2231 5592 2423 5634 natura
2451 5597 2572 5634 cum
2604 5582 2675 5635 sit
2711 5596 2873 5649 supra
2906 5595 3148 5644 sensum,
3180 5596 3278 5632 nec
3301 5579 3621 5632 animalium

2035 5662 2603 5749 rationisexpertiuin
2634 5688 2756 5727 cum
2791 5687 2902 5727 non
2937 5672 3038 5727 nisi
3069 5672 3368 5726 secundum
3393 5686 3619 5725 sensum
