4090 6466
432 409 507 472 35

1675 403 2055 463 GREGORH
2100 404 2425 464 PALAMXE
3623 399 3696 460 36

434 520 604 568 vivat.
662 512 892 583 Propter
945 525 1044 566 nos
1094 525 1227 581 ergo
1265 509 1408 565 facta
1436 517 1570 564 sunt
1609 511 1700 579 qui
1747 511 2004 565 sensibus

2125 511 2229 564 tat”
2260 513 2518 581 αἴσθησιν
2553 511 2721 579 μόνην
2752 509 2922 574 ζῶσα.
2959 508 3033 561 Δι’
3056 509 3206 577 ἡμᾶς
3240 507 3436 563 οὐκοῦν
3464 507 3695 575 γέγονε,

432 597 655 676 quidem
693 604 928 658 fruimur
953 613 1009 659 et
1035 602 1338 658 commodis
1367 601 1488 656 aliis
1516 609 1571 655 et
1601 601 2005 671 pulchritudine

433 712 623 750 eorum
665 710 785 763 quae
821 693 1085 759 videmus,
1122 701 1307 747 mente
1355 706 1486 747 vero
1531 705 1628 760 per
1655 706 1872 746 sensum
1901 691 2005 747 ista

435 787 587 856 signa
620 785 976 857 percipimus.
1009 785 1151 840 Ante
1195 799 1296 839 nos
1328 800 1429 854 pro
1462 784 1617 840 nobis
1650 791 1848 839 terram
1897 793 2009 840 sta-

435 878 630 943 bilivit,
688 892 837 932 mare
888 876 1152 940 extendit,
1193 876 1413 944 c0piose
1438 889 1602 945 super
1659 874 1794 930 illud
1821 888 2005 930 aerem

436 969 670 1033 diﬂ‘udit,
730 979 785 1025 et
836 986 1004 1040 super
1046 984 1230 1025 aerem
1280 968 1683 1038 sapientissime
1726 968 2010 1038 suspendit

438 1063 578 1132 ignis
626 1071 874 1116 naturam
914 1072 974 1116 ut
1020 1061 1248 1116 nimium
1302 1061 1619 1115 inferiorum
1676 1058 1849 1129 frigus
1904 1061 2012 1115 cir-

437 1154 748 1207 cumdanda
785 1161 1062 1217 coerceat,
1116 1158 1173 1205 et
1201 1166 1357 1206 suum
1387 1151 1624 1206 calorem
1658 1140 2007 1205 immodicum

438 1243 492 1296 in
524 1241 778 1311 supernis
812 1241 1125 1310 regionibus
1156 1254 1382 1295 manens
1419 1240 1723 1309 reprimat;
1777 1240 1828 1295 si
1880 1254 2010 1294 vero

439 1333 693 1386 animalia
728 1341 907 1386 mente
936 1333 1127 1386 orbata
1157 1330 1245 1386 his
1280 1331 1524 1403 indigent
1554 1340 1777 1401 propter
1803 1341 2010 1386 natura:

2106 604 2233 665 τοὺς
2261 602 2516 673 αἰσθήσει
2551 602 2650 671 μὲν
2672 598 3044 662 ἀπολαύοντας
3067 601 3167 669 τῆς
3196 616 3257 651 τε
3290 598 3460 669 ἀλλης
3493 600 3696 669 χρείας

2107 692 2201 745 καὶ
2224 691 2319 745 τοῦ
2352 692 2583 753 κάλλους
2614 690 2724 744 τῶν
2746 689 3062 760 ὁρωμένων,
3086 688 3162 759 νῷ
3198 688 3256 741 δὲ
3277 687 3346 742 δι’
3374 688 3698 759 αἰσθήσεως

2105 783 2216 837 τῶν
2247 782 2506 839 τοιούτων
2539 782 2785 852 σημείων
2813 781 3059 851 ἔχοντας.
3100 781 3179 833 Δι’
3205 781 3356 850 ἡμᾶς
3390 779 3502 849 πρὸ
3532 781 3699 851 ήμῶν

2106 877 2212 946 γῆν
2236 873 2625 945 ὲθεμελίωσεν,
2652 873 2945 945 ὲφήπλωσε
2970 871 3273 936 θάλασσαν,
3302 872 3585 935 πλουσίως
3605 870 3699 926 ἐπ’

2106 967 2252 1023 αὐτὰ
2282 968 2376 1023 τὸν
2410 967 2553 1039 ἀέρα
2585 966 2791 1037 ἐξέχεε,
2835 966 2933 1019 καὶ
2960 965 3103 1035 ὑπὲρ
3143 963 3334 1018 τοῦτον
3371 964 3556 1033 ἀνῆψε
3592 982 3699 1017 πε-

2113 1062 2348 1133 ραιτέρω
2399 1060 2695 1130 πανσόφως
2725 1060 2826 1129 τὴν
2880 1059 3055 1131 πυρὸς
3082 1056 3274 1127 φύσιν,
3325 1057 3414 1112 ἵνα
3462 1059 3701 1113 καὶτοῦ

2107 1154 2316 1223 ψύχους
2338 1154 2449 1208 τῶν
2466 1154 2618 1206 κάτω
2641 1152 2817 1223 θραύῃ
2850 1151 2951 1223 τὴν
2973 1150 3243 1221 ἀμετρίαν
3284 1151 3703 1221 περιημμένον,

2110 1249 2209 1302 καί⁵
2229 1246 2330 1317 τὴν
2358 1246 2572 1299 οἰκείαν
2599 1244 2871 1315 ἀμετρίαν
2898 1246 2992 1298 ἐπὶ
3020 1243 3208 1315 χώραν
3240 1243 3379 1314 μένῃ
3413 1243 3664 1313 κατέχον
3686 1260 3700 1273 ο

2110 1338 2159 1391 εί
2193 1338 2252 1390 δὲ
2281 1338 2377 1391 καὶ
2403 1336 2471 1389 τὰ
2506 1335 2678 1403 ἀλογα
2718 1334 2829 1388 τῶν
2867 1333 3024 1399 ζώων
3066 1332 3275 1386 τούτων
3318 1331 3520 1402 χρῄζει
3555 1332 3704 1402 πρὸς

439 1432 970 1492 temperamentum,
1019 1435 1072 1478 et
1117 1426 1231 1493 ipsa
1287 1423 1340 1477 in
1395 1425 1713 1479 servitutem
1775 1423 2013 1477 hominis

2125 1430 2401 1493 ςύστασιν,
2431 1426 2570 1480 ἀλλά
2603 1425 2702 1479 καὶ
2722 1424 2899 1479 ταῦτα
2931 1425 3012 1487 είς
3045 1423 3293 1477 δουλείαν
3321 1423 3432 1476 τῶν
3481 1422 3703 1492 ἀνθρώ-

452 1526 579 1571 ante
610 1531 710 1572 nos
738 1516 883 1571 facta
919 1528 1067 1579 sunt,
1095 1526 1255 1585 prout
1287 1515 1569 1585 psalmista
1597 1514 1798 1572 cecinit
1818 1513 2010 1569 David.

2125 1535 2232 1571 πων
2265 1518 2483 1586 ἐγένετο
2505 1515 2612 1587 πρὸ
2648 1514 2829 1586 ημῶν,
2859 1514 2937 1578 ὡς
2981 1514 3077 1567 καὶ
3104 1514 3133 1566 ό
3169 1512 3465 1582 προφήτης
3497 1510 3705 1582 ψάλλει

2112 1606 2303 1661 Δαϐίδ.

510 1696 677 1752 Istum
709 1710 837 1764 ergo
876 1694 1188 1750 universum
1227 1693 1486 1748 mundum
1519 1699 1739 1761 propter
1766 1690 2014 1760 corporis

2185 1699 2390 1754 Τοῦτον
2425 1700 2527 1769 μὲν
2547 1697 2645 1754 οὖν
2672 1696 2765 1751 τὸν
2791 1697 3083 1768 σύμπαντα
3113 1699 3322 1768 κόσμον
3350 1695 3439 1750 διὰ
3467 1695 3575 1765 τὴν
3602 1692 3703 1746 τοῦ

442 1789 617 1844 nostri
670 1786 1111 1841 constitutionem
1158 1781 1385 1837 Creator
1436 1789 1641 1846 noster,
1699 1781 2012 1849 priusquam

2125 1793 2373 1863 σώματος
2404 1790 2564 1860 ἡμῶν
2612 1789 2873 1844 σύστασιν
2915 1791 2944 1844 ὁ
2994 1790 3208 1854 πλάσας
3259 1789 3413 1859 ἡμᾶς
3454 1786 3568 1858 πρὸ
3601 1784 3706 1856 τῆς

424 1897 544 1941 ,ιιοε
568 1880 914 1944 condidisset,
948 1891 979 1930 e
1019 1874 1182 1929 nihilo
1204 1873 1409 1929 eduxit.
1441 1872 1548 1928 Sed
1579 1879 1800 1943 propter
1823 1886 2011 1926 emen-

2125 1850 2277 1955 ἡμων
2304 1850 2559 1945 πλάσεως
2620 1885 2684 1937 ὲκ
2734 1883 2828 1936 τοῦ
2862 1882 2938 1951 μὴ
2970 1881 3123 1945 ὄντος
3179 1850 3516 1952 παρηγαγεί
3550 1850 3706 1947 Πρδς

443 1976 714 2030 dationem
758 1987 966 2025 morum
987 1980 1041 2024 et
1064 1970 1202 2022 viam
1237 1968 1300 2021 ad
1329 1968 1557 2023 salutem
1591 1967 1721 2035 quid
1748 1979 1858 2019 non
1888 1964 2018 2019 fecit

443 2066 693 2121 conditor
713 2063 838 2117 boni
873 2061 1119 2116 amator?
1152 2060 1330 2129 Ipsum
1359 2073 1573 2115 omnem
1608 2058 1866 2112 mundum
1895 2071 2019 2112 sen-

443 2158 654 2213 sibilem
692 2155 847 2226 quasi
878 2152 1159 2223 speculum
1190 2166 1382 2207 eorum
1413 2165 1535 2219 qua:
1556 2163 1720 2218 supra
1753 2148 2015 2202 mundum

444 2259 593 2315 sunt,
634 2255 886 2316 operatus
910 2255 1014 2308 est,
1050 2252 1109 2297 ut
1134 2257 1232 2312 per
1258 2241 1594 2310 spiritualem
1627 2242 1744 2309 ejus
1770 2246 2016 2295 contem-

445 2342 739 2410 plationem
771 2337 926 2406 quasi
976 2351 1070 2405 per
1128 2335 1417 2401 quamdam
1463 2331 1760 2387 mirabilem
1816 2330 2020 2385 scalam

446 2432 512 2485 ad
546 2431 644 2482 ista
677 2426 1080 2497 perveniamus.
1119 2423 1318 2478 lndidit
1358 2422 1512 2478 nobis
1559 2422 1732 2488 legem
1779 2419 2020 2474 innatam

445 2519 601 2591 quasi
653 2520 852 2571 lineam
894 2512 1265 2577 inﬂexibilem,
1322 2522 1379 2566 et
1415 2511 1652 2581 judicent
1687 2512 1886 2564 erroris
1917 2510 2021 2563 itit-

449 2625 664 2665 tnunem
717 2609 1105 2673 doctoremque
1143 2605 1211 2657 ab
1259 2603 1406 2657 omni
1460 2601 1741 2655 mendacio
1772 2615 2021 2664 vacuum,

449 2705 719 2775 propriam
767 2700 977 2754 scilicet
1017 2699 1217 2765 cuique
1260 2693 1672 2756 conscientiam,
1701 2693 1772 2745 ita
1802 2701 1860 2745 ut
1890 2692 1933 2746 si
1970 2692 2023 2744 in

450 2797 605 2851 nobis
651 2794 784 2862 ipsis
818 2790 1147 2861 cogitatione
1180 2801 1479 2849 versemur,
1514 2785 1661 2838 nullo
1706 2786 1928 2839 doetore
1957 2783 2025 2837 ad

436 2870 850 2957 intelligentiam
873 2883 995 2937 boui
1024 2880 1324 2946 indigemus
1348 2901 1362 2942 ,
1386 2878 1430 2931 si
1457 2891 1586 2931 vero
1630 2891 1793 2929 sensu
1823 2875 2027 2943 optime

449 2980 515 3033 ad
563 2977 832 3031 exteriora
888 2983 1122 3027 mentem
1163 2971 1535 3038 applicemus,
1586 2967 1876 3021 invisibilia
1934 2966 2025 3020 Dei

447 3068 704 3137 Oper-ilius
751 3062 1026 3118 intellecta
1066 3057 1485 3128 conspiciuntur
1510 3094 1526 3119 ,
1574 3055 1752 3124 inquit
1788 3054 2024 3123 Aposto-

2116 1976 2176 2029 δὲ
2204 1974 2491 2045 βελτίωσιν
2514 1975 2666 2045 ἠθῶν
2696 1976 2789 2029 καὶ
2832 1975 3054 2044 ὁδηγίαν
3082 1975 3217 2045 πρὸς
3248 1973 3456 2045 ἀρετὴν
3510 1973 3566 2026 τί
3598 1975 3707 2026 οὐκ

2117 2069 2375 2137 ἐποίησεν
2398 2066 2429 2119 ὁ
2458 2067 2761 2137 φιλάγαθος
2786 2067 3078 2136 δεσπότης;
3108 2067 3272 2120 αὑτὸν
3301 2065 3394 2119 τὸν
3419 2065 3705 2132 Αίσθητὸν

2122 2161 2299 2215 πάντα
2314 2161 2552 2229 κόσμον,
2587 2155 2702 2214 οἷόν
2727 2176 2783 2213 τι
2823 2159 3133 2228 κάτοπτρον
3179 2158 3565 2228 ἀπειργάσατο
3587 2157 3705 2209 τῶν

2121 2252 2530 2323 ὐπερκοσμίων,
2561 2251 2650 2305 ἴνα
2687 2250 2779 2306 διὰ
2813 2250 2916 2320 τῆς
2952 2249 3074 2305 κατ’
3097 2248 3262 2304 αὑτὸν
3309 2247 3704 2318 πνευματικῆς

2120 2347 2380 2417 θεωρίας,
2421 2344 2498 2409 ὡς
2530 2344 2623 2398 διά
2668 2359 2817 2407 τινος
2875 2342 3188 2412 θαυμασίας
3238 2338 3509 2409 κλίμακος
3559 2336 3708 2408 πρὸς

2120 2439 2307 2490 ἐκεῖνα
2354 2436 2676 2507 φθάνωμεν.
2710 2433 3002 2501 Ἐνίθηκεν
3051 2433 3184 2501 ἡμῖν
3225 2431 3470 2499 ἔμφυτον
3506 2428 3703 2497 νόμον,

2120 2524 2235 2583 οἷόν
2260 2545 2379 2582 τινα
2405 2528 2656 2598 στάθμην
2683 2524 3113 2596 ἀπαρέγκλιτον,
3142 2521 3238 2575 καὶ
3271 2520 3465 2590 κριτὴν
3495 2518 3704 2585 ἀνεξαέ

2128 2620 2389 2688 πάτητον,
2426 2619 2523 2672 καὶ
2554 2616 2872 2671 διδάσκαλον
2898 2613 3335 2685 ἀπαραλόγιστον
3363 2609 3460 2679 τὴν
3482 2610 3706 2664 οίκείαν

2126 2715 2185 2766 ὲν
2214 2712 2428 2782 ἑκάστῳ
2463 2709 2787 2780 συνείδησιν,
2819 2708 2887 2761 ἂν
2933 2706 2990 2759 ιν
3013 2705 3145 2775 ἡμῖν
3185 2703 3369 2764 αὐτοῖς
3402 2700 3704 2769 γενώμεθα

2123 2806 2190 2871 τῇ
2222 2803 2456 2874 διανοίᾳ,
2485 2799 2808 2856 διδασκάλου
2849 2797 3036 2868 ἑτέρου
3072 2795 3209 2868 πρὸς
3235 2795 3334 2866 τὴν
3358 2792 3452 2848 τοῦ
3484 2791 3703 2863 ἀγαθοῦ

2127 2896 2459 2966 κατανόησιν
2485 2894 2549 2947 οὐ
2582 2892 2927 2965 δεησόμεθα·
2957 2891 3025 2945 ἂν
3058 2890 3165 2955 ἔξω
3195 2891 3262 2959 τῇ
3296 2886 3557 2956 αἰσθήσει
3596 2903 3705 2939 κα-

2127 2988 2234 3050 λῶς
2262 2986 2788 3058 διαπορθμεύσωμεν
2812 2984 2906 3038 τὸν
2931 2981 3076 3046 νοῦν,
3106 2982 3176 3035 τά
3207 2981 3413 3049 ἀόρατα
3435 2979 3530 3033 τοῦ
3556 2976 3703 3031 Θεοῦ

2127 3081 2240 3142 τοῖς
2274 3079 2543 3148 ποιήμασι
2577 3076 2848 3144 νοούμενα
2877 3073 3205 3145 καθορᾶται,
3257 3069 3425 3139 φησὶν
3468 3070 3497 3121 ὁ
3536 3066 3706 3121 Ἀπό-

453 3160 538 3211 lus
562 3156 931 3209 ”‘.Virtutnm
957 3153 1119 3223 igitur
1143 3150 1386 3204 doctrina
1412 3163 1508 3218 per
1528 3160 1775 3200 naturam
1798 3157 1853 3200 et
1875 3160 2023 3200 crea-

2130 3171 2338 3232 στολος.
2380 3170 2462 3238 Τῇ
2500 3168 2663 3236 φύσει
2691 3165 2785 3218 οὖν
2813 3163 2912 3218 καὶ
2942 3166 3012 3234 τῇ
3044 3166 3220 3216 κτίσει
3240 3160 3301 3213 τδ
3329 3158 3703 3213 διδασκαλεῖον

453 3249 651 3303 tiouent
691 3248 970 3313 adaperta,
1001 3241 1224 3313 angelos
1262 3240 1390 3294 fecit
1424 3239 1709 3304 custodes;
1744 3236 1932 3303 Patres
1969 3245 2023 3288 et

458 3342 751 3411 prophetas
778 3337 947 3391 duces
985 3333 1289 3398 suscitavit,
1315 3330 1555 3386 ostendit
1575 3336 1726 3402 signa
1756 3339 1810 3384 et
1837 3329 2022 3399 prodi-

452 3435 538 3503 gia
562 3446 681 3501 quae
705 3430 769 3484 ad
805 3428 960 3482 [idem
999 3425 1290 3489 adducant,
1323 3424 1471 3501 dedit
1505 3424 1659 3477 nobis
1690 3422 1861 3492 legem
1891 3422 2025 3475 scri-

452 3534 601 3593 ptam
631 3520 981 3576 auxiliantem
1014 3525 1127 3571 tum
1154 3518 1257 3585 legi
1288 3512 1554 3582 spirituali
1588 3526 1785 3569 nosme
1820 3523 2025 3565 naturze

451 3619 657 3678 inditae,
704 3625 814 3667 tum
849 3612 1108 3666 doctrinae
1139 3623 1296 3676 quam
1331 3621 1361 3659 ιι
1396 3605 1666 3660 creatione
1695 3604 2023 3674 accepimus.

453 3705 720 3768 Tandem,
768 3718 892 3756 cum
937 3695 1116 3753 omnia
1166 3696 1707 3765 cotttentpsissentus,
1752 3714 1784 3750 υ
1840 3704 2025 3748 nostra

451 3804 652 3865 quanta
689 3790 1043 3862 negligentia!
1082 3805 1115 3843 ο
1143 3803 1244 3842 nos
1281 3801 1347 3843 ex
1377 3786 1608 3842 adverso
1637 3784 1902 3855 diligentis
1931 3798 2024 3854 ge-

453 3887 721 3941 nerositas
763 3883 924 3938 simul
958 3890 1013 3936 et
1049 3878 1391 3935 sollicitudo!
1429 3878 1665 3945 seipsum
1707 3876 1862 3930 nobis
1900 3889 2025 3943 pro-

452 3991 573 4048 pter
619 3992 719 4031 nos
759 3975 930 4036 dedit,
979 3983 1035 4027 et
1077 3971 1376 4025 divinitatis
1436 3969 1640 4024 divitiis
1683 3968 1736 4022 in
1786 3979 2023 4024 nostram

456 4070 816 4125 humilitatem
851 4065 1064 4129 eﬂ'usis,
1098 4070 1349 4132 suscepta
1384 4074 1570 4115 nosrra
1610 4071 1824 4127 natura,
1852 4072 1906 4116 et
1930 4076 2028 4130 pro

455 4164 614 4219 nobis
643 4162 821 4215 factus
855 4160 1035 4224 homo,
1066 4157 1257 4212 doctor
1283 4156 1440 4210 nobis
1471 4154 1678 4221 adfuit;
1711 4165 1765 4208 et
1794 4158 1910 4224 ipse
1932 4170 2030 4209 nos

452 4258 615 4311 docet
662 4250 1086 4322 magnitudinem
1139 4263 1249 4302 sua:
1300 4246 1650 4316 benignitatis
1698 4256 1808 4300 tum
1869 4259 2033 4314 opere

457 4355 568 4397 tmn
614 4343 795 4396 verbis
823 4357 945 4394 eam
994 4339 1353 4408 patefaciens,
1393 4337 1667 4406 simulque
1711 4335 1779 4391 ad
1816 4336 2034 4389 imitan-

454 4438 577 4488 dam
634 4430 1064 4486 misericordiam
1105 4435 1161 4482 et
1209 4431 1275 4481 ad
1322 4426 1633 4497 fugiendam
1670 4426 1850 4481 cordis
1882 4426 2034 4480 duri-

456 4528 587 4579 tiem
617 4524 937 4579 obedientes
969 4523 1268 4576 adducens.
1299 4518 1407 4575 Sed
1451 4534 1574 4574 cum
1619 4533 1772 4574 amor
1808 4533 1918 4573 non
1949 4532 2035 4572 so-
2069 4520 2111 4576 Ι)

458 4625 565 4675 teat
595 4617 650 4669 itt
678 4614 1027 4668 curatoribus
1057 4612 1392 4676 divitiarum,
1417 4624 1628 4664 necnon
1658 4611 1709 4663 in
1737 4609 2041 4678 pastoribus

458 4722 700 4779 gregum,
736 4721 799 4759 ac
837 4705 1173 4774 propriarum
1203 4718 1367 4771 opum
1415 4701 1817 4771 possessoribus
1858 4711 2040 4755 tantus

461 4809 639 4861 inesse
667 4811 900 4870 quantus
932 4799 1242 4868 conjunctis
1274 4798 1569 4854 secundum
1597 4812 1815 4852 carnem
1844 4806 1898 4852 et
1919 4811 2043 4851 san-

460 4895 699 4961 guinem,
737 4889 1042 4959 praesertim
1083 4903 1151 4942 ex
1194 4887 1338 4952 iStis,
1385 4887 1630 4956 patribus
1666 4900 1795 4955 erga
1825 4900 1953 4940 suos
1979 4885 2043 4938 li-

462 4991 643 5050 beros,
697 4984 824 5037 hinc
873 4993 932 5036 ut
987 4996 1143 5036 suam
1195 4979 1566 5035 manifestaret
1620 4979 2043 5050 benignitatem,

460 5076 806 5144 semetipsum
830 5072 977 5136 ,dixit
1009 5071 1249 5126 omnium
1280 5080 1524 5126 nostrum
1561 5069 1801 5134 Patrem,
1832 5080 1886 5124 et
1913 5086 2037 5125 cum

460 5184 557 5237 pro
591 5166 747 5220 nobis
789 5163 950 5218 homo
990 5162 1165 5216 laetus
1195 5161 1383 5225 fuerit,
1416 5176 1513 5215 nos
1546 5175 1641 5230 per
1667 5161 1906 5214 divinum
1942 5161 2034 5215 ba-

459 5258 656 5328 ptisma
698 5263 1079 5325 receptamquc
1122 5255 1173 5307 in
1207 5270 1270 5309 eo
1306 5255 1470 5309 divini
1532 5252 1770 5323 Spiritus
1804 5255 2035 5323 gratiam

387 5372 395 5381 ’
460 5368 559 5405 nos
599 5349 950 5422 t-egcncravit.

2124 3263 2343 3328 ἀνοίξας
2374 3262 2483 3315 τῶν
2529 3259 2767 3330 ἀρετῶν,
2798 3258 3068 3327 ἀγγέλους
3119 3255 3391 3324 ἐπέστησε
3426 3251 3703 3321 φύλακας,

2125 3357 2380 3429 Πατέρας
2399 3352 2500 3409 καὶ
2533 3353 2821 3423 προφήτας
2865 3351 2948 3415 είς
2976 3348 3251 3421 ποδητίαν
3297 3346 3618 3417 ἀνήγειρεν,
3647 3344 3704 3397 ἒ-

2124 3451 2264 3516 δειξε
2292 3452 2495 3521 σημεῖα
2521 3451 2618 3503 καὶ
2645 3449 2851 3519 τέρατα
2881 3445 3020 3515 πρδς
3051 3448 3239 3497 πίστιν
3260 3440 3547 3509 ὲνάγοντα,
3573 3438 3708 3492 ἔδω-

2127 3562 2223 3599 κεν
2271 3545 2405 3617 ἡμῖν
2453 3543 2546 3595 τὸν
2599 3526 2848 3613 γραπτὸν
2902 3538 3088 3606 νόμον,
3144 3533 3247 3605 13
3293 3530 3597 3603 βοηθοῦντα
3626 3529 3709 3599 τῷ

2129 3635 2283 3704 παρὰ
2314 3634 2411 3704 τῆς
2444 3633 2673 3701 λογικῆς
2704 3632 2736 3701 ἡ
2748 3631 2865 3702 μῶν
2895 3628 3112 3699 φύσεως
3132 3626 3286 3695 νόμῳ
3325 3624 3423 3678 καὶ
3450 3626 3518 3694 τῇ
3551 3624 3708 3693 παρά

2126 3728 2224 3795 τῆς
2256 3725 2489 3788 κτίσεως
2538 3722 2882 3793 διδασκαλίᾳ.
2921 3720 3108 3781 Τέλος,
3157 3718 3284 3771 ἐπεὶ
3323 3715 3545 3769 πάντων
3573 3713 3708 3782 ἠλο-

2128 3818 2404 3890 γήσαμεν,
2430 3815 2594 3871 ὢκαὶ
2641 3814 2742 3886 τῆς
2787 3814 2944 3885 ἡμῶν
2990 3810 3293 3885 ῥᾳθυμίαςῑ
3333 3808 3426 3865 καὶ
3472 3807 3580 3879 τῆς
3608 3804 3706 3860 τοῦ

2128 3909 2505 3980 διαφερόντως
2536 3908 2689 3977 ἡμᾶς
2717 3905 3002 3974 φιλοῦντος
3026 3900 3413 3973 μακροθυμίας
3439 3898 3581 3968 όμοῦ
3612 3898 3709 3951 καὶ

2131 3999 2491 4071 κηδεμονίαςί
2528 3998 2720 4049 ἑαυτὸν
2759 3997 2893 4065 ἡμῖν
2935 3994 3139 4048 ἔδωκεν
3189 3990 3330 4058 ὑπὲρ
3377 3989 3564 4059 ἡμῶν,
3612 3991 3712 4044 καὶ

2128 4089 2222 4140 τὸν
2248 4087 2347 4155 τῆς
2376 4087 2631 4156 θεότητος
2660 4084 2906 4148 κενώσας
2932 4081 3167 4135 πλοῦτον
3185 4082 3266 4143 είς
3298 4079 3400 4150 τὴν
3420 4080 3709 4151 ἡμετέραν

2131 4178 2412 4248 ἐσχατιὰν,
2444 4178 2542 4247 τὴν
2576 4176 2855 4246 ἡμετέραν
2889 4172 3337 4243 προσλαϐόμενος
3387 4172 3581 4240 φύσιν,
3609 4172 3709 4227 καὶ

2137 4270 2260 4325 καθ’
2317 4271 2465 4340 ἡμᾶς
2509 4266 2753 4337 γεγονὼς
2803 4267 3111 4338 ἅνθρωπος,
3173 4265 3497 4329 διδάσκαλος
3546 4266 3715 4337 ἡμῶν

2136 4363 2478 4432 ἐχρημάτισε
2497 4373 2513 4389 ο
2543 4360 2634 4412 καὶ
2664 4357 2831 4420 αὐτὸς
2866 4358 3018 4429 ἡμᾶς
3041 4356 3285 4411 διδάσκει
3313 4356 3443 4428 περὶ
3472 4358 3572 4413 τοῦ
3614 4375 3718 4428 με-

2137 4450 2333 4517 γέθους
2356 4452 2456 4519 τῆς
2486 4448 2622 4511 ίδίας
2644 4446 3079 4517 φιλανθρωπίας,
3112 4448 3261 4521 ἔργῳ
3291 4451 3385 4503 καὶ
3407 4448 3555 4521 λόγῳ
3580 4452 3718 4504 ταύο

2139 4559 2239 4612 την
2272 4542 2615 4604 ὑποδεικνὺς,
2648 4540 2768 4610 ἅμα
2793 4541 2890 4594 καί⁹
2921 4540 3057 4611 πρὸς
3101 4541 3338 4612 μίμησιν
3364 4541 3582 4608 ὲνάγων
3615 4542 3719 4611 τῆς

2143 4632 2510 4703 συμπαθείας,
2549 4633 2643 4687 καὶ
2679 4633 2779 4702 τῆς
2808 4632 3174 4702 ἀσυμπαθοῦς
3202 4633 3435 4703 γνώμης
3475 4634 3717 4702 ἀπάγων

2141 4730 2270 4790 τοὺς
2302 4728 2701 4790 ὑπακούοντας.
2749 4728 2904 4781 Ἐπεὶ
2929 4729 2988 4782 δὲ
3033 4729 3255 4799 φίλτρον
3302 4727 3583 4796 ἐγγίνεται
3619 4731 3720 4800 μὲν

2128 4820 2240 4873 ςκαὶ
2285 4821 2396 4882 τοῖς
2431 4820 2790 4890 ἐπιμεληταῖς
2821 4820 2928 4873 τῶν
2964 4821 3328 4891 πραγμάτων,
3358 4822 3435 4885 ὡς
3479 4827 3577 4878 καὶ
3606 4828 3721 4889 τοῖς

2138 4911 2254 4967 τῶν
2279 4909 2568 4980 προϐάτων
2619 4910 2906 4980 ποιμέσιν,
2936 4911 3017 4975 ἔτι
3049 4911 3107 4963 δὲ
3140 4909 3234 4962 καὶ
3266 4913 3378 4975 τοῖς
3429 4913 3721 4978 δεσπόταις

2146 4998 2269 5056 οὖσι
2308 5002 2418 5056 τῶν
2466 5001 2614 5056 ίδίων
2656 5005 2978 5073 κτημάτων,
3011 5003 3074 5055 ού
3101 5002 3358 5057 τοσοῦτον
3378 5004 3436 5058 δὲ
3466 5006 3593 5061 ὅσον
3616 5007 3720 5077 τῆς

2146 5092 2269 5147 καθ’
2290 5087 2430 5163 αἷμα
2457 5094 2551 5146 καὶ
2584 5093 2909 5161 συγγένειαν
2934 5095 3445 5163 προσῳκειωμένοις
3466 5096 3560 5149 καὶ
3591 5097 3717 5149 τού-

2144 5201 2250 5236 των
2281 5184 2484 5251 μᾶλλον
2518 5186 2760 5255 πατράσι
2792 5184 2931 5253 πρὸς
2964 5185 3160 5247 παῖδας
3188 5187 3315 5251 τοὺς
3338 5168 3579 5253 ἑαυτῶν,
3608 5186 3718 5241 ἀπὺ

2142 5276 2350 5329 τούτων
2385 5278 2620 5330 ποιεῖται
2663 5278 2761 5346 τῆς
2794 5276 3002 5339 οίκείας
3048 5276 3459 5347 φιλανθρωπίας
3498 5280 3595 5349 τὴν
3627 5279 3716 5331 ἐν-

2147 5365 2335 5432 δειξιν,
2370 5368 2658 5437 ἄνθρωπον
2682 5368 2859 5436 λέγων
2893 5368 3088 5422 ἑαυτὸν
3123 5369 3216 5421 καὶ
3248 5370 3464 5442 Πατέρα
3500 5372 3716 5423 πάντων

461 5445 651 5513 ἡμῶν·
687 5445 809 5498 ἐπεὶ
837 5449 929 5499 καὶ
958 5446 1025 5499 δι’
1052 5447 1200 5517 ἡμᾶς
1225 5447 1439 5515 ἐγένετο
1464 5447 1770 5517 ἅνθρωπος,
1802 5457 1898 5509 καὶ
1932 5455 2022 5510 διὰ
2062 5460 2158 5512 τοῦ
2222 5461 2366 5515 θείου
2398 5460 2786 5530 βαπτίσματος
2812 5462 2908 5516 καὶ
2955 5462 3053 5532 τῆς
3091 5464 3149 5516 ἐν
3195 5464 3346 5533 αὐτῷ
3407 5465 3502 5520 τοῦ
3567 5466 3713 5522 θείου

468 5538 783 5609 ΙΙνεύματος
816 5538 1039 5609 χάριτος
1065 5538 1212 5609 ἡμᾶς
1240 5539 1616 5608 ἀνεγέννησεν.

537 5629 706 5694 Ιισωιο
735 5647 863 5702 ergo
888 5630 1132 5702 quidam,
1161 5634 1233 5686 ait
1260 5629 1438 5699 Jesus,
1481 5633 1664 5688 habuit
1695 5636 1826 5691 duos
1861 5638 2040 5707 ﬁlios;

535 5776 600 5807 ’5‘
641 5776 799 5830 Rem.
836 5789 874 5840 I,
904 5776 994 5829 20.

2229 5642 2552 5712 ’Ἄνθρωπος
2607 5642 2699 5696 οὖν
2725 5659 2826 5709 τις,
2879 5642 3067 5713 φησὶν,
3104 5639 3217 5713 εἶχε
3253 5643 3346 5697 δύο
3395 5646 3540 5708 υίούς
3563 5660 3577 5674 ·
3619 5646 3714 5716 τὴν
