4090 6452
349 392 418 452 '37
1722 383 2040 448 ttt‘mlm
2083 383 2191 443 ttI.
3541 375 3611 440 {t3

357 507 465 576 γὰρ
502 505 630 575 μίαν
661 504 820 569 φύσιν
846 505 924 566 είς
974 504 1066 557 δύο
1095 503 1289 556 διεῖλεν
1323 505 1355 573 ἡ
1408 506 1503 572 τῆς
1548 507 1772 574 γνώμης
1818 505 1932 557 δια-

2061 517 2210 556 tnam
2240 501 2382 553 enim
2421 509 2671 552 naturam
2701 497 2750 549 in
2795 498 2901 548 duo
2932 494 3191 563 disjnnxit
3220 493 3430 546 diversa
3464 497 3613 546 aimi-

2041 595 2233 654 matio,
2265 603 2317 644 ct
2365 590 2651 657 plerosque
2685 590 2735 640 in
2766 587 2978 640 duobus
3007 585 3288 652 conjunxit
3322 585 3534 637 virtutis
3561 595 3616 636 et

2033 685 2146 737 vitii
2178 684 2472 738 distinctio.
2502 683 2580 735 Ita
2611 682 2767 735 nobis
2806 681 3004 733 accidit
3036 689 3092 730 ut
3126 693 3284 729 unam
3325 692 3614 744 personant

2034 777 2276 831 dicamus
2303 775 2571 840 duplicem
2614 783 2834 842 propter
2873 787 3081 824 morum
3117 771 3490 837 duplicitatem
3518 813 3530 832 ,
3565 777 3621 822 rt

2036 883 2226 922 rursus
2259 867 2458 920 multos
2503 882 2704 930 unum,
2733 865 2950 932 quando
2982 864 3082 915 sibi
3125 864 3351 914 invicem
3393 877 3622 913 consut-

2035 961 2198 1012 titmt.
2239 975 2258 1010 ‹
2292 959 2568 1012 Accedens
2593 971 2723 1026 ergo
2756 956 3154 1010 adolescentior
3189 954 3327 1006 ﬁlius
3361 954 3500 1007 dixit
3531 971 3622 1019 pa-

2043 1053 2149 1117 tri;
2187 1071 2206 1104 ι
2244 1061 2390 1105 recte
2420 1050 2835 1112 adolescentior,
2859 1064 2983 1102 nam
3016 1048 3274 1115 puerilem
3309 1056 3360 1099 et
3390 1047 3620 1100 stultitia

2045 1143 2300 1199 refertam
2329 1144 2574 1212 producit
2605 1141 3049 1210 postulationem.
3090 1139 3376 1193 Peccatum
3409 1154 3625 1207 quoque

2041 1237 2186 1304 quod
2224 1234 2483 1304 cogitavit
2527 1234 2618 1302 qui
2675 1232 3006 1301 apostasiam
3053 1231 3291 1291 molitur,
3349 1242 3624 1282 recentius

2042 1338 2148 1392 est,
2195 1329 2560 1399 pessima‘que
2611 1327 2942 1394 prrelationis
2997 1335 3196 1378 nostum
3234 1325 3504 1378 I‘cccntitts
3541 1319 3636 1375 in;

2044 1432 2305 1484 ventum;
2351 1421 2520 1474 virtus
2548 1429 2728 1472 autem
2767 1419 3124 1488 primogenita
3167 1427 3271 1480 est,
3329 1419 3392 1470 ab
3425 1427 3628 1469 mter-no

2045 1515 2262 1584 quidem
2302 1515 2353 1567 in
2383 1514 2491 1567 Deo
2518 1528 2764 1573 manens,
2798 1521 2997 1565 nostra:
3035 1525 3160 1564 vero
3182 1510 3373 1564 animae
3399 1510 3450 1563 in
3479 1511 3630 1578 prin-

374 1607 433 1656 ὲν
465 1605 541 1673 τῷ
573 1604 690 1673 Θεῷ
713 1600 870 1670 οὖσα,
911 1607 978 1675 τῇ
1011 1605 1068 1658 δὲ
1122 1607 1365 1674 ἡμετέρᾳ
1415 1605 1516 1674 τὴν
1558 1605 1736 1674 ἀρχὴν
1785 1605 1940 1674 παρᾶ

2063 1609 2188 1672 :ipio
2224 1623 2250 1660 a
2291 1609 2397 1662 Deo
2428 1623 2523 1674 per
2554 1607 2781 1674 gratiam
2824 1605 3020 1658 infusa.
3052 1606 3348 1668 Accedens,
3375 1607 3470 1670 ait,
3499 1607 3632 1659 ado-

374 1697 510 1750 Θεοῦ
536 1698 672 1752 κατά
701 1698 861 1768 χάριν
885 1697 1164 1750 ἐντεθεῖσα
1212 1696 1383 1766 ψυχῇ.
1439 1698 1549 1750 Καὶ
1597 1698 1940 1765 προσελθὼν,

2067 1702 2341 1756 escentior
2390 1703 2523 1756 dixit
2571 1702 2758 1768 patri:
2801 1718 2820 1751 t
2861 1700 2932 1753 Da
2981 1700 3111 1753 mibi
3145 1702 3445 1768 portionem
3505 1700 3630 1753 sub.

377 1791 562 1860 φησὶν,
600 1791 914 1860 ὁνεώτερος
945 1791 1058 1854 υἱὸς
1111 1787 1232 1843 εἶπε
1263 1791 1340 1859 τῷ
1397 1791 1588 1859 πατρί’
1631 1809 1649 1840 t
1711 1791 1808 1852 A6;
1851 1808 1942 1859 pm

2061 1795 2262 1849 stantia:
2287 1809 2406 1863 quae
2437 1809 2522 1847 me
2558 1793 2874 1864 contingit»
2909 1793 2954 1848 Ο
3002 1793 3269 1846 stultitia!
3304 1808 3406 1846 nun
3433 1794 3631 1853 oravit,

373 1885 435 1935 τὸ
463 1883 748 1936 ἐπιϐάλλον
780 1883 945 1951 μέρος
970 1883 1069 1951 τῆς
1099 1883 1306 1945 οὐσίας.
1338 1901 1356 1932 ι
1398 1881 1572 1935 Βαὸαὶ
1613 1883 1711 1950 τῆς
1763 1884 1936 1950 ἀφρο-

2061 1899 2147 1937 ton
2185 1883 2466 1952 ﬂagitavit,
2498 1882 2592 1937 sed
2625 1898 2774 1937 mere
2802 1883 2972 1946 dixit,
3005 1899 3104 1937 nec
3139 1883 3239 1937 hoc
3265 1891 3500 1947 tantum,
3538 1883 3633 1936 scd

378 1974 582 2042 σύνηςί
619 1961 1072 2043 οἰίπροσέπεσεν,
1123 1977 1221 2044 οὐχ
1249 1975 1556 2040 ἱκέτευσεν,
1595 1974 1713 2027 ἀλλ’
1752 1975 1940 2036 ἁπλῶς

2061 1974 2204 2042 piasi
2238 1973 2482 2027 debitum
2519 1973 2684 2042 exigit
2719 1973 2788 2027 ab
2815 1989 2881 2027 eo
2915 1973 3004 2042 qtti
3041 1974 3292 2028 omnibus
3333 1975 3502 2043 gratis
3535 1975 3634 2026 do-

376 2061 538 2118 εἴπεο
591 2067 682 2119 καὶ
710 2069 770 2119 οὐ
820 2066 978 2120 τοῦτο
1034 2071 1214 2136 μόνον,
1262 2067 1400 2120 ἀλλὰ
1451 2068 1546 2121 καὶ
1591 2067 1666 2129 ὡς
1715 2067 1940 2136 ὀφειλὴν

2061 2071 2153 2116 tat.
2186 2062 2256 2114 Da
2280 2063 2408 2116 mihi
2436 2062 2735 2131 portionem
2757 2065 3076 2118 substantiae
3095 2081 3216 2133 qua:
3240 2081 3324 2118 nte
3351 2065 3632 2134 contingit,

377 2160 603 2210 ἀπαιτεῖ
631 2158 781 2228 παρὰ
818 2157 910 2211 τοῦ
957 2161 1092 2240 πᾶσι
1147 2159 1291 2212 κατὰ
1343 2160 1507 2228 χάριν
1557 2159 1811 2222 διδόντος.
1848 2161 1947 2223 Δός

2061 2169 2168 2223 quae
2207 2153 2340 2206 mibi
2389 2168 2486 2222 per
2538 2154 2683 2222 leges
2721 2153 3001 2220 tribuitur,
3050 2169 3171 2223 quae
3220 2169 3285 2208 ex
3315 2156 3439 2224 jure
3483 2158 3636 2210 nobis

380 2267 473 2320 μοι
497 2249 556 2302 τὸ
603 2250 895 2304 ἐπιϐάλλον
923 2250 1088 2321 μέρος
1118 2251 1218 2320 τῆς
1249 2251 1461 2316 οὐσίας,
1487 2251 1548 2303 τὸ
1576 2253 1719 2304 κατὰ
1749 2252 1950 2320 νόμους

2061 2247 2298 2314 partitur.
2334 2246 2398 2299 Et
2430 2261 2532 2314 qua
2569 2247 2718 2316 lege?
2759 2260 2869 2314 quo
2918 2249 3041 2314 jure
3068 2258 3249 2313 patres
3283 2247 3514 2299 liliorum
3547 2252 3638 2300 de-

377 2343 502 2411 ἐμοὶ
539 2344 838 2413 προσῆκον,
872 2343 972 2410 τὴν
1001 2344 1143 2396 κατὰ
1192 2343 1255 2396 τὸ
1307 2342 1518 2396 δίκαιον
1549 2343 1823 2412 ἡμετέραν
1855 2360 1953 2412 με-

2061 2341 2254 2393 bitores
2283 2349 2409 2394 sunt
2437 2339 2760 2392 constituti?
2795 2339 2987 2394 Nonne
3025 2350 3246 2394 econtra
3284 2349 3495 2408 patrum
3542 2340 3638 2390 de-

380 2434 521 2502 ρίδα.
554 2435 664 2488 Καὶ
719 2436 803 2498 τίς
865 2435 1050 2504 νόμος,
1091 2438 1190 2487 καὶ
1223 2434 1389 2487 πόθεν
1421 2433 1630 2486 δίκαιον
1664 2432 1952 2501 ὀφειλέτας

2061 2431 2254 2484 bitores
2291 2443 2416 2484 esse
2463 2429 2670 2484 liberos
2706 2439 2897 2484 natura
2939 2431 3055 2498 ipsa
3091 2431 3348 2494 ostendit,
3397 2445 3522 2483 cum
3567 2445 3635 2484 ex

379 2518 517 2575 εῖναι
547 2524 662 2585 τοῖς
716 2525 873 2577 παισὶ
930 2523 1401 2593 τοὺςπατέραςς
1453 2521 1779 2574 Τούναντίον
1843 2523 1942 2592 μὲν

2061 2523 2128 2576 eis
2158 2521 2323 2576 vitam
2353 2522 2697 2591 acceperint?
2731 2521 2838 2577 Sed
2862 2522 2962 2577 ista
2989 2537 3202 2593 quoque
3225 2531 3460 2578 mentem
3486 2523 3644 2592 juve-

380 2613 472 2666 οὖν
543 2614 743 2683 μᾶλλον
800 2617 908 2678 τοῖς
961 2616 1233 2686 πατράσιν
1291 2614 1531 2683 ὀφείλειν
1569 2615 1697 2673 τοὺς
1748 2612 1946 2676 παῖδας

2061 2613 2216 2668 nilem
2253 2614 2625 2668 manifestam.

380 2709 472 2761 mi.
495 2711 527 2779 ἡ
551 2709 706 2777 φύσις
737 2707 872 2777 αὐτὴ
907 2708 1258 2777 παρίστησιν,
1283 2706 1342 2769 ἐξ
1361 2707 1588 2760 ἐκείνων
1622 2707 1682 2760 τὸ
1704 2700 1844 2758 εἶναι
1875 2705 2161 2767 λαϐόντας.
2195 2703 2355 2758 Ἀλλά
2392 2707 2488 2758 καὶ
2520 2703 2682 2758 τοῦτο
2697 2704 2792 2759 τοῦ
2817 2706 3150 2776 νεωτερικοῦ
3184 2709 3565 2778 φρονήματος.

362 599 519 669 φορὰ,
545 599 638 650 καὶ
670 600 795 660 τοὺς
822 598 1050 660 πολλοὺς
1081 599 1159 660 εἰς
1206 597 1296 649 δύο
1335 597 1563 662 συνῆξεν
1595 601 1625 666 ἡ
1666 599 1764 666 τῆς
1793 598 1924 664 ἀρε-

361 691 454 758 τῆς
495 690 584 742 καὶ
625 690 723 757 τῆς
755 688 952 750 κακίας
992 689 1278 757 διαστολήο
1319 691 1413 740 καὶ
1458 689 1618 756 ἡμεῖς
1643 691 1753 758 γὰρ
1779 689 1926 741 ἔστιν

364 782 448 833 ὅτε
478 781 572 832 καὶ
601 780 691 833 τὸν
716 780 840 833 καθ’
873 781 1170 834 ὑπόστασιν
1196 779 1289 832 ἕνα
1318 778 1542 832 διπλοῦν
1566 792 1769 847 φαμεν,
1793 781 1924 833 ὅταν

364 876 463 946 ἔχῃ
489 873 585 943 τὴν
614 871 709 925 τοῦ
747 873 914 942 ἤθους
952 870 1204 940 διπλόην,
1237 875 1330 924 καὶ
1373 873 1498 933 τοὺς
1552 871 1778 933 πολλοὺς
1829 870 1928 922 ἕνα

365 966 546 1029 πάλιν,
579 966 740 1034 ἡνίκα
771 965 904 1028 πρὸς
932 963 1197 1034 ἀλλήλους
1218 963 1524 1033 συνᾴδουσι.
1558 981 1576 1014 t
1608 961 1930 1032 Προσελθὼν

363 1052 457 1108 οὖν
486 1055 514 1107 6
544 1056 804 1126 νεώτερος
830 1056 944 1116 υἱὸς
972 1050 1092 1106 εἷπε
1123 1053 1200 1124 τῷ
1222 1053 1430 1121 πατρί’
1475 1072 1494 1105 ι
1531 1054 1760 1116 εἰκότως
1792 1053 1930 1106 νεώ-

366 1163 562 1218 τεροςο
609 1145 940 1218 νεωτερικήν
997 1148 1106 1217 γὰρ
1150 1147 1246 1200 καὶ
1290 1145 1606 1214 ἀφροσύνης
1650 1147 1934 1214 γέμουσαν

371 1239 637 1308 προσάγει
668 1239 765 1308 τὴν
810 1239 1062 1308 ζήτησιν.
1103 1239 1210 1292 Καὶ
1241 1240 1274 1310 ἡ
1327 1237 1571 1307 ἁμαρτία
1605 1238 1681 1301 δὲ,
1715 1239 1782 1308 ἢν
1815 1242 1930 1290 ἐνε-

371 1333 480 1385 νόει
520 1331 616 1401 τήν
650 1333 988 1385 ἀποστασίαν
1031 1333 1258 1394 ὠδίνων,
1288 1331 1532 1400 νεωτέρα
1579 1333 1745 1391 ἐστὶν,
1783 1333 1940 1384 ὑστε-

376 1424 592 1496 ρογενὲς
628 1422 846 1491 εὕρημα
873 1426 1137 1492 γενομένη
1159 1424 1255 1489 τῆς
1280 1424 1455 1488 κακῆς
1481 1423 1640 1492 ἡμῶν
1671 1425 1936 1493 προαιρέ-

376 1531 543 1576 asto,“
579 1515 614 1583 ἡ
645 1513 704 1566 δὲ
745 1513 912 1584 ἀρετὴ
950 1513 1282 1584 παλαιγενής
1331 1514 1499 1577 ἐστιν,
1537 1513 1594 1577 ἐξ
1635 1513 1808 1564 ἀῖδίου
1839 1513 1940 1581 μὲν

451 2823 518 2877 Τί
540 2823 633 2878 οὖν
680 2826 708 2878 ὁ
743 2825 952 2896 βρέχων
1025 2827 1118 2879 ἐπὶ
1163 2825 1412 2889 δικαίους
1476 2827 1573 2879 καὶ
1634 2823 1872 2887 ἀδίκους,
1928 2824 1956 2877 6
2009 2880 2011 2882 ,

386 2916 694 2970 ἀνατέλλων
717 2917 809 2970 τὸν
863 2917 1017 2987 ’ήλιον
1075 2919 1168 2971 ἐπὶ
1218 2919 1494 2988 πονηροὺς
1539 2921 1634 2973 καὶ
1676 2917 1956 2985 ἀγαθούς;

2127 2821 2266 2887 Quid
2303 2835 2434 2891 ergo
2463 2821 2550 2876 ille
2581 2822 2672 2893 qui
2705 2822 2832 2877 facit
2856 2824 3097 2892 pluviam
3127 2825 3321 2879 cadere
3361 2840 3524 2893 super
3548 2825 3639 2891 ju—

2074 2921 2188 2967 stos
2228 2922 2284 2967 et
2319 2913 2572 2980 injustos,
2602 2924 2657 2969 et
2701 2915 2868 2969 solem
2900 2915 3032 2969 oriri
3072 2931 3236 2984 super
3265 2917 3431 2972 malos
3459 2928 3511 2972 et
3551 2920 3645 2971 lto-

390 3007 592 3060 Διεῖλεν
621 3009 822 3074 αὐτοῖς,
878 3011 1032 3079 φησὶ,
1061 3011 1152 3065 τὸν
1184 3009 1323 3080 βίον.
1369 3010 1535 3080 Ὀρᾷς
1563 3010 1646 3063 ὅτι
1701 3007 1953 3077 ἀνενδεὴς

2061 3003 2194 3059 nos?
2237 3003 2430 3059 Divisit
2473 3005 2580 3060 illis
2651 3006 3038 3061 substantiam.
3101 3005 3333 3062 Videsne
3381 3019 3642 3074 quantum

388 3100 534 3150 ἐστιν
580 3101 608 3151 6
654 3099 942 3169 ἄνθρωπος
988 3101 1083 3156 καὶ
1140 3100 1324 3170 πατὴρ
1373 3096 1562 3166 οὗτοςς
1612 3100 1687 3154 Οὐ
1729 3099 1836 3170 γὰρ
1890 3099 1955 3153 ἂν

388 3191 502 3252 τοῖς
533 3189 652 3241 δυσὶ
691 3190 876 3260 μόνοις
901 3192 1115 3259 διεῖλεν,
1149 3193 1269 3246 οὐδὲ
1319 3194 1401 3257 είς
1425 3194 1520 3246 δύο
1579 3194 1762 3262 μόνον,
1817 3193 1955 3246 ἀλλὰ

390 3281 484 3335 καὶ
503 3281 694 3350 τρίτην
719 3282 785 3335 ἂν
821 3283 1004 3353 ἑαυτῷ
1028 3283 1120 3336 τοῦ
1151 3284 1268 3353 βίου
1300 3285 1688 3356 παρακατέσχε
1723 3283 1954 3356 μερίδα.

398 3372 458 3424 'U
486 3373 564 3440 δὲ,
623 3375 698 3437 ὼς
754 3375 908 3440 Θεὸς,
962 3376 1217 3446 καθάπερ
1265 3380 1362 3432 καὶ
1413 3381 1443 3432 6
1476 3380 1762 3449 προφήτης
1822 3382 1957 3448 φησι

392 3465 576 3533 Δαϐὶδ,
615 3467 690 3537 μὴ
722 3467 911 3537 χρείαν
939 3469 1079 3538 ἔχων
1105 3471 1215 3523 τῶν
1241 3471 1374 3541 παρ’
1402 3471 1535 3541 ἡμῖν
1567 3470 1811 3540 ἀγαθῶν,
1844 3475 1960 3535 τοῖς

390 3561 512 3613 δυσὶ
553 3564 710 3615 παισὶ
741 3562 953 3626 τούτοις
983 3564 1164 3633 μόνοις
1218 3563 1404 3629 διεῖλε,
1461 3566 1620 3634 φησὶ,
1672 3566 1766 3617 τὸν
1822 3565 1955 3634 βίον,

389 3654 636 3707 τουτέστι
680 3654 772 3707 τὸν
802 3655 1010 3723 κόσμον
1061 3656 1278 3708 ἅπαντα
1304 3671 1317 3684 ·
1350 3655 1642 3725 διαιρεῖται
1671 3657 1800 3726 γὰρ,
1845 3655 1957 3709 ὥσ-

393 3761 498 3813 περ
529 3746 562 3814 ἡ
597 3745 694 3813 μία
716 3744 880 3813 φύσις
928 3748 994 3815 τῇ
1037 3745 1283 3816 διαφόρῳ
1341 3746 1558 3817 γνώμῃ,
1591 3738 1749 3807 οὗτος
1803 3748 1832 3798 6
1879 3740 1960 3808 εἷς

395 3839 596 3906 κόσμος
627 3838 693 3906 τῇ
726 3836 970 3905 διαφόρῳ
1001 3837 1196 3906 χρήσει
1221 3853 1236 3866 θ
1287 3840 1314 3890 ό
1362 3839 1465 3906 μέν
1504 3852 1640 3907 φησι
1679 3837 1818 3906 πρὸς
1867 3837 1960 3890 τὸν

395 3928 546 3993 Θεὸν,
587 3947 605 3980 ι
640 3929 808 3997 Ὅλην
845 3929 945 3996 τήν
993 3929 1210 3998 ἡμέραν
1263 3928 1554 3981 διεπέτασσ
1592 3927 1726 3996 πρὸς
1759 3925 1819 3980 σὲ
1861 3925 1961 3989 τὰς

395 4020 581 4089 χεῖράς
614 4036 716 4088 μου
735 4035 748 4049 ο
767 4038 784 4069 ι
817 4018 930 4082 καὶ,
955 4036 974 4068 ι
998 4018 1259 4080 Ἐπτὰκις
1281 4017 1382 4086 τῆς
1410 4017 1622 4088 ἡμέρας
1647 4016 1818 4086 ᾔνεσά
1837 4031 1952 4068 σε’»

396 4116 513 4177 καὶ,
537 4112 935 4166 «Μεσονύκτιον
955 4110 1374 4180 ἐξηγειρόμην)
1399 4111 1516 4173 καὶ,
1541 4127 1561 4162 t
1583 4110 1888 4179 Ἐκέκραξα
1905 4112 1962 4164 ἐν

396 4204 591 4276 ἀωρίᾳο
608 4223 626 4256 ι
653 4205 766 4267 καὶ,
794 4221 812 4253 ι
836 4203 1141 4273 Ἐπήλπισα
1177 4204 1270 4255 ἐπὶ
1291 4203 1622 4271 τοὺςλόγους
1649 4217 1762 4258 σου·
1782 4222 1800 4254 ι
1837 4205 1954 4268 καὶ,

343 4311 349 4317 ‘
402 4315 420 4348 ι
448 4297 542 4357 Et;
568 4299 664 4358 τὰς
690 4295 794 4366 14,
822 4295 1033 4364 πρωῒας
1059 4297 1385 4348 ἀπέκτεινον
1407 4295 1615 4358 πάντας
1645 4297 1772 4359 τοὺς
1784 4296 1967 4365 ἀμαρ-

395 4388 598 4451 τωλοὺς
627 4391 723 4458 τῆς
754 4389 908 4454 γῆς,›
949 4391 1196 4441 τουτέστι
1226 4389 1324 4453 τὰς
1348 4389 1484 4460 πρὸς
1513 4388 1850 4458 ἡδυπάθειαν
1875 4406 1963 4442 κιο

398 4478 662 4546 νουμένας
689 4479 896 4548 ὀρέξεις
941 4479 1038 4546 τῆς
1073 4477 1298 4544 σαρκὸςσ
1331 4479 1644 4547 ἀπέτεμνον
1666 4495 1681 4508 ·
1707 4479 1737 4531 6
1761 4480 1821 4531 δὲ
1843 4481 1966 4550 διη-

403 4571 624 4641 μερεύει
653 4573 711 4623 ὲν
735 4572 894 4642 οἴνῳ,
931 4571 1021 4621 καὶ
1051 4572 1245 4622 σκοπεῖ
1269 4569 1370 4622 ποῦ
1404 4571 1566 4632 πότος
1614 4569 1848 4638 γίνεται,
1869 4575 1967 4627 καὶ

404 4661 901 4732 συνδι-ινυκτερεύει
927 4663 1046 4723 ταῖς
1067 4661 1323 4730 ἀσέμνοις
1364 4662 1459 4714 καὶ
1511 4660 1775 4730 ἀθέσμοις
1814 4669 1958 4732 πρά-

2059 3097 2200 3152 nulla
2241 3112 2300 3152 re
2331 3097 2569 3168 indigeat
2597 3097 2760 3154 betno
2797 3107 2848 3152 et
2879 3108 3034 3168 pater
3082 3099 3230 3154 iste?
3275 3099 3448 3153 Aliter
3501 3102 3644 3152 enim

2063 3204 2171 3245 non
2220 3189 2429 3244 duobus
2469 3189 2621 3255 solis,
2657 3204 2760 3245 nec
2799 3191 2849 3244 in
2882 3193 3015 3246 duas
3057 3202 3264 3246 tantum
3297 3203 3479 3260 partes
3508 3194 3648 3247 divi-

2063 3280 2245 3347 sisset,
2277 3283 2371 3336 sed
2401 3281 2617 3336 tertiam
2645 3283 2968 3353 sibimetipsi
3001 3285 3315 3339 substantiae
3343 3284 3647 3351 portionem

2067 3384 2419 3429 reservasset.
2448 3373 2544 3429 Ille
2577 3384 2786 3440 autem,
2827 3386 3099 3444 quatenus
3131 3375 3294 3442 Deus,
3323 3389 3483 3447 prout
3517 3395 3649 3446 pro-

2065 3465 2226 3534 pheta
2251 3467 2418 3522 David
2443 3467 2581 3522 dixit
2602 3465 2671 3534 ω,
2697 3467 2962 3523 bonorum
2991 3482 3299 3525 nOstrorum
3327 3490 3430 3528 non
3461 3491 3644 3544 egens

2070 3557 2202 3612 solis
2237 3558 2354 3613 istis
2383 3560 2594 3615 duobus
2631 3560 2753 3614 liliis
2783 3561 2988 3620 divisit.
3025 3563 3221 3632 inquit,
3255 3567 3612 3621 substantiam
3634 3611 3648 3631 ,

2071 3651 2124 3705 id
2157 3662 2242 3705 est
2292 3653 2550 3705 mundum
2602 3654 2946 3720 universum;
2979 3671 3100 3708 nam
3131 3657 3274 3712 sicut
3313 3672 3505 3714 natura
3543 3679 3650 3715 una

2068 3745 2284 3800 diverso
2308 3744 2462 3815 signo
2490 3745 2775 3812 dividitur,
2803 3747 2876 3802 ita
2918 3757 2973 3800 et
3016 3751 3117 3801 iste
3158 3753 3392 3805 mundus
3427 3769 3526 3807 usu
3566 3757 3650 3806 di-

2071 3852 2252 3893 verso.
2309 3838 2462 3892 Alius
2508 3838 2728 3907 quidem
2775 3841 2840 3892 ad
2890 3839 3056 3893 Deum
3106 3842 3289 3896 dixit:
3335 3862 3354 3896 ι
3389 3843 3520 3898 Tota
3564 3849 3652 3900 die

2072 3929 2289 3984 extendi
2343 3943 2538 3984 manus
2575 3945 2723 3984 meas
2757 3930 2823 3984 ad
2859 3939 2910 3985 te
2940 3929 3023 3997 υς
3065 3950 3082 3982 ι
3122 3942 3175 3986 t-t
3223 3951 3236 3986 :
3287 3955 3304 3986 ι
3345 3935 3555 4004 Septies
3599 3941 3650 3992 in

2076 4023 2164 4076 die
2198 4019 2409 4076 laudem
2441 4021 2549 4075 dixi
2585 4021 2678 4076 tibi
2707 4023 2754 4053 ⁶²
2775 4025 2850 4088 ςῖι
2883 4034 2976 4078 et:
3007 4043 3024 4075 ι
3061 4024 3233 4080 Media
3271 4040 3426 4082 nocte
3457 4046 3486 4083 e
3515 4031 3653 4085 lecto

2073 4113 2358 4186 surgebam
2412 4113 2494 4181 ”;
2554 4132 2572 4165 ι
2623 4125 2676 4170 ct
2718 4133 2734 4171 :
2782 4134 2801 4166 ι
2854 4117 3095 4171 Clamavi
3139 4119 3190 4172 in
3233 4121 3466 4186 caligine
3503 4125 3583 4189 εις
3631 4145 3647 4174 ι

2073 4216 2174 4262 ct:
2213 4225 2231 4259 ι
2267 4206 2489 4276 Speravi
2537 4208 2586 4261 in
2637 4208 2800 4262 verba
2835 4219 2923 4262 tua
2957 4208 3040 4276 "’;
3077 4220 3132 4266 et
3179 4229 3194 4266 :
3237 4231 3254 4263 ι
3293 4213 3349 4267 ln
3389 4225 3655 4270 tnatul'no

2076 4299 2468 4353 interticiebam
2507 4313 2699 4352 omnes
2729 4307 3044 4368 peccatores
3078 4313 3236 4357 terra:
3275 4304 3343 4368 “,
3384 4323 3404 4356 ι
3447 4308 3499 4361 id
3530 4320 3610 4361 est
3635 4347 3652 4373 ,

2076 4393 2142 4445 ad
2170 4393 2501 4460 voluptatem
2531 4401 2704 4446 motas
2744 4392 3073 4462 cupiditates
3099 4397 3470 4462 amputabant.
3501 4401 3655 4455 Alius

2079 4495 2260 4541 autem
2306 4486 2448 4541 diem
2499 4486 2612 4557 agit
2654 4487 2706 4540 in
2757 4487 2906 4554 vino,
2956 4491 3265 4544 considerat
3303 4493 3447 4544 unde
3474 4496 3658 4546 vv-niat

2079 4589 2255 4648 potus,
2290 4589 2573 4649 pernoctat
2597 4581 2652 4640 in
2686 4579 2901 4634 lascivis
2939 4580 3249 4651 illicitisque
3279 4586 3553 4652 operibus,
3599 4597 3656 4640 ct

2089 4666 2428 4742 properatad
2453 4673 2696 4728 occultas
2725 4672 2945 4729 fraudes
2967 4677 3051 4729 vel
3076 4676 3140 4728 ad
3164 4684 3380 4745 apeitas
3409 4679 3653 4745 insidias,

403 4757 538 4822 ξεσι,
571 4755 664 4808 καὶ
690 4757 908 4824 ταχύνει
943 4753 1080 4820 πρὸς
1124 4754 1353 4821 ἀφανεῖς
1405 4752 1613 4816 δόλους,
1651 4751 1683 4820 ἢ
1721 4757 1953 4822 φανερὰς

2075 4767 2139 4817 ad
2179 4766 2422 4834 rapinam
2457 4767 2759 4835 copiarum,
2787 4767 2853 4822 ad
2891 4781 3084 4836 pravas
3113 4768 3444 4824 molitiones.
3470 4770 3658 4827 Nonne

405 4848 695 4912 ἐπιδουλάς
752 4848 847 4901 καὶ
893 4847 1190 4918 χρημάτων
1249 4846 1530 4918 ἁρπαγὰς,
1576 4847 1672 4900 καὶ
1731 4847 1966 4916 μελέτας

403 4936 824 5014 πονηράς.⁷Αρ’
882 4940 942 4993 οὐ
997 4940 1193 4992 διεῖλον
1238 4932 1386 4992 οὗτοι
1426 4939 1528 5008 τὴν
1581 4940 1711 5010 μίαν
1773 4938 1964 5004 νύκτα,

405 5036 501 5089 καὶ
526 5035 617 5088 τὸν
639 5033 737 5087 ’ἐνα
771 5033 952 5103 ἥλιον,
989 5034 1083 5086 καὶ
1114 5033 1220 5103 πρὸ
1245 5031 1450 5084 τούτων
1482 5033 1581 5101 τὴν
1616 5033 1752 5085 ἰδίαν
1781 5033 1964 5100 φύσιν,

405 5126 744 5196 ἀσυμφώνως
772 5125 1022 5194 ἀλλήλοις
1065 5124 1586 5194 καταχρησάμενοι;
1648 5122 1708 5174 ’0
1733 5124 1792 5176 δὲ
1837 5125 1968 5186 Θεὸς

405 5219 724 5287 ἀδιαιρέτως
768 5217 931 5270 διεῖλε
955 5219 1087 5270 πᾶσι
1142 5219 1326 5270 πᾶσαν
1371 5215 1470 5286 τὴν
1505 5216 1704 5281 κτίσιν,
1747 5216 1972 5287 προθεὶς

405 5312 486 5376 εις
521 5312 712 5381 χρῆσιν
742 5310 838 5380 τὴν
865 5311 1005 5363 κατά
1029 5309 1305 5379 βούλησιν.

478 5423 498 5458 ε
537 5406 644 5457 Καὶ
680 5405 798 5473 μετ’
834 5404 896 5456 οὐ
947 5403 1146 5464 πολλὰς
1186 5405 1414 5473 ἡμέρας,
1443 5405 1596 5472 φησὶ,
1652 5405 1976 5472 συναγαγὼν

2068 4858 2153 4912 isti
2187 4873 2291 4911 non
2319 4858 2623 4912 diviserunt
2650 4862 2893 4914 eamdem
2927 4870 3163 4925 noctem,
3189 4865 3438 4917 eumdem
3466 4865 3656 4928 solem,

2068 4961 2120 5003 et
2155 4959 2282 5004 ante
2317 4951 2418 5006 ista
2460 4954 2735 5021 propriam
2773 4964 3060 5018 naturam,
3110 4970 3235 5009 cum
3273 4973 3379 5011 non
3418 4957 3560 5011 inter
3594 4975 3654 5013 se

2072 5044 2121 5094 in
2153 5058 2248 5095 usu
2275 5045 2692 5098 consenserint?
2715 5044 2858 5100 Deus
2896 5061 3025 5101 vero
3055 5047 3260 5115 pariter
3286 5050 3536 5105 omnibus
3572 5051 3654 5103 di-

2075 5134 2533 5200 visitcrcaturas,
2566 5135 2749 5191 basin
2795 5153 2953 5192 usum
3001 5147 3163 5208 prout
3211 5139 3502 5205 voluerint,
3545 5153 3659 5195 tra-

2079 5229 2233 5282 deus.

2151 5429 2170 5462 ι
2206 5409 2269 5464 Ει
2333 5425 2438 5465 non
2497 5420 2615 5479 post
2660 5411 2860 5466 multos
2920 5413 3054 5474 dies,
3125 5414 3242 5477 ait,
3319 5417 3659 5486 congregatis

405 5503 616 5554 ἅπαντα
642 5505 669 5553 ὁ
690 5499 954 5568 νεώτερος
989 5498 1122 5560 υίὸς,
1160 5497 1516 5566 ἀπεδήμησεν
1545 5501 1624 5560 εἰς
1649 5497 1831 5568 χώραν
1866 5515 1953 5566 μα-

2073 5501 2347 5566 omnibus,
2371 5503 2772 5557 adolescentior
2811 5502 2952 5558 lilius
2977 5520 3200 5574 peregre
3237 5507 3655 5571 proﬁciscitur.)

405 5594 561 5660 κράν.
595 5611 614 5644 ι
648 5592 770 5653 Πῶς
819 5591 919 5643 οὐκ
964 5590 1144 5653 εὐθὺς,
1181 5589 1297 5642 ἀλλ’
1325 5591 1384 5640 οὐ
1419 5589 1558 5656 μετά
1603 5589 1825 5654 πολλὰς,
1856 5591 1950 5660 ήτο

2072 5593 2182 5647 Cur
2217 5611 2320 5650 non
2352 5596 2558 5658 statim,
2591 5598 2684 5657 scd
2721 5613 2824 5650 non
2865 5610 2984 5664 post
3018 5599 3214 5651 multos
3241 5599 3378 5661 dies,
3411 5614 3504 5653 seu
3540 5609 3663 5666 post

409 5687 526 5752 μετ’
554 5685 733 5752 ὺλίγας
779 5683 1129 5755 ἀπεδήμησεν
1181 5684 1429 5752 ἡμέρας;
1465 5681 1526 5732 Ὀ
1559 5680 1791 5750 πονηρὸς
1837 5681 1972 5733 ὑπο-

2077 5702 2277 5754 paucos
2319 5688 2436 5742 dies
2473 5687 2748 5757 profectus
2785 5690 2907 5743 e31?
2937 5689 3230 5744 Perversus
3263 5692 3518 5744 sedtn-tor
3542 5691 3662 5744 dia-

478 5827 522 5857 ¹⁶⁰
569 5828 708 5883 Psal.
765 5841 885 5894 ιν,
914 5827 969 5878 2.
1047 5824 1087 5853 ’δ’
1126 5821 1270 5877 PSul.
1313 5836 1552 5886 LXXXVII,
1588 5820 1671 5876 10.
1752 5820 1798 5851 “
1827 5820 1947 5874 [δεδι

2061 5838 2200 5890 :vtn,
2240 5825 2362 5881 164.
2446 5826 2492 5859 ⁸³
2524 5825 2658 5880 ibid.
2693 5826 2781 5881 62.
2863 5827 2906 5857 “
2935 5826 3080 5882 Psal.
3111 5844 3257 5894 cnx,
3295 5830 3347 5884 -l.
3429 5831 3471 5861 ’⁸⁵
3509 5793 3657 5888 l‘sal.

405 5913 588 5964 εει-ιιι,
625 5900 712 5953 42.
788 5898 836 5928 ⁸⁸
869 5893 1014 5952 Psal.
1044 5910 1091 5959 c,
1125 5899 1178 5949 8.
