  <div class='ocr_page' id='page_1' title='image "/cluster/home/n/w/nwhite01/storage/ocr_20150623/151:no.2/coo.31924054870567/027.png"; bbox 0 0 4090 6440; ppageno 0'>
   <div class='ocr_carea' id='block_1_1' title="bbox 465 354 2026 422">
    <p class='ocr_par' dir='ltr' id='par_1_1' title="bbox 465 357 2026 420">
     <span class='ocr_line' id='line_1_1' title="bbox 465 357 2026 420; baseline -0.006 0"><span class='ocrx_word' id='word_1_1' title='bbox 465 357 539 420; x_wconf 87' lang='grc'><strong>39</strong></span> <span class='ocrx_word' id='word_1_2' title='bbox 1728 357 2026 418; x_wconf 72' lang='lat' dir='ltr'><strong>GREGOli</strong></span> 
     </span>
    </p>
   </div>
   <div class='ocr_carea' id='block_1_2' title="bbox 2131 354 2475 422">
    <p class='ocr_par' dir='ltr' id='par_1_2' title="bbox 2156 359 2475 422">
     <span class='ocr_line' id='line_1_2' title="bbox 2156 359 2475 422; baseline 0.016 -5"><span class='ocrx_word' id='word_1_3' title='bbox 2156 359 2240 418; x_wconf 86' lang='lat' dir='ltr'><strong>PA</strong></span> <span class='ocrx_word' id='word_1_4' title='bbox 2254 363 2341 420; x_wconf 75' lang='lat' dir='ltr'><strong>LA</strong></span> <span class='ocrx_word' id='word_1_5' title='bbox 2351 365 2402 422; x_wconf 73' lang='lat' dir='ltr'><strong>lii</strong></span> <span class='ocrx_word' id='word_1_6' title='bbox 2414 363 2475 421; x_wconf 71' lang='grc' dir='ltr'><strong>,Ε</strong></span> 
     </span>
    </p>
   </div>
   <div class='ocr_carea' id='block_1_3' title="bbox 3659 377 3731 444">
    <p class='ocr_par' dir='ltr' id='par_1_3' title="bbox 3659 377 3731 444">
     <span class='ocr_line' id='line_1_3' title="bbox 3659 377 3731 444; baseline -0.028 0"><span class='ocrx_word' id='word_1_7' title='bbox 3659 377 3731 444; x_wconf 69' lang='grc'>40</span> 
     </span>
    </p>
   </div>
   <div class='ocr_carea' id='block_1_4' title="bbox 469 463 2026 562">
    <p class='ocr_par' dir='ltr' id='par_1_4' title="bbox 469 463 2026 536">
     <span class='ocr_line' id='line_1_4' title="bbox 469 463 2026 536; baseline -0.002 -14"><span class='ocrx_word' id='word_1_8' title='bbox 469 465 626 522; x_wconf 85' lang='lat' dir='ltr'><strong>bolus</strong></span> <span class='ocrx_word' id='word_1_9' title='bbox 664 479 768 517; x_wconf 92' lang='lat' dir='ltr'><strong>non</strong></span> <span class='ocrx_word' id='word_1_10' title='bbox 802 463 964 519; x_wconf 84' lang='lat' dir='ltr'><strong>simul</strong></span> <span class='ocrx_word' id='word_1_11' title='bbox 996 463 1214 517; x_wconf 87' lang='lat' dir='ltr'><strong>modum</strong></span> <span class='ocrx_word' id='word_1_12' title='bbox 1244 465 1435 535; x_wconf 83' lang='lat' dir='ltr'><strong>agendi</strong></span> <span class='ocrx_word' id='word_1_13' title='bbox 1463 465 1744 536; x_wconf 88' lang='lat' dir='ltr'><strong>proprium</strong></span> <span class='ocrx_word' id='word_1_14' title='bbox 1773 477 1828 520; x_wconf 82' lang='lat' dir='ltr'><strong>et</strong></span> <span class='ocrx_word' id='word_1_15' title='bbox 1853 482 2026 534; x_wconf 69' lang='lat' dir='ltr'><strong>pecca-</strong></span> 
     </span>
    </p>
   </div>
   <div class='ocr_carea' id='block_1_5' title="bbox 2131 463 3725 562">
    <p class='ocr_par' dir='ltr' id='par_1_5' title="bbox 2150 471 3725 562">
     <span class='ocr_line' id='line_1_5' title="bbox 2150 471 3725 562; baseline 0.013 -38"><span class='ocrx_word' id='word_1_16' title='bbox 2150 471 2326 542; x_wconf 76' lang='grc' dir='ltr'>φήτης</span> <span class='ocrx_word' id='word_1_17' title='bbox 2357 473 2601 538; x_wconf 72' lang='grc' dir='ltr'>διάϐολος</span> <span class='ocrx_word' id='word_1_18' title='bbox 2639 473 2737 547; x_wconf 81' lang='grc' dir='ltr'>οὐχ</span> <span class='ocrx_word' id='word_1_19' title='bbox 2763 475 2881 543; x_wconf 82' lang='grc' dir='ltr'><strong>ἀμα</strong></span> <span class='ocrx_word' id='word_1_20' title='bbox 2939 476 3038 549; x_wconf 79' lang='grc' dir='ltr'>τὴν</span> <span class='ocrx_word' id='word_1_21' title='bbox 3075 480 3456 554; x_wconf 78' lang='grc' dir='ltr'>ίδιορῤυθμίαν</span> <span class='ocrx_word' id='word_1_22' title='bbox 3489 491 3583 542; x_wconf 84' lang='grc' dir='ltr'>καὶ</span> <span class='ocrx_word' id='word_1_23' title='bbox 3627 494 3725 562; x_wconf 70' lang='grc' dir='ltr'>τὴν</span> 
     </span>
    </p>
   </div>
   <div class='ocr_carea' id='block_1_6' title="bbox 469 557 2043 626">
    <p class='ocr_par' dir='ltr' id='par_1_6' title="bbox 469 557 2043 626">
     <span class='ocr_line' id='line_1_6' title="bbox 469 557 2043 626; baseline -0.001 -14"><span class='ocrx_word' id='word_1_24' title='bbox 469 568 581 612; x_wconf 87' lang='lat' dir='ltr'><strong>ttttn</strong></span> <span class='ocrx_word' id='word_1_25' title='bbox 615 557 894 626; x_wconf 89' lang='lat' dir='ltr'><strong>supponit,</strong></span> <span class='ocrx_word' id='word_1_26' title='bbox 928 557 1020 610; x_wconf 88' lang='lat' dir='ltr'><strong>sed</strong></span> <span class='ocrx_word' id='word_1_27' title='bbox 1051 557 1364 621; x_wconf 76' lang='lat' dir='ltr'><strong>aliquandiu</strong></span> <span class='ocrx_word' id='word_1_28' title='bbox 1413 557 1576 612; x_wconf 85' lang='lat' dir='ltr'><strong>multa</strong></span> <span class='ocrx_word' id='word_1_29' title='bbox 1621 568 1736 611; x_wconf 80' lang='lat' dir='ltr'><strong>arte</strong></span> <span class='ocrx_word' id='word_1_30' title='bbox 1782 558 2043 610; x_wconf 70' lang='lat' dir='ltr'><strong>f-‘tllttcltt&#39;l&#39;</strong></span> 
     </span>
    </p>
   </div>
   <div class='ocr_carea' id='block_1_7' title="bbox 465 647 2043 716">
    <p class='ocr_par' dir='ltr' id='par_1_7' title="bbox 465 647 2043 716">
     <span class='ocr_line' id='line_1_7' title="bbox 465 647 2043 716; baseline -0.001 -14"><span class='ocrx_word' id='word_1_31' title='bbox 465 651 677 713; x_wconf 85' lang='lat' dir='ltr'><strong>suadet,</strong></span> <span class='ocrx_word' id='word_1_32' title='bbox 711 663 1000 702; x_wconf 91' lang='lat' dir='ltr'><strong>susurrans</strong></span> <span class='ocrx_word' id='word_1_33' title='bbox 1023 658 1076 702; x_wconf 92' lang='lat' dir='ltr'><strong>et</strong></span> <span class='ocrx_word' id='word_1_34' title='bbox 1097 647 1282 701; x_wconf 74' lang='lat' dir='ltr'><strong>diter</strong></span> <span class='ocrx_word' id='word_1_35' title='bbox 1315 647 1468 702; x_wconf 89' lang='lat' dir='ltr'><strong>nobis</strong></span> <span class='ocrx_word' id='word_1_36' title='bbox 1493 671 1506 703; x_wconf 74' lang='grc' dir='ltr'><strong>ι</strong></span> <span class='ocrx_word' id='word_1_37' title='bbox 1533 647 1610 702; x_wconf 86' lang='grc' dir='ltr'>Τιι</span> <span class='ocrx_word' id='word_1_38' title='bbox 1634 649 1795 700; x_wconf 84' lang='lat' dir='ltr'><strong>etiam</strong></span> <span class='ocrx_word' id='word_1_39' title='bbox 1827 663 1922 716; x_wconf 89' lang='lat' dir='ltr'><strong>pro</strong></span> <span class='ocrx_word' id='word_1_40' title='bbox 1953 656 2043 700; x_wconf 88' lang='lat' dir='ltr'><strong>tuo</strong></span> 
     </span>
    </p>
   </div>
   <div class='ocr_carea' id='block_1_8' title="bbox 465 738 2043 808">
    <p class='ocr_par' dir='ltr' id='par_1_8' title="bbox 465 738 2043 808">
     <span class='ocr_line' id='line_1_8' title="bbox 465 738 2043 808; baseline -0.003 -15"><span class='ocrx_word' id='word_1_41' title='bbox 465 741 666 808; x_wconf 83' lang='lat' dir='ltr'><strong>iudicio</strong></span> <span class='ocrx_word' id='word_1_42' title='bbox 701 741 908 802; x_wconf 76' lang='lat' dir='ltr'><strong>vivens,</strong></span> <span class='ocrx_word' id='word_1_43' title='bbox 939 755 1036 793; x_wconf 85' lang='lat' dir='ltr'><strong>nec</strong></span> <span class='ocrx_word' id='word_1_44' title='bbox 1067 741 1294 793; x_wconf 87' lang='lat' dir='ltr'><strong>audiens</strong></span> <span class='ocrx_word' id='word_1_45' title='bbox 1328 739 1620 793; x_wconf 83' lang='lat' dir='ltr'><strong>Ecclesiatn</strong></span> <span class='ocrx_word' id='word_1_46' title='bbox 1658 738 1772 801; x_wconf 65' lang='lat' dir='ltr'><strong>Dori,</strong></span> <span class='ocrx_word' id='word_1_47' title='bbox 1807 754 1906 792; x_wconf 82' lang='lat' dir='ltr'><strong>nec</strong></span> <span class='ocrx_word' id='word_1_48' title='bbox 1948 754 2043 790; x_wconf 87' lang='lat' dir='ltr'><strong>att-</strong></span> 
     </span>
    </p>
   </div>
   <div class='ocr_carea' id='block_1_9' title="bbox 468 829 2043 901">
    <p class='ocr_par' dir='ltr' id='par_1_9' title="bbox 468 829 2043 901">
     <span class='ocr_line' id='line_1_9' title="bbox 468 829 2043 901; baseline -0.001 -17"><span class='ocrx_word' id='word_1_49' title='bbox 468 848 556 886; x_wconf 87' lang='lat' dir='ltr'><strong>res</strong></span> <span class='ocrx_word' id='word_1_50' title='bbox 587 835 830 901; x_wconf 63' lang='lat' dir='ltr'><strong>praebeas</strong></span> <span class='ocrx_word' id='word_1_51' title='bbox 858 831 1118 885; x_wconf 73' lang='lat' dir='ltr'><strong>doctrina:</strong></span> <span class='ocrx_word' id='word_1_52' title='bbox 1146 831 1421 895; x_wconf 62' lang='lat' dir='ltr'><strong>Ecclesia),</strong></span> <span class='ocrx_word' id='word_1_53' title='bbox 1456 831 1658 898; x_wconf 84' lang='lat' dir='ltr'><strong>poteris</strong></span> <span class='ocrx_word' id='word_1_54' title='bbox 1683 845 1711 882; x_wconf 88' lang='lat' dir='ltr'><strong>a</strong></span> <span class='ocrx_word' id='word_1_55' title='bbox 1758 829 2043 895; x_wconf 83' lang='lat' dir='ltr'><strong>tetnetipso</strong></span> 
     </span>
    </p>
   </div>
   <div class='ocr_carea' id='block_1_10' title="bbox 466 919 2039 990">
    <p class='ocr_par' dir='ltr' id='par_1_10' title="bbox 466 919 2039 990">
     <span class='ocr_line' id='line_1_10' title="bbox 466 919 2039 990; baseline -0.001 -16"><span class='ocrx_word' id='word_1_56' title='bbox 466 921 638 975; x_wconf 85' lang='lat' dir='ltr'><strong>cilicia</strong></span> <span class='ocrx_word' id='word_1_57' title='bbox 683 922 1022 990; x_wconf 87' lang='lat' dir='ltr'><strong>conspicere,</strong></span> <span class='ocrx_word' id='word_1_58' title='bbox 1050 937 1150 974; x_wconf 87' lang='lat' dir='ltr'><strong>ncc</strong></span> <span class='ocrx_word' id='word_1_59' title='bbox 1178 937 1206 972; x_wconf 88' lang='lat' dir='ltr'><strong>a</strong></span> <span class='ocrx_word' id='word_1_60' title='bbox 1239 922 1378 976; x_wconf 89' lang='lat' dir='ltr'><strong>bono</strong></span> <span class='ocrx_word' id='word_1_61' title='bbox 1405 920 1665 974; x_wconf 82' lang='lat' dir='ltr'><strong>amoveri.</strong></span> <span class='ocrx_word' id='word_1_62' title='bbox 1691 919 1916 984; x_wconf 87' lang='lat' dir='ltr'><strong>Quando</strong></span> <span class='ocrx_word' id='word_1_63' title='bbox 1941 934 2039 972; x_wconf 84' lang='lat' dir='ltr'><strong>au-</strong></span> 
     </span>
    </p>
   </div>
   <div class='ocr_carea' id='block_1_11' title="bbox 467 1013 2044 1083">
    <p class='ocr_par' dir='ltr' id='par_1_11' title="bbox 467 1013 2044 1083">
     <span class='ocr_line' id='line_1_11' title="bbox 467 1013 2044 1083; baseline -0.004 -16"><span class='ocrx_word' id='word_1_64' title='bbox 467 1021 573 1067; x_wconf 87' lang='lat' dir='ltr'><strong>tem</strong></span> <span class='ocrx_word' id='word_1_65' title='bbox 605 1014 893 1081; x_wconf 85' lang='lat' dir='ltr'><strong>quemdam</strong></span> <span class='ocrx_word' id='word_1_66' title='bbox 927 1028 954 1065; x_wconf 88' lang='lat' dir='ltr'><strong>a</strong></span> <span class='ocrx_word' id='word_1_67' title='bbox 986 1013 1161 1067; x_wconf 89' lang='lat' dir='ltr'><strong>sacris</strong></span> <span class='ocrx_word' id='word_1_68' title='bbox 1203 1013 1416 1083; x_wconf 86' lang='lat' dir='ltr'><strong>hymnis</strong></span> <span class='ocrx_word' id='word_1_69' title='bbox 1442 1014 1722 1072; x_wconf 88' lang='lat' dir='ltr'><strong>averterit,</strong></span> <span class='ocrx_word' id='word_1_70' title='bbox 1759 1028 1878 1064; x_wconf 90' lang='lat' dir='ltr'><strong>cum</strong></span> <span class='ocrx_word' id='word_1_71' title='bbox 1917 1027 2044 1064; x_wconf 82' lang='lat' dir='ltr'><strong>sua-</strong></span> 
     </span>
    </p>
   </div>
   <div class='ocr_carea' id='block_1_12' title="bbox 465 1104 2042 1175">
    <p class='ocr_par' dir='ltr' id='par_1_12' title="bbox 465 1104 2042 1175">
     <span class='ocr_line' id='line_1_12' title="bbox 465 1104 2042 1175; baseline -0.001 -15"><span class='ocrx_word' id='word_1_72' title='bbox 465 1106 598 1160; x_wconf 84' lang='lat' dir='ltr'><strong>serit</strong></span> <span class='ocrx_word' id='word_1_73' title='bbox 630 1121 695 1158; x_wconf 79' lang='lat' dir='ltr'><strong>ne</strong></span> <span class='ocrx_word' id='word_1_74' title='bbox 722 1121 905 1160; x_wconf 82' lang='lat' dir='ltr'><strong>sacros</strong></span> <span class='ocrx_word' id='word_1_75' title='bbox 933 1107 1183 1159; x_wconf 85' lang='lat' dir='ltr'><strong>doctores</strong></span> <span class='ocrx_word' id='word_1_76' title='bbox 1215 1106 1419 1169; x_wconf 83' lang='lat' dir='ltr'><strong>audiat,</strong></span> <span class='ocrx_word' id='word_1_77' title='bbox 1471 1105 1818 1175; x_wconf 75' lang='lat' dir='ltr'><strong>longinquum</strong></span> <span class='ocrx_word' id='word_1_78' title='bbox 1863 1104 2042 1158; x_wconf 85' lang='lat' dir='ltr'><strong>adhuc</strong></span> 
     </span>
    </p>
   </div>
   <div class='ocr_carea' id='block_1_13' title="bbox 463 1195 2042 1266">
    <p class='ocr_par' dir='ltr' id='par_1_13' title="bbox 463 1195 2042 1266">
     <span class='ocr_line' id='line_1_13' title="bbox 463 1195 2042 1266; baseline -0.001 -15"><span class='ocrx_word' id='word_1_79' title='bbox 463 1212 584 1251; x_wconf 87' lang='lat' dir='ltr'><strong>eunt</strong></span> <span class='ocrx_word' id='word_1_80' title='bbox 623 1197 750 1250; x_wconf 83' lang='lat' dir='ltr'><strong>facit</strong></span> <span class='ocrx_word' id='word_1_81' title='bbox 787 1212 816 1249; x_wconf 88' lang='lat' dir='ltr'><strong>a</strong></span> <span class='ocrx_word' id='word_1_82' title='bbox 851 1198 1030 1250; x_wconf 83' lang='lat' dir='ltr'><strong>divina</strong></span> <span class='ocrx_word' id='word_1_83' title='bbox 1074 1195 1375 1263; x_wconf 69' lang='lat' dir='ltr'><strong>vigilantia,</strong></span> <span class='ocrx_word' id='word_1_84' title='bbox 1408 1197 1588 1266; x_wconf 82' lang='lat' dir='ltr'><strong>pravis</strong></span> <span class='ocrx_word' id='word_1_85' title='bbox 1620 1212 1742 1249; x_wconf 90' lang='lat' dir='ltr'><strong>eum</strong></span> <span class='ocrx_word' id='word_1_86' title='bbox 1787 1196 2042 1264; x_wconf 78' lang='lat' dir='ltr'><strong>Operibus</strong></span> 
     </span>
    </p>
   </div>
   <div class='ocr_carea' id='block_1_14' title="bbox 463 1289 2041 1358">
    <p class='ocr_par' dir='ltr' id='par_1_14' title="bbox 463 1289 2041 1358">
     <span class='ocr_line' id='line_1_14' title="bbox 463 1289 2041 1358; baseline -0.003 -15"><span class='ocrx_word' id='word_1_87' title='bbox 463 1289 716 1353; x_wconf 88' lang='lat' dir='ltr'><strong>tradens;</strong></span> <span class='ocrx_word' id='word_1_88' title='bbox 749 1289 890 1342; x_wconf 87' lang='lat' dir='ltr'><strong>Deus</strong></span> <span class='ocrx_word' id='word_1_89' title='bbox 920 1289 1064 1342; x_wconf 91' lang='lat' dir='ltr'><strong>enim</strong></span> <span class='ocrx_word' id='word_1_90' title='bbox 1096 1291 1294 1357; x_wconf 88' lang='lat' dir='ltr'><strong>ubique</strong></span> <span class='ocrx_word' id='word_1_91' title='bbox 1329 1304 1566 1358; x_wconf 69' lang='lat' dir='ltr'><strong>praesens</strong></span> <span class='ocrx_word' id='word_1_92' title='bbox 1592 1298 1716 1353; x_wconf 86' lang='lat' dir='ltr'><strong>est;</strong></span> <span class='ocrx_word' id='word_1_93' title='bbox 1760 1303 1926 1340; x_wconf 91' lang='lat' dir='ltr'><strong>unum</strong></span> <span class='ocrx_word' id='word_1_94' title='bbox 1955 1297 2041 1342; x_wconf 87' lang='lat' dir='ltr'><strong>est</strong></span> 
     </span>
    </p>
   </div>
   <div class='ocr_carea' id='block_1_15' title="bbox 461 1379 2038 1447">
    <p class='ocr_par' dir='ltr' id='par_1_15' title="bbox 461 1379 2038 1447">
     <span class='ocr_line' id='line_1_15' title="bbox 461 1379 2038 1447; baseline -0.003 -14"><span class='ocrx_word' id='word_1_95' title='bbox 461 1397 491 1433; x_wconf 89' lang='lat' dir='ltr'><strong>a</strong></span> <span class='ocrx_word' id='word_1_96' title='bbox 542 1380 683 1433; x_wconf 86' lang='lat' dir='ltr'><strong>bono</strong></span> <span class='ocrx_word' id='word_1_97' title='bbox 721 1379 1054 1445; x_wconf 84' lang='lat' dir='ltr'><strong>discrimen,</strong></span> <span class='ocrx_word' id='word_1_98' title='bbox 1112 1380 1307 1431; x_wconf 87' lang='lat' dir='ltr'><strong>malum</strong></span> <span class='ocrx_word' id='word_1_99' title='bbox 1358 1380 1412 1433; x_wconf 90' lang='lat' dir='ltr'><strong>in</strong></span> <span class='ocrx_word' id='word_1_100' title='bbox 1461 1394 1567 1445; x_wconf 81' lang='lat' dir='ltr'><strong>quo</strong></span> <span class='ocrx_word' id='word_1_101' title='bbox 1621 1394 1715 1445; x_wconf 83' lang='lat' dir='ltr'><strong>per</strong></span> <span class='ocrx_word' id='word_1_102' title='bbox 1761 1387 2038 1447; x_wconf 84' lang='lat' dir='ltr'><strong>peccatum</strong></span> 
     </span>
    </p>
   </div>
   <div class='ocr_carea' id='block_1_16' title="bbox 461 1473 2040 1543">
    <p class='ocr_par' dir='ltr' id='par_1_16' title="bbox 461 1473 2040 1543">
     <span class='ocr_line' id='line_1_16' title="bbox 461 1473 2040 1543; baseline -0.003 -15"><span class='ocrx_word' id='word_1_103' title='bbox 461 1488 685 1543; x_wconf 82' lang='lat' dir='ltr'><strong>peregre</strong></span> <span class='ocrx_word' id='word_1_104' title='bbox 745 1489 774 1526; x_wconf 86' lang='lat' dir='ltr'><strong>a</strong></span> <span class='ocrx_word' id='word_1_105' title='bbox 815 1475 923 1528; x_wconf 90' lang='lat' dir='ltr'><strong>Deo</strong></span> <span class='ocrx_word' id='word_1_106' title='bbox 975 1473 1411 1542; x_wconf 83' lang='lat' dir='ltr'><strong>proﬁciscimur:</strong></span> <span class='ocrx_word' id='word_1_107' title='bbox 1449 1474 1594 1529; x_wconf 70' lang='lat' dir='ltr'><strong>«Non</strong></span> <span class='ocrx_word' id='word_1_108' title='bbox 1636 1473 1781 1528; x_wconf 90' lang='lat' dir='ltr'><strong>enim</strong></span> <span class='ocrx_word' id='word_1_109' title='bbox 1826 1487 2040 1539; x_wconf 85' lang='lat' dir='ltr'><strong>perma-</strong></span> 
     </span>
    </p>
   </div>
   <div class='ocr_carea' id='block_1_17' title="bbox 463 1565 2036 1634">
    <p class='ocr_par' dir='ltr' id='par_1_17' title="bbox 463 1565 2036 1634">
     <span class='ocr_line' id='line_1_17' title="bbox 463 1565 2036 1634; baseline -0.001 -18"><span class='ocrx_word' id='word_1_110' title='bbox 463 1565 669 1618; x_wconf 87' lang='lat' dir='ltr'><strong>nebunt</strong></span> <span class='ocrx_word' id='word_1_111' title='bbox 710 1565 896 1634; x_wconf 85' lang='lat' dir='ltr'><strong>ittjusti</strong></span> <span class='ocrx_word' id='word_1_112' title='bbox 948 1575 1073 1620; x_wconf 89' lang='lat' dir='ltr'><strong>ante</strong></span> <span class='ocrx_word' id='word_1_113' title='bbox 1118 1565 1303 1620; x_wconf 90' lang='lat' dir='ltr'><strong>oculos</strong></span> <span class='ocrx_word' id='word_1_114' title='bbox 1339 1577 1461 1622; x_wconf 90' lang='lat' dir='ltr'><strong>tuos</strong></span> <span class='ocrx_word' id='word_1_115' title='bbox 1495 1586 1540 1630; x_wconf 74' lang='grc' dir='ltr'><strong>ι,</strong></span> <span class='ocrx_word' id='word_1_116' title='bbox 1583 1568 1718 1620; x_wconf 75' lang='lat' dir='ltr'><strong>dixit</strong></span> <span class='ocrx_word' id='word_1_117' title='bbox 1763 1567 1828 1619; x_wconf 85' lang='lat' dir='ltr'><strong>ad</strong></span> <span class='ocrx_word' id='word_1_118' title='bbox 1870 1565 2036 1619; x_wconf 81' lang='lat' dir='ltr'><strong>Deum</strong></span> 
     </span>
    </p>
   </div>
   <div class='ocr_carea' id='block_1_18' title="bbox 460 1654 651 1710">
    <p class='ocr_par' dir='ltr' id='par_1_18' title="bbox 460 1654 651 1710">
     <span class='ocr_line' id='line_1_18' title="bbox 460 1654 651 1710; baseline 0.005 -2"><span class='ocrx_word' id='word_1_119' title='bbox 460 1654 651 1710; x_wconf 90' lang='lat' dir='ltr'><strong>David.</strong></span> 
     </span>
    </p>
   </div>
   <div class='ocr_carea' id='block_1_19' title="bbox 530 1941 2026 2018">
    <p class='ocr_par' dir='ltr' id='par_1_19' title="bbox 530 1941 2026 2018">
     <span class='ocr_line' id='line_1_19' title="bbox 530 1941 2026 2018; baseline 0.007 -24"><span class='ocrx_word' id='word_1_120' title='bbox 530 1941 822 2010; x_wconf 80' lang='lat' dir='ltr'><strong>Elongatus</strong></span> <span class='ocrx_word' id='word_1_121' title='bbox 849 1959 977 2014; x_wconf 79' lang='lat' dir='ltr'><strong>ergo</strong></span> <span class='ocrx_word' id='word_1_122' title='bbox 1021 1946 1119 2010; x_wconf 89' lang='lat' dir='ltr'><strong>ita,</strong></span> <span class='ocrx_word' id='word_1_123' title='bbox 1164 1956 1216 2000; x_wconf 90' lang='lat' dir='ltr'><strong>et</strong></span> <span class='ocrx_word' id='word_1_124' title='bbox 1266 1946 1322 2001; x_wconf 87' lang='lat' dir='ltr'><strong>in</strong></span> <span class='ocrx_word' id='word_1_125' title='bbox 1367 1949 1643 2015; x_wconf 73' lang='lat' dir='ltr'><strong>regionem</strong></span> <span class='ocrx_word' id='word_1_126' title='bbox 1679 1949 2026 2018; x_wconf 75' lang='lat' dir='ltr'><strong>longinquam</strong></span> 
     </span>
    </p>
   </div>
   <div class='ocr_carea' id='block_1_20' title="bbox 455 2034 2031 2111">
    <p class='ocr_par' dir='ltr' id='par_1_20' title="bbox 455 2034 2031 2111">
     <span class='ocr_line' id='line_1_20' title="bbox 455 2034 2031 2111; baseline 0.009 -29"><span class='ocrx_word' id='word_1_127' title='bbox 455 2034 732 2100; x_wconf 67' lang='lat' dir='ltr'><strong>profectus</strong></span> <span class='ocrx_word' id='word_1_128' title='bbox 758 2035 1155 2090; x_wconf 80' lang='lat' dir='ltr'><strong>adolescentior</strong></span> <span class='ocrx_word' id='word_1_129' title='bbox 1187 2039 1328 2090; x_wconf 85' lang='lat' dir='ltr'><strong>iilius</strong></span> <span class='ocrx_word' id='word_1_130' title='bbox 1372 2054 1388 2092; x_wconf 88' lang='lat'><strong>:</strong></span> <span class='ocrx_word' id='word_1_131' title='bbox 1426 2060 1444 2090; x_wconf 71' lang='grc' dir='ltr'><strong>ι</strong></span> <span class='ocrx_word' id='word_1_132' title='bbox 1481 2039 1581 2102; x_wconf 87' lang='lat' dir='ltr'><strong>ibi,</strong></span> <span class='ocrx_word' id='word_1_133' title='bbox 1616 2043 1711 2104; x_wconf 87' lang='lat' dir='ltr'><strong>ait,</strong></span> <span class='ocrx_word' id='word_1_134' title='bbox 1745 2042 2031 2111; x_wconf 72' lang='lat' dir='ltr'><strong>dissipavit</strong></span> 
     </span>
    </p>
   </div>
   <div class='ocr_carea' id='block_1_21' title="bbox 455 2121 2031 2198">
    <p class='ocr_par' dir='ltr' id='par_1_21' title="bbox 455 2121 2031 2198">
     <span class='ocr_line' id='line_1_21' title="bbox 455 2121 2031 2198; baseline 0.009 -24"><span class='ocrx_word' id='word_1_135' title='bbox 455 2121 814 2176; x_wconf 78' lang='lat' dir='ltr'><strong>substantiam</strong></span> <span class='ocrx_word' id='word_1_136' title='bbox 877 2139 1032 2178; x_wconf 85' lang='lat' dir='ltr'><strong>suam</strong></span> <span class='ocrx_word' id='word_1_137' title='bbox 1085 2127 1316 2181; x_wconf 83' lang='lat' dir='ltr'><strong>vivendo</strong></span> <span class='ocrx_word' id='word_1_138' title='bbox 1344 2127 1648 2184; x_wconf 76' lang='lat' dir='ltr'><strong>luxuriose.</strong></span> <span class='ocrx_word' id='word_1_139' title='bbox 1683 2150 1702 2181; x_wconf 75' lang='grc' dir='ltr'><strong>ι</strong></span> <span class='ocrx_word' id='word_1_140' title='bbox 1749 2129 2031 2198; x_wconf 80' lang='lat' dir='ltr'><strong>Quomodo</strong></span> 
     </span>
    </p>
   </div>
   <div class='ocr_carea' id='block_1_22' title="bbox 455 2213 2031 2282">
    <p class='ocr_par' dir='ltr' id='par_1_22' title="bbox 455 2213 2031 2282">
     <span class='ocr_line' id='line_1_22' title="bbox 455 2213 2031 2282; baseline 0.006 -16"><span class='ocrx_word' id='word_1_141' title='bbox 455 2213 621 2282; x_wconf 75' lang='lat' dir='ltr'><strong>igitur</strong></span> <span class='ocrx_word' id='word_1_142' title='bbox 674 2213 958 2277; x_wconf 74' lang='lat' dir='ltr'><strong>dissipavit</strong></span> <span class='ocrx_word' id='word_1_143' title='bbox 999 2217 1356 2274; x_wconf 76' lang='lat' dir='ltr'><strong>substantiam</strong></span> <span class='ocrx_word' id='word_1_144' title='bbox 1404 2220 1604 2273; x_wconf 84' lang='lat' dir='ltr'><strong>suam?</strong></span> <span class='ocrx_word' id='word_1_145' title='bbox 1656 2223 1795 2277; x_wconf 79' lang='lat' dir='ltr'><strong>Ante</strong></span> <span class='ocrx_word' id='word_1_146' title='bbox 1851 2225 2031 2277; x_wconf 86' lang='lat' dir='ltr'><strong>omnia</strong></span> 
     </span>
    </p>
   </div>
   <div class='ocr_carea' id='block_1_23' title="bbox 457 2306 2032 2371">
    <p class='ocr_par' dir='ltr' id='par_1_23' title="bbox 457 2306 2032 2371">
     <span class='ocr_line' id='line_1_23' title="bbox 457 2306 2032 2371; baseline 0.01 -15"><span class='ocrx_word' id='word_1_147' title='bbox 457 2306 759 2358; x_wconf 75' lang='lat' dir='ltr'><strong>substantia</strong></span> <span class='ocrx_word' id='word_1_148' title='bbox 798 2318 852 2358; x_wconf 90' lang='lat' dir='ltr'><strong>ct</strong></span> <span class='ocrx_word' id='word_1_149' title='bbox 879 2308 1082 2359; x_wconf 62' lang='lat' dir='ltr'><strong>diviti.»</strong></span> <span class='ocrx_word' id='word_1_150' title='bbox 1115 2321 1309 2362; x_wconf 80' lang='lat' dir='ltr'><strong>ttostra-</strong></span> <span class='ocrx_word' id='word_1_151' title='bbox 1343 2315 1613 2365; x_wconf 79' lang='lat' dir='ltr'><strong>naturales</strong></span> <span class='ocrx_word' id='word_1_152' title='bbox 1643 2316 1818 2368; x_wconf 83' lang='lat' dir='ltr'><strong>anima</strong></span> <span class='ocrx_word' id='word_1_153' title='bbox 1846 2329 2032 2371; x_wconf 77' lang='lat' dir='ltr'><strong>nostra</strong></span> 
     </span>
    </p>
   </div>
   <div class='ocr_carea' id='block_1_24' title="bbox 451 2379 2026 2474">
    <p class='ocr_par' dir='ltr' id='par_1_24' title="bbox 451 2379 2026 2474">
     <span class='ocr_line' id='line_1_24' title="bbox 451 2379 2026 2474; baseline 0.008 -24"><span class='ocrx_word' id='word_1_154' title='bbox 451 2408 599 2450; x_wconf 86' lang='lat' dir='ltr'><strong>sunt.</strong></span> <span class='ocrx_word' id='word_1_155' title='bbox 633 2379 879 2462; x_wconf 73' lang='lat' dir='ltr'><strong>Quandiu</strong></span> <span class='ocrx_word' id='word_1_156' title='bbox 918 2399 972 2452; x_wconf 90' lang='lat' dir='ltr'><strong>in</strong></span> <span class='ocrx_word' id='word_1_157' title='bbox 1006 2400 1332 2456; x_wconf 78' lang='lat' dir='ltr'><strong>salutaribus</strong></span> <span class='ocrx_word' id='word_1_158' title='bbox 1361 2405 1600 2458; x_wconf 86' lang='lat' dir='ltr'><strong>moribus</strong></span> <span class='ocrx_word' id='word_1_159' title='bbox 1628 2421 2026 2474; x_wconf 80' lang='lat' dir='ltr'><strong>permanemus,</strong></span> 
     </span>
    </p>
   </div>
   <div class='ocr_carea' id='block_1_25' title="bbox 452 2489 2026 2566">
    <p class='ocr_par' dir='ltr' id='par_1_25' title="bbox 452 2489 2026 2566">
     <span class='ocr_line' id='line_1_25' title="bbox 452 2489 2026 2566; baseline 0.007 -26"><span class='ocrx_word' id='word_1_160' title='bbox 452 2489 796 2542; x_wconf 70' lang='lat' dir='ltr'><strong>recollectam</strong></span> <span class='ocrx_word' id='word_1_161' title='bbox 829 2505 946 2544; x_wconf 89' lang='lat' dir='ltr'><strong>eam</strong></span> <span class='ocrx_word' id='word_1_162' title='bbox 986 2491 1249 2546; x_wconf 81' lang='lat' dir='ltr'><strong>habemus</strong></span> <span class='ocrx_word' id='word_1_163' title='bbox 1283 2494 1350 2546; x_wconf 88' lang='lat' dir='ltr'><strong>ad</strong></span> <span class='ocrx_word' id='word_1_164' title='bbox 1378 2495 1641 2564; x_wconf 88' lang='lat' dir='ltr'><strong>seipsatn,</strong></span> <span class='ocrx_word' id='word_1_165' title='bbox 1687 2498 1753 2550; x_wconf 88' lang='lat' dir='ltr'><strong>ad</strong></span> <span class='ocrx_word' id='word_1_166' title='bbox 1793 2499 2026 2566; x_wconf 88' lang='lat' dir='ltr'><strong>primum</strong></span> 
     </span>
    </p>
   </div>
   <div class='ocr_carea' id='block_1_26' title="bbox 452 2580 2029 2652">
    <p class='ocr_par' dir='ltr' id='par_1_26' title="bbox 452 2580 2029 2652">
     <span class='ocr_line' id='line_1_26' title="bbox 452 2580 2029 2652; baseline 0.01 -22"><span class='ocrx_word' id='word_1_167' title='bbox 452 2590 505 2630; x_wconf 82' lang='lat' dir='ltr'><strong>et</strong></span> <span class='ocrx_word' id='word_1_168' title='bbox 535 2581 966 2635; x_wconf 79' lang='lat' dir='ltr'><strong>excelsissimum</strong></span> <span class='ocrx_word' id='word_1_169' title='bbox 1001 2580 1264 2650; x_wconf 79' lang='lat' dir='ltr'><strong>Spiritum</strong></span> <span class='ocrx_word' id='word_1_170' title='bbox 1287 2621 1302 2646; x_wconf 87' lang='lat'><strong>,</strong></span> <span class='ocrx_word' id='word_1_171' title='bbox 1343 2585 1554 2652; x_wconf 89' lang='lat' dir='ltr'><strong>Deum;</strong></span> <span class='ocrx_word' id='word_1_172' title='bbox 1592 2589 1687 2642; x_wconf 89' lang='lat' dir='ltr'><strong>sed</strong></span> <span class='ocrx_word' id='word_1_173' title='bbox 1722 2605 1844 2644; x_wconf 88' lang='lat' dir='ltr'><strong>cunt</strong></span> <span class='ocrx_word' id='word_1_174' title='bbox 1881 2590 2029 2646; x_wconf 77' lang='lat' dir='ltr'><strong>iores</strong></span> 
     </span>
    </p>
   </div>
   <div class='ocr_carea' id='block_1_27' title="bbox 452 2673 2029 2749">
    <p class='ocr_par' dir='ltr' id='par_1_27' title="bbox 452 2673 2029 2749">
     <span class='ocr_line' id='line_1_27' title="bbox 452 2673 2029 2749; baseline 0.009 -26"><span class='ocrx_word' id='word_1_175' title='bbox 452 2673 838 2739; x_wconf 86' lang='lat' dir='ltr'><strong>cupiditatibus</strong></span> <span class='ocrx_word' id='word_1_176' title='bbox 874 2677 1213 2744; x_wconf 85' lang='lat' dir='ltr'><strong>aperuimus,</strong></span> <span class='ocrx_word' id='word_1_177' title='bbox 1259 2679 1442 2732; x_wconf 86' lang='lat' dir='ltr'><strong>statim</strong></span> <span class='ocrx_word' id='word_1_178' title='bbox 1490 2681 1789 2749; x_wconf 81' lang='lat' dir='ltr'><strong>dissipatur</strong></span> <span class='ocrx_word' id='word_1_179' title='bbox 1837 2697 2029 2738; x_wconf 86' lang='lat' dir='ltr'><strong>errans</strong></span> 
     </span>
    </p>
   </div>
   <div class='ocr_carea' id='block_1_28' title="bbox 451 2765 2029 2832">
    <p class='ocr_par' dir='ltr' id='par_1_28' title="bbox 451 2765 2029 2832">
     <span class='ocr_line' id='line_1_28' title="bbox 451 2765 2029 2832; baseline 0.008 -17"><span class='ocrx_word' id='word_1_180' title='bbox 451 2765 599 2817; x_wconf 87' lang='lat' dir='ltr'><strong>omni</strong></span> <span class='ocrx_word' id='word_1_181' title='bbox 637 2766 768 2817; x_wconf 80' lang='lat' dir='ltr'><strong>liora</strong></span> <span class='ocrx_word' id='word_1_182' title='bbox 802 2766 946 2819; x_wconf 87' lang='lat' dir='ltr'><strong>circa</strong></span> <span class='ocrx_word' id='word_1_183' title='bbox 977 2767 1218 2820; x_wconf 88' lang='lat' dir='ltr'><strong>carnalia</strong></span> <span class='ocrx_word' id='word_1_184' title='bbox 1237 2776 1292 2820; x_wconf 91' lang='lat' dir='ltr'><strong>et</strong></span> <span class='ocrx_word' id='word_1_185' title='bbox 1323 2779 1555 2832; x_wconf 84' lang='lat' dir='ltr'><strong>terrena,</strong></span> <span class='ocrx_word' id='word_1_186' title='bbox 1585 2771 1728 2825; x_wconf 86' lang='lat' dir='ltr'><strong>circa</strong></span> <span class='ocrx_word' id='word_1_187' title='bbox 1759 2773 2029 2828; x_wconf 75' lang='lat' dir='ltr'><strong>multifor-</strong></span> 
     </span>
    </p>
   </div>
   <div class='ocr_carea' id='block_1_29' title="bbox 452 2855 2023 2933">
    <p class='ocr_par' dir='ltr' id='par_1_29' title="bbox 452 2855 2023 2933">
     <span class='ocr_line' id='line_1_29' title="bbox 452 2855 2023 2933; baseline 0.007 -26"><span class='ocrx_word' id='word_1_188' title='bbox 452 2870 568 2910; x_wconf 84' lang='lat' dir='ltr'><strong>mes</strong></span> <span class='ocrx_word' id='word_1_189' title='bbox 603 2855 907 2925; x_wconf 83' lang='lat' dir='ltr'><strong>voluptates</strong></span> <span class='ocrx_word' id='word_1_190' title='bbox 967 2857 1415 2928; x_wconf 85' lang='lat' dir='ltr'><strong>turbulentasque</strong></span> <span class='ocrx_word' id='word_1_191' title='bbox 1448 2859 1516 2914; x_wconf 90' lang='lat' dir='ltr'><strong>de</strong></span> <span class='ocrx_word' id='word_1_192' title='bbox 1573 2863 1690 2916; x_wconf 86' lang='lat' dir='ltr'><strong>istis</strong></span> <span class='ocrx_word' id='word_1_193' title='bbox 1737 2865 2023 2933; x_wconf 77' lang='lat' dir='ltr'><strong>cogitatio-</strong></span> 
     </span>
    </p>
   </div>
   <div class='ocr_carea' id='block_1_30' title="bbox 461 2947 2023 3024">
    <p class='ocr_par' dir='ltr' id='par_1_30' title="bbox 461 2947 2023 3024">
     <span class='ocr_line' id='line_1_30' title="bbox 461 2947 2023 3024; baseline 0.006 -24"><span class='ocrx_word' id='word_1_194' title='bbox 461 2963 582 3001; x_wconf 71' lang='lat' dir='ltr'><strong>nes.</strong></span> <span class='ocrx_word' id='word_1_195' title='bbox 638 2947 911 3018; x_wconf 79' lang='lat' dir='ltr'><strong>Cogitatio</strong></span> <span class='ocrx_word' id='word_1_196' title='bbox 944 2959 1070 3002; x_wconf 90' lang='lat' dir='ltr'><strong>sunt</strong></span> <span class='ocrx_word' id='word_1_197' title='bbox 1101 2948 1248 3004; x_wconf 89' lang='lat' dir='ltr'><strong>illius</strong></span> <span class='ocrx_word' id='word_1_198' title='bbox 1281 2951 1481 3004; x_wconf 72' lang='lat' dir='ltr'><strong>divitiae</strong></span> <span class='ocrx_word' id='word_1_199' title='bbox 1511 2968 1633 3022; x_wconf 73' lang='lat' dir='ltr'><strong>quae</strong></span> <span class='ocrx_word' id='word_1_200' title='bbox 1663 2954 1716 3008; x_wconf 90' lang='lat' dir='ltr'><strong>in</strong></span> <span class='ocrx_word' id='word_1_201' title='bbox 1767 2955 1883 3024; x_wconf 84' lang='lat' dir='ltr'><strong>ipsa</strong></span> <span class='ocrx_word' id='word_1_202' title='bbox 1934 2972 2023 3010; x_wconf 85' lang='lat' dir='ltr'><strong>se-</strong></span> 
     </span>
    </p>
   </div>
   <div class='ocr_carea' id='block_1_31' title="bbox 451 3039 2023 3115">
    <p class='ocr_par' dir='ltr' id='par_1_31' title="bbox 451 3039 2023 3115">
     <span class='ocr_line' id='line_1_31' title="bbox 451 3039 2023 3115; baseline 0.005 -20"><span class='ocrx_word' id='word_1_203' title='bbox 451 3043 570 3095; x_wconf 82' lang='lat' dir='ltr'><strong>dctn</strong></span> <span class='ocrx_word' id='word_1_204' title='bbox 607 3039 794 3106; x_wconf 84' lang='lat' dir='ltr'><strong>habet,</strong></span> <span class='ocrx_word' id='word_1_205' title='bbox 829 3051 882 3094; x_wconf 92' lang='lat' dir='ltr'><strong>et</strong></span> <span class='ocrx_word' id='word_1_206' title='bbox 921 3041 1180 3110; x_wconf 87' lang='lat' dir='ltr'><strong>dijttdicat</strong></span> <span class='ocrx_word' id='word_1_207' title='bbox 1229 3042 1421 3097; x_wconf 90' lang='lat' dir='ltr'><strong>melius</strong></span> <span class='ocrx_word' id='word_1_208' title='bbox 1467 3061 1496 3097; x_wconf 85' lang='lat' dir='ltr'><strong>a</strong></span> <span class='ocrx_word' id='word_1_209' title='bbox 1546 3047 1728 3114; x_wconf 88' lang='lat' dir='ltr'><strong>pejore</strong></span> <span class='ocrx_word' id='word_1_210' title='bbox 1782 3050 2023 3115; x_wconf 79' lang='lat' dir='ltr'><strong>quandiu</strong></span> 
     </span>
    </p>
   </div>
   <div class='ocr_carea' id='block_1_32' title="bbox 2148 565 3726 645">
    <p class='ocr_par' dir='ltr' id='par_1_32' title="bbox 2148 565 3726 645">
     <span class='ocr_line' id='line_1_32' title="bbox 2148 565 3726 645; baseline 0.012 -28"><span class='ocrx_word' id='word_1_211' title='bbox 2148 565 2427 632; x_wconf 78' lang='grc' dir='ltr'><strong>ἁμαρτίαν</strong></span> <span class='ocrx_word' id='word_1_212' title='bbox 2460 567 2797 635; x_wconf 76' lang='grc' dir='ltr'>ὑποτίθεται,</span> <span class='ocrx_word' id='word_1_213' title='bbox 2829 568 2965 623; x_wconf 74' lang='grc' dir='ltr'>ἀλλὰ</span> <span class='ocrx_word' id='word_1_214' title='bbox 2995 572 3135 626; x_wconf 83' lang='grc' dir='ltr'><strong>κατά</strong></span> <span class='ocrx_word' id='word_1_215' title='bbox 3164 579 3360 645; x_wconf 68' lang='grc' dir='ltr'>μικρὸν</span> <span class='ocrx_word' id='word_1_216' title='bbox 3393 579 3726 636; x_wconf 78' lang='grc' dir='ltr'>ὑποκλέπτει</span> 
     </span>
    </p>
   </div>
   <div class='ocr_carea' id='block_1_33' title="bbox 2149 653 3726 732">
    <p class='ocr_par' dir='ltr' id='par_1_33' title="bbox 2149 653 3726 732">
     <span class='ocr_line' id='line_1_33' title="bbox 2149 653 3726 732; baseline 0.014 -28"><span class='ocrx_word' id='word_1_217' title='bbox 2149 653 2492 724; x_wconf 81' lang='grc' dir='ltr'><strong>πανούργως,</strong></span> <span class='ocrx_word' id='word_1_218' title='bbox 2538 655 2940 727; x_wconf 75' lang='grc' dir='ltr'>ὑποψιθυρίζων</span> <span class='ocrx_word' id='word_1_219' title='bbox 2984 661 3116 728; x_wconf 79' lang='grc' dir='ltr'>ἡμῖν</span> <span class='ocrx_word' id='word_1_220' title='bbox 3144 664 3235 715; x_wconf 76' lang='grc' dir='ltr'>καὶ</span> <span class='ocrx_word' id='word_1_221' title='bbox 3282 664 3458 732; x_wconf 77' lang='grc' dir='ltr'>λέγων</span> <span class='ocrx_word' id='word_1_222' title='bbox 3479 685 3491 699; x_wconf 85' lang='grc'><strong>·</strong></span> <span class='ocrx_word' id='word_1_223' title='bbox 3522 670 3630 723; x_wconf 75' lang='grc' dir='ltr'><strong>Καὶ</strong></span> <span class='ocrx_word' id='word_1_224' title='bbox 3662 672 3726 726; x_wconf 60' lang='grc' dir='ltr'><strong>σὺ</strong></span> 
     </span>
    </p>
   </div>
   <div class='ocr_carea' id='block_1_34' title="bbox 2146 747 3722 827">
    <p class='ocr_par' dir='ltr' id='par_1_34' title="bbox 2146 747 3722 827">
     <span class='ocr_line' id='line_1_34' title="bbox 2146 747 3722 827; baseline 0.011 -29"><span class='ocrx_word' id='word_1_225' title='bbox 2146 747 2289 800; x_wconf 76' lang='grc' dir='ltr'>κατὰ</span> <span class='ocrx_word' id='word_1_226' title='bbox 2337 749 2564 801; x_wconf 80' lang='grc' dir='ltr'>σεαυτὸν</span> <span class='ocrx_word' id='word_1_227' title='bbox 2615 749 2744 812; x_wconf 81' lang='grc' dir='ltr'>ζῶν,</span> <span class='ocrx_word' id='word_1_228' title='bbox 2793 751 2889 803; x_wconf 79' lang='grc' dir='ltr'>καὶ</span> <span class='ocrx_word' id='word_1_229' title='bbox 2937 752 3012 822; x_wconf 82' lang='grc' dir='ltr'>μὴ</span> <span class='ocrx_word' id='word_1_230' title='bbox 3050 753 3328 822; x_wconf 76' lang='grc' dir='ltr'><strong>σχολάζων</strong></span> <span class='ocrx_word' id='word_1_231' title='bbox 3364 761 3427 827; x_wconf 81' lang='grc' dir='ltr'>τῇ</span> <span class='ocrx_word' id='word_1_232' title='bbox 3463 761 3556 813; x_wconf 84' lang='grc' dir='ltr'><strong>τοῦ</strong></span> <span class='ocrx_word' id='word_1_233' title='bbox 3585 763 3722 816; x_wconf 82' lang='grc' dir='ltr'>Θεοῦ</span> 
     </span>
    </p>
   </div>
   <div class='ocr_carea' id='block_1_35' title="bbox 2156 837 3722 924">
    <p class='ocr_par' dir='ltr' id='par_1_35' title="bbox 2156 837 3722 924">
     <span class='ocr_line' id='line_1_35' title="bbox 2156 837 3722 924; baseline 0.005 -28"><span class='ocrx_word' id='word_1_234' title='bbox 2156 837 2477 910; x_wconf 70' lang='grc' dir='ltr'>Ἐκκλησία,</span> <span class='ocrx_word' id='word_1_235' title='bbox 2513 841 2647 912; x_wconf 79' lang='grc' dir='ltr'>μηδὲ</span> <span class='ocrx_word' id='word_1_236' title='bbox 2680 843 2740 895; x_wconf 82' lang='grc' dir='ltr'>τὸ</span> <span class='ocrx_word' id='word_1_237' title='bbox 2773 841 2867 906; x_wconf 81' lang='grc' dir='ltr'>οὖς</span> <span class='ocrx_word' id='word_1_238' title='bbox 2913 844 3131 914; x_wconf 83' lang='grc' dir='ltr'><strong>ὑπέχων</strong></span> <span class='ocrx_word' id='word_1_239' title='bbox 3177 848 3256 916; x_wconf 86' lang='grc' dir='ltr'>τῷ</span> <span class='ocrx_word' id='word_1_240' title='bbox 3287 850 3596 922; x_wconf 79' lang='grc' dir='ltr'><strong>διδασκάλῳ</strong></span> <span class='ocrx_word' id='word_1_241' title='bbox 3622 857 3722 924; x_wconf 84' lang='grc' dir='ltr'>τῆς</span> 
     </span>
    </p>
   </div>
   <div class='ocr_carea' id='block_1_36' title="bbox 2157 934 3722 1018">
    <p class='ocr_par' dir='ltr' id='par_1_36' title="bbox 2157 934 3722 1018">
     <span class='ocr_line' id='line_1_36' title="bbox 2157 934 3722 1018; baseline 0.01 -32"><span class='ocrx_word' id='word_1_242' title='bbox 2157 934 2509 1004; x_wconf 82' lang='grc' dir='ltr'>Έκκλησίας,</span> <span class='ocrx_word' id='word_1_243' title='bbox 2537 935 2767 991; x_wconf 84' lang='grc' dir='ltr'>δύνασαι</span> <span class='ocrx_word' id='word_1_244' title='bbox 2801 940 2896 991; x_wconf 86' lang='grc' dir='ltr'>καὶ</span> <span class='ocrx_word' id='word_1_245' title='bbox 2928 941 3078 1010; x_wconf 83' lang='grc' dir='ltr'>παρὰ</span> <span class='ocrx_word' id='word_1_246' title='bbox 3112 943 3340 996; x_wconf 83' lang='grc' dir='ltr'><strong>σεαυτοῦ</strong></span> <span class='ocrx_word' id='word_1_247' title='bbox 3391 950 3623 1018; x_wconf 66' lang='grc' dir='ltr'>συνορᾷ-ι</span> <span class='ocrx_word' id='word_1_248' title='bbox 3661 950 3722 1002; x_wconf 72' lang='grc' dir='ltr'>τὸ</span> 
     </span>
    </p>
   </div>
   <div class='ocr_carea' id='block_1_37' title="bbox 2141 1027 3721 1102">
    <p class='ocr_par' dir='ltr' id='par_1_37' title="bbox 2141 1027 3721 1102">
     <span class='ocr_line' id='line_1_37' title="bbox 2141 1027 3721 1102; baseline 0.009 -23"><span class='ocrx_word' id='word_1_249' title='bbox 2141 1027 2288 1092; x_wconf 74' lang='grc' dir='ltr'>δέον,</span> <span class='ocrx_word' id='word_1_250' title='bbox 2343 1029 2440 1082; x_wconf 83' lang='grc' dir='ltr'>καὶ</span> <span class='ocrx_word' id='word_1_251' title='bbox 2491 1029 2984 1101; x_wconf 83' lang='grc' dir='ltr'>μὴμακρυνθῆναι</span> <span class='ocrx_word' id='word_1_252' title='bbox 3038 1032 3133 1086; x_wconf 88' lang='grc' dir='ltr'><strong>τοῦ</strong></span> <span class='ocrx_word' id='word_1_253' title='bbox 3179 1036 3408 1102; x_wconf 79' lang='grc' dir='ltr'><strong>ἀγαθοῦ.</strong></span> <span class='ocrx_word' id='word_1_254' title='bbox 3442 1041 3610 1091; x_wconf 78' lang='grc' dir='ltr'>Ὅταν</span> <span class='ocrx_word' id='word_1_255' title='bbox 3664 1040 3721 1094; x_wconf 81' lang='grc' dir='ltr'><strong>δέ</strong></span> 
     </span>
    </p>
   </div>
   <div class='ocr_carea' id='block_1_38' title="bbox 2141 1117 3720 1198">
    <p class='ocr_par' dir='ltr' id='par_1_38' title="bbox 2141 1117 3720 1198">
     <span class='ocr_line' id='line_1_38' title="bbox 2141 1117 3720 1198; baseline 0.009 -29"><span class='ocrx_word' id='word_1_256' title='bbox 2141 1134 2264 1170; x_wconf 85' lang='grc' dir='ltr'>τινα</span> <span class='ocrx_word' id='word_1_257' title='bbox 2291 1117 2392 1187; x_wconf 76' lang='grc' dir='ltr'>τῆς</span> <span class='ocrx_word' id='word_1_258' title='bbox 2423 1119 2574 1190; x_wconf 73' lang='grc' dir='ltr'>ἱερᾶς</span> <span class='ocrx_word' id='word_1_259' title='bbox 2609 1121 2882 1190; x_wconf 72' lang='grc' dir='ltr'>ὑμνῳδίας</span> <span class='ocrx_word' id='word_1_260' title='bbox 2914 1123 3292 1198; x_wconf 82' lang='grc' dir='ltr'>ἀποσχοινίσῃ,</span> <span class='ocrx_word' id='word_1_261' title='bbox 3330 1128 3421 1180; x_wconf 78' lang='grc' dir='ltr'><strong>καὶ</strong></span> <span class='ocrx_word' id='word_1_262' title='bbox 3458 1131 3557 1197; x_wconf 81' lang='grc' dir='ltr'>τῆς</span> <span class='ocrx_word' id='word_1_263' title='bbox 3586 1133 3720 1198; x_wconf 64' lang='grc' dir='ltr'>πρὸς</span> 
     </span>
    </p>
   </div>
   <div class='ocr_carea' id='block_1_39' title="bbox 2143 1209 3722 1288">
    <p class='ocr_par' dir='ltr' id='par_1_39' title="bbox 2143 1209 3722 1288">
     <span class='ocr_line' id='line_1_39' title="bbox 2143 1209 3722 1288; baseline 0.008 -26"><span class='ocrx_word' id='word_1_264' title='bbox 2143 1209 2270 1272; x_wconf 84' lang='grc' dir='ltr'>τοὺς</span> <span class='ocrx_word' id='word_1_265' title='bbox 2319 1211 2497 1279; x_wconf 84' lang='grc' dir='ltr'>ίεροὺς</span> <span class='ocrx_word' id='word_1_266' title='bbox 2555 1211 2910 1276; x_wconf 79' lang='grc' dir='ltr'><strong>διδασκάλους</strong></span> <span class='ocrx_word' id='word_1_267' title='bbox 2960 1214 3229 1284; x_wconf 79' lang='grc' dir='ltr'>ὑπακοῆς,</span> <span class='ocrx_word' id='word_1_268' title='bbox 3278 1220 3499 1288; x_wconf 79' lang='grc' dir='ltr'>μακρὰν</span> <span class='ocrx_word' id='word_1_269' title='bbox 3559 1222 3722 1275; x_wconf 77' lang='grc' dir='ltr'>αὐτὸν</span> 
     </span>
    </p>
   </div>
   <div class='ocr_carea' id='block_1_40' title="bbox 2142 1301 3721 1379">
    <p class='ocr_par' dir='ltr' id='par_1_40' title="bbox 2142 1301 3721 1379">
     <span class='ocr_line' id='line_1_40' title="bbox 2142 1301 3721 1379; baseline 0.011 -29"><span class='ocrx_word' id='word_1_270' title='bbox 2142 1302 2288 1352; x_wconf 84' lang='grc' dir='ltr'>ποιεῖ</span> <span class='ocrx_word' id='word_1_271' title='bbox 2317 1301 2410 1354; x_wconf 77' lang='grc' dir='ltr'>καὶ</span> <span class='ocrx_word' id='word_1_272' title='bbox 2442 1302 2542 1369; x_wconf 83' lang='grc' dir='ltr'>τῆς</span> <span class='ocrx_word' id='word_1_273' title='bbox 2588 1303 2737 1366; x_wconf 85' lang='grc' dir='ltr'>θείας</span> <span class='ocrx_word' id='word_1_274' title='bbox 2787 1306 3116 1375; x_wconf 77' lang='grc' dir='ltr'>ἐπισκοπῆς,</span> <span class='ocrx_word' id='word_1_275' title='bbox 3153 1311 3267 1371; x_wconf 85' lang='grc' dir='ltr'>τοῖς</span> <span class='ocrx_word' id='word_1_276' title='bbox 3327 1309 3510 1379; x_wconf 79' lang='grc' dir='ltr'><strong>ἔργοις</strong></span> <span class='ocrx_word' id='word_1_277' title='bbox 3560 1314 3721 1367; x_wconf 80' lang='grc' dir='ltr'>αὑτὸν</span> 
     </span>
    </p>
   </div>
   <div class='ocr_carea' id='block_1_41' title="bbox 2140 1396 3726 1473">
    <p class='ocr_par' dir='ltr' id='par_1_41' title="bbox 2140 1396 3726 1473">
     <span class='ocr_line' id='line_1_41' title="bbox 2140 1396 3726 1473; baseline 0.008 -29"><span class='ocrx_word' id='word_1_278' title='bbox 2140 1396 2252 1457; x_wconf 80' lang='grc' dir='ltr'>τοῖς</span> <span class='ocrx_word' id='word_1_279' title='bbox 2291 1397 2549 1463; x_wconf 79' lang='grc' dir='ltr'>πονηροῖς</span> <span class='ocrx_word' id='word_1_280' title='bbox 2577 1397 2852 1465; x_wconf 86' lang='grc' dir='ltr'>παραδούς</span> <span class='ocrx_word' id='word_1_281' title='bbox 2873 1415 2888 1430; x_wconf 78' lang='grc' dir='ltr'><strong>ο</strong></span> <span class='ocrx_word' id='word_1_282' title='bbox 2921 1401 2949 1451; x_wconf 87' lang='grc' dir='ltr'><strong>ὀ</strong></span> <span class='ocrx_word' id='word_1_283' title='bbox 2987 1401 3098 1468; x_wconf 83' lang='grc' dir='ltr'>γὰρ</span> <span class='ocrx_word' id='word_1_284' title='bbox 3134 1401 3265 1463; x_wconf 77' lang='grc' dir='ltr'>Θεὸς</span> <span class='ocrx_word' id='word_1_285' title='bbox 3301 1403 3587 1473; x_wconf 76' lang='grc' dir='ltr'>πανταχοῦ</span> <span class='ocrx_word' id='word_1_286' title='bbox 3623 1405 3726 1459; x_wconf 75' lang='grc' dir='ltr'>πά-</span> 
     </span>
    </p>
   </div>
   <div class='ocr_carea' id='block_1_42' title="bbox 2145 1485 3718 1560">
    <p class='ocr_par' dir='ltr' id='par_1_42' title="bbox 2145 1485 3718 1560">
     <span class='ocr_line' id='line_1_42' title="bbox 2145 1485 3718 1560; baseline 0.009 -25"><span class='ocrx_word' id='word_1_287' title='bbox 2145 1502 2327 1553; x_wconf 85' lang='grc' dir='ltr'>ρεστιν</span> <span class='ocrx_word' id='word_1_288' title='bbox 2349 1503 2362 1516; x_wconf 78' lang='grc' dir='ltr'><strong>ο</strong></span> <span class='ocrx_word' id='word_1_289' title='bbox 2391 1485 2449 1538; x_wconf 84' lang='grc' dir='ltr'>’ἐν</span> <span class='ocrx_word' id='word_1_290' title='bbox 2477 1487 2595 1540; x_wconf 83' lang='grc' dir='ltr'>ἐστι</span> <span class='ocrx_word' id='word_1_291' title='bbox 2625 1489 2686 1540; x_wconf 87' lang='grc' dir='ltr'>τὸ</span> <span class='ocrx_word' id='word_1_292' title='bbox 2717 1490 2936 1558; x_wconf 71' lang='grc' dir='ltr'>μακρὰν</span> <span class='ocrx_word' id='word_1_293' title='bbox 2959 1491 3054 1543; x_wconf 90' lang='grc' dir='ltr'><strong>τοῦ</strong></span> <span class='ocrx_word' id='word_1_294' title='bbox 3079 1492 3306 1560; x_wconf 82' lang='grc' dir='ltr'><strong>ἀγαθοῦ,</strong></span> <span class='ocrx_word' id='word_1_295' title='bbox 3343 1493 3403 1546; x_wconf 84' lang='grc' dir='ltr'><strong>τδ</strong></span> <span class='ocrx_word' id='word_1_296' title='bbox 3434 1495 3624 1558; x_wconf 76' lang='grc' dir='ltr'>κακὸν,</span> <span class='ocrx_word' id='word_1_297' title='bbox 3656 1497 3718 1554; x_wconf 79' lang='grc' dir='ltr'><strong>ἐν</strong></span> 
     </span>
    </p>
   </div>
   <div class='ocr_carea' id='block_1_43' title="bbox 2139 1571 3717 1654">
    <p class='ocr_par' dir='ltr' id='par_1_43' title="bbox 2139 1571 3717 1654">
     <span class='ocr_line' id='line_1_43' title="bbox 2139 1571 3717 1654; baseline 0.006 -26"><span class='ocrx_word' id='word_1_298' title='bbox 2139 1571 2184 1643; x_wconf 80' lang='grc' dir='ltr'>ᾧ</span> <span class='ocrx_word' id='word_1_299' title='bbox 2215 1578 2302 1630; x_wconf 75' lang='grc' dir='ltr'><strong>διὰ</strong></span> <span class='ocrx_word' id='word_1_300' title='bbox 2333 1577 2433 1647; x_wconf 77' lang='grc' dir='ltr'>τῆς</span> <span class='ocrx_word' id='word_1_301' title='bbox 2453 1577 2728 1648; x_wconf 88' lang='grc' dir='ltr'>ἁμαρτίας</span> <span class='ocrx_word' id='word_1_302' title='bbox 2760 1583 3037 1650; x_wconf 75' lang='grc' dir='ltr'>γινόμενοι</span> <span class='ocrx_word' id='word_1_303' title='bbox 3071 1585 3288 1654; x_wconf 80' lang='grc' dir='ltr'>μακρὰν</span> <span class='ocrx_word' id='word_1_304' title='bbox 3322 1585 3717 1654; x_wconf 78' lang='grc' dir='ltr'><strong>ἀποδημοῦμεν</strong></span> 
     </span>
    </p>
   </div>
   <div class='ocr_carea' id='block_1_44' title="bbox 2139 1670 3716 1746">
    <p class='ocr_par' dir='ltr' id='par_1_44' title="bbox 2139 1670 3716 1746">
     <span class='ocr_line' id='line_1_44' title="bbox 2139 1670 3716 1746; baseline 0.005 -24"><span class='ocrx_word' id='word_1_305' title='bbox 2139 1670 2314 1724; x_wconf 77' lang='grc' dir='ltr'>Θεοῦο</span> <span class='ocrx_word' id='word_1_306' title='bbox 2355 1689 2373 1722; x_wconf 79' lang='grc' dir='ltr'><strong>ι</strong></span> <span class='ocrx_word' id='word_1_307' title='bbox 2411 1671 2484 1724; x_wconf 85' lang='grc' dir='ltr'><strong>Οὐ</strong></span> <span class='ocrx_word' id='word_1_308' title='bbox 2533 1672 2647 1741; x_wconf 82' lang='grc' dir='ltr'><strong>γὰρ</strong></span> <span class='ocrx_word' id='word_1_309' title='bbox 2691 1672 3014 1740; x_wconf 87' lang='grc' dir='ltr'>διαμενοῦσι</span> <span class='ocrx_word' id='word_1_310' title='bbox 3064 1678 3371 1746; x_wconf 81' lang='grc' dir='ltr'>παράνομοι</span> <span class='ocrx_word' id='word_1_311' title='bbox 3426 1679 3716 1730; x_wconf 80' lang='grc' dir='ltr'>κατέναντι</span> 
     </span>
    </p>
   </div>
   <div class='ocr_carea' id='block_1_45' title="bbox 2137 1762 3718 1839">
    <p class='ocr_par' dir='ltr' id='par_1_45' title="bbox 2137 1762 3718 1839">
     <span class='ocr_line' id='line_1_45' title="bbox 2137 1762 3718 1839; baseline 0.009 -27"><span class='ocrx_word' id='word_1_312' title='bbox 2137 1764 2245 1812; x_wconf 80' lang='grc' dir='ltr'>τῶν</span> <span class='ocrx_word' id='word_1_313' title='bbox 2315 1762 2614 1831; x_wconf 77' lang='grc' dir='ltr'>ὀφθαλμῶν</span> <span class='ocrx_word' id='word_1_314' title='bbox 2681 1780 2814 1829; x_wconf 90' lang='grc' dir='ltr'>σου,</span> <span class='ocrx_word' id='word_1_315' title='bbox 2859 1783 2877 1816; x_wconf 78' lang='grc' dir='ltr'><strong>ι</strong></span> <span class='ocrx_word' id='word_1_316' title='bbox 2918 1767 2948 1819; x_wconf 83' lang='grc' dir='ltr'><strong>ό</strong></span> <span class='ocrx_word' id='word_1_317' title='bbox 3007 1767 3174 1822; x_wconf 76' lang='grc' dir='ltr'>Δαϐὶδ</span> <span class='ocrx_word' id='word_1_318' title='bbox 3230 1770 3373 1839; x_wconf 79' lang='grc' dir='ltr'>πρὸς</span> <span class='ocrx_word' id='word_1_319' title='bbox 3431 1770 3522 1823; x_wconf 81' lang='grc' dir='ltr'>τὸν</span> <span class='ocrx_word' id='word_1_320' title='bbox 3581 1771 3718 1826; x_wconf 83' lang='grc' dir='ltr'>Θεόν</span> 
     </span>
    </p>
   </div>
   <div class='ocr_carea' id='block_1_46' title="bbox 2139 1870 2292 1922">
    <p class='ocr_par' dir='ltr' id='par_1_46' title="bbox 2139 1870 2292 1922">
     <span class='ocr_line' id='line_1_46' title="bbox 2139 1870 2292 1922; baseline 0.013 -18"><span class='ocrx_word' id='word_1_321' title='bbox 2139 1870 2292 1922; x_wconf 84' lang='grc' dir='ltr'>φησι.</span> 
     </span>
    </p>
   </div>
   <div class='ocr_carea' id='block_1_47' title="bbox 2208 1963 3715 2048">
    <p class='ocr_par' dir='ltr' id='par_1_47' title="bbox 2208 1963 3715 2048">
     <span class='ocr_line' id='line_1_47' title="bbox 2208 1963 3715 2048; baseline 0.007 -28"><span class='ocrx_word' id='word_1_322' title='bbox 2208 1967 2559 2037; x_wconf 73' lang='grc' dir='ltr'>Μακρυνθεὶς</span> <span class='ocrx_word' id='word_1_323' title='bbox 2593 1963 2685 2022; x_wconf 83' lang='grc' dir='ltr'>οὖν</span> <span class='ocrx_word' id='word_1_324' title='bbox 2741 1967 2902 2032; x_wconf 79' lang='grc' dir='ltr'>οὕτω,</span> <span class='ocrx_word' id='word_1_325' title='bbox 2939 1972 3035 2024; x_wconf 73' lang='grc' dir='ltr'>καὶ</span> <span class='ocrx_word' id='word_1_326' title='bbox 3081 1973 3162 2035; x_wconf 89' lang='grc' dir='ltr'><strong>είς</strong></span> <span class='ocrx_word' id='word_1_327' title='bbox 3195 1971 3382 2043; x_wconf 84' lang='grc' dir='ltr'>χώραν</span> <span class='ocrx_word' id='word_1_328' title='bbox 3427 1976 3715 2048; x_wconf 73' lang='grc' dir='ltr'>ἀποδημή-</span> 
     </span>
    </p>
   </div>
   <div class='ocr_carea' id='block_1_48' title="bbox 2141 2059 3718 2137">
    <p class='ocr_par' dir='ltr' id='par_1_48' title="bbox 2141 2059 3718 2137">
     <span class='ocr_line' id='line_1_48' title="bbox 2141 2059 3718 2137; baseline 0.008 -28"><span class='ocrx_word' id='word_1_329' title='bbox 2141 2073 2241 2120; x_wconf 91' lang='grc' dir='ltr'><strong>σας</strong></span> <span class='ocrx_word' id='word_1_330' title='bbox 2271 2059 2488 2129; x_wconf 80' lang='grc' dir='ltr'>μακρὰν</span> <span class='ocrx_word' id='word_1_331' title='bbox 2535 2059 2702 2113; x_wconf 78' lang='grc' dir='ltr'>οὖσαν</span> <span class='ocrx_word' id='word_1_332' title='bbox 2749 2061 2779 2113; x_wconf 84' lang='grc' dir='ltr'><strong>ὁ</strong></span> <span class='ocrx_word' id='word_1_333' title='bbox 2827 2061 2941 2124; x_wconf 82' lang='grc' dir='ltr'>υίὸς</span> <span class='ocrx_word' id='word_1_334' title='bbox 2991 2064 3018 2115; x_wconf 84' lang='grc' dir='ltr'><strong>ὁ</strong></span> <span class='ocrx_word' id='word_1_335' title='bbox 3073 2064 3358 2137; x_wconf 83' lang='grc' dir='ltr'>νεώτερος,</span> <span class='ocrx_word' id='word_1_336' title='bbox 3391 2085 3410 2117; x_wconf 77' lang='grc' dir='ltr'><strong>ι</strong></span> <span class='ocrx_word' id='word_1_337' title='bbox 3446 2067 3592 2121; x_wconf 83' lang='grc' dir='ltr'>Ἐκεῖ</span> <span class='ocrx_word' id='word_1_338' title='bbox 3610 2069 3718 2122; x_wconf 83' lang='grc' dir='ltr'>διε-</span> 
     </span>
    </p>
   </div>
   <div class='ocr_carea' id='block_1_49' title="bbox 2058 2150 3710 2222">
    <p class='ocr_par' dir='ltr' id='par_1_49' title="bbox 2058 2150 3710 2222">
     <span class='ocr_line' id='line_1_49' title="bbox 2058 2150 3710 2222; baseline 0.007 -21"><span class='ocrx_word' id='word_1_339' title='bbox 2058 2188 2077 2205; x_wconf 90' lang='grc'><em>.</em></span> <span class='ocrx_word' id='word_1_340' title='bbox 2136 2151 2426 2216; x_wconf 81' lang='grc' dir='ltr'>σκόρπισε.</span> <span class='ocrx_word' id='word_1_341' title='bbox 2457 2151 2615 2218; x_wconf 77' lang='grc' dir='ltr'>φησὶ,</span> <span class='ocrx_word' id='word_1_342' title='bbox 2655 2150 2757 2222; x_wconf 84' lang='grc' dir='ltr'>τὴν</span> <span class='ocrx_word' id='word_1_343' title='bbox 2805 2151 2997 2206; x_wconf 85' lang='grc' dir='ltr'>οὐσίαν</span> <span class='ocrx_word' id='word_1_344' title='bbox 3027 2153 3216 2216; x_wconf 85' lang='grc' dir='ltr'>αὐτοῦ,</span> <span class='ocrx_word' id='word_1_345' title='bbox 3251 2153 3362 2218; x_wconf 81' lang='grc' dir='ltr'><strong>ζῶν</strong></span> <span class='ocrx_word' id='word_1_346' title='bbox 3402 2155 3652 2220; x_wconf 80' lang='grc' dir='ltr'><strong>ἀσώτως.</strong></span> <span class='ocrx_word' id='word_1_347' title='bbox 3689 2177 3710 2212; x_wconf 72' lang='grc' dir='ltr'><strong>ι</strong></span> 
     </span>
    </p>
   </div>
   <div class='ocr_carea' id='block_1_50' title="bbox 2136 2239 3713 2316">
    <p class='ocr_par' dir='ltr' id='par_1_50' title="bbox 2136 2239 3713 2316">
     <span class='ocr_line' id='line_1_50' title="bbox 2136 2239 3713 2316; baseline 0.003 -19"><span class='ocrx_word' id='word_1_348' title='bbox 2136 2242 2264 2306; x_wconf 82' lang='grc' dir='ltr'>Πῶς</span> <span class='ocrx_word' id='word_1_349' title='bbox 2288 2239 2381 2296; x_wconf 84' lang='grc' dir='ltr'><strong>οῦν</strong></span> <span class='ocrx_word' id='word_1_350' title='bbox 2416 2242 2764 2311; x_wconf 85' lang='grc' dir='ltr'>διεσκόρπισε</span> <span class='ocrx_word' id='word_1_351' title='bbox 2793 2244 2892 2312; x_wconf 72' lang='grc' dir='ltr'>τὴν</span> <span class='ocrx_word' id='word_1_352' title='bbox 2917 2243 3104 2297; x_wconf 77' lang='grc' dir='ltr'>οὐσίαν</span> <span class='ocrx_word' id='word_1_353' title='bbox 3128 2245 3292 2298; x_wconf 85' lang='grc' dir='ltr'>αὐτοῦ</span> <span class='ocrx_word' id='word_1_354' title='bbox 3315 2262 3329 2310; x_wconf 90' lang='lat'><strong>;</strong></span> <span class='ocrx_word' id='word_1_355' title='bbox 3357 2246 3470 2316; x_wconf 79' lang='grc' dir='ltr'>Πρὸ</span> <span class='ocrx_word' id='word_1_356' title='bbox 3499 2249 3713 2302; x_wconf 79' lang='grc' dir='ltr'>πάντων</span> 
     </span>
    </p>
   </div>
   <div class='ocr_carea' id='block_1_51' title="bbox 2133 2333 3712 2406">
    <p class='ocr_par' dir='ltr' id='par_1_51' title="bbox 2133 2333 3712 2406">
     <span class='ocr_line' id='line_1_51' title="bbox 2133 2333 3712 2406; baseline 0.003 -18"><span class='ocrx_word' id='word_1_357' title='bbox 2133 2335 2290 2388; x_wconf 80' lang='grc' dir='ltr'>οὐσία</span> <span class='ocrx_word' id='word_1_358' title='bbox 2322 2336 2418 2387; x_wconf 77' lang='grc' dir='ltr'>καὶ</span> <span class='ocrx_word' id='word_1_359' title='bbox 2458 2333 2749 2404; x_wconf 82' lang='grc' dir='ltr'>περιουσία</span> <span class='ocrx_word' id='word_1_360' title='bbox 2798 2335 2958 2404; x_wconf 83' lang='grc' dir='ltr'>ήμῶν</span> <span class='ocrx_word' id='word_1_361' title='bbox 3012 2337 3256 2406; x_wconf 78' lang='grc' dir='ltr'>ἔμφυτος</span> <span class='ocrx_word' id='word_1_362' title='bbox 3281 2339 3310 2390; x_wconf 81' lang='grc' dir='ltr'>ὁ</span> <span class='ocrx_word' id='word_1_363' title='bbox 3350 2337 3473 2402; x_wconf 83' lang='grc' dir='ltr'>νοῦς</span> <span class='ocrx_word' id='word_1_364' title='bbox 3505 2341 3654 2393; x_wconf 89' lang='grc' dir='ltr'>ἐστιν</span> <span class='ocrx_word' id='word_1_365' title='bbox 3683 2341 3712 2394; x_wconf 80' lang='grc' dir='ltr'>ὁ</span> 
     </span>
    </p>
   </div>
   <div class='ocr_carea' id='block_1_52' title="bbox 2135 2422 3712 2502">
    <p class='ocr_par' dir='ltr' id='par_1_52' title="bbox 2135 2422 3712 2502">
     <span class='ocr_line' id='line_1_52' title="bbox 2135 2422 3712 2502; baseline 0.004 -24"><span class='ocrx_word' id='word_1_366' title='bbox 2135 2427 2429 2497; x_wconf 68' lang='grc' dir='ltr'><strong>⁴ἡμέτερος.</strong></span> <span class='ocrx_word' id='word_1_367' title='bbox 2461 2427 2610 2489; x_wconf 81' lang='grc' dir='ltr'>Ἕως</span> <span class='ocrx_word' id='word_1_368' title='bbox 2644 2427 2745 2493; x_wconf 83' lang='grc' dir='ltr'>μὲν</span> <span class='ocrx_word' id='word_1_369' title='bbox 2789 2422 2882 2480; x_wconf 81' lang='grc' dir='ltr'>οὖν</span> <span class='ocrx_word' id='word_1_370' title='bbox 2911 2429 3024 2490; x_wconf 88' lang='grc' dir='ltr'>τοῖς</span> <span class='ocrx_word' id='word_1_371' title='bbox 3046 2427 3148 2498; x_wconf 83' lang='grc' dir='ltr'>τῆς</span> <span class='ocrx_word' id='word_1_372' title='bbox 3191 2431 3463 2500; x_wconf 81' lang='grc' dir='ltr'>σωτηρίας</span> <span class='ocrx_word' id='word_1_373' title='bbox 3487 2432 3712 2502; x_wconf 87' lang='grc' dir='ltr'>τρόποις</span> 
     </span>
    </p>
   </div>
   <div class='ocr_carea' id='block_1_53' title="bbox 2133 2517 3710 2590">
    <p class='ocr_par' dir='ltr' id='par_1_53' title="bbox 2133 2517 3710 2590">
     <span class='ocr_line' id='line_1_53' title="bbox 2133 2517 3710 2590; baseline 0.003 -20"><span class='ocrx_word' id='word_1_374' title='bbox 2133 2519 2469 2586; x_wconf 73' lang='grc' dir='ltr'>ἐμμένομεν,</span> <span class='ocrx_word' id='word_1_375' title='bbox 2500 2517 2844 2588; x_wconf 84' lang='grc' dir='ltr'>συνηγμένον</span> <span class='ocrx_word' id='word_1_376' title='bbox 2877 2517 3040 2570; x_wconf 79' lang='grc' dir='ltr'>αὐτὸν</span> <span class='ocrx_word' id='word_1_377' title='bbox 3069 2517 3267 2589; x_wconf 79' lang='grc' dir='ltr'>ἔχομεν</span> <span class='ocrx_word' id='word_1_378' title='bbox 3315 2520 3450 2590; x_wconf 78' lang='grc' dir='ltr'>πρὸς</span> <span class='ocrx_word' id='word_1_379' title='bbox 3492 2521 3710 2589; x_wconf 80' lang='grc' dir='ltr'>ἐαυτὸν,</span> 
     </span>
    </p>
   </div>
   <div class='ocr_carea' id='block_1_54' title="bbox 2132 2607 3710 2684">
    <p class='ocr_par' dir='ltr' id='par_1_54' title="bbox 2132 2607 3710 2684">
     <span class='ocr_line' id='line_1_54' title="bbox 2132 2607 3710 2684; baseline 0.007 -26"><span class='ocrx_word' id='word_1_380' title='bbox 2132 2610 2228 2659; x_wconf 74' lang='grc' dir='ltr'>καὶ</span> <span class='ocrx_word' id='word_1_381' title='bbox 2254 2607 2346 2660; x_wconf 80' lang='grc' dir='ltr'>τὸν</span> <span class='ocrx_word' id='word_1_382' title='bbox 2371 2607 2590 2676; x_wconf 85' lang='grc' dir='ltr'>πρῶτον</span> <span class='ocrx_word' id='word_1_383' title='bbox 2640 2608 2736 2660; x_wconf 76' lang='grc' dir='ltr'><strong>καὶ</strong></span> <span class='ocrx_word' id='word_1_384' title='bbox 2775 2608 3042 2664; x_wconf 80' lang='grc' dir='ltr'>ἀνωτάτω</span> <span class='ocrx_word' id='word_1_385' title='bbox 3068 2609 3192 2664; x_wconf 90' lang='grc' dir='ltr'>νοῦν</span> <span class='ocrx_word' id='word_1_386' title='bbox 3230 2611 3321 2665; x_wconf 84' lang='grc' dir='ltr'>τὸν</span> <span class='ocrx_word' id='word_1_387' title='bbox 3346 2612 3478 2666; x_wconf 87' lang='grc' dir='ltr'>Θεόν</span> <span class='ocrx_word' id='word_1_388' title='bbox 3502 2628 3516 2643; x_wconf 80' lang='grc'><strong><em>⁸</em></strong></span> <span class='ocrx_word' id='word_1_389' title='bbox 3541 2613 3710 2684; x_wconf 81' lang='grc' dir='ltr'>ὴνίκα</span> 
     </span>
    </p>
   </div>
   <div class='ocr_carea' id='block_1_55' title="bbox 2129 2696 3708 2773">
    <p class='ocr_par' dir='ltr' id='par_1_55' title="bbox 2129 2696 3708 2773">
     <span class='ocr_line' id='line_1_55' title="bbox 2129 2696 3708 2773; baseline 0.005 -24"><span class='ocrx_word' id='word_1_390' title='bbox 2129 2697 2176 2749; x_wconf 83' lang='grc' dir='ltr'>δ’</span> <span class='ocrx_word' id='word_1_391' title='bbox 2206 2696 2272 2749; x_wconf 78' lang='grc' dir='ltr'>ἂν</span> <span class='ocrx_word' id='word_1_392' title='bbox 2305 2698 2414 2759; x_wconf 82' lang='grc' dir='ltr'>τοῖς</span> <span class='ocrx_word' id='word_1_393' title='bbox 2457 2696 2658 2750; x_wconf 85' lang='grc' dir='ltr'>πάθεσι</span> <span class='ocrx_word' id='word_1_394' title='bbox 2704 2697 2876 2767; x_wconf 84' lang='grc' dir='ltr'>θύραν</span> <span class='ocrx_word' id='word_1_395' title='bbox 2907 2698 3238 2768; x_wconf 80' lang='grc' dir='ltr'>ἀνοίξωμεν,</span> <span class='ocrx_word' id='word_1_396' title='bbox 3273 2700 3434 2764; x_wconf 80' lang='grc' dir='ltr'>εὐθὺς</span> <span class='ocrx_word' id='word_1_397' title='bbox 3477 2703 3708 2773; x_wconf 79' lang='grc' dir='ltr'>σκορπί-</span> 
     </span>
    </p>
   </div>
   <div class='ocr_carea' id='block_1_56' title="bbox 2131 2787 3707 2864">
    <p class='ocr_par' dir='ltr' id='par_1_56' title="bbox 2131 2787 3707 2864">
     <span class='ocr_line' id='line_1_56' title="bbox 2131 2787 3707 2864; baseline 0.006 -24"><span class='ocrx_word' id='word_1_398' title='bbox 2131 2787 2306 2855; x_wconf 77' lang='grc' dir='ltr'>ζεται,</span> <span class='ocrx_word' id='word_1_399' title='bbox 2338 2789 2692 2858; x_wconf 84' lang='grc' dir='ltr'>πλανώμενος</span> <span class='ocrx_word' id='word_1_400' title='bbox 2721 2791 2906 2843; x_wconf 84' lang='grc' dir='ltr'>πᾶσαν</span> <span class='ocrx_word' id='word_1_401' title='bbox 2937 2789 3086 2859; x_wconf 85' lang='grc' dir='ltr'>ὥραν</span> <span class='ocrx_word' id='word_1_402' title='bbox 3131 2792 3261 2861; x_wconf 78' lang='grc' dir='ltr'>περὶ</span> <span class='ocrx_word' id='word_1_403' title='bbox 3291 2793 3360 2846; x_wconf 85' lang='grc' dir='ltr'>τὰ</span> <span class='ocrx_word' id='word_1_404' title='bbox 3387 2795 3628 2864; x_wconf 79' lang='grc' dir='ltr'>σαρκικὰ</span> <span class='ocrx_word' id='word_1_405' title='bbox 3651 2812 3707 2848; x_wconf 76' lang='grc' dir='ltr'><strong>τε</strong></span> 
     </span>
    </p>
   </div>
   <div class='ocr_carea' id='block_1_57' title="bbox 2130 2879 3710 2952">
    <p class='ocr_par' dir='ltr' id='par_1_57' title="bbox 2130 2879 3710 2952">
     <span class='ocr_line' id='line_1_57' title="bbox 2130 2879 3710 2952; baseline 0.005 -20"><span class='ocrx_word' id='word_1_406' title='bbox 2130 2879 2226 2934; x_wconf 74' lang='grc' dir='ltr'>καὶ</span> <span class='ocrx_word' id='word_1_407' title='bbox 2247 2882 2435 2949; x_wconf 82' lang='grc' dir='ltr'>γήϊνα,</span> <span class='ocrx_word' id='word_1_408' title='bbox 2477 2881 2606 2950; x_wconf 82' lang='grc' dir='ltr'>περὶ</span> <span class='ocrx_word' id='word_1_409' title='bbox 2656 2880 2754 2942; x_wconf 80' lang='grc' dir='ltr'>τὰς</span> <span class='ocrx_word' id='word_1_410' title='bbox 2780 2879 3170 2951; x_wconf 80' lang='grc' dir='ltr'>πολυμόρφους</span> <span class='ocrx_word' id='word_1_411' title='bbox 3200 2882 3412 2952; x_wconf 76' lang='grc' dir='ltr'>ἡδονὰς,</span> <span class='ocrx_word' id='word_1_412' title='bbox 3457 2887 3552 2937; x_wconf 79' lang='grc' dir='ltr'>καὶ</span> <span class='ocrx_word' id='word_1_413' title='bbox 3583 2887 3710 2949; x_wconf 84' lang='grc' dir='ltr'>τοὺς</span> 
     </span>
    </p>
   </div>
   <div class='ocr_carea' id='block_1_58' title="bbox 2129 2969 3709 3048">
    <p class='ocr_par' dir='ltr' id='par_1_58' title="bbox 2129 2969 3709 3048">
     <span class='ocr_line' id='line_1_58' title="bbox 2129 2969 3709 3048; baseline 0.003 -23"><span class='ocrx_word' id='word_1_414' title='bbox 2129 2972 2222 3025; x_wconf 78' lang='grc' dir='ltr'>ἐπὶ</span> <span class='ocrx_word' id='word_1_415' title='bbox 2243 2971 2470 3032; x_wconf 80' lang='grc' dir='ltr'>ταύταις</span> <span class='ocrx_word' id='word_1_416' title='bbox 2495 2969 2764 3039; x_wconf 85' lang='grc' dir='ltr'>ἐμπαθεῖς</span> <span class='ocrx_word' id='word_1_417' title='bbox 2793 2970 3111 3040; x_wconf 83' lang='grc' dir='ltr'>λογισμούς.</span> <span class='ocrx_word' id='word_1_418' title='bbox 3133 2973 3309 3026; x_wconf 77' lang='grc' dir='ltr'>Αὑτοῦ</span> <span class='ocrx_word' id='word_1_419' title='bbox 3331 2975 3483 3027; x_wconf 87' lang='grc' dir='ltr'>ἐστιν</span> <span class='ocrx_word' id='word_1_420' title='bbox 3511 2977 3544 3047; x_wconf 82' lang='grc' dir='ltr'>ἡ</span> <span class='ocrx_word' id='word_1_421' title='bbox 3577 2977 3709 3048; x_wconf 69' lang='grc' dir='ltr'>φρόο</span> 
     </span>
    </p>
   </div>
   <div class='ocr_carea' id='block_1_59' title="bbox 2129 3065 3708 3140">
    <p class='ocr_par' dir='ltr' id='par_1_59' title="bbox 2129 3065 3708 3140">
     <span class='ocr_line' id='line_1_59' title="bbox 2129 3065 3708 3140; baseline 0.003 -21"><span class='ocrx_word' id='word_1_422' title='bbox 2129 3083 2284 3136; x_wconf 88' lang='grc' dir='ltr'>νησις</span> <span class='ocrx_word' id='word_1_423' title='bbox 2320 3065 2571 3129; x_wconf 88' lang='grc' dir='ltr'>πλοῦτος,</span> <span class='ocrx_word' id='word_1_424' title='bbox 2608 3067 3008 3136; x_wconf 78' lang='grc' dir='ltr'>παραμένουσα</span> <span class='ocrx_word' id='word_1_425' title='bbox 3030 3065 3204 3138; x_wconf 83' lang='grc' dir='ltr'>τούτῳ</span> <span class='ocrx_word' id='word_1_426' title='bbox 3229 3070 3322 3122; x_wconf 77' lang='grc' dir='ltr'>καὶ</span> <span class='ocrx_word' id='word_1_427' title='bbox 3352 3069 3708 3140; x_wconf 79' lang='grc' dir='ltr'>διακρίνουσα</span> 
     </span>
    </p>
   </div>
   <div class='ocr_carea' id='block_1_60' title="bbox 452 3133 2026 3233">
    <p class='ocr_par' dir='ltr' id='par_1_60' title="bbox 452 3133 2023 3205">
     <span class='ocr_line' id='line_1_60' title="bbox 452 3133 2023 3205; baseline 0.005 -18"><span class='ocrx_word' id='word_1_428' title='bbox 452 3143 669 3187; x_wconf 82' lang='lat' dir='ltr'><strong>maneat</strong></span> <span class='ocrx_word' id='word_1_429' title='bbox 702 3135 813 3200; x_wconf 84' lang='lat' dir='ltr'><strong>ipsa</strong></span> <span class='ocrx_word' id='word_1_430' title='bbox 846 3133 1132 3202; x_wconf 72' lang='lat' dir='ltr'><strong>praeceptis</strong></span> <span class='ocrx_word' id='word_1_431' title='bbox 1157 3135 1516 3205; x_wconf 69' lang='lat' dir='ltr'><strong>consiliisque</strong></span> <span class='ocrx_word' id='word_1_432' title='bbox 1555 3139 1816 3192; x_wconf 87' lang='lat' dir='ltr'><strong>obcdiens</strong></span> <span class='ocrx_word' id='word_1_433' title='bbox 1847 3140 2023 3195; x_wconf 83' lang='lat' dir='ltr'><strong>Patris</strong></span> 
     </span>
    </p>
   </div>
   <div class='ocr_carea' id='block_1_61' title="bbox 2131 3133 3708 3233">
    <p class='ocr_par' dir='ltr' id='par_1_61' title="bbox 2131 3133 3708 3228">
     <span class='ocr_line' id='line_1_61' title="bbox 2131 3133 3708 3228; baseline 0.003 -18"><span class='ocrx_word' id='word_1_434' title='bbox 2131 3133 2192 3210; x_wconf 68' lang='grc' dir='ltr'><strong>τδ</strong></span> <span class='ocrx_word' id='word_1_435' title='bbox 2223 3159 2472 3226; x_wconf 85' lang='grc' dir='ltr'>κρεῖττον</span> <span class='ocrx_word' id='word_1_436' title='bbox 2501 3156 2610 3210; x_wconf 83' lang='grc' dir='ltr'>ἀπὸ</span> <span class='ocrx_word' id='word_1_437' title='bbox 2647 3156 2742 3209; x_wconf 84' lang='grc' dir='ltr'><strong>τοῦ</strong></span> <span class='ocrx_word' id='word_1_438' title='bbox 2770 3133 3048 3227; x_wconf 77' lang='grc' dir='ltr'>χείρονος,</span> <span class='ocrx_word' id='word_1_439' title='bbox 3095 3133 3289 3228; x_wconf 81' lang='grc' dir='ltr'>μέχρις</span> <span class='ocrx_word' id='word_1_440' title='bbox 3327 3159 3395 3212; x_wconf 79' lang='grc' dir='ltr'>ἂν</span> <span class='ocrx_word' id='word_1_441' title='bbox 3423 3133 3517 3213; x_wconf 77' lang='grc' dir='ltr'>καὶ</span> <span class='ocrx_word' id='word_1_442' title='bbox 3542 3162 3708 3226; x_wconf 78' lang='grc' dir='ltr'>αὐτὸς</span> 
     </span>
    </p>
   </div>
   <div class='ocr_carea' id='block_1_62' title="bbox 449 3225 2020 3298">
    <p class='ocr_par' dir='ltr' id='par_1_62' title="bbox 449 3225 2020 3298">
     <span class='ocr_line' id='line_1_62' title="bbox 449 3225 2020 3298; baseline 0.005 -19"><span class='ocrx_word' id='word_1_443' title='bbox 449 3225 724 3290; x_wconf 75' lang='lat' dir='ltr'><strong>cmlestis;</strong></span> <span class='ocrx_word' id='word_1_444' title='bbox 761 3225 806 3277; x_wconf 86' lang='lat' dir='ltr'><strong>si</strong></span> <span class='ocrx_word' id='word_1_445' title='bbox 837 3239 960 3277; x_wconf 88' lang='lat' dir='ltr'><strong>vero</strong></span> <span class='ocrx_word' id='word_1_446' title='bbox 996 3225 1256 3287; x_wconf 79' lang='lat' dir='ltr'><strong>insaniat,</strong></span> <span class='ocrx_word' id='word_1_447' title='bbox 1283 3225 1374 3280; x_wconf 87' lang='lat' dir='ltr'><strong>illa</strong></span> <span class='ocrx_word' id='word_1_448' title='bbox 1403 3242 1616 3296; x_wconf 87' lang='lat' dir='ltr'><strong>quoque</strong></span> <span class='ocrx_word' id='word_1_449' title='bbox 1639 3229 1930 3298; x_wconf 65' lang='lat' dir='ltr'><strong>diSsipatur</strong></span> <span class='ocrx_word' id='word_1_450' title='bbox 1966 3234 2020 3287; x_wconf 92' lang='lat' dir='ltr'><strong>in</strong></span> 
     </span>
    </p>
   </div>
   <div class='ocr_carea' id='block_1_63' title="bbox 450 3315 2020 3390">
    <p class='ocr_par' dir='ltr' id='par_1_63' title="bbox 450 3315 2020 3390">
     <span class='ocr_line' id='line_1_63' title="bbox 450 3315 2020 3390; baseline 0.006 -22"><span class='ocrx_word' id='word_1_451' title='bbox 450 3317 866 3369; x_wconf 76' lang='lat' dir='ltr'><strong>fornicationem</strong></span> <span class='ocrx_word' id='word_1_452' title='bbox 889 3325 942 3368; x_wconf 89' lang='lat' dir='ltr'><strong>et</strong></span> <span class='ocrx_word' id='word_1_453' title='bbox 963 3315 1466 3384; x_wconf 85' lang='lat' dir='ltr'><strong>intemperantiam,</strong></span> <span class='ocrx_word' id='word_1_454' title='bbox 1502 3320 1554 3371; x_wconf 91' lang='lat' dir='ltr'><strong>itt</strong></span> <span class='ocrx_word' id='word_1_455' title='bbox 1586 3329 1872 3390; x_wconf 85' lang='lat' dir='ltr'><strong>utramque</strong></span> <span class='ocrx_word' id='word_1_456' title='bbox 1903 3339 2020 3378; x_wconf 84' lang='lat' dir='ltr'><strong>ina-</strong></span> 
     </span>
    </p>
   </div>
   <div class='ocr_carea' id='block_1_64' title="bbox 448 3407 2022 3476">
    <p class='ocr_par' dir='ltr' id='par_1_64' title="bbox 448 3407 2022 3476">
     <span class='ocr_line' id='line_1_64' title="bbox 448 3407 2022 3476; baseline 0.004 -15"><span class='ocrx_word' id='word_1_457' title='bbox 448 3409 575 3461; x_wconf 75' lang='lat' dir='ltr'><strong>litia:</strong></span> <span class='ocrx_word' id='word_1_458' title='bbox 607 3417 815 3476; x_wconf 86' lang='lat' dir='ltr'><strong>partem</strong></span> <span class='ocrx_word' id='word_1_459' title='bbox 846 3407 1042 3461; x_wconf 88' lang='lat' dir='ltr'><strong>divisa.</strong></span> <span class='ocrx_word' id='word_1_460' title='bbox 1069 3407 1223 3473; x_wconf 84' lang='lat' dir='ltr'><strong>Quod</strong></span> <span class='ocrx_word' id='word_1_461' title='bbox 1254 3410 1438 3462; x_wconf 89' lang='lat' dir='ltr'><strong>videre</strong></span> <span class='ocrx_word' id='word_1_462' title='bbox 1457 3417 1542 3464; x_wconf 89' lang='lat' dir='ltr'><strong>est</strong></span> <span class='ocrx_word' id='word_1_463' title='bbox 1565 3411 1632 3465; x_wconf 89' lang='lat' dir='ltr'><strong>de</strong></span> <span class='ocrx_word' id='word_1_464' title='bbox 1660 3415 1804 3464; x_wconf 81' lang='lat' dir='ltr'><strong>omni</strong></span> <span class='ocrx_word' id='word_1_465' title='bbox 1837 3424 2022 3468; x_wconf 88' lang='lat' dir='ltr'><strong>nostra</strong></span> 
     </span>
    </p>
   </div>
   <div class='ocr_carea' id='block_1_65' title="bbox 445 3496 2021 3567">
    <p class='ocr_par' dir='ltr' id='par_1_65' title="bbox 445 3496 2021 3567">
     <span class='ocr_line' id='line_1_65' title="bbox 445 3496 2021 3567; baseline 0.004 -14"><span class='ocrx_word' id='word_1_466' title='bbox 445 3501 647 3553; x_wconf 84' lang='lat' dir='ltr'><strong>virtute</strong></span> <span class='ocrx_word' id='word_1_467' title='bbox 679 3509 732 3550; x_wconf 91' lang='lat' dir='ltr'><strong>et</strong></span> <span class='ocrx_word' id='word_1_468' title='bbox 761 3496 1022 3567; x_wconf 89' lang='lat' dir='ltr'><strong>potentia,</strong></span> <span class='ocrx_word' id='word_1_469' title='bbox 1042 3513 1159 3564; x_wconf 71' lang='lat' dir='ltr'><strong>qua:</strong></span> <span class='ocrx_word' id='word_1_470' title='bbox 1189 3513 1328 3551; x_wconf 65' lang='lat' dir='ltr'><strong>verat</strong></span> <span class='ocrx_word' id='word_1_471' title='bbox 1355 3507 1483 3553; x_wconf 89' lang='lat' dir='ltr'><strong>sunt</strong></span> <span class='ocrx_word' id='word_1_472' title='bbox 1507 3500 1708 3555; x_wconf 73' lang='lat' dir='ltr'><strong>divitia:</strong></span> <span class='ocrx_word' id='word_1_473' title='bbox 1737 3501 1932 3558; x_wconf 61' lang='lat' dir='ltr'><strong>nostra</strong></span> <span class='ocrx_word' id='word_1_474' title='bbox 1953 3520 2021 3559; x_wconf 75' lang='lat' dir='ltr'><strong>ex</strong></span> 
     </span>
    </p>
   </div>
   <div class='ocr_carea' id='block_1_66' title="bbox 449 3588 2021 3665">
    <p class='ocr_par' dir='ltr' id='par_1_66' title="bbox 449 3588 2021 3665">
     <span class='ocr_line' id='line_1_66' title="bbox 449 3588 2021 3665; baseline 0.004 -22"><span class='ocrx_word' id='word_1_475' title='bbox 449 3591 765 3643; x_wconf 88' lang='lat' dir='ltr'><strong>multimoda</strong></span> <span class='ocrx_word' id='word_1_476' title='bbox 803 3588 1026 3653; x_wconf 88' lang='lat' dir='ltr'><strong>malitia,</strong></span> <span class='ocrx_word' id='word_1_477' title='bbox 1058 3591 1101 3644; x_wconf 93' lang='lat' dir='ltr'><strong>si</strong></span> <span class='ocrx_word' id='word_1_478' title='bbox 1137 3590 1190 3643; x_wconf 91' lang='lat' dir='ltr'><strong>in</strong></span> <span class='ocrx_word' id='word_1_479' title='bbox 1229 3589 1402 3658; x_wconf 85' lang='lat' dir='ltr'><strong>ipsam</strong></span> <span class='ocrx_word' id='word_1_480' title='bbox 1437 3591 1748 3658; x_wconf 90' lang='lat' dir='ltr'><strong>inclinetur,</strong></span> <span class='ocrx_word' id='word_1_481' title='bbox 1785 3594 2021 3665; x_wconf 86' lang='lat' dir='ltr'><strong>dissipa-</strong></span> 
     </span>
    </p>
   </div>
   <div class='ocr_carea' id='block_1_67' title="bbox 445 3679 2021 3755">
    <p class='ocr_par' dir='ltr' id='par_1_67' title="bbox 445 3679 2021 3755">
     <span class='ocr_line' id='line_1_67' title="bbox 445 3679 2021 3755; baseline 0.003 -19"><span class='ocrx_word' id='word_1_482' title='bbox 445 3692 533 3736; x_wconf 69' lang='lat' dir='ltr'><strong>tae.</strong></span> <span class='ocrx_word' id='word_1_483' title='bbox 573 3679 721 3734; x_wconf 81' lang='lat' dir='ltr'><strong>Mens</strong></span> <span class='ocrx_word' id='word_1_484' title='bbox 753 3681 896 3734; x_wconf 89' lang='lat' dir='ltr'><strong>enim</strong></span> <span class='ocrx_word' id='word_1_485' title='bbox 927 3680 979 3734; x_wconf 91' lang='lat' dir='ltr'><strong>vi</strong></span> <span class='ocrx_word' id='word_1_486' title='bbox 1031 3696 1143 3736; x_wconf 67' lang='lat' dir='ltr'><strong>sum</strong></span> <span class='ocrx_word' id='word_1_487' title='bbox 1185 3690 1394 3736; x_wconf 66' lang='lat' dir='ltr'><strong>natura:</strong></span> <span class='ocrx_word' id='word_1_488' title='bbox 1439 3683 1708 3738; x_wconf 85' lang='lat' dir='ltr'><strong>desideria</strong></span> <span class='ocrx_word' id='word_1_489' title='bbox 1729 3687 1908 3755; x_wconf 82' lang='lat' dir='ltr'><strong>dirigit</strong></span> <span class='ocrx_word' id='word_1_490' title='bbox 1951 3689 2021 3743; x_wconf 85' lang='lat' dir='ltr'><strong>ad</strong></span> 
     </span>
    </p>
   </div>
   <div class='ocr_carea' id='block_1_68' title="bbox 448 3773 2020 3840">
    <p class='ocr_par' dir='ltr' id='par_1_68' title="bbox 448 3773 2020 3840">
     <span class='ocr_line' id='line_1_68' title="bbox 448 3773 2020 3840; baseline 0.003 -12"><span class='ocrx_word' id='word_1_491' title='bbox 448 3791 610 3828; x_wconf 87' lang='lat' dir='ltr'><strong>unum</strong></span> <span class='ocrx_word' id='word_1_492' title='bbox 641 3783 694 3828; x_wconf 90' lang='lat' dir='ltr'><strong>et</strong></span> <span class='ocrx_word' id='word_1_493' title='bbox 732 3789 920 3827; x_wconf 88' lang='lat' dir='ltr'><strong>verum</strong></span> <span class='ocrx_word' id='word_1_494' title='bbox 961 3773 1157 3840; x_wconf 86' lang='lat' dir='ltr'><strong>Deum,</strong></span> <span class='ocrx_word' id='word_1_495' title='bbox 1190 3773 1363 3829; x_wconf 87' lang='lat' dir='ltr'><strong>solum</strong></span> <span class='ocrx_word' id='word_1_496' title='bbox 1413 3775 1634 3840; x_wconf 90' lang='lat' dir='ltr'><strong>bonum,</strong></span> <span class='ocrx_word' id='word_1_497' title='bbox 1667 3777 1842 3831; x_wconf 89' lang='lat' dir='ltr'><strong>solum</strong></span> <span class='ocrx_word' id='word_1_498' title='bbox 1875 3781 2020 3834; x_wconf 82' lang='lat' dir='ltr'><strong>desi-</strong></span> 
     </span>
    </p>
   </div>
   <div class='ocr_carea' id='block_1_69' title="bbox 445 3865 2019 3934">
    <p class='ocr_par' dir='ltr' id='par_1_69' title="bbox 445 3865 2019 3934">
     <span class='ocr_line' id='line_1_69' title="bbox 445 3865 2019 3934; baseline 0.006 -16"><span class='ocrx_word' id='word_1_499' title='bbox 445 3865 685 3920; x_wconf 82' lang='lat' dir='ltr'><strong>derabile</strong></span> <span class='ocrx_word' id='word_1_500' title='bbox 708 3904 724 3930; x_wconf 88' lang='lat'><strong>,</strong></span> <span class='ocrx_word' id='word_1_501' title='bbox 755 3865 931 3920; x_wconf 91' lang='lat' dir='ltr'><strong>solum</strong></span> <span class='ocrx_word' id='word_1_502' title='bbox 959 3866 1294 3934; x_wconf 86' lang='lat' dir='ltr'><strong>voluptatem</strong></span> <span class='ocrx_word' id='word_1_503' title='bbox 1349 3867 1416 3920; x_wconf 91' lang='lat' dir='ltr'><strong>ab</strong></span> <span class='ocrx_word' id='word_1_504' title='bbox 1462 3871 1609 3922; x_wconf 90' lang='lat' dir='ltr'><strong>omni</strong></span> <span class='ocrx_word' id='word_1_505' title='bbox 1648 3870 1833 3926; x_wconf 88' lang='lat' dir='ltr'><strong>dolore</strong></span> <span class='ocrx_word' id='word_1_506' title='bbox 1865 3874 2019 3926; x_wconf 75' lang='lat' dir='ltr'><strong>inno—</strong></span> 
     </span>
    </p>
   </div>
   <div class='ocr_carea' id='block_1_70' title="bbox 449 3955 2014 4028">
    <p class='ocr_par' dir='ltr' id='par_1_70' title="bbox 449 3955 2014 4028">
     <span class='ocr_line' id='line_1_70' title="bbox 449 3955 2014 4028; baseline 0.006 -18"><span class='ocrx_word' id='word_1_507' title='bbox 449 3959 588 4011; x_wconf 60' lang='lat' dir='ltr'><strong>xiam</strong></span> <span class='ocrx_word' id='word_1_508' title='bbox 620 3960 956 4028; x_wconf 77' lang='lat' dir='ltr'><strong>largientem.</strong></span> <span class='ocrx_word' id='word_1_509' title='bbox 1001 3955 1179 4010; x_wconf 67' lang='lat' dir='ltr'><strong>Liente</strong></span> <span class='ocrx_word' id='word_1_510' title='bbox 1227 3971 1356 4010; x_wconf 88' lang='lat' dir='ltr'><strong>vero</strong></span> <span class='ocrx_word' id='word_1_511' title='bbox 1393 3957 1591 4026; x_wconf 81' lang='lat' dir='ltr'><strong>laxata,</strong></span> <span class='ocrx_word' id='word_1_512' title='bbox 1617 3961 1812 4016; x_wconf 65' lang='lat' dir='ltr'><strong>animae</strong></span> <span class='ocrx_word' id='word_1_513' title='bbox 1838 3966 2014 4020; x_wconf 85' lang='lat' dir='ltr'><strong>virtus</strong></span> 
     </span>
    </p>
   </div>
   <div class='ocr_carea' id='block_1_71' title="bbox 445 4050 2016 4127">
    <p class='ocr_par' dir='ltr' id='par_1_71' title="bbox 445 4050 2016 4127">
     <span class='ocr_line' id='line_1_71' title="bbox 445 4050 2016 4127; baseline 0.004 -20"><span class='ocrx_word' id='word_1_514' title='bbox 445 4055 513 4107; x_wconf 87' lang='lat' dir='ltr'><strong>ad</strong></span> <span class='ocrx_word' id='word_1_515' title='bbox 545 4068 728 4106; x_wconf 85' lang='lat' dir='ltr'><strong>veram</strong></span> <span class='ocrx_word' id='word_1_516' title='bbox 753 4051 1072 4105; x_wconf 88' lang='lat' dir='ltr'><strong>charitatem</strong></span> <span class='ocrx_word' id='word_1_517' title='bbox 1097 4050 1298 4104; x_wconf 74' lang='lat' dir='ltr'><strong>excidit</strong></span> <span class='ocrx_word' id='word_1_518' title='bbox 1321 4067 1350 4104; x_wconf 89' lang='lat' dir='ltr'><strong>a</strong></span> <span class='ocrx_word' id='word_1_519' title='bbox 1375 4051 1517 4106; x_wconf 86' lang='lat' dir='ltr'><strong>bono</strong></span> <span class='ocrx_word' id='word_1_520' title='bbox 1545 4069 1668 4109; x_wconf 77' lang='lat' dir='ltr'><strong>rere</strong></span> <span class='ocrx_word' id='word_1_521' title='bbox 1690 4061 2016 4127; x_wconf 88' lang='lat' dir='ltr'><strong>appetendo,</strong></span> 
     </span>
    </p>
   </div>
   <div class='ocr_carea' id='block_1_72' title="bbox 445 4143 2016 4218">
    <p class='ocr_par' dir='ltr' id='par_1_72' title="bbox 445 4143 2016 4218">
     <span class='ocr_line' id='line_1_72' title="bbox 445 4143 2016 4218; baseline 0.003 -20"><span class='ocrx_word' id='word_1_522' title='bbox 445 4156 501 4198; x_wconf 87' lang='lat' dir='ltr'><strong>et</strong></span> <span class='ocrx_word' id='word_1_523' title='bbox 536 4149 600 4196; x_wconf 86' lang='lat' dir='ltr'><strong>ad</strong></span> <span class='ocrx_word' id='word_1_524' title='bbox 629 4145 810 4198; x_wconf 85' lang='lat' dir='ltr'><strong>varias</strong></span> <span class='ocrx_word' id='word_1_525' title='bbox 833 4143 1124 4211; x_wconf 84' lang='lat' dir='ltr'><strong>voluptatis</strong></span> <span class='ocrx_word' id='word_1_526' title='bbox 1158 4145 1629 4213; x_wconf 85' lang='lat' dir='ltr'><strong>concupiscentias</strong></span> <span class='ocrx_word' id='word_1_527' title='bbox 1657 4151 2016 4218; x_wconf 78' lang='lat' dir='ltr'><strong>pertrahitur,</strong></span> 
     </span>
    </p>
   </div>
   <div class='ocr_carea' id='block_1_73' title="bbox 446 4233 2018 4318">
    <p class='ocr_par' dir='ltr' id='par_1_73' title="bbox 446 4233 2018 4318">
     <span class='ocr_line' id='line_1_73' title="bbox 446 4233 2018 4318; baseline 0.002 -26"><span class='ocrx_word' id='word_1_528' title='bbox 446 4241 590 4292; x_wconf 88' lang='lat' dir='ltr'><strong>unde</strong></span> <span class='ocrx_word' id='word_1_529' title='bbox 629 4238 926 4306; x_wconf 81' lang='lat' dir='ltr'><strong>dissipatur</strong></span> <span class='ocrx_word' id='word_1_530' title='bbox 966 4235 1030 4287; x_wconf 86' lang='lat' dir='ltr'><strong>ad</strong></span> <span class='ocrx_word' id='word_1_531' title='bbox 1069 4233 1452 4288; x_wconf 80' lang='lat' dir='ltr'><strong>dcsiderandas</strong></span> <span class='ocrx_word' id='word_1_532' title='bbox 1478 4235 1645 4304; x_wconf 80' lang='lat' dir='ltr'><strong>dapes</strong></span> <span class='ocrx_word' id='word_1_533' title='bbox 1687 4254 1790 4318; x_wconf 84' lang='lat' dir='ltr'><strong>non</strong></span> <span class='ocrx_word' id='word_1_534' title='bbox 1829 4256 2018 4295; x_wconf 81' lang='lat' dir='ltr'><strong>neces-</strong></span> 
     </span>
    </p>
   </div>
   <div class='ocr_carea' id='block_1_74' title="bbox 445 4327 2017 4398">
    <p class='ocr_par' dir='ltr' id='par_1_74' title="bbox 445 4327 2017 4398">
     <span class='ocr_line' id='line_1_74' title="bbox 445 4327 2017 4398; baseline 0.004 -16"><span class='ocrx_word' id='word_1_535' title='bbox 445 4331 640 4392; x_wconf 80' lang='lat' dir='ltr'><strong>sarias,</strong></span> <span class='ocrx_word' id='word_1_536' title='bbox 690 4330 815 4382; x_wconf 88' lang='lat' dir='ltr'><strong>hinc</strong></span> <span class='ocrx_word' id='word_1_537' title='bbox 859 4327 1178 4382; x_wconf 86' lang='lat' dir='ltr'><strong>itnntodesta</strong></span> <span class='ocrx_word' id='word_1_538' title='bbox 1220 4342 1470 4398; x_wconf 73' lang='lat' dir='ltr'><strong>corpora,</strong></span> <span class='ocrx_word' id='word_1_539' title='bbox 1509 4332 1649 4385; x_wconf 88' lang='lat' dir='ltr'><strong>unde</strong></span> <span class='ocrx_word' id='word_1_540' title='bbox 1695 4349 1798 4385; x_wconf 91' lang='lat' dir='ltr'><strong>non</strong></span> <span class='ocrx_word' id='word_1_541' title='bbox 1846 4335 2017 4388; x_wconf 84' lang='lat' dir='ltr'><strong>bonas</strong></span> 
     </span>
    </p>
   </div>
   <div class='ocr_carea' id='block_1_75' title="bbox 445 4422 2016 4492">
    <p class='ocr_par' dir='ltr' id='par_1_75' title="bbox 445 4422 2016 4492">
     <span class='ocr_line' id='line_1_75' title="bbox 445 4422 2016 4492; baseline 0.003 -16"><span class='ocrx_word' id='word_1_542' title='bbox 445 4441 575 4492; x_wconf 79' lang='lat' dir='ltr'><strong>opes</strong></span> <span class='ocrx_word' id='word_1_543' title='bbox 604 4440 698 4477; x_wconf 84' lang='lat' dir='ltr'><strong>seu</strong></span> <span class='ocrx_word' id='word_1_544' title='bbox 733 4424 945 4476; x_wconf 86' lang='lat' dir='ltr'><strong>inanem</strong></span> <span class='ocrx_word' id='word_1_545' title='bbox 986 4431 1042 4475; x_wconf 90' lang='lat' dir='ltr'><strong>et</strong></span> <span class='ocrx_word' id='word_1_546' title='bbox 1077 4431 1285 4490; x_wconf 86' lang='lat' dir='ltr'><strong>turpem</strong></span> <span class='ocrx_word' id='word_1_547' title='bbox 1332 4422 1554 4491; x_wconf 78' lang='lat' dir='ltr'><strong>gloriam</strong></span> <span class='ocrx_word' id='word_1_548' title='bbox 1589 4423 1849 4479; x_wconf 75' lang='lat' dir='ltr'><strong>distracta</strong></span> <span class='ocrx_word' id='word_1_549' title='bbox 1880 4443 2016 4481; x_wconf 48' lang='lat' dir='ltr'><strong>con.</strong></span> 
     </span>
    </p>
   </div>
   <div class='ocr_carea' id='block_1_76' title="bbox 445 4515 2016 4585">
    <p class='ocr_par' dir='ltr' id='par_1_76' title="bbox 445 4515 2016 4585">
     <span class='ocr_line' id='line_1_76' title="bbox 445 4515 2016 4585; baseline 0.003 -15"><span class='ocrx_word' id='word_1_550' title='bbox 445 4519 695 4585; x_wconf 81' lang='lat' dir='ltr'><strong>cupiscit.</strong></span> <span class='ocrx_word' id='word_1_551' title='bbox 729 4515 793 4568; x_wconf 81' lang='lat' dir='ltr'><strong>Et</strong></span> <span class='ocrx_word' id='word_1_552' title='bbox 826 4516 906 4569; x_wconf 88' lang='lat' dir='ltr'><strong>sic</strong></span> <span class='ocrx_word' id='word_1_553' title='bbox 928 4526 1256 4570; x_wconf 74' lang='lat' dir='ltr'><strong>extettumus</strong></span> <span class='ocrx_word' id='word_1_554' title='bbox 1300 4515 1464 4569; x_wconf 80' lang='lat' dir='ltr'><strong>miser</strong></span> <span class='ocrx_word' id='word_1_555' title='bbox 1495 4517 1675 4582; x_wconf 85' lang='lat' dir='ltr'><strong>homo,</strong></span> <span class='ocrx_word' id='word_1_556' title='bbox 1709 4533 1918 4573; x_wconf 80' lang='lat' dir='ltr'><strong>neottou</strong></span> <span class='ocrx_word' id='word_1_557' title='bbox 1953 4524 2016 4575; x_wconf 82' lang='lat' dir='ltr'><strong>ad</strong></span> 
     </span>
    </p>
   </div>
   <div class='ocr_carea' id='block_1_77' title="bbox 445 4605 2015 4676">
    <p class='ocr_par' dir='ltr' id='par_1_77' title="bbox 445 4605 2015 4676">
     <span class='ocr_line' id='line_1_77' title="bbox 445 4605 2015 4676; baseline 0.004 -16"><span class='ocrx_word' id='word_1_558' title='bbox 445 4610 624 4661; x_wconf 74' lang='lat' dir='ltr'><strong>vat-ias</strong></span> <span class='ocrx_word' id='word_1_559' title='bbox 661 4609 727 4662; x_wconf 89' lang='lat' dir='ltr'><strong>de</strong></span> <span class='ocrx_word' id='word_1_560' title='bbox 774 4607 892 4661; x_wconf 88' lang='lat' dir='ltr'><strong>istis</strong></span> <span class='ocrx_word' id='word_1_561' title='bbox 941 4605 1302 4676; x_wconf 82' lang='lat' dir='ltr'><strong>cogitationes</strong></span> <span class='ocrx_word' id='word_1_562' title='bbox 1353 4605 1640 4670; x_wconf 76' lang='lat' dir='ltr'><strong>divulsus,</strong></span> <span class='ocrx_word' id='word_1_563' title='bbox 1691 4624 1792 4662; x_wconf 85' lang='lat' dir='ltr'><strong>nec</strong></span> <span class='ocrx_word' id='word_1_564' title='bbox 1843 4611 2015 4667; x_wconf 81' lang='lat' dir='ltr'><strong>Solem</strong></span> 
     </span>
    </p>
   </div>
   <div class='ocr_carea' id='block_1_78' title="bbox 447 4700 2018 4775">
    <p class='ocr_par' dir='ltr' id='par_1_78' title="bbox 447 4700 2018 4775">
     <span class='ocr_line' id='line_1_78' title="bbox 447 4700 2018 4775; baseline 0.004 -21"><span class='ocrx_word' id='word_1_565' title='bbox 447 4702 624 4772; x_wconf 89' lang='lat' dir='ltr'><strong>ipsum</strong></span> <span class='ocrx_word' id='word_1_566' title='bbox 657 4716 758 4754; x_wconf 87' lang='lat' dir='ltr'><strong>nec</strong></span> <span class='ocrx_word' id='word_1_567' title='bbox 789 4715 1003 4766; x_wconf 87' lang='lat' dir='ltr'><strong>aerem,</strong></span> <span class='ocrx_word' id='word_1_568' title='bbox 1038 4714 1351 4754; x_wconf 88' lang='lat' dir='ltr'><strong>communes</strong></span> <span class='ocrx_word' id='word_1_569' title='bbox 1389 4700 1642 4755; x_wconf 90' lang='lat' dir='ltr'><strong>omnibus</strong></span> <span class='ocrx_word' id='word_1_570' title='bbox 1671 4703 1890 4758; x_wconf 85' lang='lat' dir='ltr'><strong>divitias</strong></span> <span class='ocrx_word' id='word_1_571' title='bbox 1928 4706 2018 4775; x_wconf 80' lang='lat' dir='ltr'><strong>ju-</strong></span> 
     </span>
    </p>
   </div>
   <div class='ocr_carea' id='block_1_79' title="bbox 445 4794 1282 4863">
    <p class='ocr_par' dir='ltr' id='par_1_79' title="bbox 445 4794 1282 4863">
     <span class='ocr_line' id='line_1_79' title="bbox 445 4794 1282 4863; baseline -0.002 -16"><span class='ocrx_word' id='word_1_572' title='bbox 445 4794 620 4848; x_wconf 89' lang='lat' dir='ltr'><strong>cunde</strong></span> <span class='ocrx_word' id='word_1_573' title='bbox 645 4795 847 4863; x_wconf 85' lang='lat' dir='ltr'><strong>aspirat</strong></span> <span class='ocrx_word' id='word_1_574' title='bbox 877 4809 975 4848; x_wconf 84' lang='lat' dir='ltr'><strong>nec</strong></span> <span class='ocrx_word' id='word_1_575' title='bbox 998 4795 1282 4862; x_wconf 89' lang='lat' dir='ltr'><strong>conspicit.</strong></span> 
     </span>
    </p>
   </div>
   <div class='ocr_carea' id='block_1_80' title="bbox 2132 3249 3708 3320">
    <p class='ocr_par' dir='ltr' id='par_1_80' title="bbox 2132 3249 3708 3320">
     <span class='ocr_line' id='line_1_80' title="bbox 2132 3249 3708 3320; baseline 0.003 -18"><span class='ocrx_word' id='word_1_576' title='bbox 2132 3250 2427 3320; x_wconf 81' lang='grc' dir='ltr'>παραμένῃ</span> <span class='ocrx_word' id='word_1_577' title='bbox 2471 3251 2591 3312; x_wconf 89' lang='grc' dir='ltr'>ταῖς</span> <span class='ocrx_word' id='word_1_578' title='bbox 2633 3249 2875 3311; x_wconf 75' lang='grc' dir='ltr'>ἐντολαῖς</span> <span class='ocrx_word' id='word_1_579' title='bbox 2933 3249 3029 3302; x_wconf 60' lang='grc' dir='ltr'><strong>καὶ⁸</strong></span> <span class='ocrx_word' id='word_1_580' title='bbox 3078 3250 3414 3320; x_wconf 74' lang='grc' dir='ltr'>συμϐουλαῖς</span> <span class='ocrx_word' id='word_1_581' title='bbox 3463 3253 3708 3307; x_wconf 68' lang='grc' dir='ltr'>ὑπείκων</span> 
     </span>
    </p>
   </div>
   <div class='ocr_carea' id='block_1_81' title="bbox 2128 3339 3711 3410">
    <p class='ocr_par' dir='ltr' id='par_1_81' title="bbox 2128 3339 3711 3410">
     <span class='ocr_line' id='line_1_81' title="bbox 2128 3339 3711 3410; baseline 0.003 -16"><span class='ocrx_word' id='word_1_582' title='bbox 2128 3341 2224 3394; x_wconf 86' lang='grc' dir='ltr'><strong>τοῦ</strong></span> <span class='ocrx_word' id='word_1_583' title='bbox 2250 3341 2528 3395; x_wconf 85' lang='grc' dir='ltr'>ἁνωτάτου</span> <span class='ocrx_word' id='word_1_584' title='bbox 2565 3340 2779 3410; x_wconf 86' lang='grc' dir='ltr'>Πατρός</span> <span class='ocrx_word' id='word_1_585' title='bbox 2800 3355 2816 3372; x_wconf 89' lang='grc'><strong>·</strong></span> <span class='ocrx_word' id='word_1_586' title='bbox 2850 3339 3040 3394; x_wconf 91' lang='grc' dir='ltr'>τούτου</span> <span class='ocrx_word' id='word_1_587' title='bbox 3077 3341 3133 3393; x_wconf 84' lang='grc' dir='ltr'>δὲ</span> <span class='ocrx_word' id='word_1_588' title='bbox 3161 3342 3582 3410; x_wconf 82' lang='grc' dir='ltr'>άφηνιάσαντος.</span> <span class='ocrx_word' id='word_1_589' title='bbox 3609 3345 3711 3398; x_wconf 83' lang='grc' dir='ltr'>κά-</span> 
     </span>
    </p>
   </div>
   <div class='ocr_carea' id='block_1_82' title="bbox 2128 3431 3708 3505">
    <p class='ocr_par' dir='ltr' id='par_1_82' title="bbox 2128 3431 3708 3505">
     <span class='ocr_line' id='line_1_82' title="bbox 2128 3431 3708 3505; baseline 0.002 -19"><span class='ocrx_word' id='word_1_590' title='bbox 2128 3435 2281 3503; x_wconf 84' lang='grc' dir='ltr'>κείνη</span> <span class='ocrx_word' id='word_1_591' title='bbox 2313 3431 2672 3502; x_wconf 83' lang='grc' dir='ltr'>σκορπίζεται</span> <span class='ocrx_word' id='word_1_592' title='bbox 2719 3434 2801 3495; x_wconf 78' lang='grc' dir='ltr'>ιίς</span> <span class='ocrx_word' id='word_1_593' title='bbox 2834 3433 3095 3498; x_wconf 87' lang='grc' dir='ltr'>πορνείαν</span> <span class='ocrx_word' id='word_1_594' title='bbox 3122 3435 3219 3487; x_wconf 78' lang='grc' dir='ltr'>καὶ</span> <span class='ocrx_word' id='word_1_595' title='bbox 3245 3434 3579 3505; x_wconf 78' lang='grc' dir='ltr'>ἀφροσύνην,</span> <span class='ocrx_word' id='word_1_596' title='bbox 3607 3437 3708 3500; x_wconf 72' lang='grc' dir='ltr'><strong>τὰς</strong></span> 
     </span>
    </p>
   </div>
   <div class='ocr_carea' id='block_1_83' title="bbox 2129 3523 3706 3596">
    <p class='ocr_par' dir='ltr' id='par_1_83' title="bbox 2129 3523 3706 3596">
     <span class='ocr_line' id='line_1_83' title="bbox 2129 3523 3706 3596; baseline 0.003 -18"><span class='ocrx_word' id='word_1_597' title='bbox 2129 3525 2260 3594; x_wconf 85' lang='grc' dir='ltr'>παρ’</span> <span class='ocrx_word' id='word_1_598' title='bbox 2289 3525 2550 3595; x_wconf 73' lang='grc' dir='ltr'>ἑκάτερον</span> <span class='ocrx_word' id='word_1_599' title='bbox 2593 3523 2760 3594; x_wconf 83' lang='grc' dir='ltr'>μέρος</span> <span class='ocrx_word' id='word_1_600' title='bbox 2789 3524 2985 3587; x_wconf 84' lang='grc' dir='ltr'>κακίας</span> <span class='ocrx_word' id='word_1_601' title='bbox 3033 3523 3393 3596; x_wconf 78' lang='grc' dir='ltr'>μεριζομένη.</span> <span class='ocrx_word' id='word_1_602' title='bbox 3439 3527 3610 3579; x_wconf 83' lang='grc' dir='ltr'>Τοῦτο</span> <span class='ocrx_word' id='word_1_603' title='bbox 3656 3526 3706 3583; x_wconf 85' lang='grc' dir='ltr'>δ’</span> 
     </span>
    </p>
   </div>
   <div class='ocr_carea' id='block_1_84' title="bbox 2130 3613 3702 3687">
    <p class='ocr_par' dir='ltr' id='par_1_84' title="bbox 2130 3613 3702 3687">
     <span class='ocr_line' id='line_1_84' title="bbox 2130 3613 3702 3687; baseline 0.001 -18"><span class='ocrx_word' id='word_1_604' title='bbox 2130 3619 2197 3670; x_wconf 83' lang='grc' dir='ltr'>ἂν</span> <span class='ocrx_word' id='word_1_605' title='bbox 2223 3615 2355 3678; x_wconf 83' lang='grc' dir='ltr'>ἴδοις</span> <span class='ocrx_word' id='word_1_606' title='bbox 2387 3615 2485 3668; x_wconf 73' lang='grc' dir='ltr'>καὶ</span> <span class='ocrx_word' id='word_1_607' title='bbox 2510 3616 2602 3667; x_wconf 78' lang='grc' dir='ltr'>ἐπὶ</span> <span class='ocrx_word' id='word_1_608' title='bbox 2630 3615 2813 3683; x_wconf 80' lang='grc' dir='ltr'>πάσης</span> <span class='ocrx_word' id='word_1_609' title='bbox 2837 3614 3039 3684; x_wconf 82' lang='grc' dir='ltr'>ἀρετῆς</span> <span class='ocrx_word' id='word_1_610' title='bbox 3066 3613 3224 3683; x_wconf 78' lang='grc' dir='ltr'>ἡμῶν</span> <span class='ocrx_word' id='word_1_611' title='bbox 3271 3615 3369 3669; x_wconf 77' lang='grc' dir='ltr'>καὶ</span> <span class='ocrx_word' id='word_1_612' title='bbox 3396 3615 3702 3687; x_wconf 86' lang='grc' dir='ltr'>δυνάμεως,</span> 
     </span>
    </p>
   </div>
   <div class='ocr_carea' id='block_1_85' title="bbox 2131 3705 3709 3778">
    <p class='ocr_par' dir='ltr' id='par_1_85' title="bbox 2131 3705 3709 3778">
     <span class='ocr_line' id='line_1_85' title="bbox 2131 3705 3709 3778; baseline 0.001 -18"><span class='ocrx_word' id='word_1_613' title='bbox 2131 3709 2193 3761; x_wconf 90' lang='grc' dir='ltr'><strong>αῖ</strong></span> <span class='ocrx_word' id='word_1_614' title='bbox 2233 3709 2372 3762; x_wconf 86' lang='grc' dir='ltr'>είσιν</span> <span class='ocrx_word' id='word_1_615' title='bbox 2407 3707 2675 3776; x_wconf 83' lang='grc' dir='ltr'>ἡμέτερος</span> <span class='ocrx_word' id='word_1_616' title='bbox 2731 3706 2902 3769; x_wconf 70' lang='grc' dir='ltr'>ὅντως</span> <span class='ocrx_word' id='word_1_617' title='bbox 2947 3705 3196 3773; x_wconf 86' lang='grc' dir='ltr'>πλοῦτος,</span> <span class='ocrx_word' id='word_1_618' title='bbox 3260 3706 3320 3769; x_wconf 81' lang='grc' dir='ltr'>ὃς</span> <span class='ocrx_word' id='word_1_619' title='bbox 3353 3707 3455 3778; x_wconf 82' lang='grc' dir='ltr'>τῆς</span> <span class='ocrx_word' id='word_1_620' title='bbox 3505 3709 3709 3774; x_wconf 88' lang='grc' dir='ltr'>κακίας</span> 
     </span>
    </p>
   </div>
   <div class='ocr_carea' id='block_1_86' title="bbox 2130 3797 3706 3874">
    <p class='ocr_par' dir='ltr' id='par_1_86' title="bbox 2130 3797 3706 3874">
     <span class='ocr_line' id='line_1_86' title="bbox 2130 3797 3706 3874; baseline 0 -22"><span class='ocrx_word' id='word_1_621' title='bbox 2130 3798 2297 3869; x_wconf 78' lang='grc' dir='ltr'>οὔσης</span> <span class='ocrx_word' id='word_1_622' title='bbox 2361 3798 2749 3869; x_wconf 85' lang='grc' dir='ltr'>πολυσχεδοῦς,</span> <span class='ocrx_word' id='word_1_623' title='bbox 2793 3797 2870 3850; x_wconf 86' lang='grc' dir='ltr'><strong>ὅτ’</strong></span> <span class='ocrx_word' id='word_1_624' title='bbox 2921 3797 2988 3852; x_wconf 80' lang='grc' dir='ltr'>ἂν</span> <span class='ocrx_word' id='word_1_625' title='bbox 3050 3798 3185 3868; x_wconf 83' lang='grc' dir='ltr'>πρὸς</span> <span class='ocrx_word' id='word_1_626' title='bbox 3219 3799 3391 3868; x_wconf 82' lang='grc' dir='ltr'>αὐτὴν</span> <span class='ocrx_word' id='word_1_627' title='bbox 3455 3801 3706 3874; x_wconf 73' lang='grc' dir='ltr'>ἐκκλίνῃ,</span> 
     </span>
    </p>
   </div>
   <div class='ocr_carea' id='block_1_87' title="bbox 2131 3888 3708 3960">
    <p class='ocr_par' dir='ltr' id='par_1_87' title="bbox 2131 3888 3708 3960">
     <span class='ocr_line' id='line_1_87' title="bbox 2131 3888 3708 3960; baseline 0.003 -18"><span class='ocrx_word' id='word_1_628' title='bbox 2131 3889 2486 3959; x_wconf 75' lang='grc' dir='ltr'>σκορπίζεται</span> <span class='ocrx_word' id='word_1_629' title='bbox 2507 3904 2523 3920; x_wconf 75' lang='grc' dir='ltr'><strong><em>ο</em></strong></span> <span class='ocrx_word' id='word_1_630' title='bbox 2559 3889 2724 3950; x_wconf 80' lang='grc' dir='ltr'>αὐτὸς</span> <span class='ocrx_word' id='word_1_631' title='bbox 2751 3888 2859 3958; x_wconf 79' lang='grc' dir='ltr'><strong>γὰρ</strong></span> <span class='ocrx_word' id='word_1_632' title='bbox 2888 3890 2915 3942; x_wconf 88' lang='grc' dir='ltr'><strong>ό</strong></span> <span class='ocrx_word' id='word_1_633' title='bbox 2943 3889 3066 3952; x_wconf 88' lang='grc' dir='ltr'>νοῦς</span> <span class='ocrx_word' id='word_1_634' title='bbox 3094 3888 3263 3942; x_wconf 84' lang='grc' dir='ltr'>τείνει</span> <span class='ocrx_word' id='word_1_635' title='bbox 3285 3891 3384 3960; x_wconf 86' lang='grc' dir='ltr'>τὴν</span> <span class='ocrx_word' id='word_1_636' title='bbox 3410 3890 3708 3960; x_wconf 79' lang='grc' dir='ltr'>ἐπιθυμίαν</span> 
     </span>
    </p>
   </div>
   <div class='ocr_carea' id='block_1_88' title="bbox 2132 3979 3708 4050">
    <p class='ocr_par' dir='ltr' id='par_1_88' title="bbox 2132 3979 3708 4050">
     <span class='ocr_line' id='line_1_88' title="bbox 2132 3979 3708 4050; baseline 0.003 -19"><span class='ocrx_word' id='word_1_637' title='bbox 2132 3981 2266 4050; x_wconf 78' lang='grc' dir='ltr'>πρὸς</span> <span class='ocrx_word' id='word_1_638' title='bbox 2295 3981 2386 4032; x_wconf 83' lang='grc' dir='ltr'>τὸν</span> <span class='ocrx_word' id='word_1_639' title='bbox 2419 3979 2517 4032; x_wconf 71' lang='grc' dir='ltr'><strong>ενα</strong></span> <span class='ocrx_word' id='word_1_640' title='bbox 2547 3980 2642 4033; x_wconf 73' lang='grc' dir='ltr'>καὶ</span> <span class='ocrx_word' id='word_1_641' title='bbox 2673 3979 2844 4042; x_wconf 81' lang='grc' dir='ltr'>ὅντως</span> <span class='ocrx_word' id='word_1_642' title='bbox 2889 3979 3020 4032; x_wconf 77' lang='grc' dir='ltr'>ὅντα</span> <span class='ocrx_word' id='word_1_643' title='bbox 3053 3979 3210 4044; x_wconf 83' lang='grc' dir='ltr'>Θεὸν,</span> <span class='ocrx_word' id='word_1_644' title='bbox 3240 3979 3334 4032; x_wconf 78' lang='grc' dir='ltr'>τὸν</span> <span class='ocrx_word' id='word_1_645' title='bbox 3373 3981 3536 4048; x_wconf 89' lang='grc' dir='ltr'>μόνον</span> <span class='ocrx_word' id='word_1_646' title='bbox 3570 3982 3708 4048; x_wconf 85' lang='grc' dir='ltr'>ἀγα-</span> 
     </span>
    </p>
   </div>
   <div class='ocr_carea' id='block_1_89' title="bbox 2133 4068 3706 4141">
    <p class='ocr_par' dir='ltr' id='par_1_89' title="bbox 2133 4068 3706 4141">
     <span class='ocr_line' id='line_1_89' title="bbox 2133 4068 3706 4141; baseline 0.002 -19"><span class='ocrx_word' id='word_1_647' title='bbox 2133 4070 2252 4134; x_wconf 78' lang='grc' dir='ltr'>θὸν,</span> <span class='ocrx_word' id='word_1_648' title='bbox 2276 4070 2368 4122; x_wconf 70' lang='grc' dir='ltr'><strong>τὸν</strong></span> <span class='ocrx_word' id='word_1_649' title='bbox 2389 4069 2553 4139; x_wconf 91' lang='grc' dir='ltr'>μόνον</span> <span class='ocrx_word' id='word_1_650' title='bbox 2572 4068 2782 4136; x_wconf 83' lang='grc' dir='ltr'>ἐφετὸν,</span> <span class='ocrx_word' id='word_1_651' title='bbox 2806 4068 2900 4120; x_wconf 82' lang='grc' dir='ltr'><strong>τδν</strong></span> <span class='ocrx_word' id='word_1_652' title='bbox 2927 4069 3086 4137; x_wconf 83' lang='grc' dir='ltr'>μόνον</span> <span class='ocrx_word' id='word_1_653' title='bbox 3107 4068 3282 4138; x_wconf 82' lang='grc' dir='ltr'>ἀμιγῆ</span> <span class='ocrx_word' id='word_1_654' title='bbox 3309 4071 3488 4139; x_wconf 78' lang='grc' dir='ltr'>πάσης</span> <span class='ocrx_word' id='word_1_655' title='bbox 3512 4071 3706 4141; x_wconf 83' lang='grc' dir='ltr'>ὀδύνης</span> 
     </span>
    </p>
   </div>
   <div class='ocr_carea' id='block_1_90' title="bbox 2127 4157 3703 4233">
    <p class='ocr_par' dir='ltr' id='par_1_90' title="bbox 2127 4157 3703 4233">
     <span class='ocr_line' id='line_1_90' title="bbox 2127 4157 3703 4233; baseline 0.001 -18"><span class='ocrx_word' id='word_1_656' title='bbox 2127 4162 2228 4233; x_wconf 79' lang='grc' dir='ltr'>τὴν</span> <span class='ocrx_word' id='word_1_657' title='bbox 2269 4161 2465 4231; x_wconf 76' lang='grc' dir='ltr'>ἡδονὴν</span> <span class='ocrx_word' id='word_1_658' title='bbox 2487 4161 2820 4230; x_wconf 72' lang='grc' dir='ltr'>παρέχοντα.</span> <span class='ocrx_word' id='word_1_659' title='bbox 2850 4157 2960 4212; x_wconf 90' lang='grc' dir='ltr'>Τοῦ</span> <span class='ocrx_word' id='word_1_660' title='bbox 2993 4159 3087 4212; x_wconf 89' lang='grc' dir='ltr'><strong>νοῦ</strong></span> <span class='ocrx_word' id='word_1_661' title='bbox 3135 4160 3192 4213; x_wconf 79' lang='grc' dir='ltr'>δὲ</span> <span class='ocrx_word' id='word_1_662' title='bbox 3250 4162 3703 4230; x_wconf 80' lang='grc' dir='ltr'>μαλακισθέντος,</span> 
     </span>
    </p>
   </div>
   <div class='ocr_carea' id='block_1_91' title="bbox 2131 4251 3705 4324">
    <p class='ocr_par' dir='ltr' id='par_1_91' title="bbox 2131 4251 3705 4324">
     <span class='ocr_line' id='line_1_91' title="bbox 2131 4251 3705 4324; baseline 0.002 -18"><span class='ocrx_word' id='word_1_663' title='bbox 2131 4257 2165 4322; x_wconf 88' lang='grc' dir='ltr'>ἠ</span> <span class='ocrx_word' id='word_1_664' title='bbox 2203 4255 2339 4323; x_wconf 82' lang='grc' dir='ltr'>πρὸς</span> <span class='ocrx_word' id='word_1_665' title='bbox 2368 4255 2470 4321; x_wconf 85' lang='grc' dir='ltr'>τὴν</span> <span class='ocrx_word' id='word_1_666' title='bbox 2510 4253 2674 4314; x_wconf 76' lang='grc' dir='ltr'>ὅντως</span> <span class='ocrx_word' id='word_1_667' title='bbox 2705 4251 2930 4321; x_wconf 81' lang='grc' dir='ltr'>ἀγάπην</span> <span class='ocrx_word' id='word_1_668' title='bbox 2963 4251 3062 4318; x_wconf 84' lang='grc' dir='ltr'>τῆς</span> <span class='ocrx_word' id='word_1_669' title='bbox 3090 4252 3265 4322; x_wconf 73' lang='grc' dir='ltr'>ψυχῆς</span> <span class='ocrx_word' id='word_1_670' title='bbox 3290 4255 3520 4324; x_wconf 83' lang='grc' dir='ltr'>δύναμις</span> <span class='ocrx_word' id='word_1_671' title='bbox 3545 4256 3705 4309; x_wconf 88' lang='grc' dir='ltr'>ἐκπί-</span> 
     </span>
    </p>
   </div>
   <div class='ocr_carea' id='block_1_92' title="bbox 2133 4339 3705 4418">
    <p class='ocr_par' dir='ltr' id='par_1_92' title="bbox 2133 4339 3705 4418">
     <span class='ocr_line' id='line_1_92' title="bbox 2133 4339 3705 4418; baseline -0.005 -21"><span class='ocrx_word' id='word_1_672' title='bbox 2133 4361 2258 4397; x_wconf 89' lang='grc' dir='ltr'>πτει</span> <span class='ocrx_word' id='word_1_673' title='bbox 2284 4341 2378 4395; x_wconf 87' lang='grc' dir='ltr'><strong>τοῦ</strong></span> <span class='ocrx_word' id='word_1_674' title='bbox 2405 4343 2575 4404; x_wconf 77' lang='grc' dir='ltr'>ὅντως</span> <span class='ocrx_word' id='word_1_675' title='bbox 2601 4339 2852 4411; x_wconf 88' lang='grc' dir='ltr'>όρεκτοῦ,</span> <span class='ocrx_word' id='word_1_676' title='bbox 2879 4342 2973 4394; x_wconf 76' lang='grc' dir='ltr'>καὶ</span> <span class='ocrx_word' id='word_1_677' title='bbox 3002 4343 3142 4412; x_wconf 81' lang='grc' dir='ltr'>πρὸς</span> <span class='ocrx_word' id='word_1_678' title='bbox 3165 4345 3264 4406; x_wconf 78' lang='grc' dir='ltr'>τὰς</span> <span class='ocrx_word' id='word_1_679' title='bbox 3303 4346 3555 4408; x_wconf 79' lang='grc' dir='ltr'>ποικίλας</span> <span class='ocrx_word' id='word_1_680' title='bbox 3579 4349 3705 4418; x_wconf 78' lang='grc' dir='ltr'><strong>ὀρέ-</strong></span> 
     </span>
    </p>
   </div>
   <div class='ocr_carea' id='block_1_93' title="bbox 2130 4432 3702 4506">
    <p class='ocr_par' dir='ltr' id='par_1_93' title="bbox 2130 4432 3702 4506">
     <span class='ocr_line' id='line_1_93' title="bbox 2130 4432 3702 4506; baseline 0.002 -18"><span class='ocrx_word' id='word_1_681' title='bbox 2130 4437 2241 4500; x_wconf 80' lang='grc' dir='ltr'>ξεις</span> <span class='ocrx_word' id='word_1_682' title='bbox 2269 4435 2368 4504; x_wconf 82' lang='grc' dir='ltr'>τῆς</span> <span class='ocrx_word' id='word_1_683' title='bbox 2401 4432 2732 4504; x_wconf 77' lang='grc' dir='ltr'>ἡδυπαθείας</span> <span class='ocrx_word' id='word_1_684' title='bbox 2781 4432 3159 4504; x_wconf 83' lang='grc' dir='ltr'>διασπωμένη,</span> <span class='ocrx_word' id='word_1_685' title='bbox 3213 4439 3569 4506; x_wconf 82' lang='grc' dir='ltr'>σκορπίζεται</span> <span class='ocrx_word' id='word_1_686' title='bbox 3614 4441 3702 4491; x_wconf 84' lang='grc' dir='ltr'>ἐν-</span> 
     </span>
    </p>
   </div>
   <div class='ocr_carea' id='block_1_94' title="bbox 2124 4523 3701 4597">
    <p class='ocr_par' dir='ltr' id='par_1_94' title="bbox 2124 4523 3701 4597">
     <span class='ocr_line' id='line_1_94' title="bbox 2124 4523 3701 4597; baseline -0.001 -17"><span class='ocrx_word' id='word_1_687' title='bbox 2124 4527 2315 4580; x_wconf 81' lang='grc' dir='ltr'>τεῦθεν</span> <span class='ocrx_word' id='word_1_688' title='bbox 2359 4526 2496 4596; x_wconf 76' lang='grc' dir='ltr'>πρὸς</span> <span class='ocrx_word' id='word_1_689' title='bbox 2527 4523 2822 4593; x_wconf 79' lang='grc' dir='ltr'>ἐπιθυμίαν</span> <span class='ocrx_word' id='word_1_690' title='bbox 2856 4524 3166 4595; x_wconf 84' lang='grc' dir='ltr'>βρωμάτων</span> <span class='ocrx_word' id='word_1_691' title='bbox 3213 4529 3316 4580; x_wconf 84' lang='grc' dir='ltr'>οὐκ</span> <span class='ocrx_word' id='word_1_692' title='bbox 3361 4529 3701 4597; x_wconf 81' lang='grc' dir='ltr'>ἀναγκαίων,</span> 
     </span>
    </p>
   </div>
   <div class='ocr_carea' id='block_1_95' title="bbox 2126 4615 3703 4694">
    <p class='ocr_par' dir='ltr' id='par_1_95' title="bbox 2126 4615 3703 4694">
     <span class='ocr_line' id='line_1_95' title="bbox 2126 4615 3703 4694; baseline 0.001 -22"><span class='ocrx_word' id='word_1_693' title='bbox 2126 4621 2338 4674; x_wconf 86' lang='grc' dir='ltr'>ἐκεῖθεν</span> <span class='ocrx_word' id='word_1_694' title='bbox 2355 4618 2488 4686; x_wconf 82' lang='grc' dir='ltr'>πρὸς</span> <span class='ocrx_word' id='word_1_695' title='bbox 2502 4615 2848 4686; x_wconf 79' lang='grc' dir='ltr'>ἐπιθυμίανι</span> <span class='ocrx_word' id='word_1_696' title='bbox 2859 4616 2908 4687; x_wconf 81' lang='lat'><strong>5</strong></span> <span class='ocrx_word' id='word_1_697' title='bbox 2929 4621 3197 4689; x_wconf 85' lang='grc' dir='ltr'>σωμάτων</span> <span class='ocrx_word' id='word_1_698' title='bbox 3214 4621 3313 4672; x_wconf 86' lang='grc' dir='ltr'><strong>ούκ</strong></span> <span class='ocrx_word' id='word_1_699' title='bbox 3326 4623 3703 4694; x_wconf 75' lang='grc' dir='ltr'>εὐσχημόνων,</span> 
     </span>
    </p>
   </div>
   <div class='ocr_carea' id='block_1_96' title="bbox 2129 4711 3700 4786">
    <p class='ocr_par' dir='ltr' id='par_1_96' title="bbox 2129 4711 3700 4786">
     <span class='ocr_line' id='line_1_96' title="bbox 2129 4711 3700 4786; baseline 0.002 -19"><span class='ocrx_word' id='word_1_700' title='bbox 2129 4713 2398 4784; x_wconf 79' lang='grc' dir='ltr'>ἑτέρωθεν</span> <span class='ocrx_word' id='word_1_701' title='bbox 2421 4712 2558 4782; x_wconf 81' lang='grc' dir='ltr'>πρὸς</span> <span class='ocrx_word' id='word_1_702' title='bbox 2581 4711 2881 4780; x_wconf 83' lang='grc' dir='ltr'>ἐπιθυμίαν</span> <span class='ocrx_word' id='word_1_703' title='bbox 2905 4714 3007 4766; x_wconf 80' lang='grc' dir='ltr'>οὐκ</span> <span class='ocrx_word' id='word_1_704' title='bbox 3029 4715 3350 4786; x_wconf 75' lang='grc' dir='ltr'>εὐχρήστων</span> <span class='ocrx_word' id='word_1_705' title='bbox 3379 4719 3700 4786; x_wconf 81' lang='grc' dir='ltr'>χρημάτων,</span> 
     </span>
    </p>
   </div>
   <div class='ocr_carea' id='block_1_97' title="bbox 2132 4803 3704 4878">
    <p class='ocr_par' dir='ltr' id='par_1_97' title="bbox 2132 4803 3704 4878">
     <span class='ocr_line' id='line_1_97' title="bbox 2132 4803 3704 4878; baseline 0.001 -18"><span class='ocrx_word' id='word_1_706' title='bbox 2132 4805 2355 4860; x_wconf 80' lang='grc' dir='ltr'>ἄλλοθεν</span> <span class='ocrx_word' id='word_1_707' title='bbox 2379 4805 2516 4874; x_wconf 71' lang='grc' dir='ltr'>πρὸς</span> <span class='ocrx_word' id='word_1_708' title='bbox 2546 4803 2845 4872; x_wconf 73' lang='grc' dir='ltr'>ἐπιθυμίαν</span> <span class='ocrx_word' id='word_1_709' title='bbox 2874 4805 2977 4874; x_wconf 84' lang='grc' dir='ltr'>τῆς</span> <span class='ocrx_word' id='word_1_710' title='bbox 3009 4807 3178 4875; x_wconf 81' lang='grc' dir='ltr'>κενῆς</span> <span class='ocrx_word' id='word_1_711' title='bbox 3209 4810 3304 4860; x_wconf 72' lang='grc' dir='ltr'>καὶ</span> <span class='ocrx_word' id='word_1_712' title='bbox 3330 4809 3518 4873; x_wconf 77' lang='grc' dir='ltr'>ἀδόξου</span> <span class='ocrx_word' id='word_1_713' title='bbox 3546 4810 3704 4878; x_wconf 78' lang='grc' dir='ltr'>δόξης</span> 
     </span>
    </p>
   </div>
   <div class='ocr_carea' id='block_1_98' title="bbox 451 4885 3704 4971">
    <p class='ocr_par' dir='ltr' id='par_1_98' title="bbox 451 4885 3704 4971">
     <span class='ocr_line' id='line_1_98' title="bbox 451 4885 3704 4971; baseline 0.006 -33"><span class='ocrx_word' id='word_1_714' title='bbox 451 4885 845 4954; x_wconf 82' lang='grc' dir='ltr'>μεθελκομένη.</span> <span class='ocrx_word' id='word_1_715' title='bbox 869 4885 1136 4940; x_wconf 83' lang='grc' dir='ltr'>Καιοῦτω</span> <span class='ocrx_word' id='word_1_716' title='bbox 1154 4891 2366 4967; x_wconf 76' lang='grc' dir='ltr'>κατακερματιζόμενοςὸἀθλιος’ἄνθρωπος,</span> <span class='ocrx_word' id='word_1_717' title='bbox 2398 4897 2493 4949; x_wconf 78' lang='grc' dir='ltr'>καὶ</span> <span class='ocrx_word' id='word_1_718' title='bbox 2539 4898 2656 4958; x_wconf 86' lang='grc' dir='ltr'>ταῖς</span> <span class='ocrx_word' id='word_1_719' title='bbox 2697 4897 2976 4960; x_wconf 83' lang='grc' dir='ltr'>ποικίλαις</span> <span class='ocrx_word' id='word_1_720' title='bbox 3017 4899 3149 4968; x_wconf 75' lang='grc' dir='ltr'>περὶ</span> <span class='ocrx_word' id='word_1_721' title='bbox 3213 4900 3386 4954; x_wconf 88' lang='grc' dir='ltr'>ταῦτα</span> <span class='ocrx_word' id='word_1_722' title='bbox 3453 4904 3704 4971; x_wconf 75' lang='grc' dir='ltr'>φροντίσι</span> 
     </span>
    </p>
   </div>
   <div class='ocr_carea' id='block_1_99' title="bbox 449 4979 3706 5059">
    <p class='ocr_par' dir='ltr' id='par_1_99' title="bbox 449 4979 3706 5059">
     <span class='ocr_line' id='line_1_99' title="bbox 449 4979 3706 5059; baseline 0.004 -26"><span class='ocrx_word' id='word_1_723' title='bbox 449 4979 918 5049; x_wconf 83' lang='grc' dir='ltr'>κατατεινόμενος,</span> <span class='ocrx_word' id='word_1_724' title='bbox 945 4980 1096 5033; x_wconf 78' lang='grc' dir='ltr'>οὐδὲν</span> <span class='ocrx_word' id='word_1_725' title='bbox 1126 4981 1216 5032; x_wconf 83' lang='grc' dir='ltr'>τὸν</span> <span class='ocrx_word' id='word_1_726' title='bbox 1245 4982 1398 5052; x_wconf 74' lang='grc' dir='ltr'>ἥλιον</span> <span class='ocrx_word' id='word_1_727' title='bbox 1419 4982 1582 5035; x_wconf 79' lang='grc' dir='ltr'>αὐτὸν</span> <span class='ocrx_word' id='word_1_728' title='bbox 1601 4983 1722 5036; x_wconf 75' lang='grc' dir='ltr'>οὐδὲ</span> <span class='ocrx_word' id='word_1_729' title='bbox 1746 4985 1838 5038; x_wconf 88' lang='grc' dir='ltr'>τὸν</span> <span class='ocrx_word' id='word_1_730' title='bbox 1860 4986 2024 5058; x_wconf 84' lang='grc' dir='ltr'>ἀέρα,</span> <span class='ocrx_word' id='word_1_731' title='bbox 2060 4988 2153 5042; x_wconf 85' lang='grc' dir='ltr'>τὸν</span> <span class='ocrx_word' id='word_1_732' title='bbox 2181 4989 2357 5041; x_wconf 77' lang='grc' dir='ltr'>κοινὸν</span> <span class='ocrx_word' id='word_1_733' title='bbox 2389 4988 2523 5041; x_wconf 78' lang='grc' dir='ltr'>πᾶσι</span> <span class='ocrx_word' id='word_1_734' title='bbox 2545 4987 2800 5055; x_wconf 88' lang='grc' dir='ltr'>πλοῦτον,</span> <span class='ocrx_word' id='word_1_735' title='bbox 2829 4987 3002 5058; x_wconf 72' lang='grc' dir='ltr'>ἡδέως</span> <span class='ocrx_word' id='word_1_736' title='bbox 3035 4987 3270 5042; x_wconf 81' lang='grc' dir='ltr'>ἀναπνεῖ</span> <span class='ocrx_word' id='word_1_737' title='bbox 3297 5008 3356 5044; x_wconf 91' lang='grc' dir='ltr'><strong>τε</strong></span> <span class='ocrx_word' id='word_1_738' title='bbox 3421 4997 3514 5044; x_wconf 76' lang='grc' dir='ltr'>καὶ</span> <span class='ocrx_word' id='word_1_739' title='bbox 3573 4993 3706 5059; x_wconf 73' lang='grc' dir='ltr'>Οεω,</span> 
     </span>
    </p>
   </div>
   <div class='ocr_carea' id='block_1_100' title="bbox 451 5092 550 5145">
    <p class='ocr_par' dir='ltr' id='par_1_100' title="bbox 451 5092 550 5145">
     <span class='ocr_line' id='line_1_100' title="bbox 451 5092 550 5145; baseline 0.01 -20"><span class='ocrx_word' id='word_1_740' title='bbox 451 5092 550 5145; x_wconf 82' lang='grc' dir='ltr'>ρει.</span> 
     </span>
    </p>
   </div>
   <div class='ocr_carea' id='block_1_101' title="bbox 519 5167 2020 5236">
    <p class='ocr_par' dir='ltr' id='par_1_101' title="bbox 519 5167 2020 5236">
     <span class='ocr_line' id='line_1_101' title="bbox 519 5167 2020 5236; baseline 0.005 -16"><span class='ocrx_word' id='word_1_741' title='bbox 519 5168 636 5236; x_wconf 86' lang='lat' dir='ltr'><strong>lpsa</strong></span> <span class='ocrx_word' id='word_1_742' title='bbox 678 5183 832 5220; x_wconf 88' lang='lat' dir='ltr'><strong>mens</strong></span> <span class='ocrx_word' id='word_1_743' title='bbox 865 5177 1050 5221; x_wconf 88' lang='lat' dir='ltr'><strong>nostra</strong></span> <span class='ocrx_word' id='word_1_744' title='bbox 1081 5184 1106 5219; x_wconf 77' lang='grc' dir='ltr'><strong>ιι</strong></span> <span class='ocrx_word' id='word_1_745' title='bbox 1140 5167 1248 5220; x_wconf 83' lang='lat' dir='ltr'><strong>Deo</strong></span> <span class='ocrx_word' id='word_1_746' title='bbox 1280 5183 1386 5221; x_wconf 88' lang='lat' dir='ltr'><strong>non</strong></span> <span class='ocrx_word' id='word_1_747' title='bbox 1417 5179 1596 5224; x_wconf 85' lang='lat' dir='ltr'><strong>amota</strong></span> <span class='ocrx_word' id='word_1_748' title='bbox 1621 5171 1848 5226; x_wconf 80' lang='lat' dir='ltr'><strong>suscitat</strong></span> <span class='ocrx_word' id='word_1_749' title='bbox 1883 5175 2020 5227; x_wconf 83' lang='lat' dir='ltr'><strong>iram</strong></span> 
     </span>
    </p>
   </div>
   <div class='ocr_carea' id='block_1_102' title="bbox 444 5261 2025 5328">
    <p class='ocr_par' dir='ltr' id='par_1_102' title="bbox 444 5261 2025 5328">
     <span class='ocr_line' id='line_1_102' title="bbox 444 5261 2025 5328; baseline 0.003 -12"><span class='ocrx_word' id='word_1_750' title='bbox 444 5261 503 5317; x_wconf 88' lang='lat' dir='ltr'><strong>in</strong></span> <span class='ocrx_word' id='word_1_751' title='bbox 540 5262 697 5316; x_wconf 87' lang='lat' dir='ltr'><strong>nobis</strong></span> <span class='ocrx_word' id='word_1_752' title='bbox 727 5271 915 5316; x_wconf 85' lang='lat' dir='ltr'><strong>contra</strong></span> <span class='ocrx_word' id='word_1_753' title='bbox 966 5262 1141 5314; x_wconf 87' lang='lat' dir='ltr'><strong>solum</strong></span> <span class='ocrx_word' id='word_1_754' title='bbox 1182 5262 1483 5328; x_wconf 76' lang='lat' dir='ltr'><strong>diabolum,</strong></span> <span class='ocrx_word' id='word_1_755' title='bbox 1531 5273 1588 5317; x_wconf 88' lang='lat' dir='ltr'><strong>et</strong></span> <span class='ocrx_word' id='word_1_756' title='bbox 1623 5265 1797 5318; x_wconf 89' lang='lat' dir='ltr'><strong>utitur</strong></span> <span class='ocrx_word' id='word_1_757' title='bbox 1828 5267 2025 5321; x_wconf 74' lang='lat' dir='ltr'><strong>anima:</strong></span> 
     </span>
    </p>
   </div>
   <div class='ocr_carea' id='block_1_103' title="bbox 439 5353 2019 5424">
    <p class='ocr_par' dir='ltr' id='par_1_103' title="bbox 439 5353 2019 5424">
     <span class='ocr_line' id='line_1_103' title="bbox 439 5353 2019 5424; baseline 0.002 -17"><span class='ocrx_word' id='word_1_758' title='bbox 439 5374 451 5407; x_wconf 70' lang='grc' dir='ltr'><strong>ι</strong></span> <span class='ocrx_word' id='word_1_759' title='bbox 480 5353 805 5406; x_wconf 78' lang='lat' dir='ltr'><strong>euerOsitate</strong></span> <span class='ocrx_word' id='word_1_760' title='bbox 833 5364 1020 5405; x_wconf 87' lang='lat' dir='ltr'><strong>contra</strong></span> <span class='ocrx_word' id='word_1_761' title='bbox 1059 5353 1226 5405; x_wconf 78' lang='lat' dir='ltr'><strong>malas</strong></span> <span class='ocrx_word' id='word_1_762' title='bbox 1259 5353 1582 5419; x_wconf 83' lang='lat' dir='ltr'><strong>cupiditates</strong></span> <span class='ocrx_word' id='word_1_763' title='bbox 1605 5393 1621 5419; x_wconf 95' lang='lat'><strong>,</strong></span> <span class='ocrx_word' id='word_1_764' title='bbox 1653 5368 1844 5408; x_wconf 88' lang='lat' dir='ltr'><strong>contra</strong></span> <span class='ocrx_word' id='word_1_765' title='bbox 1875 5359 2019 5424; x_wconf 88' lang='lat' dir='ltr'><strong>prin-</strong></span> 
     </span>
    </p>
   </div>
   <div class='ocr_carea' id='block_1_104' title="bbox 2197 5169 3698 5241">
    <p class='ocr_par' dir='ltr' id='par_1_104' title="bbox 2197 5169 3698 5241">
     <span class='ocr_line' id='line_1_104' title="bbox 2197 5169 3698 5241; baseline -0.001 -14"><span class='ocrx_word' id='word_1_766' title='bbox 2197 5172 2418 5235; x_wconf 79' lang='grc' dir='ltr'>Αὺτὺςὸ</span> <span class='ocrx_word' id='word_1_767' title='bbox 2455 5169 2577 5233; x_wconf 92' lang='grc' dir='ltr'>νοῦς</span> <span class='ocrx_word' id='word_1_768' title='bbox 2609 5173 2638 5224; x_wconf 87' lang='grc' dir='ltr'>ὁ</span> <span class='ocrx_word' id='word_1_769' title='bbox 2662 5170 2930 5241; x_wconf 81' lang='grc' dir='ltr'>ἡμέτερος</span> <span class='ocrx_word' id='word_1_770' title='bbox 2971 5169 3046 5240; x_wconf 77' lang='grc' dir='ltr'>μὴ</span> <span class='ocrx_word' id='word_1_771' title='bbox 3093 5170 3336 5236; x_wconf 77' lang='grc' dir='ltr'>ἀποστὰς</span> <span class='ocrx_word' id='word_1_772' title='bbox 3394 5173 3488 5226; x_wconf 83' lang='grc' dir='ltr'><strong>τοῦ</strong></span> <span class='ocrx_word' id='word_1_773' title='bbox 3541 5174 3698 5235; x_wconf 81' lang='grc' dir='ltr'>Θεοῦ,</span> 
     </span>
    </p>
   </div>
   <div class='ocr_carea' id='block_1_105' title="bbox 2121 5261 3704 5333">
    <p class='ocr_par' dir='ltr' id='par_1_105' title="bbox 2121 5261 3704 5333">
     <span class='ocr_line' id='line_1_105' title="bbox 2121 5261 3704 5333; baseline 0 -14"><span class='ocrx_word' id='word_1_774' title='bbox 2121 5264 2379 5333; x_wconf 87' lang='grc' dir='ltr'>διεγείρει</span> <span class='ocrx_word' id='word_1_775' title='bbox 2407 5261 2498 5315; x_wconf 82' lang='grc' dir='ltr'>τὸν</span> <span class='ocrx_word' id='word_1_776' title='bbox 2529 5262 2588 5313; x_wconf 90' lang='grc' dir='ltr'><strong>ἐν</strong></span> <span class='ocrx_word' id='word_1_777' title='bbox 2617 5263 2749 5329; x_wconf 80' lang='grc' dir='ltr'>ἡμῖν</span> <span class='ocrx_word' id='word_1_778' title='bbox 2772 5261 2941 5329; x_wconf 71' lang='grc' dir='ltr'>θυμδν</span> <span class='ocrx_word' id='word_1_779' title='bbox 2984 5262 3127 5314; x_wconf 83' lang='grc' dir='ltr'>κατὰ</span> <span class='ocrx_word' id='word_1_780' title='bbox 3159 5265 3322 5331; x_wconf 85' lang='grc' dir='ltr'>μόνου</span> <span class='ocrx_word' id='word_1_781' title='bbox 3372 5264 3467 5316; x_wconf 88' lang='grc' dir='ltr'><strong>τοῦ</strong></span> <span class='ocrx_word' id='word_1_782' title='bbox 3524 5265 3704 5318; x_wconf 75' lang='grc' dir='ltr'>διαδό-</span> 
     </span>
    </p>
   </div>
   <div class='ocr_carea' id='block_1_106' title="bbox 2120 5351 3702 5425">
    <p class='ocr_par' dir='ltr' id='par_1_106' title="bbox 2120 5351 3702 5425">
     <span class='ocr_line' id='line_1_106' title="bbox 2120 5351 3702 5425; baseline 0.001 -15"><span class='ocrx_word' id='word_1_783' title='bbox 2120 5358 2236 5422; x_wconf 86' lang='grc' dir='ltr'>λου,</span> <span class='ocrx_word' id='word_1_784' title='bbox 2264 5353 2360 5408; x_wconf 77' lang='grc' dir='ltr'>καὶ</span> <span class='ocrx_word' id='word_1_785' title='bbox 2387 5353 2586 5423; x_wconf 84' lang='grc' dir='ltr'>χρῆται</span> <span class='ocrx_word' id='word_1_786' title='bbox 2608 5354 2674 5421; x_wconf 83' lang='grc' dir='ltr'>τῇ</span> <span class='ocrx_word' id='word_1_787' title='bbox 2709 5351 2810 5421; x_wconf 78' lang='grc' dir='ltr'>τῆς</span> <span class='ocrx_word' id='word_1_788' title='bbox 2835 5352 3012 5422; x_wconf 77' lang='grc' dir='ltr'>ψυχῆς</span> <span class='ocrx_word' id='word_1_789' title='bbox 3043 5353 3237 5425; x_wconf 72' lang='grc' dir='ltr'>ἀνδρία</span> <span class='ocrx_word' id='word_1_790' title='bbox 3289 5357 3428 5409; x_wconf 81' lang='grc' dir='ltr'><strong>κατά</strong></span> <span class='ocrx_word' id='word_1_791' title='bbox 3461 5357 3571 5411; x_wconf 83' lang='grc' dir='ltr'><strong>τῶν</strong></span> <span class='ocrx_word' id='word_1_792' title='bbox 3602 5375 3702 5410; x_wconf 83' lang='grc' dir='ltr'>πο·</span> 
     </span>
    </p>
   </div>
   <div class='ocr_carea' id='block_1_107' title="bbox 443 5441 2026 5518">
    <p class='ocr_par' dir='ltr' id='par_1_107' title="bbox 443 5443 2023 5511">
     <span class='ocr_line' id='line_1_107' title="bbox 443 5443 2023 5511; baseline 0.003 -13"><span class='ocrx_word' id='word_1_793' title='bbox 443 5459 590 5511; x_wconf 84' lang='lat' dir='ltr'><strong>ctpes</strong></span> <span class='ocrx_word' id='word_1_794' title='bbox 620 5443 990 5505; x_wconf 86' lang='lat' dir='ltr'><strong>tenebrarum,</strong></span> <span class='ocrx_word' id='word_1_795' title='bbox 1037 5453 1225 5495; x_wconf 74' lang='lat' dir='ltr'><strong>contra</strong></span> <span class='ocrx_word' id='word_1_796' title='bbox 1273 5444 1492 5511; x_wconf 87' lang='lat' dir='ltr'><strong>spiritus</strong></span> <span class='ocrx_word' id='word_1_797' title='bbox 1528 5447 1769 5502; x_wconf 63' lang='lat' dir='ltr'><strong>malitiae.</strong></span> <span class='ocrx_word' id='word_1_798' title='bbox 1807 5447 1862 5500; x_wconf 90' lang='lat' dir='ltr'><strong>Si</strong></span> <span class='ocrx_word' id='word_1_799' title='bbox 1892 5464 2023 5501; x_wconf 84' lang='lat' dir='ltr'><strong>vero</strong></span> 
     </span>
    </p>
   </div>
   <div class='ocr_carea' id='block_1_108' title="bbox 2131 5441 3697 5518">
    <p class='ocr_par' dir='ltr' id='par_1_108' title="bbox 2131 5441 3697 5518">
     <span class='ocr_line' id='line_1_108' title="bbox 2131 5441 3697 5518; baseline -0.002 -16"><span class='ocrx_word' id='word_1_800' title='bbox 2131 5447 2300 5518; x_wconf 76' lang='grc' dir='ltr'>νηρῶν</span> <span class='ocrx_word' id='word_1_801' title='bbox 2344 5443 2536 5497; x_wconf 79' lang='grc' dir='ltr'>παθῶν</span> <span class='ocrx_word' id='word_1_802' title='bbox 2563 5481 2578 5506; x_wconf 87' lang='grc'><strong>,</strong></span> <span class='ocrx_word' id='word_1_803' title='bbox 2635 5441 2778 5495; x_wconf 81' lang='grc' dir='ltr'>κατὰ</span> <span class='ocrx_word' id='word_1_804' title='bbox 2825 5442 2932 5497; x_wconf 84' lang='grc' dir='ltr'>τῶν</span> <span class='ocrx_word' id='word_1_805' title='bbox 2975 5445 3252 5514; x_wconf 85' lang='grc' dir='ltr'>ἀρχόντων</span> <span class='ocrx_word' id='word_1_806' title='bbox 3297 5447 3390 5499; x_wconf 86' lang='grc' dir='ltr'><strong>τοῦ</strong></span> <span class='ocrx_word' id='word_1_807' title='bbox 3452 5450 3697 5511; x_wconf 90' lang='grc' dir='ltr'>σκότους,</span> 
     </span>
    </p>
   </div>
   <div class='ocr_carea' id='block_1_109' title="bbox 448 5532 2016 5608">
    <p class='ocr_par' dir='ltr' id='par_1_109' title="bbox 448 5532 2016 5608">
     <span class='ocr_line' id='line_1_109' title="bbox 448 5532 2016 5608; baseline 0.002 -20"><span class='ocrx_word' id='word_1_808' title='bbox 448 5553 555 5590; x_wconf 87' lang='lat' dir='ltr'><strong>non</strong></span> <span class='ocrx_word' id='word_1_809' title='bbox 587 5535 944 5604; x_wconf 86' lang='lat' dir='ltr'><strong>amplectatur</strong></span> <span class='ocrx_word' id='word_1_810' title='bbox 973 5532 1154 5586; x_wconf 86' lang='lat' dir='ltr'><strong>divina</strong></span> <span class='ocrx_word' id='word_1_811' title='bbox 1189 5534 1439 5587; x_wconf 81' lang='lat' dir='ltr'><strong>mandata</strong></span> <span class='ocrx_word' id='word_1_812' title='bbox 1474 5536 1596 5606; x_wconf 64' lang='lat' dir='ltr'><strong>g-jus</strong></span> <span class='ocrx_word' id='word_1_813' title='bbox 1627 5539 1781 5608; x_wconf 82' lang='lat' dir='ltr'><strong>cujus</strong></span> <span class='ocrx_word' id='word_1_814' title='bbox 1808 5539 2016 5592; x_wconf 70' lang='lat' dir='ltr'><strong>militiae</strong></span> 
     </span>
    </p>
   </div>
   <div class='ocr_carea' id='block_1_110' title="bbox 445 5626 2015 5699">
    <p class='ocr_par' dir='ltr' id='par_1_110' title="bbox 445 5626 2015 5699">
     <span class='ocr_line' id='line_1_110' title="bbox 445 5626 2015 5699; baseline 0.006 -22"><span class='ocrx_word' id='word_1_815' title='bbox 445 5643 640 5680; x_wconf 83' lang='lat' dir='ltr'><strong>nomen</strong></span> <span class='ocrx_word' id='word_1_816' title='bbox 674 5629 841 5690; x_wconf 89' lang='lat' dir='ltr'><strong>dedit,</strong></span> <span class='ocrx_word' id='word_1_817' title='bbox 893 5626 1121 5680; x_wconf 87' lang='lat' dir='ltr'><strong>dimicat</strong></span> <span class='ocrx_word' id='word_1_818' title='bbox 1173 5627 1441 5681; x_wconf 76' lang='lat' dir='ltr'><strong>adversus</strong></span> <span class='ocrx_word' id='word_1_819' title='bbox 1492 5632 1808 5699; x_wconf 77' lang='lat' dir='ltr'><strong>proximos;</strong></span> <span class='ocrx_word' id='word_1_820' title='bbox 1859 5635 2015 5688; x_wconf 77' lang='lat' dir='ltr'><strong>szevit</strong></span> 
     </span>
    </p>
   </div>
   <div class='ocr_carea' id='block_1_111' title="bbox 442 5714 2020 5797">
    <p class='ocr_par' dir='ltr' id='par_1_111' title="bbox 442 5714 2020 5797">
     <span class='ocr_line' id='line_1_111' title="bbox 442 5714 2020 5797; baseline 0.01 -31"><span class='ocrx_word' id='word_1_821' title='bbox 442 5714 704 5768; x_wconf 76' lang='lat' dir='ltr'><strong>adversus</strong></span> <span class='ocrx_word' id='word_1_822' title='bbox 739 5718 906 5782; x_wconf 85' lang='lat' dir='ltr'><strong>cives,</strong></span> <span class='ocrx_word' id='word_1_823' title='bbox 959 5719 1252 5773; x_wconf 85' lang='lat' dir='ltr'><strong>bacchatur</strong></span> <span class='ocrx_word' id='word_1_824' title='bbox 1287 5720 1547 5776; x_wconf 79' lang='lat' dir='ltr'><strong>adversus</strong></span> <span class='ocrx_word' id='word_1_825' title='bbox 1579 5738 1674 5778; x_wconf 89' lang='lat' dir='ltr'><strong>eos</strong></span> <span class='ocrx_word' id='word_1_826' title='bbox 1706 5726 1796 5797; x_wconf 85' lang='lat' dir='ltr'><strong>qui</strong></span> <span class='ocrx_word' id='word_1_827' title='bbox 1840 5727 2020 5782; x_wconf 83' lang='lat' dir='ltr'><strong>stultis</strong></span> 
     </span>
    </p>
   </div>
   <div class='ocr_carea' id='block_1_112' title="bbox 432 5810 2023 5890">
    <p class='ocr_par' dir='ltr' id='par_1_112' title="bbox 432 5810 2023 5890">
     <span class='ocr_line' id='line_1_112' title="bbox 432 5810 2023 5890; baseline 0.009 -30"><span class='ocrx_word' id='word_1_828' title='bbox 432 5813 560 5890; x_wconf 21' lang='lat' dir='ltr'><strong>gjtts.</strong></span> <span class='ocrx_word' id='word_1_829' title='bbox 592 5810 1048 5880; x_wconf 75' lang='lat' dir='ltr'><strong>concupiscentiis</strong></span> <span class='ocrx_word' id='word_1_830' title='bbox 1099 5829 1202 5868; x_wconf 89' lang='lat' dir='ltr'><strong>non</strong></span> <span class='ocrx_word' id='word_1_831' title='bbox 1247 5815 1628 5878; x_wconf 85' lang='lat' dir='ltr'><strong>consentiunt,</strong></span> <span class='ocrx_word' id='word_1_832' title='bbox 1664 5825 1718 5871; x_wconf 86' lang='lat' dir='ltr'><strong>et</strong></span> <span class='ocrx_word' id='word_1_833' title='bbox 1751 5817 2023 5874; x_wconf 80' lang='lat' dir='ltr'><strong>homicida</strong></span> 
     </span>
    </p>
   </div>
   <div class='ocr_carea' id='block_1_113' title="bbox 395 5894 450 5944">
    <p class='ocr_par' dir='ltr' id='par_1_113' title="bbox 395 5894 450 5944">
     <span class='ocr_line' id='line_1_113' title="bbox 395 5894 450 5944; baseline 0 -35"><span class='ocrx_word' id='word_1_834' title='bbox 395 5894 450 5944; x_wconf 43' lang='grc' dir='ltr'><strong>ί.</strong></span> 
     </span>
    </p>
   </div>
   <div class='ocr_carea' id='block_1_114' title="bbox 2121 5535 3708 5611">
    <p class='ocr_par' dir='ltr' id='par_1_114' title="bbox 2121 5535 3708 5611">
     <span class='ocr_line' id='line_1_114' title="bbox 2121 5535 3708 5611; baseline -0.006 -18"><span class='ocrx_word' id='word_1_835' title='bbox 2121 5540 2264 5593; x_wconf 79' lang='grc' dir='ltr'>κατὰ</span> <span class='ocrx_word' id='word_1_836' title='bbox 2286 5537 2392 5590; x_wconf 81' lang='grc' dir='ltr'><strong>τῶν</strong></span> <span class='ocrx_word' id='word_1_837' title='bbox 2425 5536 2751 5604; x_wconf 83' lang='grc' dir='ltr'>πνευμάτων</span> <span class='ocrx_word' id='word_1_838' title='bbox 2784 5535 2884 5605; x_wconf 83' lang='grc' dir='ltr'>τῆς</span> <span class='ocrx_word' id='word_1_839' title='bbox 2912 5537 3195 5608; x_wconf 83' lang='grc' dir='ltr'>πονηρίας.</span> <span class='ocrx_word' id='word_1_840' title='bbox 3225 5539 3322 5590; x_wconf 78' lang='grc' dir='ltr'>Ἂν</span> <span class='ocrx_word' id='word_1_841' title='bbox 3351 5537 3409 5591; x_wconf 83' lang='grc' dir='ltr'>δὲ</span> <span class='ocrx_word' id='word_1_842' title='bbox 3434 5541 3508 5610; x_wconf 82' lang='grc' dir='ltr'>μὴ</span> <span class='ocrx_word' id='word_1_843' title='bbox 3536 5556 3708 5611; x_wconf 83' lang='grc' dir='ltr'>προσ.</span> 
     </span>
    </p>
   </div>
   <div class='ocr_carea' id='block_1_115' title="bbox 2080 5626 3704 5703">
    <p class='ocr_par' dir='ltr' id='par_1_115' title="bbox 2080 5626 3704 5703">
     <span class='ocr_line' id='line_1_115' title="bbox 2080 5626 3704 5703; baseline -0.001 -18"><span class='ocrx_word' id='word_1_844' title='bbox 2080 5698 2081 5701; x_wconf 19' lang='grc' dir='ltr'><strong>η</strong></span> <span class='ocrx_word' id='word_1_845' title='bbox 2130 5633 2230 5703; x_wconf 85' lang='grc' dir='ltr'>ἐχῃ</span> <span class='ocrx_word' id='word_1_846' title='bbox 2263 5631 2382 5693; x_wconf 87' lang='grc' dir='ltr'>ταῖς</span> <span class='ocrx_word' id='word_1_847' title='bbox 2425 5627 2599 5691; x_wconf 86' lang='grc' dir='ltr'>θείαις</span> <span class='ocrx_word' id='word_1_848' title='bbox 2626 5626 2866 5690; x_wconf 89' lang='grc' dir='ltr'>ἐντολαῖς</span> <span class='ocrx_word' id='word_1_849' title='bbox 2911 5628 3006 5681; x_wconf 90' lang='grc' dir='ltr'><strong>τοῦ</strong></span> <span class='ocrx_word' id='word_1_850' title='bbox 3057 5629 3486 5693; x_wconf 84' lang='grc' dir='ltr'>καθοπλίσαντος</span> <span class='ocrx_word' id='word_1_851' title='bbox 3537 5631 3704 5684; x_wconf 78' lang='grc' dir='ltr'>αὑτὸν</span> 
     </span>
    </p>
   </div>
   <div class='ocr_carea' id='block_1_116' title="bbox 2128 5720 3701 5792">
    <p class='ocr_par' dir='ltr' id='par_1_116' title="bbox 2128 5720 3701 5792">
     <span class='ocr_line' id='line_1_116' title="bbox 2128 5720 3701 5792; baseline 0.001 -16"><span class='ocrx_word' id='word_1_852' title='bbox 2128 5723 2412 5784; x_wconf 88' lang='grc' dir='ltr'>δεσπότου,</span> <span class='ocrx_word' id='word_1_853' title='bbox 2443 5720 2678 5789; x_wconf 86' lang='grc' dir='ltr'>μάχεται</span> <span class='ocrx_word' id='word_1_854' title='bbox 2703 5722 2815 5783; x_wconf 89' lang='grc' dir='ltr'>τοῖς</span> <span class='ocrx_word' id='word_1_855' title='bbox 2843 5720 3093 5791; x_wconf 87' lang='grc' dir='ltr'>πλησίον,</span> <span class='ocrx_word' id='word_1_856' title='bbox 3119 5723 3369 5792; x_wconf 86' lang='grc' dir='ltr'>μαίνεται</span> <span class='ocrx_word' id='word_1_857' title='bbox 3398 5725 3539 5779; x_wconf 86' lang='grc' dir='ltr'>κο.τά</span> <span class='ocrx_word' id='word_1_858' title='bbox 3589 5723 3701 5778; x_wconf 81' lang='grc' dir='ltr'><strong>τῶν</strong></span> 
     </span>
    </p>
   </div>
   <div class='ocr_carea' id='block_1_117' title="bbox 2130 5812 3700 5887">
    <p class='ocr_par' dir='ltr' id='par_1_117' title="bbox 2130 5812 3700 5887">
     <span class='ocr_line' id='line_1_117' title="bbox 2130 5812 3700 5887; baseline 0.001 -17"><span class='ocrx_word' id='word_1_859' title='bbox 2130 5813 2438 5886; x_wconf 78' lang='grc' dir='ltr'>ὁμοφύλων,</span> <span class='ocrx_word' id='word_1_860' title='bbox 2462 5812 2860 5884; x_wconf 84' lang='grc' dir='ltr'>ἀποθηριοῦται</span> <span class='ocrx_word' id='word_1_861' title='bbox 2887 5815 3030 5869; x_wconf 87' lang='grc' dir='ltr'><strong>κατά</strong></span> <span class='ocrx_word' id='word_1_862' title='bbox 3066 5815 3174 5870; x_wconf 84' lang='grc' dir='ltr'><strong>τῶν</strong></span> <span class='ocrx_word' id='word_1_863' title='bbox 3201 5815 3276 5887; x_wconf 80' lang='grc' dir='ltr'>μὴ</span> <span class='ocrx_word' id='word_1_864' title='bbox 3301 5819 3700 5875; x_wconf 82' lang='grc' dir='ltr'>συναινούντων</span> 
     </span>
    </p>
   </div>
  </div>
