4090 6484
283 470 334 534 il
1654 468 1986 531 IIOMILIA
2040 473 2151 534 lli.
3478 468 3548 529 1L2

257 588 382 649 -ταῖς
423 582 587 638 αὑτοῦ
621 582 948 654 παραλόγοις
1001 570 1236 656 ὀρέξεσι,
1281 584 1377 637 καὶ
1407 583 1856 654 ἀνθρωποκτόνος

1972 587 2105 640 bcu!
2145 585 2200 638 tit
2235 587 2416 652 homo,
2464 600 2568 638 non
2606 592 2814 636 tantum
2847 581 3113 652 jnmcutis
3160 583 3550 650 insipientibus

288 677 416 748 φεῦί
474 676 760 747 ἄνθρωπος
814 678 1063 744 γίνεται,
1114 677 1174 729 οὐ
1238 677 1400 746 μόνον
1463 677 1576 739 τοῖς
1628 676 1854 745 κτήνεσι

288 775 380 835 τοῖς
411 770 660 840 ἀνοήτοις
711 769 1023 841 ὀμοιωθεὶς,
1078 769 1216 824 ἀλλά
1272 770 1366 822 καὶ
1424 771 1535 832 τοῖς
1603 769 1856 837 ἑρπετοῖς

288 865 365 918 καὶ
396 861 619 924 ἰοόόλοις
682 862 792 914 τῶν
837 862 1014 926 ζώων,
1069 860 1354 930 σκορπίος,
1409 860 1554 927 όφις,
1608 861 1857 930 γέννημα

289 954 488 1026 ἐχιδνῶν
527 953 790 1022 γεγονὼς,
823 955 851 1007 6
884 955 941 1007 ὲν
977 955 1113 1018 υἱοῖς
1137 953 1273 1007 Θεοῦ
1302 953 1658 1022 τεταγμένος.
1709 949 1858 1016 Εἶδες

290 1048 388 1108 πῶς
444 1046 792 1116 διεσκόρπισε
840 1046 934 1098 καὶ
969 1044 1216 1099 ἀπώλεσε
1263 1047 1363 1116 τὴν
1420 1045 1608 1098 οὐσίαν
1647 1043 1857 1108 αὐτοῦ;

293 1142 445 1193 «Kak
475 1139 818 1208 δαπανήσας,
875 1139 1033 1209 φησὶ,
1098 1139 1280 1193 πάντα
1332 1139 1359 1192 6
1409 1139 1674 1206 νεώτερος
1721 1137 1877 1202 υίὸς,-

286 1231 473 1302 ἦρξατο
497 1230 862 1302 ὑστερεῖσθαι.
908 1247 928 1282 ι
962 1228 1244 1299 Εἰςλιμδν
1279 1228 1562 1298 ἐμπεσὼν,
1630 1228 1744 1283 ἀλλ’
1772 1227 1862 1280 οῦ-

288 1344 360 1378 πω
381 1325 520 1394 πρὸς
545 1323 882 1395 ἐπιστροφὴν
905 1322 1100 1392 ἔϐλεψε
1138 1336 1153 1350 °
1194 1323 1288 1374 καὶ
1333 1322 1442 1392 γάρ
1492 1317 1560 1392 ἦν
1614 1320 1856 1383 ἄτωτσς·

285 1419 352 1471 διὸ
383 1438 398 1468 ι
443 1418 549 1470 Καὶ
584 1416 872 1487 πορευθεὶς
902 1415 1168 1486 ἐκολλήθη
1204 1414 1288 1467 ἐνὶ
1311 1414 1434 1468 τῶνΔ
1469 1413 1702 1467 πολιτῶν
1764 1414 1861 1480 τῆς

288 1511 452 1579 χώρα,
482 1508 721 1577 ἐκείνης,
756 1511 853 1562 καὶ
887 1508 1137 1579 ἐπεμψεν
1165 1507 1332 1561 αὐτὸν
1365 1509 1445 1570 εἰς
1475 1509 1605 1577 τοὺς
1653 1509 1860 1578 ἀγροὺς

287 1601 438 1655 αὑτοῦ
471 1601 958 1672 βόσκεινιχοίρους.
999 1620 1030 1654 r

347 1695 502 1759 Τίνες
529 1695 586 1747 δὲ
607 1694 657 1746 σί
680 1693 794 1764 τῆς
815 1697 1034 1765 μακρὰν
1062 1693 1229 1767 οὔσης
1257 1695 1350 1750 τοῦ
1374 1695 1510 1750 Θεοῦ
1541 1694 1726 1767 χώρας
1766 1711 1860 1746 πο-

285 1788 410 1841 λῐται
443 1787 540 1840 καὶ
572 1787 898 1857 πολιτάρχαι
923 1806 938 1854 ;
983 1787 1206 1853 Πάντως
1230 1790 1278 1843 οἱ
1311 1789 1564 1857 δαίμονες
1593 1806 1608 1820 ο
1663 1788 1755 1858 ὑφ’
1787 1779 1864 1841 ὧν

288 1879 662 1951 πορνοϐοσκὸς,
693 1882 792 1934 καὶ
819 1881 1217 1953 ἀρχιτελώνης,
1241 1886 1340 1936 καῖ’
1377 1882 1734 1957 ἀρχιλῃστὴς,
1770 1881 1866 1934 καὶ

1918 689 1920 694 '
1962 686 2334 745 comparatus,
2363 680 2457 730 sed
2490 678 2652 730 etiam
2688 673 3008 744 repentibus
3041 684 3094 729 et
3123 677 3408 734 venenatis
3437 679 3556 727 ani-

1965 769 2220 836 malibus,
2251 767 2489 836 scorpio,
2521 782 2770 837 serpens,
2837 767 3086 834 genimen
3125 768 3436 836 viperarum
3467 766 3553 818 t'n.

1963 873 2083 916 ctns
2112 903 2128 927 ,
2158 863 2247 930 qui
2303 863 2442 915 inter
2494 860 2633 915 ﬁlios
2680 860 2771 914 Dei
2827 861 3242 914 numerabatur.
3284 858 3558 913 Vidistine

1965 953 2237 1021 quomodo
2270 952 2559 1022 dissipavit
2589 960 2645 1007 ct
2680 952 2915 1020 perdidit
2963 952 3323 1005 substantiam
3356 965 3508 1002 suam
3535 948 3560 1000 ?

1970 1062 1988 1095 ι
2028 1041 2092 1098 Et
2127 1053 2410 1114 postquam
2444 1045 2628 1098 omnia
2677 1051 3110 1097 consununassrt
3159 1042 3566 1096 adolescentior

1968 1138 2131 1203 ﬁlius,
2161 1139 2328 1208 cmpit
2361 1154 2540 1209 egere.
2565 1158 2583 1190 ι
2619 1137 2673 1191 In
2713 1137 2909 1190 famem
2940 1137 3150 1200 incidit,
3190 1136 3283 1198 sed
3319 1137 3560 1190 nondum

1966 1234 2032 1287 ad
2077 1233 2310 1286 reditum
2362 1232 2638 1300 respexit;
2681 1240 2797 1284 erat
2833 1232 2977 1283 enim
3022 1231 3358 1294 dissolutus;
3415 1230 3559 1294 ideo,

1973 1347 1990 1376 ι
2031 1326 2233 1381 Abiens
2287 1325 2520 1381 adhaesit
2574 1326 2667 1379 uni
2728 1325 2930 1379 civium
2970 1324 3126 1401 illius.
3178 1327 3438 1394 regionis.
3498 1325 3564 1380 Ει

1967 1419 2116 1474 misit
2148 1418 2298 1472 illum
2333 1419 2384 1471 in
2422 1417 2604 1472 villam
2639 1433 2794 1472 suam
2833 1429 2888 1468 ut
2925 1427 3176 1485 pasceret
3213 1433 3427 1486 porcos.
3467 1437 3484 1468 ι

2043 1692 2149 1748 Sed
2192 1693 2415 1760 quinam
2469 1691 2708 1763 regionis
2742 1708 2786 1747 a.
2818 1691 2931 1746 Deo
2987 1693 3296 1764 longinqua}
3326 1695 3472 1750 cives
3511 1705 3567 1749 et

1969 1787 2288 1856 principes?
2317 1785 2553 1840 Omnino
2583 1787 2880 1854 dicmones,
2923 1804 3018 1856 pro
3046 1787 3244 1857 quibus
3275 1787 3563 1842 libidinum

1972 1880 2229 1940 nutritor,
2265 1879 2684 1950 publicanorum
2728 1878 3022 1947 furtimque
3051 1891 3216 1950 caput
3252 1891 3305 1934 et
3337 1882 3443 1934 dux
3479 1898 3566 1935 se—

287 1949 612 2044 στασιάρχης
659 1949 957 2045 κατέστη-ὁ
993 1973 1108 2037 υίὸς
1143 1949 1236 2027 τοῦ
1293 1949 1574 2046 οὐρανίου⁷
1607 1949 1820 2042 [ἰατρός
1849 1989 1862 2001 ·

1975 1973 2199 2027 ditionis
2239 1949 2579 2027 constitutus
2610 1983 2692 2027 est
2727 1973 2964 2028 callestis
3006 1949 3182 2027 Patris
3220 1974 3402 2038 (ilius;
3443 1992 3565 2028 nam

285 2067 380 2120 πᾶν
410 2068 517 2136 μὲν
570 2065 680 2136 γὰρ
717 2066 885 2129 πάθος
929 2065 1018 2120 διὰ
1073 2066 1173 2139 τὴν
1214 2067 1391 2136 ἄκραν
1453 2067 1806 2138 ἀκαθαρσίαν
1840 2068 1869 2120 6

285 2159 540 2232 χοιρώδης
571 2159 904 2213 αἰνίττεται·
943 2161 1117 2231 χοῖροι
1150 2160 1206 2214 δέ
1248 2163 1388 2215 εἰσιν
1417 2163 1468 2214 οἰ
1493 2161 1570 2231 τῷ
1619 2160 1869 2232 βορϐόρῳ

282 2254 380 2306 τῶν
429 2252 625 2307 παθῶν
677 2252 884 2307 τούτων
955 2253 1452 2324 ὲγκυλινδσύμενοι,
1527 2249 1603 2308 ὧν
1661 2254 1869 2318 ἐκεῖνος

281 2351 538 2422 προστὰς,
569 2351 641 2413 ὡς
669 2349 791 2404 καθ’
820 2349 1161 2420 ἡδυπάθειαν
1197 2349 1484 2420 ὑπερέχων
1531 2347 1736 2414 αὐτῶν,
1766 2348 1867 2400 οὐκ

282 2444 511 2514 ἠδύνατο
549 2442 874 2514 κορεσθῆναι
908 2442 1016 2496 ἀπὺ
1071 2442 1184 2496 τῶν
1246 2443 1518 2506 κερατίων
1568 2436 1643 2496 ὧν
1679 2442 1868 2513 ἢσθιον

278 2535 323 2589 εἰ
349 2537 548 2606 χοῖροι,
592 2535 840 2587 τουτέστι
866 2535 1025 2603 κόρον
1059 2536 1157 2605 τῆς
1186 2535 1393 2599 οἰκείας
1423 2534 1722 2606 ἐπιθυμίας
1771 2535 1868 2589 λα-

279 2625 386 2680 δεῖν
413 2627 520 2680 οὐκ
554 2625 802 2693 ἠδύνατο.
841 2625 965 2690 Πῶς
998 2627 1032 2697 ή
1086 2625 1182 2679 τοῦ
1244 2626 1498 2696 σώματος
1544 2625 1710 2695 φύσις
1766 2625 1868 2679 οὐκ

279 2723 430 2789 ἀρκεῖ
490 2719 589 2772 τοῦ
648 2717 948 2772 ἀκολάστου
1012 2719 1308 2790 ὑπηρετεῖν
1355 2720 1476 2782 ταῖς
1527 2718 1764 2790 ὁρμαῖςξ
1808 2719 1868 2772 Ὁ

279 2813 467 2880 χρυσὸς
511 2809 547 2878 ἢ
571 2812 598 2862 ὁ
619 2809 879 2880 ἄργυρος,
908 2809 994 2881 τῷ
1023 2809 1341 2882 φιλοχρύσῳ
1387 2811 1482 2864 καὶ
1542 2809 1871 2882 φιλαργύρῳ

279 2901 685 2972 προσγεγονὼς,
716 2904 815 2974 τὴν
841 2901 1048 2956 ἔνδειαν
1077 2903 1304 2975 ηὔξησε,
1337 2905 1433 2957 καί
1462 2903 1584 2957 καθ’
1619 2905 1744 2957 ὅσον
1802 2904 1870 2958 ἂν

278 2996 434 3059 πολὺς
467 2995 800 3068 ἐπιρρεύσῃ,
843 2996 988 3051 κατά
1018 2995 1246 3049 τοσοῦτο
1297 2995 1540 3059 πλείονος
1580 2995 1871 3066 ἐπιθυμεῖν

276 3090 693 3156 παρεσκεύασεν
721 3105 738 3119 ·
777 3089 807 3141 ὁ
834 3089 1036 3158 κόσμος
1071 3087 1219 3153 ἀπας
1257 3088 1430 3161 μόλις,
1489 3088 1632 3161 τάχα
1659 3090 1716 3143 δὲ
1749 3090 1872 3146 οὐδὲ

281 3181 428 3248 μόλις
457 3179 695 3250 ἀρκέσει
726 3180 1029 3254 πλεονέκτῃ
1083 3185 1180 3239 καὶ
1230 3182 1482 3255 φιλάρχῳ
1541 3184 1646 3239 ἑνί.
1715 3184 1873 3238 Ἐπεὶ

276 3268 363 3326 οὖν
394 3275 591 3328 πολλοὶ
628 3274 728 3346 μὲν
757 3267 927 3342 οὗτοι,
970 3276 1172 3346 κόσμος
1195 3276 1253 3330 δὲ
1282 3270 1386 3344 εἷς,
1416 3277 1534 3342 πῶς
1561 3277 1670 3350 ἄρα
1704 3279 1866 3351 δυνή-
1896 3315 1943 3375 C

279 3369 424 3421 σεταί
455 3385 546 3432 τις
590 3367 771 3422 αὐτῶν
799 3369 897 3438 τῆς
937 3368 1148 3432 οἰκείας
1206 3369 1508 3441 ἐπιθυμίας
1557 3371 1721 3440 κόρον
1771 3373 1866 3426 εὑ-

277 3463 418 3531 ρεῖν;
454 3459 622 3516 Οὕτω
642 3459 822 3514 τοίνυν
851 3461 946 3514 καὶ
972 3462 1001 3513 6
1025 3459 1119 3514 τοῦ
1138 3461 1274 3515 Θεοῦ
1309 3463 1699 3534 ἀποστατήσας
1726 3466 1869 3518 ἐκεῖ·

276 3569 356 3616 νος
397 3555 512 3608 ὀὐκ
561 3552 798 3624 ἠδύνατο
858 3553 1228 3625 χορτασθῆναι
1269 3571 1285 3604 °.
1355 3554 1476 3608 οὐδὲ
1524 3556 1634 3625 γὰρ
1695 3556 1868 3610 ἐδίδου

273 3663 372 3709 τις,
396 3649 560 3717 φησι,
590 3645 684 3700 τὸν
713 3646 873 3716 κόρον
900 3645 1052 3718 αὐτῷ
1077 3663 1092 3678 ο
1123 3649 1207 3712 τίς
1237 3647 1347 3720 γὰρ
1379 3649 1448 3704 ἂν
1492 3649 1585 3704 καὶ
1618 3649 1823 3706 ἔδωκεν
1851 3671 1865 3718 ;

273 3740 299 3791 6
326 3737 462 3802 Θεὸς
493 3739 669 3808 ἀπῆν,
705 3732 768 3792 οὗ
801 3741 897 3792 καὶ
922 3743 992 3811 τῇ
1017 3741 1116 3812 θέᾳ
1150 3742 1285 3812 μόνῃ
1341 3741 1503 3814 κόρος
1555 3743 1869 3815 ἀνεπαχθὴς

270 3829 344 3898 τῷ
376 3829 584 3900 ὁρῶντι
610 3829 985 3902 προσγίνεται,
1028 3832 1172 3886 κατά
1215 3831 1310 3887 τὸν
1362 3833 1589 3885 εἰπόντα
1619 3849 1634 3864 ο
1671 3851 1689 3884 ι
1727 3833 1872 3904 Χορ-

272 3921 621 3993 τασθήσομαι
657 3923 714 3974 ὲν
751 3921 828 3992 τῷ
861 3923 1093 3994 ὀφθῆναι
1127 3942 1216 3994 μοι
1262 3925 1363 3997 τὴν
1398 3925 1559 3991 δόξαν
1592 3943 1706 3980 σου.
1751 3945 1769 3978 ι
1810 3927 1870 3980 '0

270 4012 517 4081 διάϐολος
573 4015 677 4070 οὐκ
733 4015 908 4070 ἐθέλει
939 4017 1100 4087 κόρον
1130 4021 1437 4090 παρασχεῖν
1463 4020 1572 4074 τῶν
1623 4021 1869 4090 αἰσχρῶν

270 4107 610 4179 ἐπιθυμιῶν,
645 4109 770 4160 ἐπεὶ
807 4111 1114 4180 μεταϐολὴν
1141 4111 1238 4178 τῆς
1268 4112 1408 4182 πρὸς
1449 4111 1590 4166 αὐτά
1629 4115 1869 4183 σχέσεως

268 4197 326 4250 ὲν
347 4203 464 4264 τοῖς
497 4199 766 4271 στρεπτοῖς
797 4201 824 4252 6
851 4200 1012 4272 κόρος
1062 4202 1393 4271 ἐργάζεσθαι
1439 4204 1686 4274 πέφυκεν
1715 4223 1730 4237 ο
1797 4207 1872 4257 εἰ·

272 4293 447 4356 κότως
476 4293 578 4347 οὖν
616 4293 794 4356 οὐδεὶς
823 4292 996 4347 ἐδίδου
1017 4295 1110 4347 τὸν
1145 4294 1308 4364 κόρον
1338 4295 1510 4367 αὐτῷ.

336 4386 516 4450 Μόλις
545 4385 680 4437 ποτὲ
708 4385 886 4440 τοίνυν
915 4386 1000 4454 ἐφ’
1021 4387 1216 4440 ἑαυτοῦ
1235 4387 1520 4457 γενόμενος
1552 4392 1580 4443 6
1607 4391 1871 4462 diremp-

175 4503 178 4506 η
266 4476 438 4544 τήσας
475 4476 816 4548 τοῦίπατρδς
846 4481 1074 4547 ἐκεῖνος,
1107 4481 1203 4532 καὶ
1224 4475 1281 4532 οἷ
1305 4480 1498 4534 κακῶν
1530 4481 1768 4552 ἔφθασεν
1787 4488 1870 4536 ενα

267 4565 492 4635 νοήσας,
531 4566 921 4620 ἀπεκλαύσατο
952 4570 1166 4634 ἑαυτὸν,
1213 4570 1389 4638 λέγων
1421 4587 1436 4602 ·
1495 4591 1514 4623 ι
1553 4574 1718 4626 Πόσοι
1778 4573 1868 4644 μί-

1972 2067 2151 2122 onmis
2183 2067 2400 2137 quidem
2434 2067 2706 2136 cupiditas
2749 2067 2868 2132 jure
2904 2075 3127 2135 propter
3165 2082 3434 2121 summam
3467 2068 3564 2120 ob-

1973 2161 2295 2216 scenitatem
2344 2165 2570 2232 porcina
2605 2165 2944 2236 appellatur;
2997 2167 3149 2238 porci
3203 2177 3386 2222 autem
3441 2179 3570 2224 sunt

1973 2249 2030 2305 in
2087 2251 2204 2308 luto
2251 2253 2616 2324 cupiditatum
2682 2271 2742 2311 se
2803 2257 3147 2324 volutantes,
3191 2273 3436 2328 quorum.
3481 2259 3566 2314 ille

1972 2345 2255 2417 princeps,
2297 2348 2424 2418 quia
2479 2349 2823 2419 voluptatum
2877 2352 3320 2421 concupiscentia
3377 2367 3566 2406 omnes

1974 2443 2291 2511 superabat,
2319 2457 2424 2498 non
2457 2454 2672 2512 poterat
2693 2431 2882 2500 satiari
2909 2447 2974 2500 de
3007 2447 3221 2516 siliquis
3249 2463 3386 2515 quas
3416 2448 3566 2509 porci

1977 2532 2380 2588 manducabant
2405 2574 2421 2598 ,
2458 2533 2513 2588 id
2548 2545 2665 2600 est,
2700 2535 3007 2592 satietatem
3039 2538 3274 2607 propriae
3305 2539 3570 2607 com-upi-

1975 2627 2204 2686 scentia
2250 2625 2500 2696 accipere
2552 2627 2939 2698 nonfpoterat.
2986 2629 3272 2696 Quomodo
3323 2633 3573 2700 corporis

1977 2728 2174 2774 natura
2204 2735 2307 2774 non
2352 2721 2485 2776 satis
2525 2731 2735 2790 ροισι-ιιι
2773 2723 3032 2792 ganeonis
3076 2725 3372 2793 impetibus
3413 2725 3573 2777 ιιιῖιιιν

1977 2809 2198 2866 strare?
2230 2810 2436 2865 Aurum
2471 2812 2570 2867 vel”
2592 2823 2883 2884 argentum
2917 2815 3094 2871 amico
3123 2817 3242 2869 auri
3273 2826 3326 2871 et
3357 2817 3573 2887 argenti
3608 2815 3622 2828 '

1977 2894 2416 2974 superveniens,
2461 2905 2704 2971 inopiam
2761 2907 2883 2976 ejus
2923 2908 3174 2970 adauxit,
3211 2916 3268 2961 et
3305 2921 3571 2978 quantum

1943 2992 1946 2994 ’
1979 2997 2470 3068 magis-aﬂluxerit,
2501 3007 2707 3051 tantum
2735 2998 2801 3052 ad
2838 2999 3044 3071 majora
3071 3002 3573 3072 concupiscendum

1977 3091 2294 3163 disposuit;
2331 3091 2569 3146 mundus
2603 3093 2898 3147 universus
2935 3093 3061 3158 vix,
3118 3108 3212 3148 seu
3243 3094 3426 3163 potius
3474 3109 3574 3147 nc-

1978 3199 2251 3255 qnaquam
2288 3185 2379 3239 uni
2413 3199 2579 3239 avaro
2613 3193 2665 3238 et
2687 3181 2906 3255 'cupido
2953 3184 3207 3240 sufﬁciet.
3245 3185 3413 3257 Igitur
3443 3201 3569 3239 cum

1977 3280 2065 3335 isti
2099 3279 2317 3350 quidem
2343 3278 2454 3333 sint
2485 3278 2663 3343 multi,
2685 3279 2919 3332 mundus
2949 3293 3078 3334 vero
3110 3294 3271 3339 unus,
3297 3279 3573 3348 quomodo

1974 3388 2106 3443 ergo
2140 3371 2341 3442 poterit
2372 3373 2496 3442 quis
2521 3387 2711 3428 eorum
2744 3387 2898 3427 suam
2943 3371 3148 3427 satiare
3175 3373 3573 3440 concupiscen-

1976 3463 2147 3520 tiam?
2187 3463 2343 3521 Unde
2381 3466 2471 3521 ille
2522 3481 2551 3520 a
2597 3464 2713 3520 Deo
2743 3464 2932 3535 procul
2970 3477 3193 3520 amotus
3225 3482 3330 3521 non
3362 3474 3576 3536 poterat

1975 3556 2200 3623 satiari;
2236 3571 2400 3611 nemo
2429 3558 2600 3624 enim,
2629 3557 2826 3625 inquit,
2849 3557 3014 3612 dabat
3038 3559 3089 3612 ei
3113 3573 3222 3628 quo
3253 3559 3571 3612 satiaretur.

1975 3647 2110 3702 Nam
2146 3649 2268 3716 quis
2307 3648 2357 3702 ei
2405 3647 2686 3702 dedisset?
2728 3648 2873 3703 Deus
2913 3650 3126 3715 aberat,
3145 3649 3302 3718 cujus
3331 3649 3450 3704 solo
3484 3648 3570 3702 in-

1977 3739 2209 3793 tuitione
2234 3737 2478 3808 jucunda
2521 3739 2727 3794 videnti
2761 3748 3081 3810 supervenit
3112 3741 3341 3794 satietas
3364 3779 3379 3806 ,
3410 3748 3574 3809 prout

1976 3832 2147 3886 David
2184 3832 2361 3885 dixit:
2392 3850 2410 3881 ι
2445 3829 2703 3886 Satiabor
2733 3847 2855 3887 cum
2890 3832 3208 3900 apparuerit
3235 3832 3365 3885 mibi
3393 3832 3571 3900 gloria

1976 3933 2067 3978 tua
2100 3925 2166 3977 ⁵⁷.
2202 3943 2224 3974 ι
2282 3923 2543 3978 Diabolus
2593 3924 2811 3977 nolebat
2863 3923 3113 3992 turpium:
3136 3923 3256 3992 ejus
3305 3923 3574 3992 concupi-

1975 4019 2310 4072 scentiarum
2343 4017 2588 4086 praebere
2610 4016 2943 4082 satietatem,
2968 4032 3093 4072 cum
3122 4016 3229 4070 ista
3258 4017 3430 4071 sulcat
3460 4032 3575 4069 me.

1975 4109 2111 4166 biles
2143 4113 2354 4165 animas
2389 4127 2418 4164 ιι
2451 4125 2547 4164 sua
2579 4110 2646 4163 ad
2700 4108 2788 4162 illa
2830 4108 3179 4178 proclivitate
3228 4101 3571 4164 convertere.

1975 4201 2170 4258 Merito
2197 4203 2361 4275 igitur
2389 4218 2546 4264 nemo
2579 4202 2629 4256 ei
2662 4217 2774 4272 quo
2801 4202 3098 4257 satiaretur
3126 4201 3309 4256 dabat.

2049 4371 2304 4443 Taudem'
2325 4398 2458 4454 ergo
2499 4381 2565 4436 ad
2605 4397 2664 4437 se
2691 4395 2948 4436 reversus
2979 4381 3070 4434 ille
3123 4396 3151 4433 a
3185 4389 3338 4448 patre
3373 4379 3566 4446 prorul

1976 4480 2279 4550 profectus,
2314 4489 2370 4532 et
2391 4493 2498 4546 quo
2530 4475 2861 4531 calamitatis
2893 4487 3216 4545 pervenerat
3253 4473 3572 4535 meditatus,

1977 4574 2332 4643 semetipsum
2361 4572 2599 4628 deﬂebat
2648 4571 2877 4625 dicens:
2911 4589 2928 4621 ι
2963 4571 3103 4637 Quot
3160 4569 3482 4622 tuerccnarii
3520 4569 3569 4620 in

268 4664 406 4710 σθιοι
438 4659 544 4711 τοῦ
576 4660 788 4728 πατρός
817 4675 920 4729 μου
951 4662 1368 4730 περισσεύουσιν
1413 4664 1618 4733 ἄρτων,
1671 4667 1782 4733 ἐγὼ
1814 4668 1868 4720 δὲ

1981 4672 2145 4725 domo
2178 4668 2351 4738 patris
2377 4668 2483 4721 mei
2523 4666 2808 4720 abundant
2841 4665 3100 4734 panibus,
3130 4679 3231 4734 ego
3267 4673 3446 4716 autem
3486 4660 3574 4714 ιιι(-

267 4747 406 4819 λιμῴ
436 4751 781 4820 ἀπόλλυμαι.
833 4771 852 4805 ι
880 4751 1038 4816 Τίνες
1069 4755 1117 4806 οἰ
1146 4753 1392 4823 μίσθιοι;
1424 4757 1474 4808 oi
1500 4756 1589 4810 διὰ
1618 4759 1728 4808 τῶν
1767 4759 1869 4827 τῆς

267 4845 570 4906 μετανοίας
626 4843 869 4914 ἱδρώτων
897 4847 990 4897 καὶ
1019 4847 1114 4916 τῆς
1166 4847 1556 4913 ταπεινώσεως
1608 4846 1698 4904 οἷά
1747 4869 1870 4905 τινα

267 4935 465 5002 μισθὸν
503 4937 1016 5007 ἐπανακαλούμενοι
1047 4949 1147 5010 την
1178 4941 1478 5012 σωτηρίαν.
1538 4943 1657 4997 Υἱοί
1688 4944 1743 4996 δέ
1791 4947 1869 4996 εἰ-

265 5043 348 5079 σιν
373 5031 426 5082 οἱ
458 5030 682 5100 διὰ-τὴν
713 5030 848 5102 πρὸς
869 5023 1030 5086 αὐτὸν
1065 5035 1289 5105 ἀγάπην
1318 5041 1440 5102 ταῖς
1497 5039 1662 5093 αὐτοῦ
1726 5042 1872 5094 ἐντο-

263 5117 377 5183 λαῖς
411 5121 896 5192 ὑποτασσόμενοι·
937 5125 1188 5197 καθάπερ
1237 5129 1333 5181 καὶ
1360 5131 1389 5182 6
1421 5133 1629 5204 Κύριος
1662 5127 1817 5185 εἶπεν
1848 5147 1866 5165 ⁸

265 5228 286 5262 ι
327 5214 392 5265 Ὀ
410 5214 660 5283 ἀγαπῶν
684 5233 752 5285 με
777 5216 874 5282 τὰς
905 5219 1124 5285 ἐντολάς
1150 5242 1251 5293 μου
1282 5225 1536 5297 τηρήσει.
1577 5250 1597 5280 ι
1635 5226 1748 5298 Τῆς
1773 5228 1869 5282 οὖν

263 5305 550 5370 υἱοθεσίας
581 5309 610 5361 6
643 5309 906 5382 νεώτερος
935 5315 1234 5371 ἀποπεσὼν
1257 5319 1394 5384 υίὸς,
1420 5323 1516 5375 καὶ
1574 5323 1674 5390 τῆς
1714 5325 1869 5393 ἱερᾶς

261 5402 525 5471 πατρίδος
568 5403 818 5457 ἐκπεσὼν
848 5405 1012 5471 ἑκὼν,
1037 5403 1136 5462 ’καὶ
1167 5411 1312 5481 λιμῷ
1335 5416 1670 5483 περιπεσὼν,
1697 5433 1868 5470 κατα-

260 5493 530 5558 γινώσκει
567 5495 766 5549 ἑαυτοῦ
807 5498 902 5552 καὶ
931 5504 1310 5568 ταπεινοῦται,
1346 5507 1443 5558 καὶ
1502 5512 1760 5576 μετανοεῖ
1779 5509 1868 5563 λέ-

260 5600 371 5650 γων
408 5604 423 5618 ·
454 5606 476 5639 ι
503 5588 778 5652 Ἀναστὰς
808 5591 1172 5665 πορεύσομαι,
1190 5601 1299 5676 καὶ
1321 5602 1742 5672 προσπεσοῦμαι
1790 5605 1866 5676 τῷ

260 5679 456 5748 πατρῖ,
525 5676 633 5732 καὶ
677 5679 788 5750 ἐρῶ
824 5695 838 5710 ·
869 5681 1071 5754 Πάτερ,
1111 5669 1377 5757 quam;
1410 5691 1490 5752 είς
1522 5690 1613 5742 τὺν
1638 5669 1866 5760 οὐρανὸν

260 5771 352 5824 καὶ
379 5771 637 5825 ἐνώπιόν
666 5789 781 5828 σου.
818 5795 837 5827 ι
869 5777 1064 5838 Καλῶς
1093 5779 1201 5850 ἀρα
1232 5783 1330 5850 τὴν
1370 5783 1544 5854 ἀρχὴν
1593 5784 1698 5855 1'6
1754 5786 1866 5838 ὲλέο

331 5955 376 5986 ⁸⁷
414 5955 570 6010 Phili.
613 5973 718 6021 X\'t,
766 5961 847 6018 i5.
927 5963 969 5996 ⁵⁸
1004 5963 1159 6021 dmin.
1201 5984 1307 6030 XLV,
1343 5971 1432 6023 25.

468 6056 752 6118 ΡΔΤιιυι..
786 6062 902 6120 lin.
935 6044 1052 6122 CLI

1984 4765 2130 4819 tame
2165 4777 2357 4834 pereo.
2401 4781 2420 4813 ι
2456 4757 2688 4827 Quinam
2723 4759 3096 4813 mercenarii?
3132 4759 3222 4826 qui
3260 4773 3356 4825 per
3402 4757 3576 4824 ptem-

1981 4855 2166 4909 teutize
2202 4854 2481 4925 lacrymas
2523 4864 2578 4908 et
2633 4853 2997 4907 humilitatem
3055 4851 3213 4920 quasi
3263 4848 3571 4903 mercedem

1977 4943 2334 5001 redemerunt
2366 4948 2620 5002 salutem.
2651 4944 2776 5000 Filii
2811 4958 2993 5000 autem
3027 4957 3156 4999 sunt
3189 4932 3282 5014 qui
3317 4959 3414 5011 per
3438 4941 3575 4996 cliu-

1983 5039 2198 5094 ritatem
2230 5056 2356 5111 erga
2402 5041 2556 5096 illum
2589 5041 2866 5098 mandatis
2910 5042 3031 5110 ejus
3065 5041 3269 5097 subditi
3312 5043 3568 5105 fuerunt,

1978 5141 2142 5202 prout
2164 5132 2304 5186 dixit
2329 5132 2594 5188 Dominus
2623 5150 2636 5186 :
2671 5152 2688 5185 ι
2712 5133 2813 5200 Qui
2839 5134 3012 5206 diligit
3039 5152 3145 5200 me,
3169 5136 3426 5190 mandata
3452 5152 3570 5190 mea

1975 5225 2212 5282 scrvabil
2243 5224 2310 5280 ιθ.
2358 5244 2378 5278 ι
2415 5226 2832 5284 Adolescentior
2881 5243 3009 5297 ergo
3046 5229 3189 5285 ﬁlius
3223 5243 3251 5284 a
3299 5231 3571 5301 dignitate

1937 5320 2390 5387 .ﬁlii‘excidens,
2437 5329 2492 5376 ct.
2547 5337 2576 5376 a
2617 5323 2794 5392 patria
2838 5336 3030 5378 saneta
3074 5339 3328 5395 egressus
3358 5341 3572 5385 necnon
3659 5376 3665 5382 .

1977 5414 2122 5468 ﬁrme
2159 5425 2464 5484 correptus,
2498 5417 2856 5487 semetipsum
2901 5419 3172 5493 vituperat
3203 5430 3256 5474 et
3295 5419 3571 5488 humiliat,

1979 5523 2103 5562 cum
2138 5509 2466 5578 poenitentia
2506 5509 2730 5564 dicens:
2757 5529 2774 5562 ι
2803 5511 3040 5581 Surgam
3066 5523 3122 5565 et
3146 5511 3235 5567 ibo
3267 5513 3332 5566 ad
3361 5521 3570 5582 patrem

1984 5623 2186 5671 meum,
2221 5616 2275 5658 et
2323 5606 2616 5674 procidens
2649 5607 2828 5660 dicam
2861 5607 2911 5662 ei
2953 5624 2967 5660 :
3021 5607 3206 5671 Pater,
3257 5607 3480 5676 peccavi
3518 5609 3575 5662 in

1979 5699 2180 5754 coelum
2213 5709 2271 5753 et
2299 5715 2484 5753 coram
2519 5709 2571 5754 te
2609 5719 2652 5752 ι.
2695 5697 2828 5754 Jurc
2873 5715 3005 5770 ergo
3045 5715 3076 5755 a
3117 5699 3390 5769 principio
3425 5701 3578 5756 dicc-

1963 5795 2175 5882 ’balltlus
2209 5796 2467 5862 quoniam
2493 5807 2646 5864 pater
2676 5794 2781 5850 iste
2812 5796 3066 5851 Deustast
3095 5811 3111 5860 ;
3141 5809 3265 5849 nam
3297 5794 3573 5864 quomodo
