  <div class='ocr_page' id='page_1' title='image "/cluster/home/n/w/nwhite01/storage/ocr_20150623/151:no.2/coo.31924054870567/029.png"; bbox 0 0 4090 6446; ppageno 0'>
   <div class='ocr_carea' id='block_1_1' title="bbox 528 386 3804 457">
    <p class='ocr_par' dir='ltr' id='par_1_1' title="bbox 528 386 3804 457">
     <span class='ocr_line' id='line_1_1' title="bbox 528 386 3804 457; baseline 0.003 -11"><span class='ocrx_word' id='word_1_1' title='bbox 528 386 606 447; x_wconf 65' lang='lat'><strong>’33</strong></span> <span class='ocrx_word' id='word_1_2' title='bbox 1805 390 2188 454; x_wconf 78' lang='lat' dir='ltr'><strong>GREGORII</strong></span> <span class='ocrx_word' id='word_1_3' title='bbox 2229 394 2556 457; x_wconf 70' lang='lat' dir='ltr'><strong>PALAM/E</strong></span> <span class='ocrx_word' id='word_1_4' title='bbox 3735 394 3804 456; x_wconf 69' lang='grc' dir='ltr'>έῖ</span> 
     </span>
    </p>
   </div>
   <div class='ocr_carea' id='block_1_2' title="bbox 535 493 2108 584">
    <p class='ocr_par' dir='ltr' id='par_1_2' title="bbox 535 502 2105 575">
     <span class='ocr_line' id='line_1_2' title="bbox 535 502 2105 575; baseline 0.005 -20"><span class='ocrx_word' id='word_1_5' title='bbox 535 505 588 555; x_wconf 86' lang='lat' dir='ltr'><strong>in</strong></span> <span class='ocrx_word' id='word_1_6' title='bbox 640 505 840 556; x_wconf 70' lang='lat' dir='ltr'><strong>cadum</strong></span> <span class='ocrx_word' id='word_1_7' title='bbox 890 502 1137 572; x_wconf 87' lang='lat' dir='ltr'><strong>peccavit</strong></span> <span class='ocrx_word' id='word_1_8' title='bbox 1188 510 1471 575; x_wconf 80' lang='lat' dir='ltr'><strong>elongatus</strong></span> <span class='ocrx_word' id='word_1_9' title='bbox 1518 517 1545 556; x_wconf 89' lang='lat' dir='ltr'><strong>a</strong></span> <span class='ocrx_word' id='word_1_10' title='bbox 1599 504 1948 575; x_wconf 79' lang='lat' dir='ltr'><strong>patre-ﬁlius,</strong></span> <span class='ocrx_word' id='word_1_11' title='bbox 1997 506 2105 563; x_wconf 85' lang='lat' dir='ltr'><strong>nisi</strong></span> 
     </span>
    </p>
   </div>
   <div class='ocr_carea' id='block_1_3' title="bbox 2212 493 3803 584">
    <p class='ocr_par' dir='ltr' id='par_1_3' title="bbox 2212 493 3803 584">
     <span class='ocr_line' id='line_1_3' title="bbox 2212 493 3803 584; baseline 0.001 -20"><span class='ocrx_word' id='word_1_12' title='bbox 2212 526 2401 581; x_wconf 85' lang='grc' dir='ltr'>γομεν,</span> <span class='ocrx_word' id='word_1_13' title='bbox 2462 512 2544 566; x_wconf 77' lang='grc' dir='ltr'>ὅτι</span> <span class='ocrx_word' id='word_1_14' title='bbox 2596 512 2625 565; x_wconf 97' lang='lat'><strong>6</strong></span> <span class='ocrx_word' id='word_1_15' title='bbox 2660 511 2840 584; x_wconf 75' lang='grc' dir='ltr'>πατὴρ</span> <span class='ocrx_word' id='word_1_16' title='bbox 2893 502 3046 574; x_wconf 74' lang='grc' dir='ltr'>οὗτος</span> <span class='ocrx_word' id='word_1_17' title='bbox 3079 510 3106 564; x_wconf 98' lang='lat'><strong>6</strong></span> <span class='ocrx_word' id='word_1_18' title='bbox 3139 493 3271 575; x_wconf 68' lang='lat'><strong>926.;</strong></span> <span class='ocrx_word' id='word_1_19' title='bbox 3315 509 3432 564; x_wconf 77' lang='grc' dir='ltr'>ἐστι</span> <span class='ocrx_word' id='word_1_20' title='bbox 3468 525 3480 542; x_wconf 74' lang='grc' dir='ltr'><strong>ο</strong></span> <span class='ocrx_word' id='word_1_21' title='bbox 3510 509 3627 573; x_wconf 77' lang='grc' dir='ltr'>πῶς</span> <span class='ocrx_word' id='word_1_22' title='bbox 3690 514 3803 582; x_wconf 74' lang='grc' dir='ltr'><strong>γὰρ</strong></span> 
     </span>
    </p>
   </div>
   <div class='ocr_carea' id='block_1_4' title="bbox 532 590 2108 664">
    <p class='ocr_par' dir='ltr' id='par_1_4' title="bbox 532 590 2108 664">
     <span class='ocr_line' id='line_1_4' title="bbox 532 590 2108 664; baseline 0.004 -20"><span class='ocrx_word' id='word_1_23' title='bbox 532 590 772 646; x_wconf 80' lang='lat' dir='ltr'><strong>caelestis</strong></span> <span class='ocrx_word' id='word_1_24' title='bbox 800 602 943 646; x_wconf 88' lang='lat' dir='ltr'><strong>esset</strong></span> <span class='ocrx_word' id='word_1_25' title='bbox 976 592 1181 647; x_wconf 81' lang='lat' dir='ltr'><strong>Pater?</strong></span> <span class='ocrx_word' id='word_1_26' title='bbox 1213 594 1302 646; x_wconf 84' lang='lat' dir='ltr'><strong>Ait</strong></span> <span class='ocrx_word' id='word_1_27' title='bbox 1330 608 1461 664; x_wconf 88' lang='lat' dir='ltr'><strong>ergo</strong></span> <span class='ocrx_word' id='word_1_28' title='bbox 1488 611 1502 648; x_wconf 89' lang='lat'><strong>:</strong></span> <span class='ocrx_word' id='word_1_29' title='bbox 1540 592 1764 650; x_wconf 85' lang='lat' dir='ltr'><strong>Peccavi</strong></span> <span class='ocrx_word' id='word_1_30' title='bbox 1796 597 1847 650; x_wconf 89' lang='lat' dir='ltr'><strong>in</strong></span> <span class='ocrx_word' id='word_1_31' title='bbox 1889 597 2108 664; x_wconf 67' lang='lat' dir='ltr'><strong>coelum,</strong></span> 
     </span>
    </p>
   </div>
   <div class='ocr_carea' id='block_1_5' title="bbox 532 676 2110 755">
    <p class='ocr_par' dir='ltr' id='par_1_5' title="bbox 532 676 2110 755">
     <span class='ocr_line' id='line_1_5' title="bbox 532 676 2110 755; baseline 0.004 -19"><span class='ocrx_word' id='word_1_32' title='bbox 532 682 745 737; x_wconf 89' lang='lat' dir='ltr'><strong>scilicet</strong></span> <span class='ocrx_word' id='word_1_33' title='bbox 773 683 828 737; x_wconf 92' lang='lat' dir='ltr'><strong>in</strong></span> <span class='ocrx_word' id='word_1_34' title='bbox 863 676 1083 738; x_wconf 78' lang='lat' dir='ltr'><strong>sanctos</strong></span> <span class='ocrx_word' id='word_1_35' title='bbox 1113 685 1202 750; x_wconf 88' lang='lat' dir='ltr'><strong>qui</strong></span> <span class='ocrx_word' id='word_1_36' title='bbox 1244 685 1298 738; x_wconf 90' lang='lat' dir='ltr'><strong>in</strong></span> <span class='ocrx_word' id='word_1_37' title='bbox 1332 685 1473 739; x_wconf 70' lang='lat' dir='ltr'><strong>cmlo</strong></span> <span class='ocrx_word' id='word_1_38' title='bbox 1498 694 1645 752; x_wconf 89' lang='lat' dir='ltr'><strong>sunt,</strong></span> <span class='ocrx_word' id='word_1_39' title='bbox 1677 695 1733 741; x_wconf 91' lang='lat' dir='ltr'><strong>et</strong></span> <span class='ocrx_word' id='word_1_40' title='bbox 1761 703 1994 755; x_wconf 88' lang='lat' dir='ltr'><strong>quorum</strong></span> <span class='ocrx_word' id='word_1_41' title='bbox 2028 689 2110 743; x_wconf 91' lang='lat' dir='ltr'><strong>ci-</strong></span> 
     </span>
    </p>
   </div>
   <div class='ocr_carea' id='block_1_6' title="bbox 529 776 2112 849">
    <p class='ocr_par' dir='ltr' id='par_1_6' title="bbox 529 776 2112 849">
     <span class='ocr_line' id='line_1_6' title="bbox 529 776 2112 849; baseline 0.004 -22"><span class='ocrx_word' id='word_1_42' title='bbox 529 776 675 829; x_wconf 82' lang='lat' dir='ltr'><strong>vitas</strong></span> <span class='ocrx_word' id='word_1_43' title='bbox 702 776 754 830; x_wconf 89' lang='lat' dir='ltr'><strong>in</strong></span> <span class='ocrx_word' id='word_1_44' title='bbox 785 776 929 830; x_wconf 73' lang='lat' dir='ltr'><strong>cmlo</strong></span> <span class='ocrx_word' id='word_1_45' title='bbox 959 787 1213 831; x_wconf 77' lang='lat' dir='ltr'><strong>versatur</strong></span> <span class='ocrx_word' id='word_1_46' title='bbox 1239 793 1254 841; x_wconf 90' lang='lat'><strong>;</strong></span> <span class='ocrx_word' id='word_1_47' title='bbox 1287 786 1341 832; x_wconf 92' lang='lat' dir='ltr'><strong>et</strong></span> <span class='ocrx_word' id='word_1_48' title='bbox 1368 793 1553 833; x_wconf 90' lang='lat' dir='ltr'><strong>coram</strong></span> <span class='ocrx_word' id='word_1_49' title='bbox 1578 787 1628 833; x_wconf 89' lang='lat' dir='ltr'><strong>te</strong></span> <span class='ocrx_word' id='word_1_50' title='bbox 1647 779 1737 849; x_wconf 88' lang='lat' dir='ltr'><strong>qui</strong></span> <span class='ocrx_word' id='word_1_51' title='bbox 1757 795 1882 835; x_wconf 91' lang='lat' dir='ltr'><strong>cum</strong></span> <span class='ocrx_word' id='word_1_52' title='bbox 1903 781 2112 835; x_wconf 83' lang='lat' dir='ltr'><strong>sanctis</strong></span> 
     </span>
    </p>
   </div>
   <div class='ocr_carea' id='block_1_7' title="bbox 533 867 2110 943">
    <p class='ocr_par' dir='ltr' id='par_1_7' title="bbox 533 867 2110 943">
     <span class='ocr_line' id='line_1_7' title="bbox 533 867 2110 943; baseline 0.004 -24"><span class='ocrx_word' id='word_1_53' title='bbox 533 869 640 921; x_wconf 80' lang='lat' dir='ltr'><strong>tuis</strong></span> <span class='ocrx_word' id='word_1_54' title='bbox 673 868 725 919; x_wconf 89' lang='lat' dir='ltr'><strong>in</strong></span> <span class='ocrx_word' id='word_1_55' title='bbox 759 867 898 922; x_wconf 69' lang='lat' dir='ltr'><strong>conio</strong></span> <span class='ocrx_word' id='word_1_56' title='bbox 936 870 1171 923; x_wconf 85' lang='lat' dir='ltr'><strong>habitas.</strong></span> <span class='ocrx_word' id='word_1_57' title='bbox 1206 888 1225 921; x_wconf 75' lang='grc' dir='ltr'><strong>ι</strong></span> <span class='ocrx_word' id='word_1_58' title='bbox 1259 868 1324 923; x_wconf 85' lang='grc' dir='ltr'><strong>Ει</strong></span> <span class='ocrx_word' id='word_1_59' title='bbox 1348 869 1461 937; x_wconf 86' lang='lat' dir='ltr'><strong>jam</strong></span> <span class='ocrx_word' id='word_1_60' title='bbox 1497 885 1600 925; x_wconf 91' lang='lat' dir='ltr'><strong>non</strong></span> <span class='ocrx_word' id='word_1_61' title='bbox 1637 885 1758 925; x_wconf 90' lang='lat' dir='ltr'><strong>sum</strong></span> <span class='ocrx_word' id='word_1_62' title='bbox 1794 872 1993 943; x_wconf 88' lang='lat' dir='ltr'><strong>dignus</strong></span> <span class='ocrx_word' id='word_1_63' title='bbox 2021 887 2110 925; x_wconf 82' lang='lat' dir='ltr'><strong>vo-</strong></span> 
     </span>
    </p>
   </div>
   <div class='ocr_carea' id='block_1_8' title="bbox 531 960 2112 1025">
    <p class='ocr_par' dir='ltr' id='par_1_8' title="bbox 531 960 2112 1025">
     <span class='ocr_line' id='line_1_8' title="bbox 531 960 2112 1025; baseline 0.004 -12"><span class='ocrx_word' id='word_1_64' title='bbox 531 960 644 1013; x_wconf 86' lang='lat' dir='ltr'><strong>cari</strong></span> <span class='ocrx_word' id='word_1_65' title='bbox 675 960 817 1015; x_wconf 92' lang='lat' dir='ltr'><strong>ﬁlius</strong></span> <span class='ocrx_word' id='word_1_66' title='bbox 847 968 1011 1025; x_wconf 88' lang='lat' dir='ltr'><strong>tuus;</strong></span> <span class='ocrx_word' id='word_1_67' title='bbox 1042 960 1129 1016; x_wconf 85' lang='lat' dir='ltr'><strong>l‘ac</strong></span> <span class='ocrx_word' id='word_1_68' title='bbox 1167 976 1252 1016; x_wconf 91' lang='lat' dir='ltr'><strong>me</strong></span> <span class='ocrx_word' id='word_1_69' title='bbox 1277 962 1421 1017; x_wconf 86' lang='lat' dir='ltr'><strong>sicut</strong></span> <span class='ocrx_word' id='word_1_70' title='bbox 1463 979 1630 1017; x_wconf 90' lang='lat' dir='ltr'><strong>unum</strong></span> <span class='ocrx_word' id='word_1_71' title='bbox 1663 964 1729 1020; x_wconf 87' lang='lat' dir='ltr'><strong>de</strong></span> <span class='ocrx_word' id='word_1_72' title='bbox 1756 965 2112 1019; x_wconf 70' lang='lat' dir='ltr'><strong>mercennariis</strong></span> 
     </span>
    </p>
   </div>
   <div class='ocr_carea' id='block_1_9' title="bbox 533 1045 2113 1110">
    <p class='ocr_par' dir='ltr' id='par_1_9' title="bbox 533 1045 2113 1110">
     <span class='ocr_line' id='line_1_9' title="bbox 533 1045 2113 1110; baseline 0.008 -13"><span class='ocrx_word' id='word_1_73' title='bbox 533 1047 662 1102; x_wconf 92' lang='lat' dir='ltr'><strong>tuis.</strong></span> <span class='ocrx_word' id='word_1_74' title='bbox 694 1064 712 1097; x_wconf 75' lang='grc' dir='ltr'><strong>ι</strong></span> <span class='ocrx_word' id='word_1_75' title='bbox 747 1045 1052 1103; x_wconf 87' lang='lat' dir='ltr'><strong>Pulchrein</strong></span> <span class='ocrx_word' id='word_1_76' title='bbox 1077 1050 1381 1106; x_wconf 85' lang='lat' dir='ltr'><strong>humilitate</strong></span> <span class='ocrx_word' id='word_1_77' title='bbox 1400 1051 1643 1108; x_wconf 86' lang='lat' dir='ltr'><strong>addidit:</strong></span> <span class='ocrx_word' id='word_1_78' title='bbox 1670 1052 1778 1109; x_wconf 86' lang='lat' dir='ltr'><strong>Fac</strong></span> <span class='ocrx_word' id='word_1_79' title='bbox 1800 1069 1886 1109; x_wconf 92' lang='lat' dir='ltr'><strong>mc</strong></span> <span class='ocrx_word' id='word_1_80' title='bbox 1910 1070 1926 1109; x_wconf 88' lang='lat'><strong>:</strong></span> <span class='ocrx_word' id='word_1_81' title='bbox 1950 1069 2113 1110; x_wconf 89' lang='lat' dir='ltr'><strong>nemo</strong></span> 
     </span>
    </p>
   </div>
   <div class='ocr_carea' id='block_1_10' title="bbox 441 1139 2113 1214">
    <p class='ocr_par' dir='ltr' id='par_1_10' title="bbox 441 1139 2113 1214">
     <span class='ocr_line' id='line_1_10' title="bbox 441 1139 2113 1214; baseline 0.008 -24"><span class='ocrx_word' id='word_1_82' title='bbox 441 1149 445 1155; x_wconf 81' lang='lat'><strong>&#39;</strong></span> <span class='ocrx_word' id='word_1_83' title='bbox 530 1139 681 1199; x_wconf 88' lang='lat' dir='ltr'><strong>enim</strong></span> <span class='ocrx_word' id='word_1_84' title='bbox 716 1154 744 1191; x_wconf 93' lang='lat' dir='ltr'><strong>a</strong></span> <span class='ocrx_word' id='word_1_85' title='bbox 786 1153 847 1194; x_wconf 89' lang='lat' dir='ltr'><strong>se</strong></span> <span class='ocrx_word' id='word_1_86' title='bbox 892 1140 1012 1211; x_wconf 91' lang='lat' dir='ltr'><strong>ipso</strong></span> <span class='ocrx_word' id='word_1_87' title='bbox 1055 1143 1287 1211; x_wconf 78' lang='lat' dir='ltr'><strong>suscipit</strong></span> <span class='ocrx_word' id='word_1_88' title='bbox 1334 1143 1536 1214; x_wconf 85' lang='lat' dir='ltr'><strong>gradus</strong></span> <span class='ocrx_word' id='word_1_89' title='bbox 1572 1145 1640 1200; x_wconf 88' lang='lat' dir='ltr'><strong>ad</strong></span> <span class='ocrx_word' id='word_1_90' title='bbox 1690 1145 1967 1212; x_wconf 77' lang='lat' dir='ltr'><strong>virtutem,</strong></span> <span class='ocrx_word' id='word_1_91' title='bbox 2008 1148 2113 1203; x_wconf 87' lang='lat' dir='ltr'><strong>etsi</strong></span> 
     </span>
    </p>
   </div>
   <div class='ocr_carea' id='block_1_11' title="bbox 531 1229 2109 1308">
    <p class='ocr_par' dir='ltr' id='par_1_11' title="bbox 531 1229 2109 1308">
     <span class='ocr_line' id='line_1_11' title="bbox 531 1229 2109 1308; baseline 0.008 -26"><span class='ocrx_word' id='word_1_92' title='bbox 531 1243 640 1283; x_wconf 91' lang='lat' dir='ltr'><strong>non</strong></span> <span class='ocrx_word' id='word_1_93' title='bbox 675 1229 793 1285; x_wconf 88' lang='lat' dir='ltr'><strong>sine</strong></span> <span class='ocrx_word' id='word_1_94' title='bbox 839 1229 957 1299; x_wconf 83' lang='lat' dir='ltr'><strong>ejus</strong></span> <span class='ocrx_word' id='word_1_95' title='bbox 986 1248 1257 1290; x_wconf 89' lang='lat' dir='ltr'><strong>consensu</strong></span> <span class='ocrx_word' id='word_1_96' title='bbox 1299 1244 1647 1304; x_wconf 86' lang='lat' dir='ltr'><strong>assequatur.</strong></span> <span class='ocrx_word' id='word_1_97' title='bbox 1686 1254 1708 1288; x_wconf 70' lang='grc' dir='ltr'><strong>ι</strong></span> <span class='ocrx_word' id='word_1_98' title='bbox 1757 1237 1824 1291; x_wconf 86' lang='grc' dir='ltr'>Ει</span> <span class='ocrx_word' id='word_1_99' title='bbox 1859 1253 2109 1308; x_wconf 83' lang='lat' dir='ltr'><strong>surgens,</strong></span> 
     </span>
    </p>
   </div>
   <div class='ocr_carea' id='block_1_12' title="bbox 526 1319 2109 1394">
    <p class='ocr_par' dir='ltr' id='par_1_12' title="bbox 526 1319 2109 1394">
     <span class='ocr_line' id='line_1_12' title="bbox 526 1319 2109 1394; baseline 0.006 -19"><span class='ocrx_word' id='word_1_100' title='bbox 526 1319 733 1388; x_wconf 83' lang='lat' dir='ltr'><strong>inquit,</strong></span> <span class='ocrx_word' id='word_1_101' title='bbox 772 1322 923 1376; x_wconf 85' lang='lat' dir='ltr'><strong>venit</strong></span> <span class='ocrx_word' id='word_1_102' title='bbox 972 1323 1039 1377; x_wconf 89' lang='lat' dir='ltr'><strong>ad</strong></span> <span class='ocrx_word' id='word_1_103' title='bbox 1082 1332 1292 1394; x_wconf 83' lang='lat' dir='ltr'><strong>patrem</strong></span> <span class='ocrx_word' id='word_1_104' title='bbox 1324 1340 1527 1394; x_wconf 87' lang='lat' dir='ltr'><strong>suum;</strong></span> <span class='ocrx_word' id='word_1_105' title='bbox 1560 1341 1681 1380; x_wconf 91' lang='lat' dir='ltr'><strong>cum</strong></span> <span class='ocrx_word' id='word_1_106' title='bbox 1712 1339 1890 1381; x_wconf 88' lang='lat' dir='ltr'><strong>autem</strong></span> <span class='ocrx_word' id='word_1_107' title='bbox 1925 1329 2109 1383; x_wconf 86' lang='lat' dir='ltr'><strong>adhuc</strong></span> 
     </span>
    </p>
   </div>
   <div class='ocr_carea' id='block_1_13' title="bbox 527 1412 2113 1488">
    <p class='ocr_par' dir='ltr' id='par_1_13' title="bbox 527 1412 2113 1488">
     <span class='ocr_line' id='line_1_13' title="bbox 527 1412 2113 1488; baseline 0.004 -21"><span class='ocrx_word' id='word_1_108' title='bbox 527 1412 689 1483; x_wconf 88' lang='lat' dir='ltr'><strong>longe</strong></span> <span class='ocrx_word' id='word_1_109' title='bbox 747 1422 962 1470; x_wconf 66' lang='lat' dir='ltr'><strong>essm...</strong></span> <span class='ocrx_word' id='word_1_110' title='bbox 994 1433 1013 1467; x_wconf 75' lang='grc' dir='ltr'><strong>ι</strong></span> <span class='ocrx_word' id='word_1_111' title='bbox 1058 1413 1262 1471; x_wconf 77' lang='lat' dir='ltr'><strong>Verum</strong></span> <span class='ocrx_word' id='word_1_112' title='bbox 1322 1419 1601 1488; x_wconf 87' lang='lat' dir='ltr'><strong>quomodo</strong></span> <span class='ocrx_word' id='word_1_113' title='bbox 1654 1419 1801 1473; x_wconf 86' lang='lat' dir='ltr'><strong>venit</strong></span> <span class='ocrx_word' id='word_1_114' title='bbox 1852 1427 1907 1472; x_wconf 93' lang='lat' dir='ltr'><strong>et</strong></span> <span class='ocrx_word' id='word_1_115' title='bbox 1936 1420 2113 1474; x_wconf 85' lang='lat' dir='ltr'><strong>adhuc</strong></span> 
     </span>
    </p>
   </div>
   <div class='ocr_carea' id='block_1_14' title="bbox 529 1506 2106 1582">
    <p class='ocr_par' dir='ltr' id='par_1_14' title="bbox 529 1506 2106 1582">
     <span class='ocr_line' id='line_1_14' title="bbox 529 1506 2106 1582; baseline 0.004 -21"><span class='ocrx_word' id='word_1_116' title='bbox 529 1506 689 1575; x_wconf 77' lang='lat' dir='ltr'><strong>longe</strong></span> <span class='ocrx_word' id='word_1_117' title='bbox 728 1517 883 1575; x_wconf 88' lang='lat' dir='ltr'><strong>erat;</strong></span> <span class='ocrx_word' id='word_1_118' title='bbox 913 1524 1082 1580; x_wconf 87' lang='lat' dir='ltr'><strong>quare</strong></span> <span class='ocrx_word' id='word_1_119' title='bbox 1148 1510 1520 1567; x_wconf 87' lang='lat' dir='ltr'><strong>misericordia</strong></span> <span class='ocrx_word' id='word_1_120' title='bbox 1563 1521 1741 1567; x_wconf 82' lang='lat' dir='ltr'><strong>motus</strong></span> <span class='ocrx_word' id='word_1_121' title='bbox 1776 1521 1929 1582; x_wconf 87' lang='lat' dir='ltr'><strong>pater</strong></span> <span class='ocrx_word' id='word_1_122' title='bbox 1985 1513 2106 1580; x_wconf 88' lang='lat' dir='ltr'><strong>ejus</strong></span> 
     </span>
    </p>
   </div>
   <div class='ocr_carea' id='block_1_15' title="bbox 533 1602 2108 1660">
    <p class='ocr_par' dir='ltr' id='par_1_15' title="bbox 533 1602 2108 1660">
     <span class='ocr_line' id='line_1_15' title="bbox 533 1602 2108 1660; baseline 0.003 -5"><span class='ocrx_word' id='word_1_123' title='bbox 533 1602 628 1656; x_wconf 89' lang='lat' dir='ltr'><strong>ivit</strong></span> <span class='ocrx_word' id='word_1_124' title='bbox 667 1603 720 1657; x_wconf 91' lang='lat' dir='ltr'><strong>in</strong></span> <span class='ocrx_word' id='word_1_125' title='bbox 749 1617 1040 1658; x_wconf 88' lang='lat' dir='ltr'><strong>occursum</strong></span> <span class='ocrx_word' id='word_1_126' title='bbox 1075 1602 1268 1659; x_wconf 77' lang='lat' dir='ltr'><strong>illius?</strong></span> <span class='ocrx_word' id='word_1_127' title='bbox 1310 1602 1591 1660; x_wconf 74' lang='lat' dir='ltr'><strong>Pteniteus</strong></span> <span class='ocrx_word' id='word_1_128' title='bbox 1627 1605 1791 1660; x_wconf 90' lang='lat' dir='ltr'><strong>homo</strong></span> <span class='ocrx_word' id='word_1_129' title='bbox 1822 1620 1890 1659; x_wconf 78' lang='lat' dir='ltr'><strong>ex</strong></span> <span class='ocrx_word' id='word_1_130' title='bbox 1929 1606 2108 1660; x_wconf 85' lang='lat' dir='ltr'><strong>anima</strong></span> 
     </span>
    </p>
   </div>
   <div class='ocr_carea' id='block_1_16' title="bbox 530 1691 2110 1766">
    <p class='ocr_par' dir='ltr' id='par_1_16' title="bbox 530 1691 2110 1766">
     <span class='ocr_line' id='line_1_16' title="bbox 530 1691 2110 1766; baseline 0.001 -21"><span class='ocrx_word' id='word_1_131' title='bbox 530 1691 659 1748; x_wconf 90' lang='lat' dir='ltr'><strong>dum</strong></span> <span class='ocrx_word' id='word_1_132' title='bbox 704 1694 845 1748; x_wconf 87' lang='lat' dir='ltr'><strong>bona</strong></span> <span class='ocrx_word' id='word_1_133' title='bbox 892 1694 995 1749; x_wconf 83' lang='lat' dir='ltr'><strong>sibi</strong></span> <span class='ocrx_word' id='word_1_134' title='bbox 1034 1695 1286 1764; x_wconf 90' lang='lat' dir='ltr'><strong>pr0ponit</strong></span> <span class='ocrx_word' id='word_1_135' title='bbox 1317 1705 1375 1749; x_wconf 90' lang='lat' dir='ltr'><strong>et</strong></span> <span class='ocrx_word' id='word_1_136' title='bbox 1419 1708 1451 1749; x_wconf 88' lang='lat' dir='ltr'><strong>a</strong></span> <span class='ocrx_word' id='word_1_137' title='bbox 1489 1701 1714 1764; x_wconf 90' lang='lat' dir='ltr'><strong>peccato</strong></span> <span class='ocrx_word' id='word_1_138' title='bbox 1744 1694 2013 1766; x_wconf 78' lang='lat' dir='ltr'><strong>exsurgit,</strong></span> <span class='ocrx_word' id='word_1_139' title='bbox 2044 1692 2110 1747; x_wconf 83' lang='lat' dir='ltr'><strong>ad</strong></span> 
     </span>
    </p>
   </div>
   <div class='ocr_carea' id='block_1_17' title="bbox 524 1785 2109 1857">
    <p class='ocr_par' dir='ltr' id='par_1_17' title="bbox 524 1785 2109 1857">
     <span class='ocr_line' id='line_1_17' title="bbox 524 1785 2109 1857; baseline 0 -18"><span class='ocrx_word' id='word_1_140' title='bbox 524 1785 699 1839; x_wconf 89' lang='lat' dir='ltr'><strong>Deum</strong></span> <span class='ocrx_word' id='word_1_141' title='bbox 738 1785 956 1857; x_wconf 83' lang='lat' dir='ltr'><strong>pergit;</strong></span> <span class='ocrx_word' id='word_1_142' title='bbox 1000 1786 1096 1841; x_wconf 89' lang='lat' dir='ltr'><strong>sed</strong></span> <span class='ocrx_word' id='word_1_143' title='bbox 1126 1786 1310 1856; x_wconf 80' lang='lat' dir='ltr'><strong>pravis</strong></span> <span class='ocrx_word' id='word_1_144' title='bbox 1350 1785 1835 1842; x_wconf 87' lang='lat' dir='ltr'><strong>consuetudinibus</strong></span> <span class='ocrx_word' id='word_1_145' title='bbox 1870 1798 1927 1841; x_wconf 88' lang='lat' dir='ltr'><strong>ct</strong></span> <span class='ocrx_word' id='word_1_146' title='bbox 1970 1800 2109 1854; x_wconf 62' lang='lat' dir='ltr'><strong>pra:-</strong></span> 
     </span>
    </p>
   </div>
   <div class='ocr_carea' id='block_1_18' title="bbox 529 1860 2188 1947">
    <p class='ocr_par' dir='ltr' id='par_1_18' title="bbox 529 1860 2188 1947">
     <span class='ocr_line' id='line_1_18' title="bbox 529 1860 2188 1947; baseline 0.001 -17"><span class='ocrx_word' id='word_1_147' title='bbox 529 1876 932 1945; x_wconf 86' lang='lat' dir='ltr'><strong>sumptionibus</strong></span> <span class='ocrx_word' id='word_1_148' title='bbox 953 1878 1243 1947; x_wconf 80' lang='lat' dir='ltr'><strong>tyrannice</strong></span> <span class='ocrx_word' id='word_1_149' title='bbox 1267 1885 1519 1942; x_wconf 79' lang='lat' dir='ltr'><strong>vexatus,</strong></span> <span class='ocrx_word' id='word_1_150' title='bbox 1543 1876 1722 1932; x_wconf 85' lang='lat' dir='ltr'><strong>adhuc</strong></span> <span class='ocrx_word' id='word_1_151' title='bbox 1746 1876 1934 1946; x_wconf 88' lang='lat' dir='ltr'><strong>procul</strong></span> <span class='ocrx_word' id='word_1_152' title='bbox 1957 1877 2114 1932; x_wconf 81' lang='lat' dir='ltr'><strong>abest</strong></span> <span class='ocrx_word' id='word_1_153' title='bbox 2140 1860 2188 1920; x_wconf 83' lang='grc' dir='ltr'><strong>Β</strong></span> 
     </span>
    </p>
   </div>
   <div class='ocr_carea' id='block_1_19' title="bbox 530 1966 2120 2040">
    <p class='ocr_par' dir='ltr' id='par_1_19' title="bbox 530 1966 2120 2040">
     <span class='ocr_line' id='line_1_19' title="bbox 530 1966 2120 2040; baseline 0.003 -19"><span class='ocrx_word' id='word_1_154' title='bbox 530 1983 559 2021; x_wconf 87' lang='lat' dir='ltr'><strong>a</strong></span> <span class='ocrx_word' id='word_1_155' title='bbox 599 1966 727 2030; x_wconf 86' lang='lat' dir='ltr'><strong>Deo.</strong></span> <span class='ocrx_word' id='word_1_156' title='bbox 766 1968 1028 2038; x_wconf 84' lang='lat' dir='ltr'><strong>valdeque</strong></span> <span class='ocrx_word' id='word_1_157' title='bbox 1057 1977 1181 2039; x_wconf 84' lang='lat' dir='ltr'><strong>eget</strong></span> <span class='ocrx_word' id='word_1_158' title='bbox 1211 1983 1448 2040; x_wconf 89' lang='lat' dir='ltr'><strong>superna</strong></span> <span class='ocrx_word' id='word_1_159' title='bbox 1478 1967 1854 2024; x_wconf 85' lang='lat' dir='ltr'><strong>misericordia</strong></span> <span class='ocrx_word' id='word_1_160' title='bbox 1883 1977 1939 2025; x_wconf 91' lang='lat' dir='ltr'><strong>et</strong></span> <span class='ocrx_word' id='word_1_161' title='bbox 1962 1970 2120 2026; x_wconf 84' lang='lat' dir='ltr'><strong>auxi-</strong></span> 
     </span>
    </p>
   </div>
   <div class='ocr_carea' id='block_1_20' title="bbox 528 2055 1157 2125">
    <p class='ocr_par' dir='ltr' id='par_1_20' title="bbox 528 2055 1157 2125">
     <span class='ocr_line' id='line_1_20' title="bbox 528 2055 1157 2125; baseline 0.008 -15"><span class='ocrx_word' id='word_1_162' title='bbox 528 2055 622 2125; x_wconf 90' lang='lat' dir='ltr'><strong>lio,</strong></span> <span class='ocrx_word' id='word_1_163' title='bbox 663 2059 706 2113; x_wconf 91' lang='lat' dir='ltr'><strong>si</strong></span> <span class='ocrx_word' id='word_1_164' title='bbox 732 2060 1026 2115; x_wconf 85' lang='lat' dir='ltr'><strong>salvandus</strong></span> <span class='ocrx_word' id='word_1_165' title='bbox 1050 2069 1157 2117; x_wconf 90' lang='lat' dir='ltr'><strong>est.</strong></span> 
     </span>
    </p>
   </div>
   <div class='ocr_carea' id='block_1_21' title="bbox 2214 604 3806 677">
    <p class='ocr_par' dir='ltr' id='par_1_21' title="bbox 2214 604 3806 677">
     <span class='ocr_line' id='line_1_21' title="bbox 2214 604 3806 677; baseline 0.002 -22"><span class='ocrx_word' id='word_1_166' title='bbox 2214 604 2464 675; x_wconf 70' lang='grc' dir='ltr'>ἥμαρτεν</span> <span class='ocrx_word' id='word_1_167' title='bbox 2491 605 2573 669; x_wconf 85' lang='grc' dir='ltr'><strong>είς</strong></span> <span class='ocrx_word' id='word_1_168' title='bbox 2594 609 2686 660; x_wconf 82' lang='grc' dir='ltr'>τὸν</span> <span class='ocrx_word' id='word_1_169' title='bbox 2714 605 2967 677; x_wconf 72' lang='grc' dir='ltr'>οὐρανὸν,</span> <span class='ocrx_word' id='word_1_170' title='bbox 3001 607 3056 660; x_wconf 80' lang='grc' dir='ltr'><strong>·ὁ</strong></span> <span class='ocrx_word' id='word_1_171' title='bbox 3114 604 3504 675; x_wconf 86' lang='grc' dir='ltr'>ἀποστατήσας</span> <span class='ocrx_word' id='word_1_172' title='bbox 3553 604 3649 657; x_wconf 88' lang='grc' dir='ltr'><strong>τοῦ</strong></span> <span class='ocrx_word' id='word_1_173' title='bbox 3696 621 3806 658; x_wconf 83' lang='grc' dir='ltr'>πα-</span> 
     </span>
    </p>
   </div>
   <div class='ocr_carea' id='block_1_22' title="bbox 2216 691 3803 768">
    <p class='ocr_par' dir='ltr' id='par_1_22' title="bbox 2216 691 3803 768">
     <span class='ocr_line' id='line_1_22' title="bbox 2216 691 3803 768; baseline 0 -21"><span class='ocrx_word' id='word_1_174' title='bbox 2216 693 2338 765; x_wconf 74' lang='grc' dir='ltr'>τρὸς</span> <span class='ocrx_word' id='word_1_175' title='bbox 2366 695 2500 761; x_wconf 81' lang='grc' dir='ltr'>υίὸς,</span> <span class='ocrx_word' id='word_1_176' title='bbox 2531 698 2578 749; x_wconf 85' lang='grc' dir='ltr'><strong>εί</strong></span> <span class='ocrx_word' id='word_1_177' title='bbox 2600 697 2674 767; x_wconf 77' lang='grc' dir='ltr'>μὴ</span> <span class='ocrx_word' id='word_1_178' title='bbox 2697 697 2946 767; x_wconf 76' lang='grc' dir='ltr'>οὐράνιος</span> <span class='ocrx_word' id='word_1_179' title='bbox 2971 692 3039 768; x_wconf 80' lang='grc' dir='ltr'>ἦν</span> <span class='ocrx_word' id='word_1_180' title='bbox 3067 696 3094 748; x_wconf 86' lang='lat'><strong>6</strong></span> <span class='ocrx_word' id='word_1_181' title='bbox 3123 697 3307 767; x_wconf 85' lang='grc' dir='ltr'>Πατήρ</span> <span class='ocrx_word' id='word_1_182' title='bbox 3332 714 3346 763; x_wconf 89' lang='grc'><strong>;</strong></span> <span class='ocrx_word' id='word_1_183' title='bbox 3368 696 3655 767; x_wconf 77' lang='grc' dir='ltr'><strong>’Ἥμαρτον</strong></span> <span class='ocrx_word' id='word_1_184' title='bbox 3680 691 3803 761; x_wconf 85' lang='grc' dir='ltr'>οῦν,</span> 
     </span>
    </p>
   </div>
   <div class='ocr_carea' id='block_1_23' title="bbox 2216 787 3807 860">
    <p class='ocr_par' dir='ltr' id='par_1_23' title="bbox 2216 787 3807 860">
     <span class='ocr_line' id='line_1_23' title="bbox 2216 787 3807 860; baseline 0.001 -20"><span class='ocrx_word' id='word_1_185' title='bbox 2216 787 2408 857; x_wconf 77' lang='grc' dir='ltr'>φησὶν,</span> <span class='ocrx_word' id='word_1_186' title='bbox 2443 789 2524 852; x_wconf 83' lang='grc' dir='ltr'><strong>είς</strong></span> <span class='ocrx_word' id='word_1_187' title='bbox 2555 789 2649 842; x_wconf 81' lang='grc' dir='ltr'>τὸν</span> <span class='ocrx_word' id='word_1_188' title='bbox 2675 789 2929 860; x_wconf 83' lang='grc' dir='ltr'>οὐρανὸν,</span> <span class='ocrx_word' id='word_1_189' title='bbox 2980 790 3263 843; x_wconf 81' lang='grc' dir='ltr'><strong>τουτέστιν</strong></span> <span class='ocrx_word' id='word_1_190' title='bbox 3319 789 3398 851; x_wconf 86' lang='grc' dir='ltr'><strong>είς</strong></span> <span class='ocrx_word' id='word_1_191' title='bbox 3426 790 3554 851; x_wconf 81' lang='grc' dir='ltr'>τοὺς</span> <span class='ocrx_word' id='word_1_192' title='bbox 3609 790 3668 841; x_wconf 73' lang='grc' dir='ltr'>ἑν</span> <span class='ocrx_word' id='word_1_193' title='bbox 3724 796 3807 857; x_wconf 80' lang='grc' dir='ltr'>τῷ</span> 
     </span>
    </p>
   </div>
   <div class='ocr_carea' id='block_1_24' title="bbox 2214 868 3810 946">
    <p class='ocr_par' dir='ltr' id='par_1_24' title="bbox 2214 868 3810 946">
     <span class='ocr_line' id='line_1_24' title="bbox 2214 868 3810 946; baseline 0.001 -21"><span class='ocrx_word' id='word_1_194' title='bbox 2214 874 2431 944; x_wconf 84' lang='grc' dir='ltr'>οὐρανῷ</span> <span class='ocrx_word' id='word_1_195' title='bbox 2463 876 2673 944; x_wconf 81' lang='grc' dir='ltr'>ἁγίους,</span> <span class='ocrx_word' id='word_1_196' title='bbox 2714 877 2809 928; x_wconf 77' lang='grc' dir='ltr'><strong>καὶ</strong></span> <span class='ocrx_word' id='word_1_197' title='bbox 2839 868 2914 930; x_wconf 79' lang='grc' dir='ltr'>ὧν</span> <span class='ocrx_word' id='word_1_198' title='bbox 2972 875 3033 929; x_wconf 79' lang='grc' dir='ltr'>τὸ</span> <span class='ocrx_word' id='word_1_199' title='bbox 3087 876 3392 946; x_wconf 80' lang='grc' dir='ltr'>πολίτευμα</span> <span class='ocrx_word' id='word_1_200' title='bbox 3447 875 3506 926; x_wconf 76' lang='grc' dir='ltr'>ὲν</span> <span class='ocrx_word' id='word_1_201' title='bbox 3551 874 3810 944; x_wconf 78' lang='grc' dir='ltr'><strong>οὐρανοῖς</strong></span> 
     </span>
    </p>
   </div>
   <div class='ocr_carea' id='block_1_25' title="bbox 2215 964 3808 1038">
    <p class='ocr_par' dir='ltr' id='par_1_25' title="bbox 2215 964 3808 1038">
     <span class='ocr_line' id='line_1_25' title="bbox 2215 964 3808 1038; baseline 0.002 -21"><span class='ocrx_word' id='word_1_202' title='bbox 2215 965 2473 1038; x_wconf 86' lang='grc' dir='ltr'>ὐπὰρχει,</span> <span class='ocrx_word' id='word_1_203' title='bbox 2501 968 2597 1022; x_wconf 74' lang='grc' dir='ltr'>καὶ</span> <span class='ocrx_word' id='word_1_204' title='bbox 2624 967 2855 1021; x_wconf 81' lang='grc' dir='ltr'>ἐνώπιόν</span> <span class='ocrx_word' id='word_1_205' title='bbox 2888 985 3007 1032; x_wconf 93' lang='grc' dir='ltr'>σου,</span> <span class='ocrx_word' id='word_1_206' title='bbox 3042 967 3103 1032; x_wconf 74' lang='grc' dir='ltr'>ὃς</span> <span class='ocrx_word' id='word_1_207' title='bbox 3143 968 3282 1037; x_wconf 86' lang='grc' dir='ltr'><strong>μετὰ</strong></span> <span class='ocrx_word' id='word_1_208' title='bbox 3331 966 3441 1019; x_wconf 85' lang='grc' dir='ltr'><strong>τῶν</strong></span> <span class='ocrx_word' id='word_1_209' title='bbox 3477 964 3590 1019; x_wconf 84' lang='grc' dir='ltr'><strong>σῶν</strong></span> <span class='ocrx_word' id='word_1_210' title='bbox 3629 967 3808 1032; x_wconf 87' lang='grc' dir='ltr'>ἁγίων</span> 
     </span>
    </p>
   </div>
   <div class='ocr_carea' id='block_1_26' title="bbox 2216 1057 3812 1129">
    <p class='ocr_par' dir='ltr' id='par_1_26' title="bbox 2216 1057 3812 1129">
     <span class='ocr_line' id='line_1_26' title="bbox 2216 1057 3812 1129; baseline 0.001 -19"><span class='ocrx_word' id='word_1_211' title='bbox 2216 1059 2275 1110; x_wconf 80' lang='grc' dir='ltr'>ὲν</span> <span class='ocrx_word' id='word_1_212' title='bbox 2301 1059 2378 1128; x_wconf 85' lang='grc' dir='ltr'><strong>τῷ</strong></span> <span class='ocrx_word' id='word_1_213' title='bbox 2415 1058 2630 1129; x_wconf 83' lang='grc' dir='ltr'>οὐρανῷ</span> <span class='ocrx_word' id='word_1_214' title='bbox 2664 1062 2962 1123; x_wconf 88' lang='grc' dir='ltr'>κατοικεῖς.</span> <span class='ocrx_word' id='word_1_215' title='bbox 3022 1079 3042 1112; x_wconf 82' lang='grc' dir='ltr'>ι</span> <span class='ocrx_word' id='word_1_216' title='bbox 3079 1061 3189 1113; x_wconf 74' lang='grc' dir='ltr'>Καὶ</span> <span class='ocrx_word' id='word_1_217' title='bbox 3255 1059 3439 1113; x_wconf 81' lang='grc' dir='ltr'>οὐκέτι</span> <span class='ocrx_word' id='word_1_218' title='bbox 3486 1057 3608 1129; x_wconf 67' lang='grc' dir='ltr'><strong>είμ)⁸</strong></span> <span class='ocrx_word' id='word_1_219' title='bbox 3656 1058 3812 1123; x_wconf 77' lang='grc' dir='ltr'>ἄξιος</span> 
     </span>
    </p>
   </div>
   <div class='ocr_carea' id='block_1_27' title="bbox 2217 1152 3810 1224">
    <p class='ocr_par' dir='ltr' id='par_1_27' title="bbox 2217 1152 3810 1224">
     <span class='ocr_line' id='line_1_27' title="bbox 2217 1152 3810 1224; baseline 0 -19"><span class='ocrx_word' id='word_1_220' title='bbox 2217 1152 2484 1222; x_wconf 84' lang='grc' dir='ltr'>κληθῆναι</span> <span class='ocrx_word' id='word_1_221' title='bbox 2510 1154 2624 1216; x_wconf 88' lang='grc' dir='ltr'>υίός</span> <span class='ocrx_word' id='word_1_222' title='bbox 2657 1170 2751 1206; x_wconf 89' lang='grc' dir='ltr'><strong>σου</strong></span> <span class='ocrx_word' id='word_1_223' title='bbox 2787 1169 2801 1183; x_wconf 75' lang='grc'><strong>⁸</strong></span> <span class='ocrx_word' id='word_1_224' title='bbox 2836 1153 3062 1224; x_wconf 84' lang='grc' dir='ltr'>ποίησόν</span> <span class='ocrx_word' id='word_1_225' title='bbox 3096 1170 3163 1224; x_wconf 80' lang='grc' dir='ltr'><strong>με</strong></span> <span class='ocrx_word' id='word_1_226' title='bbox 3205 1153 3280 1215; x_wconf 85' lang='grc' dir='ltr'><strong>ὡς</strong></span> <span class='ocrx_word' id='word_1_227' title='bbox 3310 1153 3407 1206; x_wconf 72' lang='grc' dir='ltr'><strong>ἕνα</strong></span> <span class='ocrx_word' id='word_1_228' title='bbox 3432 1153 3539 1207; x_wconf 86' lang='grc' dir='ltr'><strong>τῶν</strong></span> <span class='ocrx_word' id='word_1_229' title='bbox 3575 1152 3810 1221; x_wconf 77' lang='grc' dir='ltr'><strong>μισθίων</strong></span> 
     </span>
    </p>
   </div>
   <div class='ocr_carea' id='block_1_28' title="bbox 2218 1244 3806 1315">
    <p class='ocr_par' dir='ltr' id='par_1_28' title="bbox 2218 1244 3806 1315">
     <span class='ocr_line' id='line_1_28' title="bbox 2218 1244 3806 1315; baseline -0.001 -17"><span class='ocrx_word' id='word_1_230' title='bbox 2218 1262 2334 1299; x_wconf 89' lang='grc' dir='ltr'>σου.</span> <span class='ocrx_word' id='word_1_231' title='bbox 2371 1264 2390 1296; x_wconf 71' lang='grc' dir='ltr'>ι</span> <span class='ocrx_word' id='word_1_232' title='bbox 2432 1244 2629 1309; x_wconf 82' lang='grc' dir='ltr'>Καλῶς</span> <span class='ocrx_word' id='word_1_233' title='bbox 2654 1247 2719 1315; x_wconf 79' lang='grc' dir='ltr'>τῇ</span> <span class='ocrx_word' id='word_1_234' title='bbox 2752 1244 2848 1299; x_wconf 91' lang='grc' dir='ltr'><strong>νῦν</strong></span> <span class='ocrx_word' id='word_1_235' title='bbox 2875 1245 3202 1301; x_wconf 81' lang='grc' dir='ltr'><strong>ταπεινώσει</strong></span> <span class='ocrx_word' id='word_1_236' title='bbox 3233 1245 3593 1308; x_wconf 70' lang='grc' dir='ltr'>συνετισθεὶς,</span> <span class='ocrx_word' id='word_1_237' title='bbox 3631 1245 3806 1315; x_wconf 83' lang='grc' dir='ltr'>Ποίη-</span> 
     </span>
    </p>
   </div>
   <div class='ocr_carea' id='block_1_29' title="bbox 2217 1334 3809 1406">
    <p class='ocr_par' dir='ltr' id='par_1_29' title="bbox 2217 1334 3809 1406">
     <span class='ocr_line' id='line_1_29' title="bbox 2217 1334 3809 1406; baseline -0.001 -18"><span class='ocrx_word' id='word_1_238' title='bbox 2217 1335 2309 1388; x_wconf 84' lang='grc' dir='ltr'><strong>σόν</strong></span> <span class='ocrx_word' id='word_1_239' title='bbox 2346 1351 2437 1405; x_wconf 89' lang='grc' dir='ltr'><strong>με,</strong></span> <span class='ocrx_word' id='word_1_240' title='bbox 2465 1334 2630 1404; x_wconf 89' lang='grc' dir='ltr'>φησίν</span> <span class='ocrx_word' id='word_1_241' title='bbox 2664 1353 2677 1365; x_wconf 88' lang='grc'><strong>·</strong></span> <span class='ocrx_word' id='word_1_242' title='bbox 2712 1335 2777 1388; x_wconf 92' lang='grc' dir='ltr'><strong>οὐ</strong></span> <span class='ocrx_word' id='word_1_243' title='bbox 2807 1336 2918 1406; x_wconf 75' lang='grc' dir='ltr'><strong>γὰρ</strong></span> <span class='ocrx_word' id='word_1_244' title='bbox 2958 1335 3089 1406; x_wconf 86' lang='grc' dir='ltr'>παρ’</span> <span class='ocrx_word' id='word_1_245' title='bbox 3122 1334 3320 1389; x_wconf 82' lang='grc' dir='ltr'>ἑαυτοῦ</span> <span class='ocrx_word' id='word_1_246' title='bbox 3379 1353 3464 1398; x_wconf 89' lang='grc' dir='ltr'><strong>τις</strong></span> <span class='ocrx_word' id='word_1_247' title='bbox 3529 1335 3809 1405; x_wconf 80' lang='grc' dir='ltr'>λαμόάνει</span> 
     </span>
    </p>
   </div>
   <div class='ocr_carea' id='block_1_30' title="bbox 2215 1423 3810 1494">
    <p class='ocr_par' dir='ltr' id='par_1_30' title="bbox 2215 1423 3810 1494">
     <span class='ocr_line' id='line_1_30' title="bbox 2215 1423 3810 1494; baseline 0 -17"><span class='ocrx_word' id='word_1_248' title='bbox 2215 1424 2343 1486; x_wconf 76' lang='grc' dir='ltr'><strong>τούς</strong></span> <span class='ocrx_word' id='word_1_249' title='bbox 2382 1424 2501 1475; x_wconf 79' lang='grc' dir='ltr'>κατ’</span> <span class='ocrx_word' id='word_1_250' title='bbox 2526 1423 2727 1493; x_wconf 78' lang='grc' dir='ltr'>ἀρετὴν</span> <span class='ocrx_word' id='word_1_251' title='bbox 2764 1423 3033 1493; x_wconf 77' lang='grc' dir='ltr'>βαθμοὺς,</span> <span class='ocrx_word' id='word_1_252' title='bbox 3060 1426 3109 1477; x_wconf 87' lang='grc' dir='ltr'><strong>εί</strong></span> <span class='ocrx_word' id='word_1_253' title='bbox 3139 1426 3233 1478; x_wconf 75' lang='grc' dir='ltr'>καὶ</span> <span class='ocrx_word' id='word_1_254' title='bbox 3268 1424 3344 1494; x_wconf 86' lang='grc' dir='ltr'>μὴ</span> <span class='ocrx_word' id='word_1_255' title='bbox 3372 1425 3543 1494; x_wconf 78' lang='grc' dir='ltr'>χωρὶς</span> <span class='ocrx_word' id='word_1_256' title='bbox 3574 1424 3674 1493; x_wconf 77' lang='grc' dir='ltr'>τῆς</span> <span class='ocrx_word' id='word_1_257' title='bbox 3702 1424 3810 1477; x_wconf 86' lang='grc' dir='ltr'>αὐ-</span> 
     </span>
    </p>
   </div>
   <div class='ocr_carea' id='block_1_31' title="bbox 2213 1512 3809 1589">
    <p class='ocr_par' dir='ltr' id='par_1_31' title="bbox 2213 1512 3809 1589">
     <span class='ocr_line' id='line_1_31' title="bbox 2213 1512 3809 1589; baseline 0.001 -22"><span class='ocrx_word' id='word_1_258' title='bbox 2213 1515 2307 1567; x_wconf 89' lang='grc' dir='ltr'><strong>τοῦ</strong></span> <span class='ocrx_word' id='word_1_259' title='bbox 2342 1514 2740 1585; x_wconf 82' lang='grc' dir='ltr'>προαιρέσεως.</span> <span class='ocrx_word' id='word_1_260' title='bbox 2780 1534 2801 1568; x_wconf 81' lang='grc' dir='ltr'><strong>ι</strong></span> <span class='ocrx_word' id='word_1_261' title='bbox 2849 1516 3113 1578; x_wconf 79' lang='grc' dir='ltr'>’Δναστὰς</span> <span class='ocrx_word' id='word_1_262' title='bbox 3144 1516 3259 1581; x_wconf 83' lang='grc' dir='ltr'>οῦν,</span> <span class='ocrx_word' id='word_1_263' title='bbox 3309 1517 3495 1587; x_wconf 77' lang='grc' dir='ltr'>φησὶν,</span> <span class='ocrx_word' id='word_1_264' title='bbox 3525 1512 3689 1589; x_wconf 82' lang='grc' dir='ltr'>ἦλθεν</span> <span class='ocrx_word' id='word_1_265' title='bbox 3725 1516 3809 1580; x_wconf 74' lang='grc' dir='ltr'><strong>τίς</strong></span> 
     </span>
    </p>
   </div>
   <div class='ocr_carea' id='block_1_32' title="bbox 2214 1606 3811 1681">
    <p class='ocr_par' dir='ltr' id='par_1_32' title="bbox 2214 1606 3811 1681">
     <span class='ocr_line' id='line_1_32' title="bbox 2214 1606 3811 1681; baseline 0.001 -21"><span class='ocrx_word' id='word_1_266' title='bbox 2214 1606 2305 1661; x_wconf 82' lang='grc' dir='ltr'><strong>τὸν</strong></span> <span class='ocrx_word' id='word_1_267' title='bbox 2333 1607 2550 1678; x_wconf 81' lang='grc' dir='ltr'><strong>πατέρα</strong></span> <span class='ocrx_word' id='word_1_268' title='bbox 2582 1607 2749 1663; x_wconf 83' lang='grc' dir='ltr'>αὐτοῦ</span> <span class='ocrx_word' id='word_1_269' title='bbox 2782 1624 2798 1641; x_wconf 76' lang='grc' dir='ltr'><strong>ο</strong></span> <span class='ocrx_word' id='word_1_270' title='bbox 2837 1609 2918 1664; x_wconf 68' lang='grc' dir='ltr'>ἔτι</span> <span class='ocrx_word' id='word_1_271' title='bbox 2968 1609 3026 1663; x_wconf 76' lang='grc' dir='ltr'><strong>δὲ</strong></span> <span class='ocrx_word' id='word_1_272' title='bbox 3074 1610 3240 1663; x_wconf 80' lang='grc' dir='ltr'>αὐτοῦ</span> <span class='ocrx_word' id='word_1_273' title='bbox 3298 1610 3521 1681; x_wconf 74' lang='grc' dir='ltr'>μακρὰν</span> <span class='ocrx_word' id='word_1_274' title='bbox 3570 1610 3811 1679; x_wconf 76' lang='grc' dir='ltr'>ἀπέχον-</span> 
     </span>
    </p>
   </div>
   <div class='ocr_carea' id='block_1_33' title="bbox 2211 1694 3811 1772">
    <p class='ocr_par' dir='ltr' id='par_1_33' title="bbox 2211 1694 3811 1772">
     <span class='ocr_line' id='line_1_33' title="bbox 2211 1694 3811 1772; baseline 0.003 -23"><span class='ocrx_word' id='word_1_275' title='bbox 2211 1713 2325 1760; x_wconf 87' lang='grc' dir='ltr'>τος.</span> <span class='ocrx_word' id='word_1_276' title='bbox 2366 1714 2385 1748; x_wconf 72' lang='grc' dir='ltr'><strong>ι</strong></span> <span class='ocrx_word' id='word_1_277' title='bbox 2458 1696 2583 1761; x_wconf 83' lang='grc' dir='ltr'><strong>Πῶς</strong></span> <span class='ocrx_word' id='word_1_278' title='bbox 2629 1698 2687 1753; x_wconf 78' lang='grc' dir='ltr'><strong>δὲ</strong></span> <span class='ocrx_word' id='word_1_279' title='bbox 2734 1694 2868 1772; x_wconf 78' lang='grc' dir='ltr'>ἦλθε</span> <span class='ocrx_word' id='word_1_280' title='bbox 2916 1700 3013 1753; x_wconf 83' lang='grc' dir='ltr'><strong>καὶ</strong></span> <span class='ocrx_word' id='word_1_281' title='bbox 3074 1700 3291 1769; x_wconf 79' lang='grc' dir='ltr'>μακρὰν</span> <span class='ocrx_word' id='word_1_282' title='bbox 3320 1700 3538 1771; x_wconf 79' lang='grc' dir='ltr'><strong>ἀπεῖχε,</strong></span> <span class='ocrx_word' id='word_1_283' title='bbox 3588 1700 3668 1754; x_wconf 80' lang='grc' dir='ltr'><strong>διὸ</strong></span> <span class='ocrx_word' id='word_1_284' title='bbox 3706 1701 3811 1754; x_wconf 74' lang='grc' dir='ltr'><strong>καὶ</strong></span> 
     </span>
    </p>
   </div>
   <div class='ocr_carea' id='block_1_34' title="bbox 2215 1788 3809 1860">
    <p class='ocr_par' dir='ltr' id='par_1_34' title="bbox 2215 1788 3809 1860">
     <span class='ocr_line' id='line_1_34' title="bbox 2215 1788 3809 1860; baseline 0.002 -20"><span class='ocrx_word' id='word_1_285' title='bbox 2215 1788 2639 1859; x_wconf 77' lang='grc' dir='ltr'><strong>σπλαγχνισθεὶς</strong></span> <span class='ocrx_word' id='word_1_286' title='bbox 2670 1791 2698 1841; x_wconf 91' lang='lat'><strong>6</strong></span> <span class='ocrx_word' id='word_1_287' title='bbox 2728 1790 2912 1860; x_wconf 79' lang='grc' dir='ltr'>πατὴρ</span> <span class='ocrx_word' id='word_1_288' title='bbox 2950 1789 3120 1844; x_wconf 80' lang='grc' dir='ltr'>αὐτοῦ</span> <span class='ocrx_word' id='word_1_289' title='bbox 3146 1789 3371 1860; x_wconf 79' lang='grc' dir='ltr'>ἐξῆλθεν</span> <span class='ocrx_word' id='word_1_290' title='bbox 3423 1792 3506 1854; x_wconf 86' lang='grc' dir='ltr'><strong>είς</strong></span> <span class='ocrx_word' id='word_1_291' title='bbox 3534 1790 3809 1860; x_wconf 84' lang='grc' dir='ltr'>συνάντη-</span> 
     </span>
    </p>
   </div>
   <div class='ocr_carea' id='block_1_35' title="bbox 2218 1879 3875 1956">
    <p class='ocr_par' dir='ltr' id='par_1_35' title="bbox 2218 1879 3875 1956">
     <span class='ocr_line' id='line_1_35' title="bbox 2218 1879 3875 1956; baseline 0.004 -25"><span class='ocrx_word' id='word_1_292' title='bbox 2218 1896 2302 1932; x_wconf 89' lang='grc' dir='ltr'><strong>σιν</strong></span> <span class='ocrx_word' id='word_1_293' title='bbox 2336 1879 2552 1948; x_wconf 82' lang='grc' dir='ltr'>αὐτοῦ;</span> <span class='ocrx_word' id='word_1_294' title='bbox 2601 1881 2661 1934; x_wconf 84' lang='grc' dir='ltr'>Ὀ</span> <span class='ocrx_word' id='word_1_295' title='bbox 2713 1882 2991 1951; x_wconf 84' lang='grc' dir='ltr'><strong>μετανοῶν</strong></span> <span class='ocrx_word' id='word_1_296' title='bbox 3048 1883 3336 1954; x_wconf 79' lang='grc' dir='ltr'>ἅνθρωπος</span> <span class='ocrx_word' id='word_1_297' title='bbox 3401 1884 3467 1937; x_wconf 80' lang='grc' dir='ltr'>ὲκ</span> <span class='ocrx_word' id='word_1_298' title='bbox 3505 1882 3688 1954; x_wconf 79' lang='grc' dir='ltr'>ψυχῆς</span> <span class='ocrx_word' id='word_1_299' title='bbox 3736 1885 3807 1956; x_wconf 85' lang='grc' dir='ltr'>τῇ</span> <span class='ocrx_word' id='word_1_300' title='bbox 3872 1952 3875 1955; x_wconf 94' lang='lat'><em>_</em></span> 
     </span>
    </p>
   </div>
   <div class='ocr_carea' id='block_1_36' title="bbox 2223 1969 3811 2044">
    <p class='ocr_par' dir='ltr' id='par_1_36' title="bbox 2223 1969 3811 2044">
     <span class='ocr_line' id='line_1_36' title="bbox 2223 1969 3811 2044; baseline 0.003 -22"><span class='ocrx_word' id='word_1_301' title='bbox 2223 1969 2320 2039; x_wconf 76' lang='grc' dir='ltr'>μὲν</span> <span class='ocrx_word' id='word_1_302' title='bbox 2354 1969 2535 2044; x_wconf 74' lang='grc' dir='ltr'>ἀγαθῇ</span> <span class='ocrx_word' id='word_1_303' title='bbox 2566 1969 2824 2042; x_wconf 73' lang='grc' dir='ltr'>προθέσει</span> <span class='ocrx_word' id='word_1_304' title='bbox 2862 1970 2959 2025; x_wconf 77' lang='grc' dir='ltr'>καὶ</span> <span class='ocrx_word' id='word_1_305' title='bbox 2988 1970 3068 2040; x_wconf 79' lang='grc' dir='ltr'>τῷ</span> <span class='ocrx_word' id='word_1_306' title='bbox 3101 1974 3203 2043; x_wconf 78' lang='grc' dir='ltr'>τῆς</span> <span class='ocrx_word' id='word_1_307' title='bbox 3227 1969 3505 2042; x_wconf 81' lang='grc' dir='ltr'>ἁμαρτίας</span> <span class='ocrx_word' id='word_1_308' title='bbox 3538 1970 3811 2040; x_wconf 66' lang='grc' dir='ltr'>ἐκστῆναι</span> 
     </span>
    </p>
   </div>
   <div class='ocr_carea' id='block_1_37' title="bbox 2221 2061 3811 2147">
    <p class='ocr_par' dir='ltr' id='par_1_37' title="bbox 2221 2061 3811 2147">
     <span class='ocr_line' id='line_1_37' title="bbox 2221 2061 3811 2147; baseline 0.001 -32"><span class='ocrx_word' id='word_1_309' title='bbox 2221 2061 2413 2131; x_wconf 82' lang='grc' dir='ltr'><strong>φθάνει</strong></span> <span class='ocrx_word' id='word_1_310' title='bbox 2443 2062 2579 2134; x_wconf 83' lang='grc' dir='ltr'>πρὸς</span> <span class='ocrx_word' id='word_1_311' title='bbox 2617 2061 2709 2116; x_wconf 80' lang='grc' dir='ltr'>τὸν</span> <span class='ocrx_word' id='word_1_312' title='bbox 2747 2061 2881 2117; x_wconf 86' lang='grc' dir='ltr'>Θεόν</span> <span class='ocrx_word' id='word_1_313' title='bbox 2909 2080 2923 2093; x_wconf 75' lang='grc' dir='ltr'><strong>ο</strong></span> <span class='ocrx_word' id='word_1_314' title='bbox 2962 2063 3064 2117; x_wconf 78' lang='grc' dir='ltr'>ὐπὸ</span> <span class='ocrx_word' id='word_1_315' title='bbox 3091 2063 3151 2117; x_wconf 68' lang='grc' dir='ltr'><strong>δὲ</strong></span> <span class='ocrx_word' id='word_1_316' title='bbox 3189 2063 3289 2134; x_wconf 79' lang='grc' dir='ltr'>τῆς</span> <span class='ocrx_word' id='word_1_317' title='bbox 3313 2064 3491 2134; x_wconf 82' lang='grc' dir='ltr'>κακῆς</span> <span class='ocrx_word' id='word_1_318' title='bbox 3516 2063 3811 2147; x_wconf 78' lang='grc' dir='ltr'>συνηθείας</span> 
     </span>
    </p>
   </div>
   <div class='ocr_carea' id='block_1_38' title="bbox 521 2149 3817 2229">
    <p class='ocr_par' dir='ltr' id='par_1_38' title="bbox 521 2149 3817 2229">
     <span class='ocr_line' id='line_1_38' title="bbox 521 2149 3817 2229; baseline 0.004 -27"><span class='ocrx_word' id='word_1_319' title='bbox 521 2150 618 2203; x_wconf 75' lang='grc' dir='ltr'>καὶ</span> <span class='ocrx_word' id='word_1_320' title='bbox 659 2149 769 2203; x_wconf 85' lang='grc' dir='ltr'>τῶν</span> <span class='ocrx_word' id='word_1_321' title='bbox 797 2150 1122 2222; x_wconf 75' lang='grc' dir='ltr'>προλήψεων</span> <span class='ocrx_word' id='word_1_322' title='bbox 1151 2153 1479 2219; x_wconf 84' lang='grc' dir='ltr'>λογιστικῶς</span> <span class='ocrx_word' id='word_1_323' title='bbox 1535 2152 1988 2225; x_wconf 87' lang='grc' dir='ltr'>τυραννούμενος,</span> <span class='ocrx_word' id='word_1_324' title='bbox 2029 2150 2129 2225; x_wconf 73' lang='grc' dir='ltr'>ἔτι</span> <span class='ocrx_word' id='word_1_325' title='bbox 2155 2153 2371 2224; x_wconf 84' lang='grc' dir='ltr'>μακρὰν</span> <span class='ocrx_word' id='word_1_326' title='bbox 2410 2154 2607 2226; x_wconf 80' lang='grc' dir='ltr'><strong>ἀπέχει</strong></span> <span class='ocrx_word' id='word_1_327' title='bbox 2640 2154 2800 2223; x_wconf 84' lang='grc' dir='ltr'>Θεοῦ,</span> <span class='ocrx_word' id='word_1_328' title='bbox 2831 2157 2931 2211; x_wconf 70' lang='grc' dir='ltr'><strong>καὶ</strong></span> <span class='ocrx_word' id='word_1_329' title='bbox 2960 2155 3162 2229; x_wconf 82' lang='grc' dir='ltr'>πολλῆς</span> <span class='ocrx_word' id='word_1_330' title='bbox 3197 2156 3370 2212; x_wconf 79' lang='grc' dir='ltr'>δεῖται</span> <span class='ocrx_word' id='word_1_331' title='bbox 3435 2156 3538 2227; x_wconf 84' lang='grc' dir='ltr'>τῆς</span> <span class='ocrx_word' id='word_1_332' title='bbox 3594 2154 3817 2221; x_wconf 73' lang='grc' dir='ltr'>ἄνωθεν</span> 
     </span>
    </p>
   </div>
   <div class='ocr_carea' id='block_1_39' title="bbox 520 2245 2013 2321">
    <p class='ocr_par' dir='ltr' id='par_1_39' title="bbox 520 2245 2013 2321">
     <span class='ocr_line' id='line_1_39' title="bbox 520 2245 2013 2321; baseline 0.003 -20"><span class='ocrx_word' id='word_1_333' title='bbox 520 2245 925 2317; x_wconf 72' lang='grc' dir='ltr'><strong>εὐσπλαγχνίας</strong></span> <span class='ocrx_word' id='word_1_334' title='bbox 958 2248 1054 2302; x_wconf 78' lang='grc' dir='ltr'>καὶ</span> <span class='ocrx_word' id='word_1_335' title='bbox 1083 2248 1362 2321; x_wconf 80' lang='grc' dir='ltr'><strong>βοηθείας,</strong></span> <span class='ocrx_word' id='word_1_336' title='bbox 1394 2251 1444 2304; x_wconf 86' lang='grc' dir='ltr'><strong>εί</strong></span> <span class='ocrx_word' id='word_1_337' title='bbox 1478 2250 1662 2321; x_wconf 76' lang='grc' dir='ltr'>μέλλει</span> <span class='ocrx_word' id='word_1_338' title='bbox 1693 2250 2013 2316; x_wconf 79' lang='grc' dir='ltr'>σώζεσθαι.’</span> 
     </span>
    </p>
   </div>
   <div class='ocr_carea' id='block_1_40' title="bbox 595 2341 2101 2419">
    <p class='ocr_par' dir='ltr' id='par_1_40' title="bbox 595 2341 2101 2419">
     <span class='ocr_line' id='line_1_40' title="bbox 595 2341 2101 2419; baseline 0.005 -25"><span class='ocrx_word' id='word_1_339' title='bbox 595 2341 901 2411; x_wconf 80' lang='lat' dir='ltr'><strong>lde0.pater</strong></span> <span class='ocrx_word' id='word_1_340' title='bbox 937 2345 1440 2419; x_wconf 77' lang='lat' dir='ltr'><strong>misericordiarum</strong></span> <span class='ocrx_word' id='word_1_341' title='bbox 1476 2348 1815 2402; x_wconf 82' lang='lat' dir='ltr'><strong>descendens</strong></span> <span class='ocrx_word' id='word_1_342' title='bbox 1838 2347 2101 2413; x_wconf 90' lang='lat' dir='ltr'><strong>occurrit,</strong></span> 
     </span>
    </p>
   </div>
   <div class='ocr_carea' id='block_1_41' title="bbox 514 2434 2106 2505">
    <p class='ocr_par' dir='ltr' id='par_1_41' title="bbox 514 2434 2106 2505">
     <span class='ocr_line' id='line_1_41' title="bbox 514 2434 2106 2505; baseline 0.005 -18"><span class='ocrx_word' id='word_1_343' title='bbox 514 2443 580 2487; x_wconf 91' lang='lat' dir='ltr'><strong>-et</strong></span> <span class='ocrx_word' id='word_1_344' title='bbox 600 2434 884 2502; x_wconf 75' lang='lat' dir='ltr'><strong>amplexus</strong></span> <span class='ocrx_word' id='word_1_345' title='bbox 909 2435 1118 2502; x_wconf 73' lang='lat' dir='ltr'><strong>dilexit,</strong></span> <span class='ocrx_word' id='word_1_346' title='bbox 1144 2436 1367 2504; x_wconf 77' lang='lat' dir='ltr'><strong>suisque</strong></span> <span class='ocrx_word' id='word_1_347' title='bbox 1390 2438 1587 2505; x_wconf 85' lang='lat' dir='ltr'><strong>servis,</strong></span> <span class='ocrx_word' id='word_1_348' title='bbox 1612 2454 1704 2493; x_wconf 92' lang='lat' dir='ltr'><strong>seu</strong></span> <span class='ocrx_word' id='word_1_349' title='bbox 1730 2442 2106 2498; x_wconf 77' lang='lat' dir='ltr'><strong>sacerdotibus</strong></span> 
     </span>
    </p>
   </div>
   <div class='ocr_carea' id='block_1_42' title="bbox 521 2527 2105 2603">
    <p class='ocr_par' dir='ltr' id='par_1_42' title="bbox 521 2527 2105 2603">
     <span class='ocr_line' id='line_1_42' title="bbox 521 2527 2105 2603; baseline 0.006 -28"><span class='ocrx_word' id='word_1_350' title='bbox 521 2527 687 2593; x_wconf 81' lang='lat' dir='ltr'><strong>jussit</strong></span> <span class='ocrx_word' id='word_1_351' title='bbox 716 2528 910 2581; x_wconf 88' lang='lat' dir='ltr'><strong>stolam</strong></span> <span class='ocrx_word' id='word_1_352' title='bbox 942 2528 1176 2596; x_wconf 87' lang='lat' dir='ltr'><strong>primam</strong></span> <span class='ocrx_word' id='word_1_353' title='bbox 1214 2528 1457 2599; x_wconf 79' lang='lat' dir='ltr'><strong>proferre</strong></span> <span class='ocrx_word' id='word_1_354' title='bbox 1490 2530 1705 2585; x_wconf 90' lang='lat' dir='ltr'><strong>scilicet</strong></span> <span class='ocrx_word' id='word_1_355' title='bbox 1739 2531 1832 2585; x_wconf 89' lang='lat' dir='ltr'><strong>ﬁlii</strong></span> <span class='ocrx_word' id='word_1_356' title='bbox 1866 2532 2105 2603; x_wconf 85' lang='lat' dir='ltr'><strong>dignita-</strong></span> 
     </span>
    </p>
   </div>
   <div class='ocr_carea' id='block_1_43' title="bbox 526 2620 2103 2695">
    <p class='ocr_par' dir='ltr' id='par_1_43' title="bbox 526 2620 2103 2695">
     <span class='ocr_line' id='line_1_43' title="bbox 526 2620 2103 2695; baseline 0.006 -24"><span class='ocrx_word' id='word_1_357' title='bbox 526 2624 632 2673; x_wconf 78' lang='lat' dir='ltr'><strong>tc’m</strong></span> <span class='ocrx_word' id='word_1_358' title='bbox 667 2636 831 2687; x_wconf 82' lang='lat' dir='ltr'><strong>quant</strong></span> <span class='ocrx_word' id='word_1_359' title='bbox 860 2620 1088 2688; x_wconf 86' lang='lat' dir='ltr'><strong>primam</strong></span> <span class='ocrx_word' id='word_1_360' title='bbox 1120 2636 1219 2690; x_wconf 89' lang='lat' dir='ltr'><strong>per</strong></span> <span class='ocrx_word' id='word_1_361' title='bbox 1246 2633 1493 2678; x_wconf 89' lang='lat' dir='ltr'><strong>sanctum</strong></span> <span class='ocrx_word' id='word_1_362' title='bbox 1528 2624 1799 2695; x_wconf 86' lang='lat' dir='ltr'><strong>baptisma</strong></span> <span class='ocrx_word' id='word_1_363' title='bbox 1832 2625 2103 2693; x_wconf 86' lang='lat' dir='ltr'><strong>induerat,</strong></span> 
     </span>
    </p>
   </div>
   <div class='ocr_carea' id='block_1_44' title="bbox 437 2710 2110 2790">
    <p class='ocr_par' dir='ltr' id='par_1_44' title="bbox 437 2710 2110 2790">
     <span class='ocr_line' id='line_1_44' title="bbox 437 2710 2110 2790; baseline 0.01 -30"><span class='ocrx_word' id='word_1_364' title='bbox 437 2781 447 2790; x_wconf 37' lang='lat'><strong><em>.</em></strong></span> <span class='ocrx_word' id='word_1_365' title='bbox 521 2718 581 2761; x_wconf 85' lang='lat' dir='ltr'><strong>et</strong></span> <span class='ocrx_word' id='word_1_366' title='bbox 601 2710 661 2761; x_wconf 89' lang='lat' dir='ltr'><strong>da</strong></span> <span class='ocrx_word' id='word_1_367' title='bbox 674 2727 729 2764; x_wconf 89' lang='lat' dir='ltr'><strong>re</strong></span> <span class='ocrx_word' id='word_1_368' title='bbox 746 2711 1007 2765; x_wconf 84' lang='lat' dir='ltr'><strong>annulum</strong></span> <span class='ocrx_word' id='word_1_369' title='bbox 1030 2711 1081 2766; x_wconf 89' lang='lat' dir='ltr'><strong>in</strong></span> <span class='ocrx_word' id='word_1_370' title='bbox 1106 2727 1326 2768; x_wconf 86' lang='lat' dir='ltr'><strong>manum</strong></span> <span class='ocrx_word' id='word_1_371' title='bbox 1349 2714 1485 2784; x_wconf 87' lang='lat' dir='ltr'><strong>ejus,</strong></span> <span class='ocrx_word' id='word_1_372' title='bbox 1505 2716 1556 2770; x_wconf 91' lang='lat' dir='ltr'><strong>id</strong></span> <span class='ocrx_word' id='word_1_373' title='bbox 1575 2725 1658 2770; x_wconf 91' lang='lat' dir='ltr'><strong>est</strong></span> <span class='ocrx_word' id='word_1_374' title='bbox 1678 2718 1878 2772; x_wconf 91' lang='lat' dir='ltr'><strong>actioni</strong></span> <span class='ocrx_word' id='word_1_375' title='bbox 1911 2718 2110 2776; x_wconf 65' lang='lat' dir='ltr'><strong>animae</strong></span> 
     </span>
    </p>
   </div>
   <div class='ocr_carea' id='block_1_45' title="bbox 523 2804 2104 2879">
    <p class='ocr_par' dir='ltr' id='par_1_45' title="bbox 523 2804 2104 2879">
     <span class='ocr_line' id='line_1_45' title="bbox 523 2804 2104 2879; baseline 0.005 -23"><span class='ocrx_word' id='word_1_376' title='bbox 523 2818 645 2872; x_wconf 74' lang='lat' dir='ltr'><strong>quae</strong></span> <span class='ocrx_word' id='word_1_377' title='bbox 713 2817 809 2871; x_wconf 89' lang='lat' dir='ltr'><strong>per</strong></span> <span class='ocrx_word' id='word_1_378' title='bbox 874 2818 1095 2858; x_wconf 90' lang='lat' dir='ltr'><strong>manum</strong></span> <span class='ocrx_word' id='word_1_379' title='bbox 1160 2804 1538 2862; x_wconf 73' lang='lat' dir='ltr'><strong>manifestatur</strong></span> <span class='ocrx_word' id='word_1_380' title='bbox 1621 2808 1807 2864; x_wconf 84' lang='lat' dir='ltr'><strong>indere</strong></span> <span class='ocrx_word' id='word_1_381' title='bbox 1871 2809 2104 2879; x_wconf 89' lang='lat' dir='ltr'><strong>sigillum</strong></span> 
     </span>
    </p>
   </div>
   <div class='ocr_carea' id='block_1_46' title="bbox 524 2895 2109 2966">
    <p class='ocr_par' dir='ltr' id='par_1_46' title="bbox 524 2895 2109 2966">
     <span class='ocr_line' id='line_1_46' title="bbox 524 2895 2109 2966; baseline 0.006 -18"><span class='ocrx_word' id='word_1_382' title='bbox 524 2895 955 2966; x_wconf 84' lang='lat' dir='ltr'><strong>contemplativae</strong></span> <span class='ocrx_word' id='word_1_383' title='bbox 1014 2897 1272 2961; x_wconf 83' lang='lat' dir='ltr'><strong>virtutis,</strong></span> <span class='ocrx_word' id='word_1_384' title='bbox 1321 2899 1513 2955; x_wconf 83' lang='lat' dir='ltr'><strong>arrlias</strong></span> <span class='ocrx_word' id='word_1_385' title='bbox 1572 2898 1771 2955; x_wconf 83' lang='lat' dir='ltr'><strong>futurae</strong></span> <span class='ocrx_word' id='word_1_386' title='bbox 1820 2900 2109 2957; x_wconf 81' lang='lat' dir='ltr'><strong>haeredita-</strong></span> 
     </span>
    </p>
   </div>
   <div class='ocr_carea' id='block_1_47' title="bbox 525 2989 2107 3066">
    <p class='ocr_par' dir='ltr' id='par_1_47' title="bbox 525 2989 2107 3066">
     <span class='ocr_line' id='line_1_47' title="bbox 525 2989 2107 3066; baseline 0.006 -25"><span class='ocrx_word' id='word_1_387' title='bbox 525 2989 629 3054; x_wconf 86' lang='lat' dir='ltr'><strong>tis;</strong></span> <span class='ocrx_word' id='word_1_388' title='bbox 651 2997 704 3042; x_wconf 89' lang='lat' dir='ltr'><strong>et</strong></span> <span class='ocrx_word' id='word_1_389' title='bbox 733 2989 1131 3060; x_wconf 86' lang='lat' dir='ltr'><strong>insuperjussit</strong></span> <span class='ocrx_word' id='word_1_390' title='bbox 1158 2989 1276 3044; x_wconf 90' lang='lat' dir='ltr'><strong>dari</strong></span> <span class='ocrx_word' id='word_1_391' title='bbox 1297 2993 1666 3048; x_wconf 85' lang='lat' dir='ltr'><strong>calceamenta</strong></span> <span class='ocrx_word' id='word_1_392' title='bbox 1698 2995 1752 3048; x_wconf 86' lang='lat' dir='ltr'><strong>in</strong></span> <span class='ocrx_word' id='word_1_393' title='bbox 1776 2993 1939 3063; x_wconf 86' lang='lat' dir='ltr'><strong>pedes</strong></span> <span class='ocrx_word' id='word_1_394' title='bbox 1967 2995 2107 3066; x_wconf 87' lang='lat' dir='ltr'><strong>ejus,</strong></span> 
     </span>
    </p>
   </div>
   <div class='ocr_carea' id='block_1_48' title="bbox 522 3077 2110 3156">
    <p class='ocr_par' dir='ltr' id='par_1_48' title="bbox 522 3077 2110 3156">
     <span class='ocr_line' id='line_1_48' title="bbox 522 3077 2110 3156; baseline 0.006 -23"><span class='ocrx_word' id='word_1_395' title='bbox 522 3077 757 3133; x_wconf 72' lang='lat' dir='ltr'><strong>divinant</strong></span> <span class='ocrx_word' id='word_1_396' title='bbox 790 3082 1126 3151; x_wconf 80' lang='lat' dir='ltr'><strong>vigilantiam</strong></span> <span class='ocrx_word' id='word_1_397' title='bbox 1147 3092 1202 3137; x_wconf 90' lang='lat' dir='ltr'><strong>et</strong></span> <span class='ocrx_word' id='word_1_398' title='bbox 1233 3084 1541 3141; x_wconf 71' lang='lat' dir='ltr'><strong>firmitatem</strong></span> <span class='ocrx_word' id='word_1_399' title='bbox 1566 3123 1584 3152; x_wconf 94' lang='lat'><strong>,</strong></span> <span class='ocrx_word' id='word_1_400' title='bbox 1610 3084 1805 3156; x_wconf 87' lang='lat' dir='ltr'><strong>quibus</strong></span> <span class='ocrx_word' id='word_1_401' title='bbox 1820 3087 2110 3143; x_wconf 86' lang='lat' dir='ltr'><strong>roboratus</strong></span> 
     </span>
    </p>
   </div>
   <div class='ocr_carea' id='block_1_49' title="bbox 524 3171 2103 3249">
    <p class='ocr_par' dir='ltr' id='par_1_49' title="bbox 524 3171 2103 3249">
     <span class='ocr_line' id='line_1_49' title="bbox 524 3171 2103 3249; baseline 0.006 -25"><span class='ocrx_word' id='word_1_402' title='bbox 524 3171 804 3228; x_wconf 87' lang='lat' dir='ltr'><strong>ambulare</strong></span> <span class='ocrx_word' id='word_1_403' title='bbox 853 3181 1020 3243; x_wconf 86' lang='lat' dir='ltr'><strong>queat</strong></span> <span class='ocrx_word' id='word_1_404' title='bbox 1073 3188 1239 3244; x_wconf 79' lang='lat' dir='ltr'><strong>super</strong></span> <span class='ocrx_word' id='word_1_405' title='bbox 1288 3183 1599 3246; x_wconf 89' lang='lat' dir='ltr'><strong>serpentem</strong></span> <span class='ocrx_word' id='word_1_406' title='bbox 1630 3190 1686 3233; x_wconf 85' lang='lat' dir='ltr'><strong>et</strong></span> <span class='ocrx_word' id='word_1_407' title='bbox 1732 3179 2103 3249; x_wconf 89' lang='lat' dir='ltr'><strong>scorpionem,</strong></span> 
     </span>
    </p>
   </div>
   <div class='ocr_carea' id='block_1_50' title="bbox 2282 2342 3814 2415">
    <p class='ocr_par' dir='ltr' id='par_1_50' title="bbox 2282 2342 3814 2415">
     <span class='ocr_line' id='line_1_50' title="bbox 2282 2342 3814 2415; baseline 0.001 -17"><span class='ocrx_word' id='word_1_408' title='bbox 2282 2342 2375 2398; x_wconf 85' lang='grc' dir='ltr'><strong>Διδ</strong></span> <span class='ocrx_word' id='word_1_409' title='bbox 2427 2343 2524 2398; x_wconf 75' lang='grc' dir='ltr'>καὶ</span> <span class='ocrx_word' id='word_1_410' title='bbox 2578 2346 2605 2398; x_wconf 93' lang='lat'><strong>6</strong></span> <span class='ocrx_word' id='word_1_411' title='bbox 2668 2344 2857 2414; x_wconf 81' lang='grc' dir='ltr'>πατὴρ</span> <span class='ocrx_word' id='word_1_412' title='bbox 2928 2344 3037 2397; x_wconf 83' lang='grc' dir='ltr'>τῶν</span> <span class='ocrx_word' id='word_1_413' title='bbox 3100 2343 3407 2415; x_wconf 63' lang='grc' dir='ltr'>οἰκτιρμῶν</span> <span class='ocrx_word' id='word_1_414' title='bbox 3451 2344 3814 2415; x_wconf 59' lang='grc' dir='ltr'>συγκαταῶς</span> 
     </span>
    </p>
   </div>
   <div class='ocr_carea' id='block_1_51' title="bbox 2213 2436 3810 2509">
    <p class='ocr_par' dir='ltr' id='par_1_51' title="bbox 2213 2436 3810 2509">
     <span class='ocr_line' id='line_1_51' title="bbox 2213 2436 3810 2509; baseline -0.001 -17"><span class='ocrx_word' id='word_1_415' title='bbox 2213 2438 2513 2509; x_wconf 79' lang='grc' dir='ltr'>ὑπήντησε,</span> <span class='ocrx_word' id='word_1_416' title='bbox 2571 2438 2664 2490; x_wconf 77' lang='grc' dir='ltr'>καὶ</span> <span class='ocrx_word' id='word_1_417' title='bbox 2708 2436 3071 2501; x_wconf 73' lang='grc' dir='ltr'>περιπλακεὶς</span> <span class='ocrx_word' id='word_1_418' title='bbox 3114 2436 3485 2507; x_wconf 81' lang='grc' dir='ltr'>κατεφίλησε,</span> <span class='ocrx_word' id='word_1_419' title='bbox 3540 2440 3637 2492; x_wconf 72' lang='grc' dir='ltr'><strong>καὶ</strong></span> <span class='ocrx_word' id='word_1_420' title='bbox 3689 2442 3810 2502; x_wconf 70' lang='grc' dir='ltr'>τοῖς</span> 
     </span>
    </p>
   </div>
   <div class='ocr_carea' id='block_1_52' title="bbox 2212 2528 3810 2601">
    <p class='ocr_par' dir='ltr' id='par_1_52' title="bbox 2212 2528 3810 2601">
     <span class='ocr_line' id='line_1_52' title="bbox 2212 2528 3810 2601; baseline 0.001 -18"><span class='ocrx_word' id='word_1_421' title='bbox 2212 2530 2381 2584; x_wconf 87' lang='grc' dir='ltr'>αὐτοῦ</span> <span class='ocrx_word' id='word_1_422' title='bbox 2412 2531 2642 2595; x_wconf 80' lang='grc' dir='ltr'>δούλοις,</span> <span class='ocrx_word' id='word_1_423' title='bbox 2672 2530 2791 2600; x_wconf 74' lang='grc' dir='ltr'>ἦτοι</span> <span class='ocrx_word' id='word_1_424' title='bbox 2824 2533 2936 2593; x_wconf 84' lang='grc' dir='ltr'>τοῖς</span> <span class='ocrx_word' id='word_1_425' title='bbox 2970 2530 3211 2600; x_wconf 73' lang='grc' dir='ltr'>ἱερεῦσιν</span> <span class='ocrx_word' id='word_1_426' title='bbox 3249 2531 3505 2585; x_wconf 79' lang='grc' dir='ltr'>ἐκέλευσε</span> <span class='ocrx_word' id='word_1_427' title='bbox 3549 2528 3649 2601; x_wconf 79' lang='grc' dir='ltr'>τὴν</span> <span class='ocrx_word' id='word_1_428' title='bbox 3681 2548 3810 2585; x_wconf 76' lang='grc' dir='ltr'>στο-</span> 
     </span>
    </p>
   </div>
   <div class='ocr_carea' id='block_1_53' title="bbox 2211 2621 3811 2694">
    <p class='ocr_par' dir='ltr' id='par_1_53' title="bbox 2211 2621 3811 2694">
     <span class='ocr_line' id='line_1_53' title="bbox 2211 2621 3811 2694; baseline 0.001 -18"><span class='ocrx_word' id='word_1_429' title='bbox 2211 2623 2312 2693; x_wconf 80' lang='grc' dir='ltr'>λὴν</span> <span class='ocrx_word' id='word_1_430' title='bbox 2338 2622 2501 2677; x_wconf 79' lang='grc' dir='ltr'>αὐτὸν</span> <span class='ocrx_word' id='word_1_431' title='bbox 2523 2622 2621 2694; x_wconf 84' lang='grc' dir='ltr'>τὴν</span> <span class='ocrx_word' id='word_1_432' title='bbox 2653 2621 2878 2692; x_wconf 85' lang='grc' dir='ltr'>πρώτην</span> <span class='ocrx_word' id='word_1_433' title='bbox 2902 2621 3142 2685; x_wconf 72' lang='grc' dir='ltr'>ἐνδῦσαι,</span> <span class='ocrx_word' id='word_1_434' title='bbox 3171 2624 3292 2694; x_wconf 76' lang='grc' dir='ltr'>ἦτοι</span> <span class='ocrx_word' id='word_1_435' title='bbox 3346 2624 3447 2692; x_wconf 83' lang='grc' dir='ltr'>τὴν</span> <span class='ocrx_word' id='word_1_436' title='bbox 3502 2623 3811 2691; x_wconf 71' lang='grc' dir='ltr'>υἱοθεσίαν,</span> 
     </span>
    </p>
   </div>
   <div class='ocr_carea' id='block_1_54' title="bbox 2213 2713 3811 2787">
    <p class='ocr_par' dir='ltr' id='par_1_54' title="bbox 2213 2713 3811 2787">
     <span class='ocr_line' id='line_1_54' title="bbox 2213 2713 3811 2787; baseline 0.002 -19"><span class='ocrx_word' id='word_1_437' title='bbox 2213 2715 2282 2787; x_wconf 73' lang='grc' dir='ltr'>ἢν</span> <span class='ocrx_word' id='word_1_438' title='bbox 2311 2713 2406 2768; x_wconf 79' lang='grc' dir='ltr'>καὶ</span> <span class='ocrx_word' id='word_1_439' title='bbox 2441 2713 2634 2785; x_wconf 85' lang='grc' dir='ltr'>πρώην</span> <span class='ocrx_word' id='word_1_440' title='bbox 2696 2714 2786 2767; x_wconf 83' lang='grc' dir='ltr'>διὰ</span> <span class='ocrx_word' id='word_1_441' title='bbox 2818 2713 2914 2767; x_wconf 87' lang='grc' dir='ltr'><strong>τοῦ</strong></span> <span class='ocrx_word' id='word_1_442' title='bbox 2954 2714 3111 2783; x_wconf 83' lang='grc' dir='ltr'>ἁγίου</span> <span class='ocrx_word' id='word_1_443' title='bbox 3163 2715 3536 2786; x_wconf 73' lang='grc' dir='ltr'>βαπτίσματος</span> <span class='ocrx_word' id='word_1_444' title='bbox 3594 2718 3811 2787; x_wconf 77' lang='grc' dir='ltr'>ἠμφιά-</span> 
     </span>
    </p>
   </div>
   <div class='ocr_carea' id='block_1_55' title="bbox 2218 2804 3809 2877">
    <p class='ocr_par' dir='ltr' id='par_1_55' title="bbox 2218 2804 3809 2877">
     <span class='ocr_line' id='line_1_55' title="bbox 2218 2804 3809 2877; baseline 0.002 -19"><span class='ocrx_word' id='word_1_445' title='bbox 2218 2821 2367 2869; x_wconf 86' lang='grc' dir='ltr'>σατο,</span> <span class='ocrx_word' id='word_1_446' title='bbox 2396 2805 2493 2858; x_wconf 68' lang='grc' dir='ltr'>καὶ</span> <span class='ocrx_word' id='word_1_447' title='bbox 2512 2804 2797 2857; x_wconf 83' lang='grc' dir='ltr'>δακτύλιον</span> <span class='ocrx_word' id='word_1_448' title='bbox 2818 2804 3003 2858; x_wconf 88' lang='grc' dir='ltr'>δοῦναι</span> <span class='ocrx_word' id='word_1_449' title='bbox 3026 2807 3105 2869; x_wconf 84' lang='grc' dir='ltr'><strong>είς</strong></span> <span class='ocrx_word' id='word_1_450' title='bbox 3129 2806 3228 2877; x_wconf 79' lang='grc' dir='ltr'>τὴν</span> <span class='ocrx_word' id='word_1_451' title='bbox 3260 2808 3420 2877; x_wconf 84' lang='grc' dir='ltr'>χεῖρα</span> <span class='ocrx_word' id='word_1_452' title='bbox 3451 2808 3641 2872; x_wconf 81' lang='grc' dir='ltr'>αὐτοῦ,</span> <span class='ocrx_word' id='word_1_453' title='bbox 3675 2824 3809 2861; x_wconf 84' lang='grc' dir='ltr'>του-</span> 
     </span>
    </p>
   </div>
   <div class='ocr_carea' id='block_1_56' title="bbox 2213 2883 3811 2972">
    <p class='ocr_par' dir='ltr' id='par_1_56' title="bbox 2213 2883 3811 2972">
     <span class='ocr_line' id='line_1_56' title="bbox 2213 2883 3811 2972; baseline 0.003 -21"><span class='ocrx_word' id='word_1_454' title='bbox 2213 2900 2366 2952; x_wconf 82' lang='grc' dir='ltr'>τέστι</span> <span class='ocrx_word' id='word_1_455' title='bbox 2395 2898 2473 2969; x_wconf 84' lang='grc' dir='ltr'>τῷ</span> <span class='ocrx_word' id='word_1_456' title='bbox 2507 2883 2798 2969; x_wconf 68' lang='grc' dir='ltr'>πρακτικῷ</span> <span class='ocrx_word' id='word_1_457' title='bbox 2823 2898 2919 2967; x_wconf 85' lang='grc' dir='ltr'>τῆς</span> <span class='ocrx_word' id='word_1_458' title='bbox 2943 2898 3148 2970; x_wconf 81' lang='grc' dir='ltr'>ψυχῆς,</span> <span class='ocrx_word' id='word_1_459' title='bbox 3187 2899 3216 2951; x_wconf 82' lang='grc' dir='ltr'><em>ὃ</em></span> <span class='ocrx_word' id='word_1_460' title='bbox 3260 2899 3514 2968; x_wconf 78' lang='grc' dir='ltr'>δηλοῦται</span> <span class='ocrx_word' id='word_1_461' title='bbox 3558 2901 3647 2954; x_wconf 75' lang='grc' dir='ltr'><strong>διὰ</strong></span> <span class='ocrx_word' id='word_1_462' title='bbox 3699 2903 3811 2972; x_wconf 80' lang='grc' dir='ltr'>τῆς</span> 
     </span>
    </p>
   </div>
   <div class='ocr_carea' id='block_1_57' title="bbox 2214 2990 3813 3064">
    <p class='ocr_par' dir='ltr' id='par_1_57' title="bbox 2214 2990 3813 3064">
     <span class='ocr_line' id='line_1_57' title="bbox 2214 2990 3813 3064; baseline 0.002 -20"><span class='ocrx_word' id='word_1_463' title='bbox 2214 2991 2397 3063; x_wconf 81' lang='grc' dir='ltr'>χειρὸς</span> <span class='ocrx_word' id='word_1_464' title='bbox 2438 2990 2675 3044; x_wconf 76' lang='grc' dir='ltr'>ἐνθεῖναι</span> <span class='ocrx_word' id='word_1_465' title='bbox 2728 2990 3000 3061; x_wconf 84' lang='grc' dir='ltr'>σφραγῖδα</span> <span class='ocrx_word' id='word_1_466' title='bbox 3032 2992 3384 3061; x_wconf 81' lang='grc' dir='ltr'>θεωρητικῆς</span> <span class='ocrx_word' id='word_1_467' title='bbox 3435 2994 3636 3063; x_wconf 79' lang='grc' dir='ltr'>ἀρετῆς</span> <span class='ocrx_word' id='word_1_468' title='bbox 3700 2995 3813 3064; x_wconf 74' lang='grc' dir='ltr'>διρο</span> 
     </span>
    </p>
   </div>
   <div class='ocr_carea' id='block_1_58' title="bbox 2217 3082 3808 3156">
    <p class='ocr_par' dir='ltr' id='par_1_58' title="bbox 2217 3082 3808 3156">
     <span class='ocr_line' id='line_1_58' title="bbox 2217 3082 3808 3156; baseline 0.004 -20"><span class='ocrx_word' id='word_1_469' title='bbox 2217 3083 2435 3156; x_wconf 80' lang='grc' dir='ltr'>ραὅῶνα</span> <span class='ocrx_word' id='word_1_470' title='bbox 2463 3086 2561 3155; x_wconf 79' lang='grc' dir='ltr'>τῆς</span> <span class='ocrx_word' id='word_1_471' title='bbox 2594 3082 2897 3154; x_wconf 82' lang='grc' dir='ltr'>μελλούσης</span> <span class='ocrx_word' id='word_1_472' title='bbox 2921 3083 3315 3156; x_wconf 80' lang='grc' dir='ltr'>κληρονομίας,</span> <span class='ocrx_word' id='word_1_473' title='bbox 3344 3085 3481 3139; x_wconf 72' lang='grc' dir='ltr'><strong>ἀλλὰ</strong></span> <span class='ocrx_word' id='word_1_474' title='bbox 3515 3088 3609 3139; x_wconf 75' lang='grc' dir='ltr'><strong>καὶ</strong></span> <span class='ocrx_word' id='word_1_475' title='bbox 3667 3088 3808 3142; x_wconf 86' lang='grc' dir='ltr'>ὐπο-</span> 
     </span>
    </p>
   </div>
   <div class='ocr_carea' id='block_1_59' title="bbox 2214 3173 3811 3257">
    <p class='ocr_par' dir='ltr' id='par_1_59' title="bbox 2214 3173 3811 3257">
     <span class='ocr_line' id='line_1_59' title="bbox 2214 3173 3811 3257; baseline 0.004 -30"><span class='ocrx_word' id='word_1_476' title='bbox 2214 3174 2431 3246; x_wconf 84' lang='grc' dir='ltr'>δήματα</span> <span class='ocrx_word' id='word_1_477' title='bbox 2458 3176 2536 3237; x_wconf 82' lang='grc' dir='ltr'><strong>είς</strong></span> <span class='ocrx_word' id='word_1_478' title='bbox 2563 3173 2691 3237; x_wconf 85' lang='grc' dir='ltr'><strong>τούς</strong></span> <span class='ocrx_word' id='word_1_479' title='bbox 2722 3175 2913 3238; x_wconf 78' lang='grc' dir='ltr'>πόδας,</span> <span class='ocrx_word' id='word_1_480' title='bbox 2966 3173 3118 3227; x_wconf 84' lang='grc' dir='ltr'>θείαν</span> <span class='ocrx_word' id='word_1_481' title='bbox 3178 3175 3427 3257; x_wconf 81' lang='grc' dir='ltr'>φυλακὴν</span> <span class='ocrx_word' id='word_1_482' title='bbox 3480 3180 3571 3231; x_wconf 80' lang='grc' dir='ltr'><strong>καὶ</strong></span> <span class='ocrx_word' id='word_1_483' title='bbox 3626 3180 3811 3247; x_wconf 77' lang='grc' dir='ltr'>ἀσφά-</span> 
     </span>
    </p>
   </div>
   <div class='ocr_carea' id='block_1_60' title="bbox 523 3247 2108 3345">
    <p class='ocr_par' dir='ltr' id='par_1_60' title="bbox 523 3271 2105 3345">
     <span class='ocr_line' id='line_1_60' title="bbox 523 3271 2105 3345; baseline 0.006 -24"><span class='ocrx_word' id='word_1_484' title='bbox 523 3283 735 3324; x_wconf 76' lang='lat' dir='ltr'><strong>necnon</strong></span> <span class='ocrx_word' id='word_1_485' title='bbox 784 3283 945 3339; x_wconf 87' lang='lat' dir='ltr'><strong>super</strong></span> <span class='ocrx_word' id='word_1_486' title='bbox 998 3286 1216 3327; x_wconf 90' lang='lat' dir='ltr'><strong>omnem</strong></span> <span class='ocrx_word' id='word_1_487' title='bbox 1270 3271 1479 3328; x_wconf 92' lang='lat' dir='ltr'><strong>inimici</strong></span> <span class='ocrx_word' id='word_1_488' title='bbox 1530 3274 1851 3345; x_wconf 86' lang='lat' dir='ltr'><strong>potentiam.</strong></span> <span class='ocrx_word' id='word_1_489' title='bbox 1900 3274 2105 3331; x_wconf 89' lang='lat' dir='ltr'><strong>Deinde</strong></span> 
     </span>
    </p>
   </div>
   <div class='ocr_carea' id='block_1_61' title="bbox 2212 3247 3803 3345">
    <p class='ocr_par' dir='ltr' id='par_1_61' title="bbox 2212 3252 3803 3338">
     <span class='ocr_line' id='line_1_61' title="bbox 2212 3252 3803 3338; baseline 0.004 -19"><span class='ocrx_word' id='word_1_490' title='bbox 2212 3265 2361 3320; x_wconf 89' lang='grc' dir='ltr'>λειαν</span> <span class='ocrx_word' id='word_1_491' title='bbox 2387 3264 2789 3335; x_wconf 79' lang='grc' dir='ltr'>ὲνδυναμοῦσαν</span> <span class='ocrx_word' id='word_1_492' title='bbox 2807 3266 2971 3321; x_wconf 82' lang='grc' dir='ltr'>αὐτὸν</span> <span class='ocrx_word' id='word_1_493' title='bbox 3001 3268 3197 3320; x_wconf 82' lang='grc' dir='ltr'>πατεῖν</span> <span class='ocrx_word' id='word_1_494' title='bbox 3219 3252 3404 3321; x_wconf 80' lang='grc' dir='ltr'>ἐπάνω</span> <span class='ocrx_word' id='word_1_495' title='bbox 3457 3269 3635 3338; x_wconf 68' lang='grc' dir='ltr'>ὄφεων</span> <span class='ocrx_word' id='word_1_496' title='bbox 3696 3273 3803 3326; x_wconf 78' lang='grc' dir='ltr'>καὶ</span> 
     </span>
    </p>
   </div>
   <div class='ocr_carea' id='block_1_62' title="bbox 428 3362 2100 3436">
    <p class='ocr_par' dir='ltr' id='par_1_62' title="bbox 428 3362 2100 3436">
     <span class='ocr_line' id='line_1_62' title="bbox 428 3362 2100 3436; baseline 0.005 -21"><span class='ocrx_word' id='word_1_497' title='bbox 428 3366 451 3415; x_wconf 72' lang='grc' dir='ltr'><em>Τ</em></span> <span class='ocrx_word' id='word_1_498' title='bbox 520 3362 751 3417; x_wconf 79' lang='lat' dir='ltr'><strong>vitulum</strong></span> <span class='ocrx_word' id='word_1_499' title='bbox 786 3363 941 3432; x_wconf 85' lang='lat' dir='ltr'><strong>jubet</strong></span> <span class='ocrx_word' id='word_1_500' title='bbox 997 3366 1310 3436; x_wconf 86' lang='lat' dir='ltr'><strong>saginatum</strong></span> <span class='ocrx_word' id='word_1_501' title='bbox 1370 3365 1553 3422; x_wconf 74' lang='lat' dir='ltr'><strong>alferri</strong></span> <span class='ocrx_word' id='word_1_502' title='bbox 1595 3378 1652 3423; x_wconf 89' lang='lat' dir='ltr'><strong>et</strong></span> <span class='ocrx_word' id='word_1_503' title='bbox 1707 3368 1883 3424; x_wconf 88' lang='lat' dir='ltr'><strong>occidi</strong></span> <span class='ocrx_word' id='word_1_504' title='bbox 1932 3379 1992 3425; x_wconf 90' lang='lat' dir='ltr'><strong>et</strong></span> <span class='ocrx_word' id='word_1_505' title='bbox 2046 3371 2100 3424; x_wconf 90' lang='lat' dir='ltr'><strong>iu</strong></span> 
     </span>
    </p>
   </div>
   <div class='ocr_carea' id='block_1_63' title="bbox 519 3456 2100 3533">
    <p class='ocr_par' dir='ltr' id='par_1_63' title="bbox 519 3456 2100 3533">
     <span class='ocr_line' id='line_1_63' title="bbox 519 3456 2100 3533; baseline 0.004 -24"><span class='ocrx_word' id='word_1_506' title='bbox 519 3471 700 3511; x_wconf 82' lang='lat' dir='ltr'><strong>escam</strong></span> <span class='ocrx_word' id='word_1_507' title='bbox 731 3458 951 3527; x_wconf 84' lang='lat' dir='ltr'><strong>apponi.</strong></span> <span class='ocrx_word' id='word_1_508' title='bbox 992 3456 1209 3514; x_wconf 83' lang='lat' dir='ltr'><strong>Vitulus</strong></span> <span class='ocrx_word' id='word_1_509' title='bbox 1275 3460 1380 3514; x_wconf 90' lang='lat' dir='ltr'><strong>iste</strong></span> <span class='ocrx_word' id='word_1_510' title='bbox 1427 3460 1541 3529; x_wconf 90' lang='lat' dir='ltr'><strong>ipse</strong></span> <span class='ocrx_word' id='word_1_511' title='bbox 1574 3458 1836 3517; x_wconf 87' lang='lat' dir='ltr'><strong>Dominus</strong></span> <span class='ocrx_word' id='word_1_512' title='bbox 1879 3470 1962 3518; x_wconf 89' lang='lat' dir='ltr'><strong>est</strong></span> <span class='ocrx_word' id='word_1_513' title='bbox 2007 3462 2100 3533; x_wconf 90' lang='lat' dir='ltr'><strong>qui</strong></span> 
     </span>
    </p>
   </div>
   <div class='ocr_carea' id='block_1_64' title="bbox 520 3550 2101 3620">
    <p class='ocr_par' dir='ltr' id='par_1_64' title="bbox 520 3550 2101 3620">
     <span class='ocr_line' id='line_1_64' title="bbox 520 3550 2101 3620; baseline 0.006 -21"><span class='ocrx_word' id='word_1_514' title='bbox 520 3550 777 3618; x_wconf 69' lang='lat' dir='ltr'><strong>egressus</strong></span> <span class='ocrx_word' id='word_1_515' title='bbox 804 3563 872 3603; x_wconf 76' lang='lat' dir='ltr'><strong>ex</strong></span> <span class='ocrx_word' id='word_1_516' title='bbox 896 3550 1060 3619; x_wconf 79' lang='lat' dir='ltr'><strong>adyto</strong></span> <span class='ocrx_word' id='word_1_517' title='bbox 1093 3550 1394 3606; x_wconf 80' lang='lat' dir='ltr'><strong>divinitatis</strong></span> <span class='ocrx_word' id='word_1_518' title='bbox 1425 3552 1566 3606; x_wconf 81' lang='lat' dir='ltr'><strong>etde</strong></span> <span class='ocrx_word' id='word_1_519' title='bbox 1591 3568 1824 3620; x_wconf 84' lang='lat' dir='ltr'><strong>superna</strong></span> <span class='ocrx_word' id='word_1_520' title='bbox 1858 3556 2101 3608; x_wconf 79' lang='lat' dir='ltr'><strong>uuinium</strong></span> 
     </span>
    </p>
   </div>
   <div class='ocr_carea' id='block_1_65' title="bbox 520 3642 2101 3715">
    <p class='ocr_par' dir='ltr' id='par_1_65' title="bbox 520 3642 2101 3715">
     <span class='ocr_line' id='line_1_65' title="bbox 520 3642 2101 3715; baseline 0.004 -22"><span class='ocrx_word' id='word_1_521' title='bbox 520 3642 669 3707; x_wconf 80' lang='lat' dir='ltr'><strong>sede,</strong></span> <span class='ocrx_word' id='word_1_522' title='bbox 708 3655 919 3693; x_wconf 89' lang='lat' dir='ltr'><strong>necnon</strong></span> <span class='ocrx_word' id='word_1_523' title='bbox 955 3649 1009 3693; x_wconf 91' lang='lat' dir='ltr'><strong>ut</strong></span> <span class='ocrx_word' id='word_1_524' title='bbox 1048 3642 1213 3696; x_wconf 87' lang='lat' dir='ltr'><strong>homo</strong></span> <span class='ocrx_word' id='word_1_525' title='bbox 1244 3642 1297 3695; x_wconf 84' lang='lat' dir='ltr'><strong>in</strong></span> <span class='ocrx_word' id='word_1_526' title='bbox 1334 3652 1478 3697; x_wconf 84' lang='lat' dir='ltr'><strong>terra</strong></span> <span class='ocrx_word' id='word_1_527' title='bbox 1510 3644 1681 3711; x_wconf 90' lang='lat' dir='ltr'><strong>visus,</strong></span> <span class='ocrx_word' id='word_1_528' title='bbox 1730 3655 1988 3715; x_wconf 88' lang='lat' dir='ltr'><strong>tauquam</strong></span> <span class='ocrx_word' id='word_1_529' title='bbox 2024 3648 2101 3700; x_wconf 84' lang='lat' dir='ltr'><strong>vi-</strong></span> 
     </span>
    </p>
   </div>
   <div class='ocr_carea' id='block_1_66' title="bbox 524 3730 2101 3807">
    <p class='ocr_par' dir='ltr' id='par_1_66' title="bbox 524 3730 2101 3807">
     <span class='ocr_line' id='line_1_66' title="bbox 524 3730 2101 3807; baseline 0.006 -26"><span class='ocrx_word' id='word_1_530' title='bbox 524 3730 668 3785; x_wconf 86' lang='lat' dir='ltr'><strong>tulus</strong></span> <span class='ocrx_word' id='word_1_531' title='bbox 688 3745 785 3797; x_wconf 90' lang='lat' dir='ltr'><strong>pro</strong></span> <span class='ocrx_word' id='word_1_532' title='bbox 818 3730 976 3786; x_wconf 85' lang='lat' dir='ltr'><strong>nobis</strong></span> <span class='ocrx_word' id='word_1_533' title='bbox 1006 3734 1392 3803; x_wconf 83' lang='lat' dir='ltr'><strong>peccatoribus</strong></span> <span class='ocrx_word' id='word_1_534' title='bbox 1422 3734 1690 3790; x_wconf 87' lang='lat' dir='ltr'><strong>occiditur</strong></span> <span class='ocrx_word' id='word_1_535' title='bbox 1715 3753 1731 3802; x_wconf 91' lang='lat'><strong>;</strong></span> <span class='ocrx_word' id='word_1_536' title='bbox 1757 3747 1812 3795; x_wconf 90' lang='lat' dir='ltr'><strong>ct</strong></span> <span class='ocrx_word' id='word_1_537' title='bbox 1845 3748 2101 3807; x_wconf 79' lang='lat' dir='ltr'><strong>tauquam</strong></span> 
     </span>
    </p>
   </div>
   <div class='ocr_carea' id='block_1_67' title="bbox 522 3824 2101 3901">
    <p class='ocr_par' dir='ltr' id='par_1_67' title="bbox 522 3824 2101 3901">
     <span class='ocr_line' id='line_1_67' title="bbox 522 3824 2101 3901; baseline 0.007 -25"><span class='ocrx_word' id='word_1_538' title='bbox 522 3824 800 3893; x_wconf 66' lang='lat' dir='ltr'><strong>saginatus</strong></span> <span class='ocrx_word' id='word_1_539' title='bbox 848 3826 1007 3894; x_wconf 86' lang='lat' dir='ltr'><strong>panis</strong></span> <span class='ocrx_word' id='word_1_540' title='bbox 1055 3842 1208 3882; x_wconf 91' lang='lat' dir='ltr'><strong>more</strong></span> <span class='ocrx_word' id='word_1_541' title='bbox 1257 3829 1310 3882; x_wconf 91' lang='lat' dir='ltr'><strong>iu</strong></span> <span class='ocrx_word' id='word_1_542' title='bbox 1344 3844 1528 3885; x_wconf 89' lang='lat' dir='ltr'><strong>escam</strong></span> <span class='ocrx_word' id='word_1_543' title='bbox 1582 3831 1739 3884; x_wconf 88' lang='lat' dir='ltr'><strong>nobis</strong></span> <span class='ocrx_word' id='word_1_544' title='bbox 1790 3832 2101 3901; x_wconf 83' lang='lat' dir='ltr'><strong>apponitur.</strong></span> 
     </span>
    </p>
   </div>
   <div class='ocr_carea' id='block_1_68' title="bbox 520 3910 2104 3988">
    <p class='ocr_par' dir='ltr' id='par_1_68' title="bbox 520 3910 2104 3988">
     <span class='ocr_line' id='line_1_68' title="bbox 520 3910 2104 3988; baseline 0.006 -22"><span class='ocrx_word' id='word_1_545' title='bbox 520 3910 876 3971; x_wconf 84' lang='lat' dir='ltr'><strong>Cunnuunem</strong></span> <span class='ocrx_word' id='word_1_546' title='bbox 930 3916 1058 3971; x_wconf 80' lang='lat' dir='ltr'><strong>facit</strong></span> <span class='ocrx_word' id='word_1_547' title='bbox 1092 3928 1280 3987; x_wconf 89' lang='lat' dir='ltr'><strong>postea</strong></span> <span class='ocrx_word' id='word_1_548' title='bbox 1354 3917 1499 3973; x_wconf 82' lang='lat' dir='ltr'><strong>Deus</strong></span> <span class='ocrx_word' id='word_1_549' title='bbox 1543 3919 1809 3988; x_wconf 71' lang='lat' dir='ltr'><strong>laetitiam,</strong></span> <span class='ocrx_word' id='word_1_550' title='bbox 1856 3936 2104 3975; x_wconf 85' lang='lat' dir='ltr'><strong>commu-</strong></span> 
     </span>
    </p>
   </div>
   <div class='ocr_carea' id='block_1_69' title="bbox 523 4006 2103 4075">
    <p class='ocr_par' dir='ltr' id='par_1_69' title="bbox 523 4006 2103 4075">
     <span class='ocr_line' id='line_1_69' title="bbox 523 4006 2103 4075; baseline 0.005 -17"><span class='ocrx_word' id='word_1_551' title='bbox 523 4021 700 4075; x_wconf 81' lang='lat' dir='ltr'><strong>ueque</strong></span> <span class='ocrx_word' id='word_1_552' title='bbox 727 4006 1036 4063; x_wconf 83' lang='lat' dir='ltr'><strong>convivium</strong></span> <span class='ocrx_word' id='word_1_553' title='bbox 1058 4024 1182 4064; x_wconf 89' lang='lat' dir='ltr'><strong>cum</strong></span> <span class='ocrx_word' id='word_1_554' title='bbox 1205 4010 1411 4065; x_wconf 88' lang='lat' dir='ltr'><strong>sanctis</strong></span> <span class='ocrx_word' id='word_1_555' title='bbox 1429 4010 1565 4075; x_wconf 86' lang='lat' dir='ltr'><strong>suis,</strong></span> <span class='ocrx_word' id='word_1_556' title='bbox 1592 4020 1781 4065; x_wconf 86' lang='lat' dir='ltr'><strong>nostra</strong></span> <span class='ocrx_word' id='word_1_557' title='bbox 1800 4025 1866 4065; x_wconf 79' lang='lat' dir='ltr'><strong>ex</strong></span> <span class='ocrx_word' id='word_1_558' title='bbox 1888 4027 2103 4066; x_wconf 88' lang='lat' dir='ltr'><strong>summa</strong></span> 
     </span>
    </p>
   </div>
   <div class='ocr_carea' id='block_1_70' title="bbox 522 4098 2106 4168">
    <p class='ocr_par' dir='ltr' id='par_1_70' title="bbox 522 4098 2106 4168">
     <span class='ocr_line' id='line_1_70' title="bbox 522 4098 2106 4168; baseline 0.007 -20"><span class='ocrx_word' id='word_1_559' title='bbox 522 4098 857 4166; x_wconf 81' lang='lat' dir='ltr'><strong>benignitate</strong></span> <span class='ocrx_word' id='word_1_560' title='bbox 881 4114 1171 4155; x_wconf 84' lang='lat' dir='ltr'><strong>assumens</strong></span> <span class='ocrx_word' id='word_1_561' title='bbox 1199 4111 1257 4154; x_wconf 89' lang='lat' dir='ltr'><strong>et</strong></span> <span class='ocrx_word' id='word_1_562' title='bbox 1281 4101 1473 4154; x_wconf 87' lang='lat' dir='ltr'><strong>dicens</strong></span> <span class='ocrx_word' id='word_1_563' title='bbox 1505 4117 1519 4153; x_wconf 87' lang='lat'><strong>:</strong></span> <span class='ocrx_word' id='word_1_564' title='bbox 1558 4099 1780 4168; x_wconf 78' lang='lat' dir='ltr'><strong>Eamus,</strong></span> <span class='ocrx_word' id='word_1_565' title='bbox 1817 4105 2106 4159; x_wconf 85' lang='lat' dir='ltr'><strong>manduce-</strong></span> 
     </span>
    </p>
   </div>
   <div class='ocr_carea' id='block_1_71' title="bbox 523 4189 2100 4259">
    <p class='ocr_par' dir='ltr' id='par_1_71' title="bbox 523 4189 2100 4259">
     <span class='ocr_line' id='line_1_71' title="bbox 523 4189 2100 4259; baseline 0.006 -20"><span class='ocrx_word' id='word_1_566' title='bbox 523 4203 648 4242; x_wconf 90' lang='lat' dir='ltr'><strong>mus</strong></span> <span class='ocrx_word' id='word_1_567' title='bbox 679 4201 733 4242; x_wconf 87' lang='lat' dir='ltr'><strong>ct</strong></span> <span class='ocrx_word' id='word_1_568' title='bbox 787 4191 1095 4259; x_wconf 86' lang='lat' dir='ltr'><strong>cpulemur.</strong></span> <span class='ocrx_word' id='word_1_569' title='bbox 1154 4189 1351 4245; x_wconf 90' lang='lat' dir='ltr'><strong>Seuior</strong></span> <span class='ocrx_word' id='word_1_570' title='bbox 1397 4201 1577 4246; x_wconf 88' lang='lat' dir='ltr'><strong>autem</strong></span> <span class='ocrx_word' id='word_1_571' title='bbox 1628 4192 1775 4247; x_wconf 91' lang='lat' dir='ltr'><strong>ﬁlius</strong></span> <span class='ocrx_word' id='word_1_572' title='bbox 1829 4192 2100 4249; x_wconf 86' lang='lat' dir='ltr'><strong>irascitur.</strong></span> 
     </span>
    </p>
   </div>
   <div class='ocr_carea' id='block_1_72' title="bbox 520 4279 2108 4356">
    <p class='ocr_par' dir='ltr' id='par_1_72' title="bbox 520 4279 2108 4356">
     <span class='ocr_line' id='line_1_72' title="bbox 520 4279 2108 4356; baseline 0.004 -23"><span class='ocrx_word' id='word_1_573' title='bbox 520 4279 711 4334; x_wconf 80' lang='lat' dir='ltr'><strong>Refert</strong></span> <span class='ocrx_word' id='word_1_574' title='bbox 762 4284 866 4337; x_wconf 89' lang='lat' dir='ltr'><strong>iste</strong></span> <span class='ocrx_word' id='word_1_575' title='bbox 906 4284 1037 4336; x_wconf 88' lang='lat' dir='ltr'><strong>mihi</strong></span> <span class='ocrx_word' id='word_1_576' title='bbox 1079 4280 1297 4338; x_wconf 79' lang='lat' dir='ltr'><strong>Judaeos</strong></span> <span class='ocrx_word' id='word_1_577' title='bbox 1339 4292 1560 4352; x_wconf 84' lang='lat' dir='ltr'><strong>propter</strong></span> <span class='ocrx_word' id='word_1_578' title='bbox 1595 4284 1932 4339; x_wconf 86' lang='lat' dir='ltr'><strong>vocationem</strong></span> <span class='ocrx_word' id='word_1_579' title='bbox 1975 4300 2108 4356; x_wconf 75' lang='lat' dir='ltr'><strong>gen-</strong></span> 
     </span>
    </p>
   </div>
   <div class='ocr_carea' id='block_1_73' title="bbox 525 4372 2107 4439">
    <p class='ocr_par' dir='ltr' id='par_1_73' title="bbox 525 4372 2107 4439">
     <span class='ocr_line' id='line_1_73' title="bbox 525 4372 2107 4439; baseline 0.003 -14"><span class='ocrx_word' id='word_1_580' title='bbox 525 4373 660 4427; x_wconf 89' lang='lat' dir='ltr'><strong>tium</strong></span> <span class='ocrx_word' id='word_1_581' title='bbox 729 4374 939 4439; x_wconf 89' lang='lat' dir='ltr'><strong>iratos,</strong></span> <span class='ocrx_word' id='word_1_582' title='bbox 1000 4372 1224 4429; x_wconf 85' lang='lat' dir='ltr'><strong>Scribas</strong></span> <span class='ocrx_word' id='word_1_583' title='bbox 1285 4384 1340 4429; x_wconf 84' lang='lat' dir='ltr'><strong>et</strong></span> <span class='ocrx_word' id='word_1_584' title='bbox 1392 4374 1699 4430; x_wconf 66' lang='lat' dir='ltr'><strong>Pliariswos</strong></span> <span class='ocrx_word' id='word_1_585' title='bbox 1767 4377 2107 4431; x_wconf 82' lang='lat' dir='ltr'><strong>scandaliza-</strong></span> 
     </span>
    </p>
   </div>
   <div class='ocr_carea' id='block_1_74' title="bbox 523 4464 2104 4537">
    <p class='ocr_par' dir='ltr' id='par_1_74' title="bbox 523 4464 2104 4537">
     <span class='ocr_line' id='line_1_74' title="bbox 523 4464 2104 4537; baseline 0.003 -21"><span class='ocrx_word' id='word_1_586' title='bbox 523 4475 607 4519; x_wconf 87' lang='lat' dir='ltr'><strong>tos</strong></span> <span class='ocrx_word' id='word_1_587' title='bbox 648 4466 908 4535; x_wconf 84' lang='lat' dir='ltr'><strong>quoniam</strong></span> <span class='ocrx_word' id='word_1_588' title='bbox 957 4464 1221 4520; x_wconf 89' lang='lat' dir='ltr'><strong>Dominus</strong></span> <span class='ocrx_word' id='word_1_589' title='bbox 1273 4474 1591 4535; x_wconf 86' lang='lat' dir='ltr'><strong>peccatores</strong></span> <span class='ocrx_word' id='word_1_590' title='bbox 1636 4467 1861 4537; x_wconf 89' lang='lat' dir='ltr'><strong>suscipit</strong></span> <span class='ocrx_word' id='word_1_591' title='bbox 1894 4476 1950 4521; x_wconf 89' lang='lat' dir='ltr'><strong>et</strong></span> <span class='ocrx_word' id='word_1_592' title='bbox 1981 4482 2104 4522; x_wconf 91' lang='lat' dir='ltr'><strong>cum</strong></span> 
     </span>
    </p>
   </div>
   <div class='ocr_carea' id='block_1_75' title="bbox 2208 3357 3813 3432">
    <p class='ocr_par' dir='ltr' id='par_1_75' title="bbox 2208 3357 3813 3432">
     <span class='ocr_line' id='line_1_75' title="bbox 2208 3357 3813 3432; baseline 0.005 -21"><span class='ocrx_word' id='word_1_593' title='bbox 2208 3357 2509 3428; x_wconf 87' lang='grc' dir='ltr'>σκορπίων,</span> <span class='ocrx_word' id='word_1_594' title='bbox 2541 3360 2637 3411; x_wconf 64' lang='grc' dir='ltr'><strong>κα)⁸</strong></span> <span class='ocrx_word' id='word_1_595' title='bbox 2686 3357 2780 3410; x_wconf 76' lang='grc' dir='ltr'>ἐπὶ</span> <span class='ocrx_word' id='word_1_596' title='bbox 2814 3359 2995 3412; x_wconf 77' lang='grc' dir='ltr'>πᾶσαν</span> <span class='ocrx_word' id='word_1_597' title='bbox 3025 3358 3126 3430; x_wconf 72' lang='grc' dir='ltr'>τὴν</span> <span class='ocrx_word' id='word_1_598' title='bbox 3157 3359 3387 3429; x_wconf 85' lang='grc' dir='ltr'>δύναμιν</span> <span class='ocrx_word' id='word_1_599' title='bbox 3422 3360 3514 3414; x_wconf 89' lang='grc' dir='ltr'><strong>τοῦ</strong></span> <span class='ocrx_word' id='word_1_600' title='bbox 3573 3361 3813 3432; x_wconf 59' lang='grc' dir='ltr'><strong>ἔχθροῦέ</strong></span> 
     </span>
    </p>
   </div>
   <div class='ocr_carea' id='block_1_76' title="bbox 2207 3444 3807 3523">
    <p class='ocr_par' dir='ltr' id='par_1_76' title="bbox 2207 3444 3807 3523">
     <span class='ocr_line' id='line_1_76' title="bbox 2207 3444 3807 3523; baseline 0.006 -21"><span class='ocrx_word' id='word_1_601' title='bbox 2207 3444 2340 3503; x_wconf 72' lang='grc' dir='ltr'>Εἶτα</span> <span class='ocrx_word' id='word_1_602' title='bbox 2369 3450 2461 3503; x_wconf 72' lang='grc' dir='ltr'>καὶ</span> <span class='ocrx_word' id='word_1_603' title='bbox 2495 3449 2585 3502; x_wconf 78' lang='grc' dir='ltr'>τὸν</span> <span class='ocrx_word' id='word_1_604' title='bbox 2628 3450 2831 3521; x_wconf 75' lang='grc' dir='ltr'>μόσχον</span> <span class='ocrx_word' id='word_1_605' title='bbox 2860 3450 3076 3505; x_wconf 81' lang='grc' dir='ltr'>κελεύει</span> <span class='ocrx_word' id='word_1_606' title='bbox 3120 3451 3212 3503; x_wconf 79' lang='grc' dir='ltr'>τὸν</span> <span class='ocrx_word' id='word_1_607' title='bbox 3253 3451 3495 3506; x_wconf 81' lang='grc' dir='ltr'>σιτευτὸν</span> <span class='ocrx_word' id='word_1_608' title='bbox 3551 3453 3807 3523; x_wconf 72' lang='grc' dir='ltr'>ἐνεγκεῖν</span> 
     </span>
    </p>
   </div>
   <div class='ocr_carea' id='block_1_77' title="bbox 2207 3541 3806 3617">
    <p class='ocr_par' dir='ltr' id='par_1_77' title="bbox 2207 3541 3806 3617">
     <span class='ocr_line' id='line_1_77' title="bbox 2207 3541 3806 3617; baseline 0.006 -23"><span class='ocrx_word' id='word_1_609' title='bbox 2207 3543 2300 3595; x_wconf 75' lang='grc' dir='ltr'>καὶ</span> <span class='ocrx_word' id='word_1_610' title='bbox 2331 3543 2492 3595; x_wconf 77' lang='grc' dir='ltr'>θῦσαι</span> <span class='ocrx_word' id='word_1_611' title='bbox 2520 3543 2616 3594; x_wconf 71' lang='grc' dir='ltr'>καὶ</span> <span class='ocrx_word' id='word_1_612' title='bbox 2640 3542 2922 3612; x_wconf 84' lang='grc' dir='ltr'>προθεῖναι</span> <span class='ocrx_word' id='word_1_613' title='bbox 2972 3543 3055 3606; x_wconf 80' lang='grc' dir='ltr'><strong>είς</strong></span> <span class='ocrx_word' id='word_1_614' title='bbox 3087 3541 3316 3614; x_wconf 85' lang='grc' dir='ltr'>βρῶσιν.</span> <span class='ocrx_word' id='word_1_615' title='bbox 3359 3544 3420 3598; x_wconf 90' lang='lat'><strong>&#39;0</strong></span> <span class='ocrx_word' id='word_1_616' title='bbox 3472 3542 3672 3617; x_wconf 81' lang='grc' dir='ltr'>μόσχος</span> <span class='ocrx_word' id='word_1_617' title='bbox 3737 3548 3806 3603; x_wconf 76' lang='grc' dir='ltr'><strong>δέ</strong></span> 
     </span>
    </p>
   </div>
   <div class='ocr_carea' id='block_1_78' title="bbox 2206 3625 3805 3706">
    <p class='ocr_par' dir='ltr' id='par_1_78' title="bbox 2206 3625 3805 3706">
     <span class='ocr_line' id='line_1_78' title="bbox 2206 3625 3805 3706; baseline 0.005 -20"><span class='ocrx_word' id='word_1_618' title='bbox 2206 3636 2352 3687; x_wconf 79' lang='grc' dir='ltr'>ἐστιν</span> <span class='ocrx_word' id='word_1_619' title='bbox 2375 3625 2525 3695; x_wconf 70' lang='grc' dir='ltr'>οὗτος</span> <span class='ocrx_word' id='word_1_620' title='bbox 2586 3634 2750 3696; x_wconf 83' lang='grc' dir='ltr'>αὐτὸς</span> <span class='ocrx_word' id='word_1_621' title='bbox 2795 3637 2823 3687; x_wconf 94' lang='lat'><strong>6</strong></span> <span class='ocrx_word' id='word_1_622' title='bbox 2868 3634 3096 3704; x_wconf 78' lang='grc' dir='ltr'>Κύριος,</span> <span class='ocrx_word' id='word_1_623' title='bbox 3138 3634 3198 3697; x_wconf 80' lang='grc' dir='ltr'>ὃς</span> <span class='ocrx_word' id='word_1_624' title='bbox 3245 3635 3499 3703; x_wconf 78' lang='grc' dir='ltr'><strong>ἐξάγεται</strong></span> <span class='ocrx_word' id='word_1_625' title='bbox 3556 3637 3655 3706; x_wconf 86' lang='grc' dir='ltr'>μὲν</span> <span class='ocrx_word' id='word_1_626' title='bbox 3700 3640 3805 3694; x_wconf 89' lang='grc' dir='ltr'><strong>τοῦ</strong></span> 
     </span>
    </p>
   </div>
   <div class='ocr_carea' id='block_1_79' title="bbox 2207 3724 3804 3799">
    <p class='ocr_par' dir='ltr' id='par_1_79' title="bbox 2207 3724 3804 3799">
     <span class='ocr_line' id='line_1_79' title="bbox 2207 3724 3804 3799; baseline 0.006 -24"><span class='ocrx_word' id='word_1_627' title='bbox 2207 3724 2440 3792; x_wconf 77' lang='grc' dir='ltr'>κρυφίου</span> <span class='ocrx_word' id='word_1_628' title='bbox 2468 3724 2566 3791; x_wconf 77' lang='grc' dir='ltr'>τῆς</span> <span class='ocrx_word' id='word_1_629' title='bbox 2596 3724 2869 3796; x_wconf 89' lang='grc' dir='ltr'>θεότητος,</span> <span class='ocrx_word' id='word_1_630' title='bbox 2895 3726 2988 3777; x_wconf 75' lang='grc' dir='ltr'>καὶ</span> <span class='ocrx_word' id='word_1_631' title='bbox 3022 3724 3194 3794; x_wconf 80' lang='grc' dir='ltr'>αὐτῆς</span> <span class='ocrx_word' id='word_1_632' title='bbox 3217 3726 3317 3796; x_wconf 80' lang='grc' dir='ltr'>τῆς</span> <span class='ocrx_word' id='word_1_633' title='bbox 3369 3727 3627 3799; x_wconf 77' lang='grc' dir='ltr'>ὑπεράνω</span> <span class='ocrx_word' id='word_1_634' title='bbox 3677 3747 3804 3784; x_wconf 84' lang='grc' dir='ltr'>κει-</span> 
     </span>
    </p>
   </div>
   <div class='ocr_carea' id='block_1_80' title="bbox 2210 3814 3805 3891">
    <p class='ocr_par' dir='ltr' id='par_1_80' title="bbox 2210 3814 3805 3891">
     <span class='ocr_line' id='line_1_80' title="bbox 2210 3814 3805 3891; baseline 0.008 -27"><span class='ocrx_word' id='word_1_635' title='bbox 2210 3815 2377 3885; x_wconf 79' lang='grc' dir='ltr'>μένης</span> <span class='ocrx_word' id='word_1_636' title='bbox 2410 3814 2504 3869; x_wconf 88' lang='grc' dir='ltr'><strong>τοῦ</strong></span> <span class='ocrx_word' id='word_1_637' title='bbox 2534 3816 2732 3877; x_wconf 79' lang='grc' dir='ltr'>παντὸς</span> <span class='ocrx_word' id='word_1_638' title='bbox 2772 3815 2956 3885; x_wconf 78' lang='grc' dir='ltr'>ἔδρας,</span> <span class='ocrx_word' id='word_1_639' title='bbox 2993 3817 3089 3870; x_wconf 80' lang='grc' dir='ltr'>καὶ</span> <span class='ocrx_word' id='word_1_640' title='bbox 3123 3816 3197 3880; x_wconf 87' lang='grc' dir='ltr'>ὡς</span> <span class='ocrx_word' id='word_1_641' title='bbox 3226 3817 3514 3889; x_wconf 76' lang='grc' dir='ltr'>ἄνθρωπος</span> <span class='ocrx_word' id='word_1_642' title='bbox 3555 3822 3648 3873; x_wconf 69' lang='grc' dir='ltr'><strong>ἐπὶ</strong></span> <span class='ocrx_word' id='word_1_643' title='bbox 3692 3823 3805 3891; x_wconf 79' lang='grc' dir='ltr'>γῆς</span> 
     </span>
    </p>
   </div>
   <div class='ocr_carea' id='block_1_81' title="bbox 2206 3906 3809 3982">
    <p class='ocr_par' dir='ltr' id='par_1_81' title="bbox 2206 3906 3809 3982">
     <span class='ocr_line' id='line_1_81' title="bbox 2206 3906 3809 3982; baseline 0.006 -23"><span class='ocrx_word' id='word_1_644' title='bbox 2206 3906 2413 3975; x_wconf 74' lang='grc' dir='ltr'>ὀφθεὶς,</span> <span class='ocrx_word' id='word_1_645' title='bbox 2444 3907 2519 3971; x_wconf 86' lang='grc' dir='ltr'>ὡς</span> <span class='ocrx_word' id='word_1_646' title='bbox 2546 3908 2743 3979; x_wconf 82' lang='grc' dir='ltr'>μόσχος</span> <span class='ocrx_word' id='word_1_647' title='bbox 2768 3908 2908 3979; x_wconf 85' lang='grc' dir='ltr'>ὑπὲρ</span> <span class='ocrx_word' id='word_1_648' title='bbox 2927 3909 3086 3979; x_wconf 84' lang='grc' dir='ltr'>ήμῶν</span> <span class='ocrx_word' id='word_1_649' title='bbox 3130 3911 3238 3965; x_wconf 83' lang='grc' dir='ltr'>τῶν</span> <span class='ocrx_word' id='word_1_650' title='bbox 3272 3912 3617 3982; x_wconf 81' lang='grc' dir='ltr'>ἁμαρτωλῶν</span> <span class='ocrx_word' id='word_1_651' title='bbox 3676 3914 3809 3968; x_wconf 83' lang='grc' dir='ltr'>θύε-</span> 
     </span>
    </p>
   </div>
   <div class='ocr_carea' id='block_1_82' title="bbox 2206 3998 3805 4075">
    <p class='ocr_par' dir='ltr' id='par_1_82' title="bbox 2206 3998 3805 4075">
     <span class='ocr_line' id='line_1_82' title="bbox 2206 3998 3805 4075; baseline 0.004 -22"><span class='ocrx_word' id='word_1_652' title='bbox 2206 4017 2318 4065; x_wconf 89' lang='grc' dir='ltr'>ται,</span> <span class='ocrx_word' id='word_1_653' title='bbox 2347 4001 2441 4052; x_wconf 75' lang='grc' dir='ltr'>καὶ</span> <span class='ocrx_word' id='word_1_654' title='bbox 2468 3998 2541 4064; x_wconf 82' lang='grc' dir='ltr'><strong>ὡς</strong></span> <span class='ocrx_word' id='word_1_655' title='bbox 2570 4000 2851 4064; x_wconf 82' lang='grc' dir='ltr'>σιτευτὸς,</span> <span class='ocrx_word' id='word_1_656' title='bbox 2904 4001 3186 4055; x_wconf 80' lang='grc' dir='ltr'>τουτέστιν</span> <span class='ocrx_word' id='word_1_657' title='bbox 3233 4003 3399 4073; x_wconf 74' lang='grc' dir='ltr'>ἄρτος</span> <span class='ocrx_word' id='word_1_658' title='bbox 3449 4004 3531 4069; x_wconf 88' lang='grc' dir='ltr'><strong>είς</strong></span> <span class='ocrx_word' id='word_1_659' title='bbox 3592 4003 3805 4075; x_wconf 84' lang='grc' dir='ltr'>βρῶσιν</span> 
     </span>
    </p>
   </div>
   <div class='ocr_carea' id='block_1_83' title="bbox 2209 4089 3807 4164">
    <p class='ocr_par' dir='ltr' id='par_1_83' title="bbox 2209 4089 3807 4164">
     <span class='ocr_line' id='line_1_83' title="bbox 2209 4089 3807 4164; baseline 0.006 -22"><span class='ocrx_word' id='word_1_660' title='bbox 2209 4090 2366 4161; x_wconf 77' lang='grc' dir='ltr'>ἡμῶν</span> <span class='ocrx_word' id='word_1_661' title='bbox 2401 4089 2736 4160; x_wconf 85' lang='grc' dir='ltr'>προτίθεται.</span> <span class='ocrx_word' id='word_1_662' title='bbox 2769 4092 3060 4160; x_wconf 73' lang='grc' dir='ltr'><strong>Κοινὴν⁸δὲ</strong></span> <span class='ocrx_word' id='word_1_663' title='bbox 3096 4093 3334 4148; x_wconf 82' lang='grc' dir='ltr'>ποιεῖται</span> <span class='ocrx_word' id='word_1_664' title='bbox 3378 4096 3479 4164; x_wconf 77' lang='grc' dir='ltr'>τὴν</span> <span class='ocrx_word' id='word_1_665' title='bbox 3537 4096 3632 4150; x_wconf 71' lang='grc' dir='ltr'><strong>ἐπὶ</strong></span> <span class='ocrx_word' id='word_1_666' title='bbox 3674 4098 3807 4151; x_wconf 85' lang='grc' dir='ltr'>τού-</span> 
     </span>
    </p>
   </div>
   <div class='ocr_carea' id='block_1_84' title="bbox 2208 4183 3806 4261">
    <p class='ocr_par' dir='ltr' id='par_1_84' title="bbox 2208 4183 3806 4261">
     <span class='ocr_line' id='line_1_84' title="bbox 2208 4183 3806 4261; baseline 0.004 -25"><span class='ocrx_word' id='word_1_667' title='bbox 2208 4200 2321 4247; x_wconf 89' lang='grc' dir='ltr'>τοις</span> <span class='ocrx_word' id='word_1_668' title='bbox 2360 4183 2701 4256; x_wconf 75' lang='grc' dir='ltr'>εὐφροσύνην</span> <span class='ocrx_word' id='word_1_669' title='bbox 2732 4185 2825 4238; x_wconf 76' lang='grc' dir='ltr'>καὶ</span> <span class='ocrx_word' id='word_1_670' title='bbox 2850 4186 2947 4254; x_wconf 80' lang='grc' dir='ltr'><strong>τὴν</strong></span> <span class='ocrx_word' id='word_1_671' title='bbox 2975 4186 3211 4256; x_wconf 86' lang='grc' dir='ltr'>εὐωχίαν</span> <span class='ocrx_word' id='word_1_672' title='bbox 3267 4188 3295 4240; x_wconf 93' lang='lat'><strong>6</strong></span> <span class='ocrx_word' id='word_1_673' title='bbox 3324 4187 3458 4251; x_wconf 76' lang='grc' dir='ltr'>Θεὸς</span> <span class='ocrx_word' id='word_1_674' title='bbox 3511 4189 3649 4261; x_wconf 87' lang='grc' dir='ltr'><strong>μετὰ</strong></span> <span class='ocrx_word' id='word_1_675' title='bbox 3687 4190 3806 4244; x_wconf 84' lang='grc' dir='ltr'>τῶν</span> 
     </span>
    </p>
   </div>
   <div class='ocr_carea' id='block_1_85' title="bbox 2209 4276 3808 4359">
    <p class='ocr_par' dir='ltr' id='par_1_85' title="bbox 2209 4276 3808 4359">
     <span class='ocr_line' id='line_1_85' title="bbox 2209 4276 3808 4359; baseline 0.004 -29"><span class='ocrx_word' id='word_1_676' title='bbox 2209 4276 2377 4331; x_wconf 87' lang='grc' dir='ltr'>αὐτοῦ</span> <span class='ocrx_word' id='word_1_677' title='bbox 2413 4279 2611 4345; x_wconf 84' lang='grc' dir='ltr'>ἁγίων,</span> <span class='ocrx_word' id='word_1_678' title='bbox 2643 4278 2709 4330; x_wconf 79' lang='grc' dir='ltr'>τὰ</span> <span class='ocrx_word' id='word_1_679' title='bbox 2750 4278 2908 4348; x_wconf 77' lang='grc' dir='ltr'>ἡμῶν</span> <span class='ocrx_word' id='word_1_680' title='bbox 2948 4279 3041 4332; x_wconf 86' lang='grc' dir='ltr'>ὐπ’</span> <span class='ocrx_word' id='word_1_681' title='bbox 3064 4279 3241 4348; x_wconf 78' lang='grc' dir='ltr'>ἄκρας</span> <span class='ocrx_word' id='word_1_682' title='bbox 3273 4280 3649 4352; x_wconf 78' lang='grc' dir='ltr'>οἰκειούμενος</span> <span class='ocrx_word' id='word_1_683' title='bbox 3678 4300 3808 4359; x_wconf 47' lang='grc' dir='ltr'>,φι-</span> 
     </span>
    </p>
   </div>
   <div class='ocr_carea' id='block_1_86' title="bbox 2208 4368 3808 4443">
    <p class='ocr_par' dir='ltr' id='par_1_86' title="bbox 2208 4368 3808 4443">
     <span class='ocr_line' id='line_1_86' title="bbox 2208 4368 3808 4443; baseline 0.003 -22"><span class='ocrx_word' id='word_1_684' title='bbox 2208 4368 2577 4439; x_wconf 86' lang='grc' dir='ltr'>λανθρωπίας,</span> <span class='ocrx_word' id='word_1_685' title='bbox 2614 4369 2708 4423; x_wconf 69' lang='grc' dir='ltr'>καὶ</span> <span class='ocrx_word' id='word_1_686' title='bbox 2740 4369 2917 4438; x_wconf 72' lang='grc' dir='ltr'>λέγων</span> <span class='ocrx_word' id='word_1_687' title='bbox 2943 4385 2958 4401; x_wconf 65' lang='grc' dir='ltr'><strong><em>ν</em></strong></span> <span class='ocrx_word' id='word_1_688' title='bbox 3020 4370 3189 4425; x_wconf 83' lang='grc' dir='ltr'>Δεῦτε</span> <span class='ocrx_word' id='word_1_689' title='bbox 3242 4372 3507 4441; x_wconf 80' lang='grc' dir='ltr'>φαγόντες</span> <span class='ocrx_word' id='word_1_690' title='bbox 3557 4374 3808 4443; x_wconf 84' lang='grc' dir='ltr'>εὐφραν-</span> 
     </span>
    </p>
   </div>
   <div class='ocr_carea' id='block_1_87' title="bbox 2212 4460 3804 4535">
    <p class='ocr_par' dir='ltr' id='par_1_87' title="bbox 2212 4460 3804 4535">
     <span class='ocr_line' id='line_1_87' title="bbox 2212 4460 3804 4535; baseline 0.005 -22"><span class='ocrx_word' id='word_1_691' title='bbox 2212 4460 2417 4531; x_wconf 82' lang='grc' dir='ltr'>θῶμεν.</span> <span class='ocrx_word' id='word_1_692' title='bbox 2466 4461 2605 4515; x_wconf 83' lang='grc' dir='ltr'><strong>Ἀλλ’</strong></span> <span class='ocrx_word' id='word_1_693' title='bbox 2636 4462 3069 4531; x_wconf 71' lang='grc' dir='ltr'>ὁπρεσὸύτερος</span> <span class='ocrx_word' id='word_1_694' title='bbox 3133 4463 3245 4527; x_wconf 85' lang='grc' dir='ltr'>υίὸς</span> <span class='ocrx_word' id='word_1_695' title='bbox 3310 4465 3618 4535; x_wconf 75' lang='grc' dir='ltr'>ὀργίζεται.</span> <span class='ocrx_word' id='word_1_696' title='bbox 3666 4466 3804 4521; x_wconf 84' lang='grc' dir='ltr'>Νόει</span> 
     </span>
    </p>
   </div>
   <div class='ocr_carea' id='block_1_88' title="bbox 524 4552 2108 4649">
    <p class='ocr_par' dir='ltr' id='par_1_88' title="bbox 524 4554 2104 4628">
     <span class='ocr_line' id='line_1_88' title="bbox 524 4554 2104 4628; baseline 0.001 -20"><span class='ocrx_word' id='word_1_697' title='bbox 524 4557 655 4626; x_wconf 90' lang='lat' dir='ltr'><strong>ipsis</strong></span> <span class='ocrx_word' id='word_1_698' title='bbox 715 4554 1032 4611; x_wconf 85' lang='lat' dir='ltr'><strong>manducat.</strong></span> <span class='ocrx_word' id='word_1_699' title='bbox 1100 4555 1158 4611; x_wconf 90' lang='lat' dir='ltr'><strong>Si</strong></span> <span class='ocrx_word' id='word_1_700' title='bbox 1206 4570 1337 4611; x_wconf 85' lang='lat' dir='ltr'><strong>vero</strong></span> <span class='ocrx_word' id='word_1_701' title='bbox 1394 4556 1510 4610; x_wconf 67' lang='lat' dir='ltr'><strong>haec</strong></span> <span class='ocrx_word' id='word_1_702' title='bbox 1580 4557 1647 4612; x_wconf 91' lang='lat' dir='ltr'><strong>de</strong></span> <span class='ocrx_word' id='word_1_703' title='bbox 1693 4557 1856 4628; x_wconf 82' lang='lat' dir='ltr'><strong>justis</strong></span> <span class='ocrx_word' id='word_1_704' title='bbox 1905 4558 2104 4613; x_wconf 88' lang='lat' dir='ltr'><strong>iutelli-</strong></span> 
     </span>
    </p>
   </div>
   <div class='ocr_carea' id='block_1_89' title="bbox 2212 4552 3804 4649">
    <p class='ocr_par' dir='ltr' id='par_1_89' title="bbox 2214 4552 3804 4630">
     <span class='ocr_line' id='line_1_89' title="bbox 2214 4552 3804 4630; baseline 0.003 -23"><span class='ocrx_word' id='word_1_705' title='bbox 2214 4571 2304 4623; x_wconf 86' lang='grc' dir='ltr'><strong>μοι</strong></span> <span class='ocrx_word' id='word_1_706' title='bbox 2345 4554 2509 4607; x_wconf 84' lang='grc' dir='ltr'>πάλιν</span> <span class='ocrx_word' id='word_1_707' title='bbox 2548 4552 2675 4614; x_wconf 77' lang='grc' dir='ltr'>τοὺς</span> <span class='ocrx_word' id='word_1_708' title='bbox 2696 4554 2989 4618; x_wconf 83' lang='grc' dir='ltr'>Ἰουδαίους</span> <span class='ocrx_word' id='word_1_709' title='bbox 3018 4555 3407 4625; x_wconf 77' lang='grc' dir='ltr'>ὀργιζομένους</span> <span class='ocrx_word' id='word_1_710' title='bbox 3440 4556 3534 4609; x_wconf 72' lang='grc' dir='ltr'><strong>ἐπὶ</strong></span> <span class='ocrx_word' id='word_1_711' title='bbox 3562 4559 3627 4628; x_wconf 85' lang='grc' dir='ltr'>τῇ</span> <span class='ocrx_word' id='word_1_712' title='bbox 3665 4557 3804 4630; x_wconf 79' lang='grc' dir='ltr'><strong>κλή-</strong></span> 
     </span>
    </p>
   </div>
   <div class='ocr_carea' id='block_1_90' title="bbox 522 4647 2109 4721">
    <p class='ocr_par' dir='ltr' id='par_1_90' title="bbox 522 4647 2109 4721">
     <span class='ocr_line' id='line_1_90' title="bbox 522 4647 2109 4721; baseline 0.002 -18"><span class='ocrx_word' id='word_1_713' title='bbox 522 4663 649 4721; x_wconf 86' lang='lat' dir='ltr'><strong>gere</strong></span> <span class='ocrx_word' id='word_1_714' title='bbox 708 4647 971 4714; x_wconf 86' lang='lat' dir='ltr'><strong>volueris,</strong></span> <span class='ocrx_word' id='word_1_715' title='bbox 1024 4649 1155 4719; x_wconf 89' lang='lat' dir='ltr'><strong>quid</strong></span> <span class='ocrx_word' id='word_1_716' title='bbox 1202 4647 1396 4702; x_wconf 89' lang='lat' dir='ltr'><strong>mirum</strong></span> <span class='ocrx_word' id='word_1_717' title='bbox 1446 4648 1491 4703; x_wconf 93' lang='lat' dir='ltr'><strong>si</strong></span> <span class='ocrx_word' id='word_1_718' title='bbox 1538 4649 1721 4719; x_wconf 77' lang='lat' dir='ltr'><strong>justus</strong></span> <span class='ocrx_word' id='word_1_719' title='bbox 1766 4651 1976 4721; x_wconf 77' lang='lat' dir='ltr'><strong>ignorat</strong></span> <span class='ocrx_word' id='word_1_720' title='bbox 2023 4652 2109 4706; x_wconf 89' lang='lat' dir='ltr'><strong>in-</strong></span> 
     </span>
    </p>
   </div>
   <div class='ocr_carea' id='block_1_91' title="bbox 520 4739 2106 4808">
    <p class='ocr_par' dir='ltr' id='par_1_91' title="bbox 520 4739 2106 4808">
     <span class='ocr_line' id='line_1_91' title="bbox 520 4739 2106 4808; baseline 0.003 -15"><span class='ocrx_word' id='word_1_721' title='bbox 520 4739 1046 4808; x_wconf 83' lang='lat' dir='ltr'><strong>comprehensibilcs</strong></span> <span class='ocrx_word' id='word_1_722' title='bbox 1090 4740 1289 4794; x_wconf 68' lang='lat' dir='ltr'><strong>divinat</strong></span> <span class='ocrx_word' id='word_1_723' title='bbox 1356 4740 1618 4795; x_wconf 85' lang='lat' dir='ltr'><strong>bonitatis</strong></span> <span class='ocrx_word' id='word_1_724' title='bbox 1665 4743 1928 4797; x_wconf 84' lang='lat' dir='ltr'><strong>divitias?</strong></span> <span class='ocrx_word' id='word_1_725' title='bbox 1982 4745 2106 4798; x_wconf 85' lang='lat' dir='ltr'><strong>ldco</strong></span> 
     </span>
    </p>
   </div>
   <div class='ocr_carea' id='block_1_92' title="bbox 521 4831 2104 4904">
    <p class='ocr_par' dir='ltr' id='par_1_92' title="bbox 521 4831 2104 4904">
     <span class='ocr_line' id='line_1_92' title="bbox 521 4831 2104 4904; baseline 0.002 -19"><span class='ocrx_word' id='word_1_726' title='bbox 521 4836 772 4888; x_wconf 85' lang='lat' dir='ltr'><strong>hortatur</strong></span> <span class='ocrx_word' id='word_1_727' title='bbox 844 4848 969 4887; x_wconf 90' lang='lat' dir='ltr'><strong>eum</strong></span> <span class='ocrx_word' id='word_1_728' title='bbox 1031 4833 1339 4887; x_wconf 84' lang='lat' dir='ltr'><strong>communis</strong></span> <span class='ocrx_word' id='word_1_729' title='bbox 1387 4831 1572 4897; x_wconf 86' lang='lat' dir='ltr'><strong>Pater,</strong></span> <span class='ocrx_word' id='word_1_730' title='bbox 1621 4833 1880 4904; x_wconf 75' lang='lat' dir='ltr'><strong>justeque</strong></span> <span class='ocrx_word' id='word_1_731' title='bbox 1924 4833 2104 4902; x_wconf 67' lang='lat' dir='ltr'><strong>doct-t,</strong></span> 
     </span>
    </p>
   </div>
   <div class='ocr_carea' id='block_1_93' title="bbox 520 4921 2107 4993">
    <p class='ocr_par' dir='ltr' id='par_1_93' title="bbox 520 4921 2107 4993">
     <span class='ocr_line' id='line_1_93' title="bbox 520 4921 2107 4993; baseline 0.001 -17"><span class='ocrx_word' id='word_1_732' title='bbox 520 4926 703 4979; x_wconf 89' lang='lat' dir='ltr'><strong>dicens</strong></span> <span class='ocrx_word' id='word_1_733' title='bbox 758 4923 824 4977; x_wconf 86' lang='lat' dir='ltr'><strong>ad</strong></span> <span class='ocrx_word' id='word_1_734' title='bbox 882 4921 1190 4977; x_wconf 89' lang='lat' dir='ltr'><strong>illum:Tu</strong></span> <span class='ocrx_word' id='word_1_735' title='bbox 1245 4938 1461 4993; x_wconf 85' lang='lat' dir='ltr'><strong>semper</strong></span> <span class='ocrx_word' id='word_1_736' title='bbox 1518 4940 1728 4978; x_wconf 88' lang='lat' dir='ltr'><strong>mecum</strong></span> <span class='ocrx_word' id='word_1_737' title='bbox 1763 4940 1846 4991; x_wconf 80' lang='lat' dir='ltr'><strong>es,</strong></span> <span class='ocrx_word' id='word_1_738' title='bbox 1906 4925 2107 4978; x_wconf 88' lang='lat' dir='ltr'><strong>immu-</strong></span> 
     </span>
    </p>
   </div>
   <div class='ocr_carea' id='block_1_94' title="bbox 522 5013 2108 5085">
    <p class='ocr_par' dir='ltr' id='par_1_94' title="bbox 522 5013 2108 5085">
     <span class='ocr_line' id='line_1_94' title="bbox 522 5013 2108 5085; baseline 0.001 -18"><span class='ocrx_word' id='word_1_739' title='bbox 522 5014 702 5069; x_wconf 75' lang='lat' dir='ltr'><strong>tabilis</strong></span> <span class='ocrx_word' id='word_1_740' title='bbox 759 5013 959 5068; x_wconf 80' lang='lat' dir='ltr'><strong>laetitiae</strong></span> <span class='ocrx_word' id='word_1_741' title='bbox 1019 5014 1330 5084; x_wconf 82' lang='lat' dir='ltr'><strong>particeps;</strong></span> <span class='ocrx_word' id='word_1_742' title='bbox 1386 5014 1594 5085; x_wconf 89' lang='lat' dir='ltr'><strong>epulari</strong></span> <span class='ocrx_word' id='word_1_743' title='bbox 1646 5023 1826 5070; x_wconf 83' lang='lat' dir='ltr'><strong>autem</strong></span> <span class='ocrx_word' id='word_1_744' title='bbox 1874 5022 1929 5070; x_wconf 94' lang='lat' dir='ltr'><strong>et</strong></span> <span class='ocrx_word' id='word_1_745' title='bbox 1978 5030 2108 5082; x_wconf 81' lang='lat' dir='ltr'><strong>gau-</strong></span> 
     </span>
    </p>
   </div>
   <div class='ocr_carea' id='block_1_95' title="bbox 520 5106 2106 5176">
    <p class='ocr_par' dir='ltr' id='par_1_95' title="bbox 520 5106 2106 5176">
     <span class='ocr_line' id='line_1_95' title="bbox 520 5106 2106 5176; baseline 0.003 -15"><span class='ocrx_word' id='word_1_746' title='bbox 520 5108 650 5161; x_wconf 86' lang='lat' dir='ltr'><strong>dere</strong></span> <span class='ocrx_word' id='word_1_747' title='bbox 719 5106 1004 5176; x_wconf 88' lang='lat' dir='ltr'><strong>oportebat</strong></span> <span class='ocrx_word' id='word_1_748' title='bbox 1079 5108 1206 5176; x_wconf 87' lang='lat' dir='ltr'><strong>quia</strong></span> <span class='ocrx_word' id='word_1_749' title='bbox 1280 5107 1452 5163; x_wconf 81' lang='lat' dir='ltr'><strong>frater</strong></span> <span class='ocrx_word' id='word_1_750' title='bbox 1530 5119 1654 5163; x_wconf 89' lang='lat' dir='ltr'><strong>tuus</strong></span> <span class='ocrx_word' id='word_1_751' title='bbox 1710 5109 1799 5164; x_wconf 85' lang='lat' dir='ltr'><strong>hic</strong></span> <span class='ocrx_word' id='word_1_752' title='bbox 1859 5119 2106 5165; x_wconf 88' lang='lat' dir='ltr'><strong>mortuus</strong></span> 
     </span>
    </p>
   </div>
   <div class='ocr_carea' id='block_1_96' title="bbox 517 5199 2104 5270">
    <p class='ocr_par' dir='ltr' id='par_1_96' title="bbox 517 5199 2104 5270">
     <span class='ocr_line' id='line_1_96' title="bbox 517 5199 2104 5270; baseline 0 -16"><span class='ocrx_word' id='word_1_753' title='bbox 517 5208 658 5263; x_wconf 85' lang='lat' dir='ltr'><strong>erat,</strong></span> <span class='ocrx_word' id='word_1_754' title='bbox 703 5207 757 5252; x_wconf 89' lang='lat' dir='ltr'><strong>et</strong></span> <span class='ocrx_word' id='word_1_755' title='bbox 795 5199 993 5254; x_wconf 81' lang='lat' dir='ltr'><strong>revixit</strong></span> <span class='ocrx_word' id='word_1_756' title='bbox 1022 5214 1041 5267; x_wconf 88' lang='lat'><strong>;</strong></span> <span class='ocrx_word' id='word_1_757' title='bbox 1070 5200 1331 5270; x_wconf 86' lang='lat' dir='ltr'><strong>perierat,</strong></span> <span class='ocrx_word' id='word_1_758' title='bbox 1363 5210 1419 5256; x_wconf 88' lang='lat' dir='ltr'><strong>et</strong></span> <span class='ocrx_word' id='word_1_759' title='bbox 1464 5200 1719 5257; x_wconf 87' lang='lat' dir='ltr'><strong>iuventus</strong></span> <span class='ocrx_word' id='word_1_760' title='bbox 1771 5211 1892 5268; x_wconf 82' lang='lat' dir='ltr'><strong>est;</strong></span> <span class='ocrx_word' id='word_1_761' title='bbox 1954 5216 2104 5255; x_wconf 84' lang='lat' dir='ltr'><strong>tuor-</strong></span> 
     </span>
    </p>
   </div>
   <div class='ocr_carea' id='block_1_97' title="bbox 418 5297 2110 5368">
    <p class='ocr_par' dir='ltr' id='par_1_97' title="bbox 418 5297 2110 5368">
     <span class='ocr_line' id='line_1_97' title="bbox 418 5297 2110 5368; baseline 0.002 -21"><span class='ocrx_word' id='word_1_762' title='bbox 418 5321 428 5331; x_wconf 88' lang='lat'><strong>-</strong></span> <span class='ocrx_word' id='word_1_763' title='bbox 521 5310 645 5350; x_wconf 81' lang='lat' dir='ltr'><strong>tuus</strong></span> <span class='ocrx_word' id='word_1_764' title='bbox 700 5306 820 5350; x_wconf 87' lang='lat' dir='ltr'><strong>erat</strong></span> <span class='ocrx_word' id='word_1_765' title='bbox 871 5311 967 5366; x_wconf 81' lang='lat' dir='ltr'><strong>per</strong></span> <span class='ocrx_word' id='word_1_766' title='bbox 1012 5306 1335 5367; x_wconf 39' lang='lat' dir='ltr'><strong>ipercatum,</strong></span> <span class='ocrx_word' id='word_1_767' title='bbox 1369 5307 1423 5351; x_wconf 92' lang='lat' dir='ltr'><strong>et</strong></span> <span class='ocrx_word' id='word_1_768' title='bbox 1469 5297 1670 5352; x_wconf 76' lang='lat' dir='ltr'><strong>revixit</strong></span> <span class='ocrx_word' id='word_1_769' title='bbox 1706 5313 1801 5368; x_wconf 89' lang='lat' dir='ltr'><strong>per</strong></span> <span class='ocrx_word' id='word_1_770' title='bbox 1845 5299 2110 5367; x_wconf 76' lang='lat' dir='ltr'><strong>pteniten-</strong></span> 
     </span>
    </p>
   </div>
   <div class='ocr_carea' id='block_1_98' title="bbox 523 5386 2109 5455">
    <p class='ocr_par' dir='ltr' id='par_1_98' title="bbox 523 5386 2109 5455">
     <span class='ocr_line' id='line_1_98' title="bbox 523 5386 2109 5455; baseline 0.001 -17"><span class='ocrx_word' id='word_1_771' title='bbox 523 5386 652 5439; x_wconf 81' lang='lat' dir='ltr'><strong>tiam</strong></span> <span class='ocrx_word' id='word_1_772' title='bbox 681 5400 697 5449; x_wconf 92' lang='lat'><strong>;</strong></span> <span class='ocrx_word' id='word_1_773' title='bbox 728 5387 966 5455; x_wconf 90' lang='lat' dir='ltr'><strong>perierat</strong></span> <span class='ocrx_word' id='word_1_774' title='bbox 989 5387 1114 5454; x_wconf 90' lang='lat' dir='ltr'><strong>quia</strong></span> <span class='ocrx_word' id='word_1_775' title='bbox 1139 5386 1193 5440; x_wconf 89' lang='lat' dir='ltr'><strong>in</strong></span> <span class='ocrx_word' id='word_1_776' title='bbox 1228 5386 1338 5441; x_wconf 88' lang='lat' dir='ltr'><strong>Deo</strong></span> <span class='ocrx_word' id='word_1_777' title='bbox 1361 5401 1464 5440; x_wconf 88' lang='lat' dir='ltr'><strong>non</strong></span> <span class='ocrx_word' id='word_1_778' title='bbox 1495 5388 1892 5454; x_wconf 87' lang='lat' dir='ltr'><strong>inveniebatur,</strong></span> <span class='ocrx_word' id='word_1_779' title='bbox 1924 5387 2109 5440; x_wconf 83' lang='lat' dir='ltr'><strong>inven-</strong></span> 
     </span>
    </p>
   </div>
   <div class='ocr_carea' id='block_1_99' title="bbox 524 5476 2103 5548">
    <p class='ocr_par' dir='ltr' id='par_1_99' title="bbox 524 5476 2103 5548">
     <span class='ocr_line' id='line_1_99' title="bbox 524 5476 2103 5548; baseline 0.002 -20"><span class='ocrx_word' id='word_1_780' title='bbox 524 5486 612 5530; x_wconf 81' lang='lat' dir='ltr'><strong>tus</strong></span> <span class='ocrx_word' id='word_1_781' title='bbox 641 5489 775 5545; x_wconf 87' lang='lat' dir='ltr'><strong>ergo</strong></span> <span class='ocrx_word' id='word_1_782' title='bbox 809 5478 1009 5531; x_wconf 74' lang='lat' dir='ltr'><strong>cielum</strong></span> <span class='ocrx_word' id='word_1_783' title='bbox 1046 5478 1219 5547; x_wconf 91' lang='lat' dir='ltr'><strong>replet</strong></span> <span class='ocrx_word' id='word_1_784' title='bbox 1252 5476 1473 5548; x_wconf 83' lang='lat' dir='ltr'><strong>gaudio,</strong></span> <span class='ocrx_word' id='word_1_785' title='bbox 1506 5478 1648 5531; x_wconf 89' lang='lat' dir='ltr'><strong>sicut</strong></span> <span class='ocrx_word' id='word_1_786' title='bbox 1682 5477 1947 5546; x_wconf 86' lang='lat' dir='ltr'><strong>scriptum</strong></span> <span class='ocrx_word' id='word_1_787' title='bbox 1975 5489 2060 5532; x_wconf 88' lang='lat' dir='ltr'><strong>est</strong></span> <span class='ocrx_word' id='word_1_788' title='bbox 2090 5495 2103 5531; x_wconf 91' lang='lat'><strong>:</strong></span> 
     </span>
    </p>
   </div>
   <div class='ocr_carea' id='block_1_100' title="bbox 530 5568 2109 5639">
    <p class='ocr_par' dir='ltr' id='par_1_100' title="bbox 530 5568 2109 5639">
     <span class='ocr_line' id='line_1_100' title="bbox 530 5568 2109 5639; baseline 0.003 -19"><span class='ocrx_word' id='word_1_789' title='bbox 530 5588 547 5620; x_wconf 80' lang='grc' dir='ltr'>ι</span> <span class='ocrx_word' id='word_1_790' title='bbox 582 5568 848 5625; x_wconf 87' lang='lat' dir='ltr'><strong>Gaudium</strong></span> <span class='ocrx_word' id='word_1_791' title='bbox 882 5571 990 5624; x_wconf 89' lang='lat' dir='ltr'><strong>erit</strong></span> <span class='ocrx_word' id='word_1_792' title='bbox 1022 5570 1075 5623; x_wconf 90' lang='lat' dir='ltr'><strong>in</strong></span> <span class='ocrx_word' id='word_1_793' title='bbox 1105 5569 1247 5624; x_wconf 67' lang='lat' dir='ltr'><strong>caelo</strong></span> <span class='ocrx_word' id='word_1_794' title='bbox 1280 5584 1442 5639; x_wconf 86' lang='lat' dir='ltr'><strong>super</strong></span> <span class='ocrx_word' id='word_1_795' title='bbox 1474 5584 1580 5622; x_wconf 92' lang='lat' dir='ltr'><strong>uno</strong></span> <span class='ocrx_word' id='word_1_796' title='bbox 1613 5579 1897 5638; x_wconf 88' lang='lat' dir='ltr'><strong>peccatore</strong></span> <span class='ocrx_word' id='word_1_797' title='bbox 1936 5570 2109 5638; x_wconf 70' lang='lat' dir='ltr'><strong>pinni-</strong></span> 
     </span>
    </p>
   </div>
   <div class='ocr_carea' id='block_1_101' title="bbox 522 5656 2109 5731">
    <p class='ocr_par' dir='ltr' id='par_1_101' title="bbox 522 5656 2109 5731">
     <span class='ocr_line' id='line_1_101' title="bbox 522 5656 2109 5731; baseline -0.001 -19"><span class='ocrx_word' id='word_1_798' title='bbox 522 5660 748 5713; x_wconf 77' lang='lat' dir='ltr'><strong>teutiam’</strong></span> <span class='ocrx_word' id='word_1_799' title='bbox 777 5667 994 5731; x_wconf 79' lang='lat' dir='ltr'><strong>agente.</strong></span> <span class='ocrx_word' id='word_1_800' title='bbox 1035 5676 1054 5709; x_wconf 78' lang='grc' dir='ltr'><strong>ι</strong></span> <span class='ocrx_word' id='word_1_801' title='bbox 1095 5657 1237 5724; x_wconf 86' lang='lat' dir='ltr'><strong>Quid</strong></span> <span class='ocrx_word' id='word_1_802' title='bbox 1273 5666 1357 5710; x_wconf 87' lang='lat' dir='ltr'><strong>est</strong></span> <span class='ocrx_word' id='word_1_803' title='bbox 1390 5669 1562 5725; x_wconf 84' lang='lat' dir='ltr'><strong>quare</strong></span> <span class='ocrx_word' id='word_1_804' title='bbox 1597 5656 1898 5726; x_wconf 59' lang='lat' dir='ltr'><strong>pratscrtim</strong></span> <span class='ocrx_word' id='word_1_805' title='bbox 1926 5659 2109 5711; x_wconf 85' lang='lat' dir='ltr'><strong>trista-</strong></span> 
     </span>
    </p>
   </div>
   <div class='ocr_carea' id='block_1_102' title="bbox 525 5748 2123 5819">
    <p class='ocr_par' dir='ltr' id='par_1_102' title="bbox 525 5748 2123 5819">
     <span class='ocr_line' id='line_1_102' title="bbox 525 5748 2123 5819; baseline -0.001 -14"><span class='ocrx_word' id='word_1_806' title='bbox 525 5766 612 5807; x_wconf 87' lang='lat' dir='ltr'><strong>tur</strong></span> <span class='ocrx_word' id='word_1_807' title='bbox 660 5752 847 5807; x_wconf 89' lang='lat' dir='ltr'><strong>senior</strong></span> <span class='ocrx_word' id='word_1_808' title='bbox 889 5750 1083 5806; x_wconf 78' lang='lat' dir='ltr'><strong>ﬁlius?</strong></span> <span class='ocrx_word' id='word_1_809' title='bbox 1118 5749 1281 5816; x_wconf 85' lang='lat' dir='ltr'><strong>Quia,</strong></span> <span class='ocrx_word' id='word_1_810' title='bbox 1329 5748 1534 5818; x_wconf 87' lang='lat' dir='ltr'><strong>inquit,</strong></span> <span class='ocrx_word' id='word_1_811' title='bbox 1585 5764 1864 5819; x_wconf 83' lang='lat' dir='ltr'><strong>nunquam</strong></span> <span class='ocrx_word' id='word_1_812' title='bbox 1915 5751 2123 5811; x_wconf 74' lang='lat' dir='ltr'><strong>dediStL</strong></span> 
     </span>
    </p>
   </div>
   <div class='ocr_carea' id='block_1_103' title="bbox 524 5841 2104 5909">
    <p class='ocr_par' dir='ltr' id='par_1_103' title="bbox 524 5841 2104 5909">
     <span class='ocr_line' id='line_1_103' title="bbox 524 5841 2104 5909; baseline -0.003 -9"><span class='ocrx_word' id='word_1_813' title='bbox 524 5847 652 5900; x_wconf 87' lang='lat' dir='ltr'><strong>mihi</strong></span> <span class='ocrx_word' id='word_1_814' title='bbox 703 5845 939 5909; x_wconf 61' lang='lat' dir='ltr'><strong>haedum,</strong></span> <span class='ocrx_word' id='word_1_815' title='bbox 995 5852 1052 5897; x_wconf 93' lang='lat' dir='ltr'><strong>ut</strong></span> <span class='ocrx_word' id='word_1_816' title='bbox 1094 5857 1217 5897; x_wconf 90' lang='lat' dir='ltr'><strong>cum</strong></span> <span class='ocrx_word' id='word_1_817' title='bbox 1278 5841 1470 5896; x_wconf 87' lang='lat' dir='ltr'><strong>amicis</strong></span> <span class='ocrx_word' id='word_1_818' title='bbox 1510 5842 1646 5894; x_wconf 86' lang='lat' dir='ltr'><strong>meis</strong></span> <span class='ocrx_word' id='word_1_819' title='bbox 1697 5841 1969 5909; x_wconf 71' lang='lat' dir='ltr'><strong>cpularer,</strong></span> <span class='ocrx_word' id='word_1_820' title='bbox 2009 5844 2104 5897; x_wconf 85' lang='lat' dir='ltr'><strong>sed</strong></span> 
     </span>
    </p>
   </div>
   <div class='ocr_carea' id='block_1_104' title="bbox 2213 4644 3806 4719">
    <p class='ocr_par' dir='ltr' id='par_1_104' title="bbox 2213 4644 3806 4719">
     <span class='ocr_line' id='line_1_104' title="bbox 2213 4644 3806 4719; baseline 0.004 -22"><span class='ocrx_word' id='word_1_821' title='bbox 2213 4664 2296 4699; x_wconf 90' lang='grc' dir='ltr'><strong>σει</strong></span> <span class='ocrx_word' id='word_1_822' title='bbox 2351 4646 2461 4698; x_wconf 84' lang='grc' dir='ltr'>τῶν</span> <span class='ocrx_word' id='word_1_823' title='bbox 2512 4644 2706 4711; x_wconf 79' lang='grc' dir='ltr'>ἐθνῶν,</span> <span class='ocrx_word' id='word_1_824' title='bbox 2755 4648 2878 4708; x_wconf 72' lang='grc' dir='ltr'>τοὺς</span> <span class='ocrx_word' id='word_1_825' title='bbox 2923 4648 3278 4718; x_wconf 81' lang='grc' dir='ltr'>Γραμματεῖς</span> <span class='ocrx_word' id='word_1_826' title='bbox 3327 4649 3421 4703; x_wconf 81' lang='grc' dir='ltr'>καὶ</span> <span class='ocrx_word' id='word_1_827' title='bbox 3468 4650 3806 4719; x_wconf 83' lang='grc' dir='ltr'>Φαρισαίους</span> 
     </span>
    </p>
   </div>
   <div class='ocr_carea' id='block_1_105' title="bbox 2213 4738 3804 4811">
    <p class='ocr_par' dir='ltr' id='par_1_105' title="bbox 2213 4738 3804 4811">
     <span class='ocr_line' id='line_1_105' title="bbox 2213 4738 3804 4811; baseline -0.007 -19"><span class='ocrx_word' id='word_1_828' title='bbox 2213 4738 2754 4806; x_wconf 77' lang='grc' dir='ltr'>σκανδαλιζομένους,</span> <span class='ocrx_word' id='word_1_829' title='bbox 2793 4740 2873 4791; x_wconf 83' lang='grc' dir='ltr'>ὅτι</span> <span class='ocrx_word' id='word_1_830' title='bbox 2900 4738 2926 4790; x_wconf 89' lang='lat'><strong>6</strong></span> <span class='ocrx_word' id='word_1_831' title='bbox 2973 4739 3173 4810; x_wconf 82' lang='grc' dir='ltr'>Κύριος</span> <span class='ocrx_word' id='word_1_832' title='bbox 3210 4740 3572 4810; x_wconf 76' lang='grc' dir='ltr'>ἁμαρτωλοὺς</span> <span class='ocrx_word' id='word_1_833' title='bbox 3629 4758 3804 4811; x_wconf 82' lang='grc' dir='ltr'><strong>προσ..</strong></span> 
     </span>
    </p>
   </div>
   <div class='ocr_carea' id='block_1_106' title="bbox 2209 4830 3803 4906">
    <p class='ocr_par' dir='ltr' id='par_1_106' title="bbox 2209 4830 3803 4906">
     <span class='ocr_line' id='line_1_106' title="bbox 2209 4830 3803 4906; baseline 0.006 -25"><span class='ocrx_word' id='word_1_834' title='bbox 2209 4830 2425 4901; x_wconf 77' lang='grc' dir='ltr'>δέχεται</span> <span class='ocrx_word' id='word_1_835' title='bbox 2458 4835 2550 4883; x_wconf 73' lang='grc' dir='ltr'><strong>καὶ</strong></span> <span class='ocrx_word' id='word_1_836' title='bbox 2579 4831 2849 4885; x_wconf 79' lang='grc' dir='ltr'>συνεσθίει</span> <span class='ocrx_word' id='word_1_837' title='bbox 2884 4833 3092 4897; x_wconf 79' lang='grc' dir='ltr'>αὐτοῖς.</span> <span class='ocrx_word' id='word_1_838' title='bbox 3132 4833 3194 4886; x_wconf 78' lang='lat' dir='ltr'><strong>Ei</strong></span> <span class='ocrx_word' id='word_1_839' title='bbox 3219 4834 3277 4887; x_wconf 76' lang='grc' dir='ltr'><strong>δὲ</strong></span> <span class='ocrx_word' id='word_1_840' title='bbox 3310 4836 3404 4887; x_wconf 76' lang='grc' dir='ltr'><strong>καὶ</strong></span> <span class='ocrx_word' id='word_1_841' title='bbox 3431 4836 3560 4906; x_wconf 80' lang='grc' dir='ltr'>περὶ</span> <span class='ocrx_word' id='word_1_842' title='bbox 3590 4835 3696 4888; x_wconf 82' lang='grc' dir='ltr'><strong>τῶν</strong></span> <span class='ocrx_word' id='word_1_843' title='bbox 3716 4835 3803 4891; x_wconf 83' lang='grc' dir='ltr'><strong>δι·</strong></span> 
     </span>
    </p>
   </div>
   <div class='ocr_carea' id='block_1_107' title="bbox 2210 4923 3804 4995">
    <p class='ocr_par' dir='ltr' id='par_1_107' title="bbox 2210 4923 3804 4995">
     <span class='ocr_line' id='line_1_107' title="bbox 2210 4923 3804 4995; baseline 0.004 -21"><span class='ocrx_word' id='word_1_844' title='bbox 2210 4924 2381 4975; x_wconf 86' lang='grc' dir='ltr'>καίων</span> <span class='ocrx_word' id='word_1_845' title='bbox 2410 4931 2568 4975; x_wconf 75' lang='grc' dir='ltr'>τοῦτο</span> <span class='ocrx_word' id='word_1_846' title='bbox 2624 4923 2767 4976; x_wconf 78' lang='grc' dir='ltr'>νοεῖν</span> <span class='ocrx_word' id='word_1_847' title='bbox 2800 4924 3021 4990; x_wconf 79' lang='grc' dir='ltr'>ἐθέλεις,</span> <span class='ocrx_word' id='word_1_848' title='bbox 3057 4925 3111 4978; x_wconf 84' lang='grc' dir='ltr'><strong>τί</strong></span> <span class='ocrx_word' id='word_1_849' title='bbox 3168 4927 3505 4995; x_wconf 62' lang='grc' dir='ltr'>θαυμλσιὸν,</span> <span class='ocrx_word' id='word_1_850' title='bbox 3537 4928 3586 4979; x_wconf 92' lang='grc' dir='ltr'><strong>εί</strong></span> <span class='ocrx_word' id='word_1_851' title='bbox 3618 4928 3713 4980; x_wconf 75' lang='grc' dir='ltr'>καὶ</span> <span class='ocrx_word' id='word_1_852' title='bbox 3773 4930 3804 4982; x_wconf 90' lang='lat'><strong>6</strong></span> 
     </span>
    </p>
   </div>
   <div class='ocr_carea' id='block_1_108' title="bbox 2209 5010 3865 5089">
    <p class='ocr_par' dir='ltr' id='par_1_108' title="bbox 2209 5010 3865 5089">
     <span class='ocr_line' id='line_1_108' title="bbox 2209 5010 3865 5089; baseline 0.007 -28"><span class='ocrx_word' id='word_1_853' title='bbox 2209 5010 2416 5077; x_wconf 86' lang='grc' dir='ltr'>δίκαιος</span> <span class='ocrx_word' id='word_1_854' title='bbox 2456 5011 2777 5087; x_wconf 46' lang='grc' dir='ltr'>ἁγνοεῖμδν</span> <span class='ocrx_word' id='word_1_855' title='bbox 2822 5014 2962 5084; x_wconf 81' lang='grc' dir='ltr'>ὑπὲρ</span> <span class='ocrx_word' id='word_1_856' title='bbox 3025 5017 3204 5070; x_wconf 85' lang='grc' dir='ltr'>πάντα</span> <span class='ocrx_word' id='word_1_857' title='bbox 3234 5015 3360 5070; x_wconf 90' lang='grc' dir='ltr'>νοῦν</span> <span class='ocrx_word' id='word_1_858' title='bbox 3420 5016 3651 5070; x_wconf 88' lang='grc' dir='ltr'>πλοῦτον</span> <span class='ocrx_word' id='word_1_859' title='bbox 3699 5018 3803 5089; x_wconf 77' lang='grc' dir='ltr'>τῆς</span> <span class='ocrx_word' id='word_1_860' title='bbox 3860 5082 3865 5085; x_wconf 98' lang='lat'>_</span> 
     </span>
    </p>
   </div>
   <div class='ocr_carea' id='block_1_109' title="bbox 2207 5094 3804 5175">
    <p class='ocr_par' dir='ltr' id='par_1_109' title="bbox 2207 5094 3804 5175">
     <span class='ocr_line' id='line_1_109' title="bbox 2207 5094 3804 5175; baseline 0.004 -22"><span class='ocrx_word' id='word_1_861' title='bbox 2207 5094 2308 5154; x_wconf 84' lang='grc' dir='ltr'><strong>τοῦ</strong></span> <span class='ocrx_word' id='word_1_862' title='bbox 2327 5100 2460 5155; x_wconf 87' lang='grc' dir='ltr'>Θεοῦ</span> <span class='ocrx_word' id='word_1_863' title='bbox 2494 5103 2860 5173; x_wconf 79' lang='grc' dir='ltr'>χρηστότητος</span> <span class='ocrx_word' id='word_1_864' title='bbox 2899 5108 2913 5170; x_wconf 86' lang='grc'><strong>;</strong></span> <span class='ocrx_word' id='word_1_865' title='bbox 2946 5104 3037 5158; x_wconf 83' lang='grc' dir='ltr'><strong>Διὸ</strong></span> <span class='ocrx_word' id='word_1_866' title='bbox 3070 5104 3164 5157; x_wconf 76' lang='grc' dir='ltr'><strong>καὶ</strong></span> <span class='ocrx_word' id='word_1_867' title='bbox 3206 5104 3603 5175; x_wconf 78' lang='grc' dir='ltr'>παρακαλεῖται</span> <span class='ocrx_word' id='word_1_868' title='bbox 3646 5106 3804 5175; x_wconf 80' lang='grc' dir='ltr'>παρὰ</span> 
     </span>
    </p>
   </div>
   <div class='ocr_carea' id='block_1_110' title="bbox 2208 5193 3798 5266">
    <p class='ocr_par' dir='ltr' id='par_1_110' title="bbox 2208 5193 3798 5266">
     <span class='ocr_line' id='line_1_110' title="bbox 2208 5193 3798 5266; baseline 0.003 -19"><span class='ocrx_word' id='word_1_869' title='bbox 2208 5193 2308 5247; x_wconf 81' lang='grc' dir='ltr'><strong>τοῦ</strong></span> <span class='ocrx_word' id='word_1_870' title='bbox 2356 5194 2538 5247; x_wconf 90' lang='grc' dir='ltr'>κοινοῦ</span> <span class='ocrx_word' id='word_1_871' title='bbox 2583 5194 2821 5266; x_wconf 84' lang='grc' dir='ltr'>Πατρὸς,</span> <span class='ocrx_word' id='word_1_872' title='bbox 2857 5196 2953 5249; x_wconf 75' lang='grc' dir='ltr'>καὶ</span> <span class='ocrx_word' id='word_1_873' title='bbox 2979 5199 3046 5250; x_wconf 79' lang='grc' dir='ltr'><strong>τὰ</strong></span> <span class='ocrx_word' id='word_1_874' title='bbox 3077 5198 3268 5251; x_wconf 83' lang='grc' dir='ltr'>είκὸτα</span> <span class='ocrx_word' id='word_1_875' title='bbox 3324 5197 3658 5261; x_wconf 73' lang='grc' dir='ltr'>διδάσκεται,</span> <span class='ocrx_word' id='word_1_876' title='bbox 3717 5197 3798 5251; x_wconf 80' lang='grc' dir='ltr'><strong>λέ-</strong></span> 
     </span>
    </p>
   </div>
   <div class='ocr_carea' id='block_1_111' title="bbox 2210 5286 3800 5360">
    <p class='ocr_par' dir='ltr' id='par_1_111' title="bbox 2210 5286 3800 5360">
     <span class='ocr_line' id='line_1_111' title="bbox 2210 5286 3800 5360; baseline 0.004 -23"><span class='ocrx_word' id='word_1_877' title='bbox 2210 5286 2571 5355; x_wconf 65' lang='grc' dir='ltr'>γοντοςππρὸς</span> <span class='ocrx_word' id='word_1_878' title='bbox 2600 5287 2766 5339; x_wconf 84' lang='grc' dir='ltr'>αὐτόν</span> <span class='ocrx_word' id='word_1_879' title='bbox 2802 5300 2817 5316; x_wconf 75' lang='grc' dir='ltr'><strong>ο</strong></span> <span class='ocrx_word' id='word_1_880' title='bbox 2850 5288 2924 5340; x_wconf 74' lang='grc' dir='ltr'><strong>Σὺ</strong></span> <span class='ocrx_word' id='word_1_881' title='bbox 2965 5289 3200 5341; x_wconf 80' lang='grc' dir='ltr'>πάντοτε</span> <span class='ocrx_word' id='word_1_882' title='bbox 3244 5292 3362 5357; x_wconf 82' lang='grc' dir='ltr'>μετ’</span> <span class='ocrx_word' id='word_1_883' title='bbox 3398 5290 3535 5360; x_wconf 73' lang='grc' dir='ltr'>ἐμοῦ</span> <span class='ocrx_word' id='word_1_884' title='bbox 3593 5287 3666 5355; x_wconf 75' lang='grc' dir='ltr'><strong>εί,</strong></span> <span class='ocrx_word' id='word_1_885' title='bbox 3698 5291 3800 5360; x_wconf 77' lang='grc' dir='ltr'>τῆς</span> 
     </span>
    </p>
   </div>
   <div class='ocr_carea' id='block_1_112' title="bbox 2210 5375 3799 5453">
    <p class='ocr_par' dir='ltr' id='par_1_112' title="bbox 2210 5375 3799 5453">
     <span class='ocr_line' id='line_1_112' title="bbox 2210 5375 3799 5453; baseline 0.006 -26"><span class='ocrx_word' id='word_1_886' title='bbox 2210 5375 2569 5429; x_wconf 84' lang='grc' dir='ltr'>ἁναλλοιώτου</span> <span class='ocrx_word' id='word_1_887' title='bbox 2602 5378 2946 5447; x_wconf 72' lang='grc' dir='ltr'>εὐφροσύνης</span> <span class='ocrx_word' id='word_1_888' title='bbox 2980 5380 3257 5433; x_wconf 82' lang='grc' dir='ltr'>κοινωνῶν</span> <span class='ocrx_word' id='word_1_889' title='bbox 3288 5395 3301 5409; x_wconf 85' lang='grc'>⁶</span> <span class='ocrx_word' id='word_1_890' title='bbox 3339 5381 3714 5453; x_wconf 81' lang='grc' dir='ltr'>εὐφρανθῆναι</span> <span class='ocrx_word' id='word_1_891' title='bbox 3742 5384 3799 5437; x_wconf 74' lang='grc' dir='ltr'><strong>δὲ</strong></span> 
     </span>
    </p>
   </div>
   <div class='ocr_carea' id='block_1_113' title="bbox 2213 5467 3797 5545">
    <p class='ocr_par' dir='ltr' id='par_1_113' title="bbox 2213 5467 3797 5545">
     <span class='ocr_line' id='line_1_113' title="bbox 2213 5467 3797 5545; baseline 0.004 -22"><span class='ocrx_word' id='word_1_892' title='bbox 2213 5472 2304 5524; x_wconf 74' lang='grc' dir='ltr'><strong>καὶ</strong></span> <span class='ocrx_word' id='word_1_893' title='bbox 2327 5471 2559 5543; x_wconf 80' lang='grc' dir='ltr'>χαρῆναι</span> <span class='ocrx_word' id='word_1_894' title='bbox 2597 5470 2725 5536; x_wconf 79' lang='grc' dir='ltr'>ἔδει,</span> <span class='ocrx_word' id='word_1_895' title='bbox 2760 5470 2841 5523; x_wconf 83' lang='grc' dir='ltr'><strong>ὅτι</strong></span> <span class='ocrx_word' id='word_1_896' title='bbox 2869 5472 2896 5524; x_wconf 92' lang='lat'><strong>6</strong></span> <span class='ocrx_word' id='word_1_897' title='bbox 2928 5471 3157 5542; x_wconf 85' lang='grc' dir='ltr'>ἁδελφός</span> <span class='ocrx_word' id='word_1_898' title='bbox 3183 5489 3281 5526; x_wconf 90' lang='grc' dir='ltr'><strong>σου</strong></span> <span class='ocrx_word' id='word_1_899' title='bbox 3333 5467 3487 5537; x_wconf 76' lang='grc' dir='ltr'>οὗτος</span> <span class='ocrx_word' id='word_1_900' title='bbox 3513 5474 3706 5544; x_wconf 77' lang='grc' dir='ltr'>νεκρὸς</span> <span class='ocrx_word' id='word_1_901' title='bbox 3728 5472 3797 5545; x_wconf 80' lang='grc' dir='ltr'>ἦν</span> 
     </span>
    </p>
   </div>
   <div class='ocr_carea' id='block_1_114' title="bbox 2210 5557 3797 5636">
    <p class='ocr_par' dir='ltr' id='par_1_114' title="bbox 2210 5557 3797 5636">
     <span class='ocr_line' id='line_1_114' title="bbox 2210 5557 3797 5636; baseline 0 -21"><span class='ocrx_word' id='word_1_902' title='bbox 2210 5564 2307 5615; x_wconf 72' lang='grc' dir='ltr'><strong>καὶ</strong></span> <span class='ocrx_word' id='word_1_903' title='bbox 2339 5562 2625 5630; x_wconf 80' lang='grc' dir='ltr'>ἀνέζησεν,</span> <span class='ocrx_word' id='word_1_904' title='bbox 2660 5559 2957 5636; x_wconf 80' lang='grc' dir='ltr'>ἀπολωλὼς</span> <span class='ocrx_word' id='word_1_905' title='bbox 3007 5557 3078 5630; x_wconf 78' lang='grc' dir='ltr'>ἦν</span> <span class='ocrx_word' id='word_1_906' title='bbox 3102 5562 3196 5615; x_wconf 80' lang='grc' dir='ltr'>καὶ</span> <span class='ocrx_word' id='word_1_907' title='bbox 3223 5564 3422 5633; x_wconf 79' lang='grc' dir='ltr'>εὑρέθη</span> <span class='ocrx_word' id='word_1_908' title='bbox 3460 5579 3473 5594; x_wconf 85' lang='lat'><strong><em>°</em></strong></span> <span class='ocrx_word' id='word_1_909' title='bbox 3501 5564 3695 5635; x_wconf 80' lang='grc' dir='ltr'>νεκρὸς</span> <span class='ocrx_word' id='word_1_910' title='bbox 3729 5561 3797 5636; x_wconf 77' lang='grc' dir='ltr'>ἦν</span> 
     </span>
    </p>
   </div>
   <div class='ocr_carea' id='block_1_115' title="bbox 2210 5652 3798 5729">
    <p class='ocr_par' dir='ltr' id='par_1_115' title="bbox 2210 5652 3798 5729">
     <span class='ocr_line' id='line_1_115' title="bbox 2210 5652 3798 5729; baseline 0 -20"><span class='ocrx_word' id='word_1_911' title='bbox 2210 5660 2277 5726; x_wconf 78' lang='grc' dir='ltr'>τῇ</span> <span class='ocrx_word' id='word_1_912' title='bbox 2316 5657 2582 5729; x_wconf 78' lang='grc' dir='ltr'>ἁμαρτίᾳ,</span> <span class='ocrx_word' id='word_1_913' title='bbox 2618 5658 2711 5709; x_wconf 75' lang='grc' dir='ltr'><strong>καὶ</strong></span> <span class='ocrx_word' id='word_1_914' title='bbox 2743 5655 2977 5725; x_wconf 68' lang='grc' dir='ltr'>ἁνέζησε</span> <span class='ocrx_word' id='word_1_915' title='bbox 3011 5659 3077 5726; x_wconf 82' lang='grc' dir='ltr'>τῇ</span> <span class='ocrx_word' id='word_1_916' title='bbox 3113 5652 3409 5725; x_wconf 56' lang='grc' dir='ltr'>μετανοίᾳ,</span> <span class='ocrx_word' id='word_1_917' title='bbox 3434 5656 3531 5709; x_wconf 76' lang='grc' dir='ltr'>καὶ</span> <span class='ocrx_word' id='word_1_918' title='bbox 3579 5657 3798 5709; x_wconf 77' lang='grc' dir='ltr'>ἀπολω-</span> 
     </span>
    </p>
   </div>
   <div class='ocr_carea' id='block_1_116' title="bbox 2211 5745 3797 5819">
    <p class='ocr_par' dir='ltr' id='par_1_116' title="bbox 2211 5745 3797 5819">
     <span class='ocr_line' id='line_1_116' title="bbox 2211 5745 3797 5819; baseline -0.003 -18"><span class='ocrx_word' id='word_1_919' title='bbox 2211 5750 2319 5812; x_wconf 84' lang='grc' dir='ltr'>λὼς</span> <span class='ocrx_word' id='word_1_920' title='bbox 2357 5745 2447 5819; x_wconf 80' lang='grc' dir='ltr'>ἦν,</span> <span class='ocrx_word' id='word_1_921' title='bbox 2475 5748 2555 5809; x_wconf 79' lang='grc' dir='ltr'>ὡς</span> <span class='ocrx_word' id='word_1_922' title='bbox 2591 5748 2668 5818; x_wconf 75' lang='grc' dir='ltr'>μὴ</span> <span class='ocrx_word' id='word_1_923' title='bbox 2697 5749 3086 5819; x_wconf 76' lang='grc' dir='ltr'>εὑρισκόμενος</span> <span class='ocrx_word' id='word_1_924' title='bbox 3113 5748 3172 5799; x_wconf 85' lang='grc' dir='ltr'>ὲν</span> <span class='ocrx_word' id='word_1_925' title='bbox 3221 5745 3299 5817; x_wconf 81' lang='grc' dir='ltr'>τῷ</span> <span class='ocrx_word' id='word_1_926' title='bbox 3332 5746 3451 5817; x_wconf 86' lang='grc' dir='ltr'><strong>Θεῴ</strong></span> <span class='ocrx_word' id='word_1_927' title='bbox 3489 5762 3504 5776; x_wconf 83' lang='lat'><strong>&#39;</strong></span> <span class='ocrx_word' id='word_1_928' title='bbox 3553 5748 3797 5817; x_wconf 76' lang='grc' dir='ltr'>εὑρεθεὶς</span> 
     </span>
    </p>
   </div>
   <div class='ocr_carea' id='block_1_117' title="bbox 2214 5842 3794 5915">
    <p class='ocr_par' dir='ltr' id='par_1_117' title="bbox 2214 5842 3794 5915">
     <span class='ocr_line' id='line_1_117' title="bbox 2214 5842 3794 5915; baseline 0.002 -20"><span class='ocrx_word' id='word_1_929' title='bbox 2214 5842 2308 5895; x_wconf 73' lang='grc' dir='ltr'>οὖν</span> <span class='ocrx_word' id='word_1_930' title='bbox 2341 5843 2515 5915; x_wconf 84' lang='grc' dir='ltr'>χαρᾶς</span> <span class='ocrx_word' id='word_1_931' title='bbox 2544 5844 2741 5915; x_wconf 75' lang='grc' dir='ltr'>πληροῖ</span> <span class='ocrx_word' id='word_1_932' title='bbox 2790 5842 2878 5896; x_wconf 87' lang='grc' dir='ltr'>τὸν</span> <span class='ocrx_word' id='word_1_933' title='bbox 2933 5843 3189 5915; x_wconf 77' lang='grc' dir='ltr'>οὐρανὸν,</span> <span class='ocrx_word' id='word_1_934' title='bbox 3233 5842 3375 5898; x_wconf 83' lang='grc' dir='ltr'><strong>καθὰ</strong></span> <span class='ocrx_word' id='word_1_935' title='bbox 3435 5843 3794 5914; x_wconf 83' lang='grc' dir='ltr'>γέγραπται·</span> 
     </span>
    </p>
   </div>
  </div>
