4090 6456
2385 257 2411 269 η

443 358 516 424 45
1813 327 2180 421 ἨοΜιιιΑ
2213 353 2327 418 nt.
3681 362 3744 425 ιδ

453 497 471 530 ι
507 473 664 547 xm
694 475 902 543 γίνεται
933 473 992 528 ἐν
1034 473 1250 547 οὐρανῷ
1275 474 1367 530 ἐπὶ
1396 469 1477 530 évi.
1522 474 1836 547 ἁμαρτωλῷ
1873 493 2032 546 μετα-

2146 484 2430 544 postquam
2461 471 2601 526 ﬁlius
2629 479 2752 528 tuus
2782 471 2893 538 hic,
2920 473 3010 542 qui
3050 471 3337 528 devoravit
3373 470 3741 533 substantiam

441 569 670 624 νοοῦντι.
699 588 718 622 ι
761 569 828 622 Τί
861 568 919 623 δέ
944 569 1084 634 ἐστι,
1113 556 1186 622 διὂ
1213 568 1243 622 ὃ
1276 568 1514 640 μάλιστα
1552 567 1806 621 λυπεῖται
1855 570 1882 621 ὁ
1909 585 2046 638 πρε-

453 665 716 736 σὸύτερος
752 664 907 729 υίός;
957 663 1040 717 ὅτι
1083 663 1230 734 ἐμοὶ,
1291 663 1476 733 φησιν,
1530 662 1790 716 οὐδέποτε
1835 662 2045 724 ἔδωκας

447 758 653 827 ἔριφον,
689 757 778 810 ἵνα
819 755 1094 827 μετὰτῶν
1129 755 1298 824 φίλων
1332 771 1433 826 μου
1467 753 1785 824 εὐφρανθῶ,
1811 755 1900 806 ὅτε
1931 754 1987 807 δέ
2015 753 2046 806 ὀ

445 852 556 913 υἱός
595 867 690 903 σου
750 843 924 914 οὗτος,
971 850 998 901 ὁ
1054 848 1392 918 καταφαγών
1463 865 1557 900 σου
1590 847 1680 900 τὸν
1719 847 1837 917 βίον
1894 846 2042 916 μετὰ

440 943 677 1014 πορνῶν,
729 938 915 1012 ἢλθεν,
955 939 1156 1004 ἔθυσας
1185 939 1333 1010 αὐτῷ
1358 939 1450 994 τὸν
1475 941 1675 1010 μόσχον
1723 939 1814 992 τὸν
1862 956 2046 991 σιτευ-

442 1037 538 1090 τόν
566 1052 579 1066 ·
606 1037 831 1089 τοσοῦτο
859 1037 970 1106 γὰρ
1000 1035 1062 1088 τὸ
1095 1034 1439 1105 ὑπερϐάλλον
1467 1033 1573 1087 τῶν
1599 1034 1679 1096 είς
1713 1034 1864 1102 ἡμᾶς
1890 1048 2046 1104 χαρι-

442 1128 774 1199 σμάτωντοῦ
794 1129 959 1197 Θεοῦ,
987 1128 1088 1198 l7
1122 1129 1204 1181 ὅτι
1234 1131 1330 1181 καὶ
1356 1128 1408 1180 oi
1434 1126 1658 1195 ἄγγελοι
1688 1127 2046 1198 ἐπεθύμησαν

440 1221 768 1290 παρακύψαι
801 1222 882 1284 είς
904 1221 974 1275 τὰ
1012 1219 1347 1292 χαρισθέντα
1380 1219 1469 1272 διά
1513 1219 1612 1290 τῆς
1656 1218 1824 1272 αὑτοῦ
1881 1221 2044 1274 ἐναν-

446 1314 784 1386 θρωπήσεως
840 1316 1004 1385 ἡμῖν,
1065 1313 1212 1368 καθά
1252 1330 1420 1384 φησιν
1462 1312 1490 1365 ὁ
1559 1314 1865 1382 κορυφαῖος
1937 1314 2047 1367 τῶν

435 1409 780 1462 Ἀποστόλων
815 1407 1042 1478 Πέτρος.
1062 1407 1224 1461 Ἀλλὰ
1251 1409 1348 1460 κα)⁸
1370 1409 1421 1459 οἱ
1444 1407 1643 1461 δίκαιοι
1669 1407 2046 1479 ἐπεθύμησαν

436 1503 534 1556 καὶ
571 1502 677 1572 πρὸ
723 1501 1023 1571 καιροῦδι⁹
1049 1500 1189 1553 αὐτὰ
1221 1501 1396 1554 ἐλθεῖν
1417 1501 1510 1553 τὸν
1541 1500 1806 1572 Χριστὸν,
1832 1499 1907 1563 ὡς
1948 1500 2043 1554 καὶ

446 1595 694 1665 ’Δϐραὰμ
708 1596 1056 1666 ἐπεθύμησεν
1076 1595 1206 1648 ίδεῖν
1235 1594 1334 1664 τὴν
1359 1593 1576 1666 ἡμέραν
1607 1582 1799 1648 αὐτοῦ’·
1824 1596 1853 1646 ὁ
1881 1593 1940 1646 δὲ
1960 1594 2049 1647 τό-

434 1701 495 1738 τε
518 1686 617 1739 οὐκ
634 1681 791 1755 ἦλθε,
819 1685 915 1738 καὶ
931 1685 1021 1737 ὅτε
1039 1679 1228 1754 ἦλθεν,
1250 1685 1351 1739 οὐκ
1374 1680 1512 1756 ἦλθε
1538 1684 2042 1748 καλέσαιδικαίους.

438 1777 578 1832 ἀλλὰ
599 1779 957 1847 ἁμαρτωλοὺς
981 1779 1062 1840 είς
1077 1777 1389 1846 μετάνοιαν,
1410 1777 1506 1831 καὶ
1530 1777 1672 1847 ὑπὲρ
1694 1778 1871 1832 αὐτῶν
1891 1777 2046 1847 μάλι-

435 1887 538 1925 στα
574 1870 903 1941 σταυροῦται
929 1870 957 1921 ὁ
981 1871 1082 1940 τὴν
1108 1870 1388 1941 ἁμαρτίαν
1418 1869 1590 1942 αἴρων
1638 1870 1731 1923 τοῦ
1778 1870 1988 1940 κόσμου
2022 1886 2035 1899 ·

431 1965 939 2035 ῦπερεπερίσσευσε
997 1965 1106 2035 γὰρ
1162 1965 1194 2032 ἡ
1236 1964 1422 2036 χάρις,
1458 1965 1594 2017 ὅπου
1638 1965 1966 2018 ἐπλεόνασεν
2002 1967 2036 2034 ἠ

432 2059 699 2129 ἁμαρτία.
748 2057 872 2110 Ὅτι
920 2057 976 2110 δὲ
1029 2055 1143 2110 τῶν
1209 2057 1438 2111 δικαίων
1470 2059 1773 2124 αἰτούντων
1814 2059 1940 2112 ούδέ
1977 2057 2036 2111 ἓν

435 2151 544 2202 τῶν
569 2148 776 2218 ἐρίφων
808 2147 1022 2213 δίδωσι,
1054 2147 1309 2200 τουτέστι
1345 2147 1456 2200 τῶν
1513 2147 1883 2218 ἁμαρτωλῶν,
1935 2165 2033 2202 σα-

432 2243 530 2311 φὲς
560 2245 691 2312 ἡμῖν
714 2241 939 2310 γέγονεν
967 2241 1031 2293 ἐκ
1053 2257 1114 2292 τε
1150 2238 1329 2294 ἄλλων
1362 2241 1465 2293 οὐκ
1503 2240 1724 2308 ὀλίγων,
1784 2241 1879 2295 καὶ
1925 2240 2034 2294 ἀπὸ

429 2337 529 2404 τῆς
557 2335 695 2388 κατά
725 2335 818 2388 τὸν
863 2332 1008 2404 ἱερὸν
1031 2333 1128 2386 καὶ
1170 2333 1444 2402 μακάριον
1491 2333 1726 2403 Κάρπον
1760 2335 2032 2400 ὀπτασίας

434 2430 690 2498 μάλιστα.
727 2420 900 2490 Οὗτος
924 2425 1034 2498 γάρ
1073 2427 1133 2478 οὑ
1164 2427 1327 2495 μόνον
1348 2425 1452 2480 ούκ
1491 2427 1740 2498 ἠκούσθη
1768 2427 2033 2500 πονηρῶν

429 2539 591 2576 τινων
644 2519 857 2588 ἀνδρῶν
915 2519 1296 2590 ἐπαρώμενος,
1347 2523 1456 2574 καὶ
1503 2520 1711 2575 δίκαιον
1736 2522 1838 2575 οὐκ
1889 2517 2031 2575 εἶναι

429 2616 624 2682 λέγων,
659 2616 708 2666 εί
731 2611 898 2676 ζῶσιν
928 2612 1122 2682 ἄνδρες
1153 2612 1330 2678 ἄθεοι,
1365 2612 1462 2666 καὶ
1491 2613 1908 2683 διαστρέφοντες
1931 2613 2031 2676 τὰς

427 2707 582 2770 ὁδοὺς
611 2705 814 2776 Κυρίου
843 2706 940 2768 τὰς
968 2704 1211 2769 εὐθείας,
1272 2705 1412 2759 ἀλλὰ
1460 2706 1556 2760 καὶ
1611 2706 1761 2768 θείας
1816 2709 2026 2776 ἀγανα-

437 2799 686 2869 κτήσεως
737 2797 1030 2870 ἐπειράθη,
1059 2799 1154 2852 καὶ
1201 2798 1658 2867 φρικωδεστάτων
1689 2799 1850 2852 τινῶν
1895 2799 2032 2852 ἐπύ-

337 2937 350 2949 .
430 2890 553 2944 θετο
583 2891 777 2959 λόγων,
810 2891 948 2959 πρὸς
977 2889 1280 2958 ἐπίγνωσιν
1303 2891 1406 2955 τῆς
1460 2891 1706 2962 ἀρρήτου
1748 2892 1846 2945 καὶ
1888 2891 2027 2960 ὑπὲρ

429 2981 556 3037 νοῦν
613 2981 764 3046 θείας
805 2982 1006 3053 ἀνοχῆς
1061 2981 1533 3065 ἐναγόντωνηκαὶ
1587 2981 1666 3052 μὴ
1729 2982 1892 3052 μόνον
1925 2985 2026 3035 οὐκ

429 3073 744 3145 ἐπαρᾶσθαι
777 3073 1101 3141 πειθόντων,
1130 3073 1268 3127 ἀλλὰ
1297 3073 1524 3127 καὶτῶν
1552 3075 1608 3127 ἐν
1633 3075 1872 3146 πονηρίᾳ
1888 3074 2027 3139 ζών-

2150 585 2304 625 suam
2334 583 2456 622 cmn
2487 566 2890 632 meretricibus,
2921 567 3093 634 venit,
3127 567 3376 621 occidisti
3405 567 3478 620 illi
3511 568 3736 621 vitulum

2150 662 2481 731 saginatum.
2507 657 2639 714 Nam
2675 669 2821 714 tanta
2852 668 3001 724 sunt,
3033 669 3251 728 tamque
3298 659 3497 714 eximia
3527 660 3747 714 charis-

2152 767 2296 810 mata
2331 771 2358 808 a
2382 755 2489 809 Deo
2518 755 2674 809 nobis
2695 755 2961 818 exhibita,
2995 763 3055 808 ut
3083 754 3262 824 angeli
3295 753 3393 823 ipsi
3430 755 3746 808 desiderent:

2155 847 2471 916 prOSpicere
2503 846 2555 898 in
2591 845 2801 913 gratias
2829 860 2924 912 per
2960 843 3081 912 ejus
3121 844 3557 898 incarnationem
3589 846 3746 902 nobis

2152 935 2335 1000 datas,
2372 930 2534 1006 prout
2554 937 2689 989 dixit
2715 936 3041 1006 eoryphaeus
3064 936 3436 1004 apostolorum
3465 937 3744 992 Petrus”.

2151 1028 2294 1084 Justi
2331 1029 2496 1084 etiam
2535 1039 2760 1098 propter
2794 1029 2882 1081 illa
2917 1027 3186 1082 beneﬁcia
3217 1029 3663 1083 desideraverunt
3693 1031 3744 1082 in

2152 1139 2252 1180 suo
2287 1132 2536 1192 tempore
2570 1121 2855 1178 Christum
2889 1122 3097 1184 venire,
3127 1122 3269 1176 sicut
3293 1123 3565 1176 Abraham
3598 1123 3748 1176 «tesi--

2150 1217 2358 1273 deravit
2396 1218 2538 1272 diem
2573 1217 2689 1284 ejus
2716 1215 2942 1281 videre;
2969 1215 3057 1269 ille
3083 1225 3264 1270 autem
3291 1226 3416 1269 tunc
3444 1231 3548 1268 non
3574 1218 3746 1284 venit,

2151 1322 2206 1366 et
2235 1312 2453 1382 quando
2484 1310 2631 1364 venit
2662 1325 2767 1363 non
2803 1309 2952 1364 venit
2988 1323 3185 1364 vocare
3208 1309 3526 1378 justos,setl
3557 1326 3749 1379 pecea-

2154 1418 2301 1462 tores
2333 1406 2399 1461 ad
2434 1405 2834 1475 paenitentiam.
2873 1413 2926 1457 et
2951 1411 3174 1472 propter
3204 1403 3304 1456 bos
3325 1404 3380 1457 in
3402 1403 3593 1472 primis
3619 1419 3712 1457 cru
3734 1435 3746 1445 -

2153 1498 2347 1552 ciﬁxns
2405 1509 2490 1551 est
2544 1497 2634 1566 qui
2701 1495 2841 1550 tollit
2894 1507 3119 1564 peccata
3177 1496 3402 1560 mundi;
3464 1511 3590 1549 nam
3654 1499 3745 1550 ubi

2151 1591 2456 1646 abundavit
2476 1591 2754 1655 delictum,
2783 1590 2852 1644 ibi
2873 1589 3342 1658 superabundavit
3367 1591 3564 1657 gratia.
3589 1590 3744 1656 Quod

2151 1685 2526 1756 ﬂagitantibus
2556 1684 2720 1753 justis
2765 1697 2864 1737 nec
2903 1698 3072 1737 unum
3124 1685 3217 1736 dat
3267 1683 3506 1748 haedum,
3561 1682 3613 1736 id
3662 1693 3746 1737 est

2155 1786 2500 1848 peccatorem
2551 1776 2901 1829 manifestum
2951 1775 3108 1829 nobis
3141 1775 3348 1829 factum
3393 1783 3476 1828 est
3515 1789 3576 1828 ex
3615 1777 3742 1829 aliis

2153 1885 2258 1925 non
2286 1870 2479 1938 paucis
2509 1879 2563 1924 et
2598 1869 2902 1938 prmsertim
2935 1883 2999 1922 ex
3027 1870 3278 1938 exemplo
3311 1869 3482 1924 sancti
3513 1881 3564 1923 et
3598 1869 3742 1922 beati

2149 1963 2341 2032 Carpi.
2373 1961 2510 2016 Nam
2547 1960 2653 2016 iste
2678 1973 2792 2016 non
2823 1963 3002 2017 solum
3032 1976 3139 2015 non
3172 1962 3465 2016 exauditus
3497 1972 3581 2014 est
3614 1977 3744 2030 ρετι-

2146 2057 2228 2112 vis
2259 2057 2588 2126 quibusdam
2623 2056 2758 2110 viris
2785 2055 3136 2118 maledicens,
3163 2063 3216 2108 et
3245 2056 3452 2124 justum
3482 2071 3589 2107 nun
3617 2070 3741 2109 esse

2145 2152 2340 2205 dicens
2388 2153 2432 2206 si
2472 2151 2655 2205 vivant
2712 2150 2963 2203 homines
2997 2149 3120 2201 sine
3158 2149 3288 2212 Deo,
3341 2156 3735 2201 eouvertentes

2144 2245 2262 2299 ‘vias
2287 2243 2498 2297 Domini
2530 2254 2730 2305 rectas,
2767 2243 2861 2296 sed
2896 2243 3060 2294 etiam
3094 2241 3333 2294 divinam
3365 2248 3624 2309 expertus
3651 2249 3739 2308 est

2140 2336 2599 2407 indignationem,
2644 2335 2922 2402 durosque
2955 2332 3164 2387 audivit
3200 2346 3484 2384 sermones
3529 2331 3732 2400 quibus

2143 2430 2484 2483 excitaretur
2511 2427 2575 2480 ad
2611 2418 3017 2496 agnoscendatn
3076 2422 3406 2477 ineﬂ’abilcm
3438 2430 3494 2476 et
3526 2423 3740 2476 incom-

2142 2521 2571 2591 prehensibilem
2619 2521 2709 2573 Dei
2751 2518 3102 2587 sapientiam.
3151 2531 3361 2570 necnon
3412 2518 3739 2571 suaderetur

2138 2626 2248 2664 non
2297 2611 2626 2665 maledicere
2670 2609 2804 2662 viris
2856 2609 2908 2661 in
2964 2608 3207 2676 nequitia
3246 2607 3578 2670 viventibus,
3630 2609 3739 2660 Deo

2139 2702 2304 2755 etiam
2357 2701 2466 2755 illis
2508 2699 2774 2770 largiente
2839 2708 3048 2766 tempus
3104 2698 3466 2766 paenitentiae.
3515 2697 3644 2762 Qua-
3682 2705 3741 2750 ut

2137 2793 2455 2850 ostenderet
2480 2792 2625 2848 Deus
2665 2794 3075 2863 ptenitentium,
3116 2791 3283 2846 Pater
3318 2791 3736 2846 misericordia-

2137 2903 2281 2950 rum,
2314 2896 2370 2942 et
2394 2897 2453 2939 ttt
2485 2887 2708 2940 adderet
2739 2887 2994 2952 quoniam
3024 2885 3305 2941 conversis
3337 2899 3432 2953 per
3466 2885 3739 2954 poeniten-

2138 2982 2273 3034 tiam
2308 2994 2508 3050 magna
2537 2979 2996 3047 mmulatioueque
3017 2978 3178 3048 digna
3208 2976 3406 3031 tribuit
3445 2975 3736 3040 benefit-ia,

2135 3077 2207 3130 ita
2235 3073 2509 3130 ordinavit
2537 3072 2875 3141 parabolam.

430 3190 557 3236 των,
610 3172 704 3224 τοῦ
756 3171 892 3225 Θεοῦ
958 3170 1155 3240 καιρὸν
1206 3171 1290 3223 ἔτι
1349 3172 1641 3242 μετανοίας
1683 3174 2021 3243 παρέχοντος
2059 3173 2311 3235 ἐκείνοις.
2350 3171 2468 3225 Ἵνα
2534 3169 2716 3224 τοίνυν
2751 3168 2910 3222 τοῦτο
2947 3167 3101 3240 δείξῃ
3147 3169 3175 3221 ὁ
3205 3167 3340 3232 Θεὸς
3395 3170 3505 3222 τῶν
3569 3184 3738 3238 μετα⁴

433 3261 717 3324 νοούντων,
747 3262 774 3313 ὁ
831 3261 1022 3332 Πατὴρ
1042 3259 1152 3312 τῶν
1190 3261 1516 3332 οἰκτιρμῶν,
1544 3264 1639 3316 καὶ
1674 3263 1759 3316 ἵνα
1791 3264 2291 3334 προσπαραστήσῃ,
2324 3263 2406 3316 ὅτι
2457 3264 2570 3326 τοῖς
2624 3260 2714 3314 διὰ
2765 3260 3056 3332 μετανοίας
3101 3260 3486 3330 ἐπιστραφεῖσι
3523 3260 3737 3330 μεγάλα

429 3353 526 3406 καὶ
548 3351 813 3421 ἐπίφθονα
835 3352 989 3423 δῶρα
1021 3352 1262 3419 δίδωσιν,
1299 3352 1444 3408 οὕτω
1464 3355 1685 3425 διέθηκε
1708 3356 1808 3424 τὴν
1843 3357 2191 3428 παραϐολήν.
3033 3359 3036 3364 ’

513 3450 939 3522 Ἐπιλαϐώμεθα
980 3446 1077 3505 οὖν
1121 3453 1217 3506 καὶ
1257 3455 1441 3523 ἡμεῖς,
1474 3453 1724 3522 ἀδελφοὶ,
1755 3454 1824 3507 δι’
1855 3455 2022 3526 ἔργου

2203 3454 2311 3508 Nos
2348 3468 2587 3525 quoque,
2632 3452 2853 3516 fratres,
2889 3453 3246 3507 emeutlemus
3280 3467 3384 3506 nos
3425 3467 3523 3523 per
3567 3466 3733 3523 Opera

429 3542 528 3612 τῆς
564 3541 879 3612 μετανοίας,
944 3543 1356 3614 άποταξὼμεθα
1396 3544 1475 3616 τῷ
1505 3546 1736 3616 πονηρῷ
1782 3547 1879 3600 καὶ
1909 3549 2024 3609 τοῖς

432 3635 776 3706 βοσκήμασιν
834 3635 1040 3688 αὐτοῦ·
1075 3637 1450 3706 ἀποσχώμεθα
1511 3638 1621 3692 τῶν
1664 3640 1890 3710 χοίρων,
1929 3641 2027 3692 καὶ

432 3727 540 3781 τῶν
568 3729 767 3791 αὐτοὺς
795 3729 1108 3799 τρεφόντων
1141 3732 1442 3801 κερατίων,
1472 3731 1723 3799 δηλονότι
1767 3732 1876 3784 τῶν
1903 3733 2027 3802 βδε-

434 3819 612 3889 λυρῶν
640 3821 851 3885 παθῶν,
889 3822 984 3874 καὶ
1013 3821 1126 3874 τῶν
1156 3821 1368 3884 τούτοις
1399 3823 1820 3894 προσκειμένων
1841 3839 1857 3858 ·
1891 3827 2027 3876 dit-to-

436 3917 649 3985 στῶμεν
703 3916 805 3985 τῆς
869 3917 1121 3987 ¹ιιεονηρᾶς
1174 3917 1371 3986 νομῆς,
1412 3917 1663 3971 τουτέστι
1695 3918 1796 3987 τῆς
1845 3917 2028 3988 κακῆς

436 4007 721 4078 συνηθείας
743 4024 757 4038 ο
823 4007 1092 4079 φύγωμεν
1124 4007 1225 4076 τὴν
1276 4008 1387 4061 τῶν
1433 4008 1628 4062 παθῶν
1663 4010 1870 4080 χώραν,
1905 4011 2028 4082 ἣτις

432 4099 582 4154 ἐστὶν
612 4101 840 4155 ἀπιστία
883 4099 980 4153 καὶ
1035 4099 1314 4170 ἀπληστία
1363 4104 1457 4153 καὶ
1514 4101 1780 4172 ἀκρασία,
1842 4103 1901 4155 ἐν
1928 4095 2018 4165 αἷς

431 4195 589 4264 λιμὸς
619 4193 837 4265 ίσχυρὸς
867 4194 976 4248 τῶν
1022 4193 1248 4263 ἀγαθῶν
1271 4193 1508 4264 γίνεται,
1541 4197 1639 4248 καὶ
1669 4192 1830 4264 λιμοῦ
1856 4194 2028 4265 χείρω

431 4286 580 4355 πάθη
601 4301 613 4315 ·
650 4286 948 4356 δράμωμεν
979 4286 1118 4355 πρὸς
1173 4285 1268 4340 τὸν
1299 4285 1528 4356 Πατέρα
1557 4286 1658 4356 τῆς
1686 4285 2024 4357 ἀφθαρσίας,

430 4378 522 4430 τὸν
545 4377 745 4448 δοτῆρα
779 4379 878 4448 τῆς
915 4376 1086 4448 ζωῆς,
1155 4379 1256 4450 τὴν
1291 4379 1410 4432 ὁδὸν
1463 4379 1562 4449 τῆς
1596 4379 1746 4449 ζωῆς
1774 4378 1864 4432 διὰ
1917 4378 2028 4432 τῶν

430 4471 642 4543 ἀρετῶν
675 4471 1000 4542 βαδίσαντες
1024 4488 1039 4503 ο
1071 4473 1190 4525 ἐκεῖ
1210 4471 1321 4543 γάρ
1347 4472 1512 4526 αὐτὸν
1550 4472 1862 4543 εὑρήσομεν
1889 4471 2029 4542 πρὸς

432 4567 677 4636 ύπαντὴν
711 4566 816 4619 ὑπὸ
854 4565 1271 4636 φιλανθρωπίας
1321 4565 1643 4634 ἐξελθόντα,
1686 4570 1780 4621 καὶ
1805 4567 2030 4639 χαριζό-

436 4674 596 4728 μενον
619 4660 750 4728 ἡμῖν
771 4658 872 4728 τὴν
901 4657 1097 4728 ἄφεσιν
1120 4658 1233 4712 τῶν
1272 4659 1566 4732 ἁμαρτιῶν
1600 4661 1782 4731 ἡμῶν,
1815 4663 1877 4714 τὸ
1906 4661 2030 4714 σύν-

432 4751 582 4821 θημα
603 4751 702 4820 τῆς
740 4751 1079 4821 ἀφθαρσίας,
1114 4753 1205 4806 τὸν
1242 4739 1550 4822 άρῤαόῶνα
1583 4753 1684 4824 τῆς
1719 4755 2029 4825 μελλούσης

2135 3547 2492 3620 poenitentia,
2517 3548 2967 3602 abrenuntiemus
2994 3545 3232 3612 maligno
3259 3555 3310 3600 et
3336 3546 3553 3616 pascuis
3580 3548 3732 3614 ejus;

2132 3643 2511 3696 abstineamus
2537 3639 2723 3708 porcis
2760 3645 2815 3691 et
2849 3635 3066 3706 siliquis
3091 3637 3290 3705 quibus
3322 3648 3644 3700 vescuntur,
3679 3639 3730 3691 id

2131 3743 2216 3788 est
2258 3731 2508 3800 turpibus
2562 3728 2952 3799 cupiditatibus
3001 3728 3243 3795 virisque
3275 3727 3396 3781 istis
3443 3729 3727 3798 indulgen-

2133 3827 2296 3892 tibtts,
2315 3836 2672 3878 amoveantur
2688 3819 2912 3881 afnoxiis
2931 3818 3167 3888 pabulis,
3187 3819 3395 3875 scilicet
3413 3835 3439 3872 a
3460 3824 3735 3890 perversis

2132 3916 2662 3979 consuetudinibus;
2695 3911 2965 3982 fugiamus
2989 3900 3275 3965 libidinum
3309 3912 3582 3980 regionem
3615 3929 3734 3984 qua:

2133 4021 2213 4066 eSt
2236 4008 2547 4071 infidelitas,
2569 4007 2693 4076 gula
2712 4015 2770 4062 et
2795 4003 3215 4074 intemperantia
3235 4004 3286 4057 in
3309 4003 3504 4072 quibus
3530 4005 3710 4059 inve’ni
3735 4038 3739 4042 -

2133 4113 2216 4158 tur
2245 4103 2416 4157 fames
2435 4101 2608 4155 valida
2634 4099 2888 4168 fameque
2906 4097 3118 4169 pejores
3138 4097 3423 4164 libidines;
3448 4112 3735 4153 eurrauuts

2133 4198 2199 4253 ad
2248 4197 2466 4252 Patrem
2498 4193 3056 4262 incorruptibilitatis,
3103 4191 3169 4246 ad
3221 4191 3538 4262 largitorem
3587 4195 3732 4259 vitae,

2134 4292 2199 4346 ad
2227 4293 2372 4345 viam
2395 4290 2518 4343 vitae
2550 4301 2647 4359 per
2670 4287 2904 4340 virtutes
2934 4285 3250 4338 incedentes
3278 4301 3294 4350 ;
3333 4285 3404 4337 ibi
3433 4285 3574 4338 enim
3609 4302 3731 4338 eum

2134 4385 2443 4441 videbimus
2473 4383 2539 4436 ad
2592 4395 2882 4438 occursum
2923 4378 3156 4449 benigne
3196 4387 3514 4442 exeuntem,
3545 4390 3599 4431 et
3631 4381 3730 4434 do-

2133 4490 2357 4535 nantem
2391 4477 2551 4532 nobis
2577 4475 2961 4530 remissionem
2997 4481 3350 4543 peccatorum
3390 4482 3729 4538 nostrormn,

2135 4569 2678 4640 incorruptibilitatis
2719 4569 2939 4638 pignus,
2982 4567 3178 4619 arrhas
3208 4555 3734 4621 futurzedtazredita-

2133 4667 2225 4722 tis.
2249 4665 2340 4720 Sic
2365 4666 2506 4718 lilius
2535 4664 2820 4732 prodigus,
2857 4671 3018 4730 prout
3041 4676 3068 4712 a
3094 4659 3380 4713 Salvatore
3411 4658 3730 4725 didicimus,

2141 4758 2389 4830 quandiu
2411 4759 2466 4812 in
2499 4757 2722 4826 regione
2755 4755 3114 4825 cupiditatum
3152 4754 3438 4816 remansit,
3477 4754 3608 4808 licet
3636 4769 3736 4807 ex~

431 4843 820 4914 κληρονομίας.
896 4842 1054 4896 Ἐπεὶ
1112 4845 1262 4896 καὶὸ
1297 4843 1510 4908 ἄσωτος
1569 4846 1706 4912 υίὸς,
1769 4846 2025 4918 καθάπερ

2140 4854 2408 4924 cogitaret
2441 4863 2494 4905 et
2546 4851 2753 4904 diceret
2801 4850 2966 4902 verba
3020 4849 3384 4917 pmnitcntim,
3422 4847 3557 4902 nihil
3603 4849 3729 4902 boui

433 4939 584 5007 παρὰ
627 4935 724 4989 τοῦ
782 4937 1036 5008 Σωτῆρος
1076 4937 1471 5008 ἐδιδάχθημεν,
1532 4939 1728 5011 μέχρις
1768 4940 1834 4993 ἂν
1867 4936 1934 5012 ἦν
1967 4943 2026 4994 ἐν

429 5030 496 5098 τῇ
530 5027 684 5100 χώρᾳ
710 5028 819 5082 τῶν
849 5029 1060 5094 παθῶν,
1101 5033 1150 5082 εί
1199 5032 1293 5084 καὶ
1341 5031 1601 5086 διενοεῖτο
1631 5035 1725 5086 καὶ
1763 5033 1919 5105 ἔλεγε
1956 5035 2025 5087 τά

435 5121 659 5192 ῥήματα
684 5124 783 5191 τῆς
812 5123 1122 5192 μετανοίας,
1155 5124 1272 5177 ἀλλ’
1310 5125 1525 5190 οὐδενὸς
1555 5126 1716 5198 ἔτυχε
1746 5129 2018 5197 χρηστοῦ,

429 5215 535 5278 ἕως
557 5207 619 5268 οὗ
647 5216 803 5283 ἀφεὶς
826 5215 1047 5271 ἅπαντα
1073 5221 1259 5271 ἐκεῖνα
1287 5220 1357 5272 τὰ
1393 5220 1534 5290 ἔργα
1581 5223 1682 5291 τῆς
1719 5223 2022 5294 ἁμαρτίας,

429 5305 652 5379 δραμὼν
673 5304 804 5378 ἦλθε
841 5310 979 5379 πρὸς
1001 5311 1091 5364 τὸν
1120 5313 1357 5383 πατέρα,
1390 5315 1484 5368 καὶ
1517 5315 1627 5368 τῶν
1661 5316 1798 5386 ὑπὲρ
1831 5317 2026 5370 ἐλπίδα

428 5402 632 5473 τυχὼν,
673 5405 856 5473 ἔμεινε
906 5408 1127 5470 πάντως
1163 5411 1259 5461 τοῦ
1297 5411 1487 5464 λοιποῦ
1525 5413 1623 5466 σὺν
1660 5415 2018 5482 ταπεινώσει,

431 5494 727 5565 σωφρονῶν
767 5495 862 5548 καὶ
902 5496 1314 5568 δικαιοπραγῶν
1379 5502 1472 5553 καὶ
1517 5501 1801 5572 συντηρῶν
1843 5502 2025 5573 ἐαυτῷ

431 5586 1010 5655 τὴνέγκαινισθείσαν
1042 5592 1148 5644 ὑπὸ
1193 5592 1289 5645 τοῦ
1324 5591 1463 5646 Θεοῦ
1498 5593 1660 5664 χάριν
1694 5596 1896 5667 ἀσινῆ·
1955 5592 2022 5668 ἦς

431 5679 640 5747 γένοιτο
670 5681 768 5734 καὶ
813 5679 964 5750 ἡμᾶς
1015 5681 1228 5746 πάντας
1278 5686 1563 5756 ἐπιτυχεῖν
1602 5688 1698 5738 καὶ
1739 5687 2022 5758 διατηρεῖν

430 5772 724 5841 άμείωτον,
759 5772 834 5835 ὡς
883 5775 950 5827 ἂν
983 5777 1083 5830 καὶ
1131 5779 1188 5832 ἐν
1223 5778 1300 5849 τῷ
1351 5779 1599 5849 μέλλοντι
1626 5782 1783 5834 αἰῶνι
1821 5800 2017 5836 συνευ·

503 5897 548 5931 ⁸³
581 5896 600 5948 1
630 5894 779 5948 Petr.
812 5909 851 5955 ι,
898 5895 985 5948 12.

2129 4945 2388 5010 obtinuit,
2422 4942 2723 5013 usquedum
2763 4941 3010 4996 dimissis
3041 4941 3149 4994 illis
3181 4941 3388 5010 peccati
3449 4942 3730 5010 operibus,

2131 5053 2358 5092 currens
2411 5036 2558 5090 venit
2589 5037 2653 5088 ad
2699 5045 2947 5105 patrem,
2984 5036 3126 5089 bona
3178 5051 3300 5105 qua:
3348 5052 3455 5090 non
3504 5052 3730 5108 sperare

2132 5148 2301 5186 ausus
2327 5142 2442 5186 erat
2480 5141 2790 5196 assecutus,
2823 5140 3009 5200 postea
3071 5135 3298 5187 omnino
3368 5143 3730 5188 conversatus

2131 5225 2293 5279 estin
2329 5223 2638 5276 humilitate
2682 5234 2835 5277 caste
2867 5225 3128 5293 justeque
3170 5227 3362 5279 vivens
3408 5235 3460 5279 et
3495 5241 3729 5279 renova-

2135 5328 2242 5370 tam
2269 5333 2298 5371 a
2325 5316 2436 5370 Deo
2466 5316 2699 5387 gratiam
2734 5316 3052 5370 custodiens
3089 5319 3382 5388 integram,
3420 5333 3582 5386 quam
3624 5334 3726 5372 nos

2137 5427 2325 5466 omnes
2369 5411 2632 5480 consequi
2682 5411 2919 5466 donetur
2957 5420 3010 5465 et
3043 5413 3301 5465 intactam
3341 5415 3622 5467 custodire
3668 5424 3729 5467 ut

2135 5506 2188 5559 iit
2226 5503 2410 5559 futuro
2439 5505 2650 5571 seculo,
2703 5505 2759 5559 in
2805 5520 3041 5574 superna
3085 5503 3414 5570 Jerusalem,
3447 5523 3568 5560 cum
3603 5523 3730 5577 pro-

2135 5598 2392 5670 digojam
2428 5598 2580 5652 salvo
2613 5599 3060 5667 congaudeamus
3118 5599 3252 5664 lilio,
3308 5599 3360 5652 in
3421 5599 3511 5652 illa
3551 5608 3727 5654 matre

2134 5691 2428 5746 viventium
2463 5691 2702 5746 Ecclesia
2731 5692 2870 5760 prim
2887 5693 3253 5761 ogenitorunt,
3285 5693 3336 5744 in
3364 5691 3483 5761 ipso
3503 5692 3725 5747 Christo

2136 5783 2362 5836 Domino
2392 5793 2602 5851 nOStro,
2623 5797 2781 5853 quem
2807 5783 2964 5837 decet
2989 5783 3160 5853 gloria
3187 5785 3240 5838 in
3277 5786 3492 5839 saecula.
3532 5787 3724 5843 Amen.
