  <div class='ocr_page' id='page_1' title='image "/cluster/home/n/w/nwhite01/storage/ocr_20150623/151:no.2/coo.31924054870567/033.png"; bbox 0 0 4090 6446; ppageno 0'>
   <div class='ocr_carea' id='block_1_1' title="bbox 413 355 3666 455">
    <p class='ocr_par' dir='ltr' id='par_1_1' title="bbox 413 355 3666 455">
     <span class='ocr_line' id='line_1_1' title="bbox 413 355 3666 455; baseline 0.009 -34"><span class='ocrx_word' id='word_1_1' title='bbox 413 355 477 422; x_wconf 79' lang='grc'><strong>51</strong></span> <span class='ocrx_word' id='word_1_2' title='bbox 1676 374 2059 438; x_wconf 76' lang='lat' dir='ltr'><strong>GBEGORII</strong></span> <span class='ocrx_word' id='word_1_3' title='bbox 2102 380 2425 444; x_wconf 61' lang='lat' dir='ltr'><strong>PALAMxE</strong></span> <span class='ocrx_word' id='word_1_4' title='bbox 3117 402 3127 411; x_wconf 87' lang='lat'>&#39;</span> <span class='ocrx_word' id='word_1_5' title='bbox 3596 388 3666 455; x_wconf 75' lang='lat'><strong>52</strong></span> 
     </span>
    </p>
   </div>
   <div class='ocr_carea' id='block_1_2' title="bbox 411 475 1992 575">
    <p class='ocr_par' dir='ltr' id='par_1_2' title="bbox 411 475 1987 554">
     <span class='ocr_line' id='line_1_2' title="bbox 411 475 1987 554; baseline 0.01 -24"><span class='ocrx_word' id='word_1_6' title='bbox 411 475 516 531; x_wconf 85' lang='lat' dir='ltr'><strong>bis.</strong></span> <span class='ocrx_word' id='word_1_7' title='bbox 561 476 677 533; x_wconf 82' lang='lat' dir='ltr'><strong>Non</strong></span> <span class='ocrx_word' id='word_1_8' title='bbox 709 481 925 548; x_wconf 79' lang='lat' dir='ltr'><strong>quidem</strong></span> <span class='ocrx_word' id='word_1_9' title='bbox 957 498 1055 552; x_wconf 90' lang='lat' dir='ltr'><strong>pro</strong></span> <span class='ocrx_word' id='word_1_10' title='bbox 1088 487 1295 554; x_wconf 87' lang='lat' dir='ltr'><strong>asperis</strong></span> <span class='ocrx_word' id='word_1_11' title='bbox 1340 487 1627 542; x_wconf 86' lang='lat' dir='ltr'><strong>medicinis</strong></span> <span class='ocrx_word' id='word_1_12' title='bbox 1657 500 1713 545; x_wconf 88' lang='lat' dir='ltr'><strong>et</strong></span> <span class='ocrx_word' id='word_1_13' title='bbox 1743 492 1987 546; x_wconf 84' lang='lat' dir='ltr'><strong>curatio-</strong></span> 
     </span>
    </p>
   </div>
   <div class='ocr_carea' id='block_1_3' title="bbox 2097 475 3695 575">
    <p class='ocr_par' dir='ltr' id='par_1_3' title="bbox 2097 492 3695 575">
     <span class='ocr_line' id='line_1_3' title="bbox 2097 492 3695 575; baseline 0.004 -25"><span class='ocrx_word' id='word_1_14' title='bbox 2097 501 2185 552; x_wconf 76' lang='grc' dir='ltr'><strong>καὶ</strong></span> <span class='ocrx_word' id='word_1_15' title='bbox 2218 492 2481 568; x_wconf 84' lang='grc' dir='ltr'>ίατρείαις</span> <span class='ocrx_word' id='word_1_16' title='bbox 2512 503 2540 553; x_wconf 88' lang='grc' dir='ltr'><strong>ό</strong></span> <span class='ocrx_word' id='word_1_17' title='bbox 2566 501 2743 563; x_wconf 76' lang='grc' dir='ltr'>κοινὸς</span> <span class='ocrx_word' id='word_1_18' title='bbox 2778 503 2963 573; x_wconf 67' lang='grc' dir='ltr'>ίατρὶς</span> <span class='ocrx_word' id='word_1_19' title='bbox 2986 503 3130 574; x_wconf 81' lang='grc' dir='ltr'>ὑπὲρ</span> <span class='ocrx_word' id='word_1_20' title='bbox 3167 502 3263 557; x_wconf 78' lang='grc' dir='ltr'><strong>τοῦ</strong></span> <span class='ocrx_word' id='word_1_21' title='bbox 3291 501 3482 570; x_wconf 79' lang='grc' dir='ltr'><strong>γένους</strong></span> <span class='ocrx_word' id='word_1_22' title='bbox 3512 496 3695 575; x_wconf 72' lang='grc' dir='ltr'>ἡμῶν</span> 
     </span>
    </p>
   </div>
   <div class='ocr_carea' id='block_1_4' title="bbox 415 572 1987 658">
    <p class='ocr_par' dir='ltr' id='par_1_4' title="bbox 415 572 1987 658">
     <span class='ocr_line' id='line_1_4' title="bbox 415 572 1987 658; baseline 0.014 -39"><span class='ocrx_word' id='word_1_23' title='bbox 415 572 573 623; x_wconf 89' lang='lat' dir='ltr'><strong>nibus</strong></span> <span class='ocrx_word' id='word_1_24' title='bbox 627 575 936 628; x_wconf 80' lang='lat' dir='ltr'><strong>communis</strong></span> <span class='ocrx_word' id='word_1_25' title='bbox 992 578 1235 658; x_wconf 83' lang='lat' dir='ltr'><strong>medicus</strong></span> <span class='ocrx_word' id='word_1_26' title='bbox 1302 593 1488 635; x_wconf 85' lang='lat' dir='ltr'><strong>nostra</strong></span> <span class='ocrx_word' id='word_1_27' title='bbox 1534 584 1710 651; x_wconf 79' lang='lat' dir='ltr'><strong>gratia</strong></span> <span class='ocrx_word' id='word_1_28' title='bbox 1768 585 1987 653; x_wconf 74' lang='lat' dir='ltr'><strong>generis</strong></span> 
     </span>
    </p>
   </div>
   <div class='ocr_carea' id='block_1_5' title="bbox 412 663 1991 743">
    <p class='ocr_par' dir='ltr' id='par_1_5' title="bbox 412 663 1991 743">
     <span class='ocr_line' id='line_1_5' title="bbox 412 663 1991 743; baseline 0.012 -30"><span class='ocrx_word' id='word_1_29' title='bbox 412 672 568 729; x_wconf 81' lang='lat' dir='ltr'><strong>grata</strong></span> <span class='ocrx_word' id='word_1_30' title='bbox 591 663 939 737; x_wconf 73' lang='lat' dir='ltr'><strong>iucundeque</strong></span> <span class='ocrx_word' id='word_1_31' title='bbox 959 670 1110 724; x_wconf 85' lang='lat' dir='ltr'><strong>utilia</strong></span> <span class='ocrx_word' id='word_1_32' title='bbox 1135 672 1343 736; x_wconf 84' lang='lat' dir='ltr'><strong>omisit,</strong></span> <span class='ocrx_word' id='word_1_33' title='bbox 1360 674 1452 728; x_wconf 90' lang='lat' dir='ltr'><strong>sed</strong></span> <span class='ocrx_word' id='word_1_34' title='bbox 1477 676 1761 731; x_wconf 77' lang='lat' dir='ltr'><strong>suscitavit</strong></span> <span class='ocrx_word' id='word_1_35' title='bbox 1782 676 1991 743; x_wconf 87' lang='lat' dir='ltr'><strong>Patres,</strong></span> 
     </span>
    </p>
   </div>
   <div class='ocr_carea' id='block_1_6' title="bbox 416 757 1994 836">
    <p class='ocr_par' dir='ltr' id='par_1_6' title="bbox 416 757 1994 836">
     <span class='ocr_line' id='line_1_6' title="bbox 416 757 1994 836; baseline 0.014 -36"><span class='ocrx_word' id='word_1_36' title='bbox 416 757 648 807; x_wconf 84' lang='lat' dir='ltr'><strong>ostendit</strong></span> <span class='ocrx_word' id='word_1_37' title='bbox 689 759 1000 825; x_wconf 75' lang='lat' dir='ltr'><strong>prophetas,</strong></span> <span class='ocrx_word' id='word_1_38' title='bbox 1034 762 1260 831; x_wconf 82' lang='lat' dir='ltr'><strong>perfecit</strong></span> <span class='ocrx_word' id='word_1_39' title='bbox 1287 765 1463 833; x_wconf 76' lang='lat' dir='ltr'><strong>signa,</strong></span> <span class='ocrx_word' id='word_1_40' title='bbox 1491 766 1663 836; x_wconf 79' lang='lat' dir='ltr'><strong>legem</strong></span> <span class='ocrx_word' id='word_1_41' title='bbox 1700 767 1871 833; x_wconf 89' lang='lat' dir='ltr'><strong>dedit,</strong></span> <span class='ocrx_word' id='word_1_42' title='bbox 1898 783 1994 822; x_wconf 82' lang='lat' dir='ltr'><strong>an-</strong></span> 
     </span>
    </p>
   </div>
   <div class='ocr_carea' id='block_1_7' title="bbox 416 845 1987 915">
    <p class='ocr_par' dir='ltr' id='par_1_7' title="bbox 416 845 1987 915">
     <span class='ocr_line' id='line_1_7' title="bbox 416 845 1987 915; baseline 0.012 -19"><span class='ocrx_word' id='word_1_43' title='bbox 416 845 566 912; x_wconf 73' lang='lat' dir='ltr'><strong>gelos</strong></span> <span class='ocrx_word' id='word_1_44' title='bbox 600 848 764 903; x_wconf 88' lang='lat' dir='ltr'><strong>misit.</strong></span> <span class='ocrx_word' id='word_1_45' title='bbox 809 850 1007 905; x_wconf 79' lang='lat' dir='ltr'><strong>Verum</strong></span> <span class='ocrx_word' id='word_1_46' title='bbox 1040 868 1164 909; x_wconf 90' lang='lat' dir='ltr'><strong>eum</strong></span> <span class='ocrx_word' id='word_1_47' title='bbox 1213 856 1317 909; x_wconf 82' lang='lat' dir='ltr'><strong>ista</strong></span> <span class='ocrx_word' id='word_1_48' title='bbox 1344 857 1557 911; x_wconf 84' lang='lat' dir='ltr'><strong>inﬁrma</strong></span> <span class='ocrx_word' id='word_1_49' title='bbox 1593 869 1739 914; x_wconf 82' lang='lat' dir='ltr'><strong>esset</strong></span> <span class='ocrx_word' id='word_1_50' title='bbox 1788 861 1854 913; x_wconf 88' lang='lat' dir='ltr'><strong>ad</strong></span> <span class='ocrx_word' id='word_1_51' title='bbox 1890 875 1987 915; x_wconf 81' lang='lat' dir='ltr'><strong>ve-</strong></span> 
     </span>
    </p>
   </div>
   <div class='ocr_carea' id='block_1_8' title="bbox 420 935 1989 1018">
    <p class='ocr_par' dir='ltr' id='par_1_8' title="bbox 420 935 1989 1018">
     <span class='ocr_line' id='line_1_8' title="bbox 420 935 1989 1018; baseline 0.011 -31"><span class='ocrx_word' id='word_1_52' title='bbox 420 935 725 993; x_wconf 87' lang='lat' dir='ltr'><strong>hementem</strong></span> <span class='ocrx_word' id='word_1_53' title='bbox 751 950 951 997; x_wconf 63' lang='lat' dir='ltr'><strong>nostra;</strong></span> <span class='ocrx_word' id='word_1_54' title='bbox 973 945 1192 1000; x_wconf 76' lang='lat' dir='ltr'><strong>malitiae</strong></span> <span class='ocrx_word' id='word_1_55' title='bbox 1218 947 1507 1016; x_wconf 75' lang='lat' dir='ltr'><strong>impetum;</strong></span> <span class='ocrx_word' id='word_1_56' title='bbox 1544 966 1795 1018; x_wconf 85' lang='lat' dir='ltr'><strong>magnum</strong></span> <span class='ocrx_word' id='word_1_57' title='bbox 1816 951 1989 1018; x_wconf 87' lang='lat' dir='ltr'><strong>ipsum</strong></span> 
     </span>
    </p>
   </div>
   <div class='ocr_carea' id='block_1_9' title="bbox 418 1030 1989 1110">
    <p class='ocr_par' dir='ltr' id='par_1_9' title="bbox 418 1030 1989 1110">
     <span class='ocr_line' id='line_1_9' title="bbox 418 1030 1989 1110; baseline 0.01 -31"><span class='ocrx_word' id='word_1_58' title='bbox 418 1030 712 1083; x_wconf 87' lang='lat' dir='ltr'><strong>remedium</strong></span> <span class='ocrx_word' id='word_1_59' title='bbox 743 1047 851 1101; x_wconf 90' lang='lat' dir='ltr'><strong>quo</strong></span> <span class='ocrx_word' id='word_1_60' title='bbox 882 1050 1073 1101; x_wconf 84' lang='lat' dir='ltr'><strong>magna</strong></span> <span class='ocrx_word' id='word_1_61' title='bbox 1111 1038 1374 1091; x_wconf 80' lang='lat' dir='ltr'><strong>sedantur</strong></span> <span class='ocrx_word' id='word_1_62' title='bbox 1403 1050 1650 1107; x_wconf 85' lang='lat' dir='ltr'><strong>peccata,</strong></span> <span class='ocrx_word' id='word_1_63' title='bbox 1683 1041 1857 1110; x_wconf 89' lang='lat' dir='ltr'><strong>ipsum</strong></span> <span class='ocrx_word' id='word_1_64' title='bbox 1892 1042 1989 1095; x_wconf 89' lang='lat' dir='ltr'><strong>Dei</strong></span> 
     </span>
    </p>
   </div>
   <div class='ocr_carea' id='block_1_10' title="bbox 417 1114 1992 1196">
    <p class='ocr_par' dir='ltr' id='par_1_10' title="bbox 417 1114 1992 1196">
     <span class='ocr_line' id='line_1_10' title="bbox 417 1114 1992 1196; baseline 0.011 -28"><span class='ocrx_word' id='word_1_65' title='bbox 417 1114 678 1182; x_wconf 81' lang='lat' dir='ltr'><strong>Verbum,</strong></span> <span class='ocrx_word' id='word_1_66' title='bbox 713 1122 881 1177; x_wconf 65' lang='lat' dir='ltr'><strong>caelos</strong></span> <span class='ocrx_word' id='word_1_67' title='bbox 920 1122 1217 1191; x_wconf 84' lang='lat' dir='ltr'><strong>inclinans,</strong></span> <span class='ocrx_word' id='word_1_68' title='bbox 1248 1128 1299 1178; x_wconf 81' lang='lat' dir='ltr'><strong>in</strong></span> <span class='ocrx_word' id='word_1_69' title='bbox 1352 1136 1549 1181; x_wconf 86' lang='lat' dir='ltr'><strong>terram</strong></span> <span class='ocrx_word' id='word_1_70' title='bbox 1579 1130 1902 1196; x_wconf 61' lang='lat' dir='ltr'><strong>descenditf;</strong></span> <span class='ocrx_word' id='word_1_71' title='bbox 1934 1139 1992 1184; x_wconf 85' lang='lat' dir='ltr'><strong>et</strong></span> 
     </span>
    </p>
   </div>
   <div class='ocr_carea' id='block_1_11' title="bbox 416 1210 1988 1290">
    <p class='ocr_par' dir='ltr' id='par_1_11' title="bbox 416 1210 1988 1290">
     <span class='ocr_line' id='line_1_11' title="bbox 416 1210 1988 1290; baseline 0.011 -31"><span class='ocrx_word' id='word_1_72' title='bbox 416 1210 600 1263; x_wconf 86' lang='lat' dir='ltr'><strong>omnia</strong></span> <span class='ocrx_word' id='word_1_73' title='bbox 630 1223 849 1280; x_wconf 76' lang='lat' dir='ltr'><strong>propter</strong></span> <span class='ocrx_word' id='word_1_74' title='bbox 881 1230 983 1270; x_wconf 88' lang='lat' dir='ltr'><strong>nos</strong></span> <span class='ocrx_word' id='word_1_75' title='bbox 1023 1215 1200 1272; x_wconf 82' lang='lat' dir='ltr'><strong>factus</strong></span> <span class='ocrx_word' id='word_1_76' title='bbox 1234 1229 1430 1285; x_wconf 66' lang='lat' dir='ltr'><strong>praeter</strong></span> <span class='ocrx_word' id='word_1_77' title='bbox 1473 1231 1779 1290; x_wconf 77' lang='lat' dir='ltr'><strong>peceatum,</strong></span> <span class='ocrx_word' id='word_1_78' title='bbox 1816 1222 1988 1278; x_wconf 89' lang='lat' dir='ltr'><strong>inter-</strong></span> 
     </span>
    </p>
   </div>
   <div class='ocr_carea' id='block_1_12' title="bbox 417 1302 1989 1381">
    <p class='ocr_par' dir='ltr' id='par_1_12' title="bbox 417 1302 1989 1381">
     <span class='ocr_line' id='line_1_12' title="bbox 417 1302 1989 1381; baseline 0.01 -27"><span class='ocrx_word' id='word_1_79' title='bbox 417 1302 547 1357; x_wconf 78' lang='lat' dir='ltr'><strong>fecit</strong></span> <span class='ocrx_word' id='word_1_80' title='bbox 593 1313 872 1373; x_wconf 85' lang='lat' dir='ltr'><strong>peccatum</strong></span> <span class='ocrx_word' id='word_1_81' title='bbox 908 1307 963 1360; x_wconf 90' lang='lat' dir='ltr'><strong>in</strong></span> <span class='ocrx_word' id='word_1_82' title='bbox 1015 1310 1331 1379; x_wconf 84' lang='lat' dir='ltr'><strong>semetipso,</strong></span> <span class='ocrx_word' id='word_1_83' title='bbox 1386 1327 1590 1381; x_wconf 87' lang='lat' dir='ltr'><strong>nosque</strong></span> <span class='ocrx_word' id='word_1_84' title='bbox 1616 1316 1989 1370; x_wconf 86' lang='lat' dir='ltr'><strong>corroborans</strong></span> 
     </span>
    </p>
   </div>
   <div class='ocr_carea' id='block_1_13' title="bbox 416 1395 1990 1476">
    <p class='ocr_par' dir='ltr' id='par_1_13' title="bbox 416 1395 1990 1476">
     <span class='ocr_line' id='line_1_13' title="bbox 416 1395 1990 1476; baseline 0.01 -30"><span class='ocrx_word' id='word_1_85' title='bbox 416 1395 664 1449; x_wconf 89' lang='lat' dir='ltr'><strong>aculeum</strong></span> <span class='ocrx_word' id='word_1_86' title='bbox 714 1397 859 1452; x_wconf 87' lang='lat' dir='ltr'><strong>illius</strong></span> <span class='ocrx_word' id='word_1_87' title='bbox 905 1401 1128 1469; x_wconf 86' lang='lat' dir='ltr'><strong>retudit,</strong></span> <span class='ocrx_word' id='word_1_88' title='bbox 1179 1412 1233 1456; x_wconf 88' lang='lat' dir='ltr'><strong>et</strong></span> <span class='ocrx_word' id='word_1_89' title='bbox 1272 1403 1546 1473; x_wconf 85' lang='lat' dir='ltr'><strong>principes</strong></span> <span class='ocrx_word' id='word_1_90' title='bbox 1582 1413 1636 1459; x_wconf 88' lang='lat' dir='ltr'><strong>et</strong></span> <span class='ocrx_word' id='word_1_91' title='bbox 1692 1412 1990 1476; x_wconf 74' lang='lat' dir='ltr'><strong>potestates</strong></span> 
     </span>
    </p>
   </div>
   <div class='ocr_carea' id='block_1_14' title="bbox 414 1483 1989 1565">
    <p class='ocr_par' dir='ltr' id='par_1_14' title="bbox 414 1483 1989 1565">
     <span class='ocr_line' id='line_1_14' title="bbox 414 1483 1989 1565; baseline 0.008 -28"><span class='ocrx_word' id='word_1_92' title='bbox 414 1483 533 1552; x_wconf 86' lang='lat' dir='ltr'><strong>ejus</strong></span> <span class='ocrx_word' id='word_1_93' title='bbox 564 1487 741 1554; x_wconf 82' lang='lat' dir='ltr'><strong>palam</strong></span> <span class='ocrx_word' id='word_1_94' title='bbox 791 1488 1159 1559; x_wconf 72' lang='lat' dir='ltr'><strong>przrﬁguravit</strong></span> <span class='ocrx_word' id='word_1_95' title='bbox 1214 1493 1265 1547; x_wconf 84' lang='lat' dir='ltr'><strong>in</strong></span> <span class='ocrx_word' id='word_1_96' title='bbox 1306 1508 1489 1558; x_wconf 84' lang='lat' dir='ltr'><strong>cruce,</strong></span> <span class='ocrx_word' id='word_1_97' title='bbox 1544 1495 1831 1552; x_wconf 82' lang='lat' dir='ltr'><strong>interfecto</strong></span> <span class='ocrx_word' id='word_1_98' title='bbox 1893 1511 1989 1565; x_wconf 86' lang='lat' dir='ltr'><strong>per</strong></span> 
     </span>
    </p>
   </div>
   <div class='ocr_carea' id='block_1_15' title="bbox 418 1579 1700 1649">
    <p class='ocr_par' dir='ltr' id='par_1_15' title="bbox 418 1579 1700 1649">
     <span class='ocr_line' id='line_1_15' title="bbox 418 1579 1700 1649; baseline 0.011 -22"><span class='ocrx_word' id='word_1_99' title='bbox 418 1582 649 1629; x_wconf 87' lang='lat' dir='ltr'><strong>mortem</strong></span> <span class='ocrx_word' id='word_1_100' title='bbox 685 1590 749 1629; x_wconf 86' lang='lat' dir='ltr'><strong>eo</strong></span> <span class='ocrx_word' id='word_1_101' title='bbox 780 1582 868 1648; x_wconf 81' lang='lat' dir='ltr'><strong>qui</strong></span> <span class='ocrx_word' id='word_1_102' title='bbox 902 1579 1137 1636; x_wconf 78' lang='lat' dir='ltr'><strong>habebat</strong></span> <span class='ocrx_word' id='word_1_103' title='bbox 1176 1585 1366 1639; x_wconf 89' lang='lat' dir='ltr'><strong>mortis</strong></span> <span class='ocrx_word' id='word_1_104' title='bbox 1396 1584 1700 1649; x_wconf 86' lang='lat' dir='ltr'><strong>imperium.</strong></span> 
     </span>
    </p>
   </div>
   <div class='ocr_carea' id='block_1_16' title="bbox 485 1753 1989 1839">
    <p class='ocr_par' dir='ltr' id='par_1_16' title="bbox 485 1753 1989 1839">
     <span class='ocr_line' id='line_1_16' title="bbox 485 1753 1989 1839; baseline 0.009 -29"><span class='ocrx_word' id='word_1_105' title='bbox 485 1753 552 1817; x_wconf 89' lang='lat' dir='ltr'><strong>Et</strong></span> <span class='ocrx_word' id='word_1_106' title='bbox 586 1757 667 1813; x_wconf 88' lang='lat' dir='ltr'><strong>sic</strong></span> <span class='ocrx_word' id='word_1_107' title='bbox 693 1773 838 1823; x_wconf 84' lang='lat' dir='ltr'><strong>cum,</strong></span> <span class='ocrx_word' id='word_1_108' title='bbox 863 1769 1101 1831; x_wconf 90' lang='lat' dir='ltr'><strong>tempore</strong></span> <span class='ocrx_word' id='word_1_109' title='bbox 1127 1759 1258 1827; x_wconf 87' lang='lat' dir='ltr'><strong>Noe,</strong></span> <span class='ocrx_word' id='word_1_110' title='bbox 1294 1773 1612 1834; x_wconf 84' lang='lat' dir='ltr'><strong>peccatores</strong></span> <span class='ocrx_word' id='word_1_111' title='bbox 1650 1782 1744 1834; x_wconf 91' lang='lat' dir='ltr'><strong>per</strong></span> <span class='ocrx_word' id='word_1_112' title='bbox 1770 1782 1989 1839; x_wconf 88' lang='lat' dir='ltr'><strong>aquam,</strong></span> 
     </span>
    </p>
   </div>
   <div class='ocr_carea' id='block_1_17' title="bbox 416 1848 1993 1928">
    <p class='ocr_par' dir='ltr' id='par_1_17' title="bbox 416 1848 1993 1928">
     <span class='ocr_line' id='line_1_17' title="bbox 416 1848 1993 1928; baseline 0.007 -26"><span class='ocrx_word' id='word_1_113' title='bbox 416 1848 491 1902; x_wconf 87' lang='lat' dir='ltr'><strong>ita</strong></span> <span class='ocrx_word' id='word_1_114' title='bbox 529 1848 796 1915; x_wconf 80' lang='lat' dir='ltr'><strong>posterius</strong></span> <span class='ocrx_word' id='word_1_115' title='bbox 850 1863 1131 1920; x_wconf 86' lang='lat' dir='ltr'><strong>peccatum</strong></span> <span class='ocrx_word' id='word_1_116' title='bbox 1183 1868 1281 1923; x_wconf 85' lang='lat' dir='ltr'><strong>per</strong></span> <span class='ocrx_word' id='word_1_117' title='bbox 1322 1856 1593 1924; x_wconf 86' lang='lat' dir='ltr'><strong>propriam</strong></span> <span class='ocrx_word' id='word_1_118' title='bbox 1635 1856 1901 1928; x_wconf 85' lang='lat' dir='ltr'><strong>justitiam</strong></span> <span class='ocrx_word' id='word_1_119' title='bbox 1938 1869 1993 1913; x_wconf 92' lang='lat' dir='ltr'><strong>et</strong></span> 
     </span>
    </p>
   </div>
   <div class='ocr_carea' id='block_1_18' title="bbox 414 1940 1993 2014">
    <p class='ocr_par' dir='ltr' id='par_1_18' title="bbox 414 1940 1993 2014">
     <span class='ocr_line' id='line_1_18' title="bbox 414 1940 1993 2014; baseline 0.009 -24"><span class='ocrx_word' id='word_1_120' title='bbox 414 1940 643 2007; x_wconf 71' lang='lat' dir='ltr'><strong>gratiam</strong></span> <span class='ocrx_word' id='word_1_121' title='bbox 690 1942 971 2009; x_wconf 88' lang='lat' dir='ltr'><strong>abluisset,</strong></span> <span class='ocrx_word' id='word_1_122' title='bbox 997 1947 1348 2014; x_wconf 85' lang='lat' dir='ltr'><strong>semetipsum</strong></span> <span class='ocrx_word' id='word_1_123' title='bbox 1397 1948 1737 2003; x_wconf 85' lang='lat' dir='ltr'><strong>resuscitavit</strong></span> <span class='ocrx_word' id='word_1_124' title='bbox 1767 1949 1993 2004; x_wconf 78' lang='lat' dir='ltr'><strong>imtnor~</strong></span> 
     </span>
    </p>
   </div>
   <div class='ocr_carea' id='block_1_19' title="bbox 416 2032 1993 2108">
    <p class='ocr_par' dir='ltr' id='par_1_19' title="bbox 416 2032 1993 2108">
     <span class='ocr_line' id='line_1_19' title="bbox 416 2032 1993 2108; baseline 0.008 -25"><span class='ocrx_word' id='word_1_125' title='bbox 416 2032 598 2098; x_wconf 89' lang='lat' dir='ltr'><strong>talctu,</strong></span> <span class='ocrx_word' id='word_1_126' title='bbox 635 2042 885 2101; x_wconf 85' lang='lat' dir='ltr'><strong>tanqu:un</strong></span> <span class='ocrx_word' id='word_1_127' title='bbox 921 2051 1106 2092; x_wconf 88' lang='lat' dir='ltr'><strong>semen</strong></span> <span class='ocrx_word' id='word_1_128' title='bbox 1137 2037 1529 2108; x_wconf 87' lang='lat' dir='ltr'><strong>principiumve</strong></span> <span class='ocrx_word' id='word_1_129' title='bbox 1560 2040 1745 2094; x_wconf 79' lang='lat' dir='ltr'><strong>mundi</strong></span> <span class='ocrx_word' id='word_1_130' title='bbox 1783 2042 1993 2106; x_wconf 59' lang='lat' dir='ltr'><strong>aeterni,</strong></span> 
     </span>
    </p>
   </div>
   <div class='ocr_carea' id='block_1_20' title="bbox 413 2125 1995 2204">
    <p class='ocr_par' dir='ltr' id='par_1_20' title="bbox 413 2125 1995 2204">
     <span class='ocr_line' id='line_1_20' title="bbox 413 2125 1995 2204; baseline 0.008 -26"><span class='ocrx_word' id='word_1_131' title='bbox 413 2133 469 2178; x_wconf 85' lang='lat' dir='ltr'><strong>et</strong></span> <span class='ocrx_word' id='word_1_132' title='bbox 496 2125 797 2193; x_wconf 82' lang='lat' dir='ltr'><strong>exemplum</strong></span> <span class='ocrx_word' id='word_1_133' title='bbox 823 2142 1029 2181; x_wconf 82' lang='lat' dir='ltr'><strong>necnon</strong></span> <span class='ocrx_word' id='word_1_134' title='bbox 1067 2129 1352 2199; x_wconf 80' lang='lat' dir='ltr'><strong>imaginem</strong></span> <span class='ocrx_word' id='word_1_135' title='bbox 1384 2131 1609 2185; x_wconf 84' lang='lat' dir='ltr'><strong>ﬁrmiter</strong></span> <span class='ocrx_word' id='word_1_136' title='bbox 1631 2147 1658 2184; x_wconf 88' lang='lat' dir='ltr'><strong>a</strong></span> <span class='ocrx_word' id='word_1_137' title='bbox 1690 2133 1847 2189; x_wconf 89' lang='lat' dir='ltr'><strong>nobis</strong></span> <span class='ocrx_word' id='word_1_138' title='bbox 1870 2149 1995 2204; x_wconf 87' lang='lat' dir='ltr'><strong>spe-</strong></span> 
     </span>
    </p>
   </div>
   <div class='ocr_carea' id='block_1_21' title="bbox 413 2219 1995 2291">
    <p class='ocr_par' dir='ltr' id='par_1_21' title="bbox 413 2219 1995 2291">
     <span class='ocr_line' id='line_1_21' title="bbox 413 2219 1995 2291; baseline 0.008 -22"><span class='ocrx_word' id='word_1_139' title='bbox 413 2226 547 2271; x_wconf 59' lang='lat' dir='ltr'><strong>ratae</strong></span> <span class='ocrx_word' id='word_1_140' title='bbox 581 2219 1015 2274; x_wconf 80' lang='lat' dir='ltr'><strong>resurrectionis.</strong></span> <span class='ocrx_word' id='word_1_141' title='bbox 1053 2221 1344 2291; x_wconf 76' lang='lat' dir='ltr'><strong>Postquam</strong></span> <span class='ocrx_word' id='word_1_142' title='bbox 1381 2233 1560 2277; x_wconf 90' lang='lat' dir='ltr'><strong>autent</strong></span> <span class='ocrx_word' id='word_1_143' title='bbox 1601 2226 1995 2282; x_wconf 76' lang='lat' dir='ltr'><strong>resurrexisset</strong></span> 
     </span>
    </p>
   </div>
   <div class='ocr_carea' id='block_1_22' title="bbox 322 2309 1990 2385">
    <p class='ocr_par' dir='ltr' id='par_1_22' title="bbox 322 2309 1990 2385">
     <span class='ocr_line' id='line_1_22' title="bbox 322 2309 1990 2385; baseline 0.007 -24"><span class='ocrx_word' id='word_1_144' title='bbox 322 2330 325 2331; x_wconf 51' lang='grc' dir='ltr'><strong>ν</strong></span> <span class='ocrx_word' id='word_1_145' title='bbox 410 2318 465 2362; x_wconf 91' lang='lat' dir='ltr'><strong>et</strong></span> <span class='ocrx_word' id='word_1_146' title='bbox 496 2309 548 2363; x_wconf 91' lang='lat' dir='ltr'><strong>in</strong></span> <span class='ocrx_word' id='word_1_147' title='bbox 573 2310 766 2366; x_wconf 77' lang='lat' dir='ltr'><strong>cadum</strong></span> <span class='ocrx_word' id='word_1_148' title='bbox 797 2310 985 2368; x_wconf 79' lang='lat' dir='ltr'><strong>fuisset</strong></span> <span class='ocrx_word' id='word_1_149' title='bbox 1015 2324 1348 2385; x_wconf 84' lang='lat' dir='ltr'><strong>assumptus,</strong></span> <span class='ocrx_word' id='word_1_150' title='bbox 1379 2316 1653 2385; x_wconf 85' lang='lat' dir='ltr'><strong>apostolos</strong></span> <span class='ocrx_word' id='word_1_151' title='bbox 1690 2318 1744 2371; x_wconf 89' lang='lat' dir='ltr'><strong>in</strong></span> <span class='ocrx_word' id='word_1_152' title='bbox 1774 2333 1990 2373; x_wconf 89' lang='lat' dir='ltr'><strong>omnem</strong></span> 
     </span>
    </p>
   </div>
   <div class='ocr_carea' id='block_1_23' title="bbox 411 2405 1994 2479">
    <p class='ocr_par' dir='ltr' id='par_1_23' title="bbox 411 2405 1994 2479">
     <span class='ocr_line' id='line_1_23' title="bbox 411 2405 1994 2479; baseline 0.005 -23"><span class='ocrx_word' id='word_1_153' title='bbox 411 2412 613 2457; x_wconf 87' lang='lat' dir='ltr'><strong>terram</strong></span> <span class='ocrx_word' id='word_1_154' title='bbox 652 2405 896 2469; x_wconf 86' lang='lat' dir='ltr'><strong>immisit,</strong></span> <span class='ocrx_word' id='word_1_155' title='bbox 932 2416 1229 2476; x_wconf 80' lang='lat' dir='ltr'><strong>martyrum</strong></span> <span class='ocrx_word' id='word_1_156' title='bbox 1264 2409 1446 2476; x_wconf 87' lang='lat' dir='ltr'><strong>copias</strong></span> <span class='ocrx_word' id='word_1_157' title='bbox 1490 2409 1717 2479; x_wconf 90' lang='lat' dir='ltr'><strong>projecit</strong></span> <span class='ocrx_word' id='word_1_158' title='bbox 1746 2410 1994 2465; x_wconf 87' lang='lat' dir='ltr'><strong>innume-</strong></span> 
     </span>
    </p>
   </div>
   <div class='ocr_carea' id='block_1_24' title="bbox 413 2496 1992 2570">
    <p class='ocr_par' dir='ltr' id='par_1_24' title="bbox 413 2496 1992 2570">
     <span class='ocr_line' id='line_1_24' title="bbox 413 2496 1992 2570; baseline 0.006 -23"><span class='ocrx_word' id='word_1_159' title='bbox 413 2508 523 2559; x_wconf 87' lang='lat' dir='ltr'><strong>ras,</strong></span> <span class='ocrx_word' id='word_1_160' title='bbox 574 2496 853 2550; x_wconf 89' lang='lat' dir='ltr'><strong>doctorum</strong></span> <span class='ocrx_word' id='word_1_161' title='bbox 927 2498 1325 2553; x_wconf 86' lang='lat' dir='ltr'><strong>multitudinem</strong></span> <span class='ocrx_word' id='word_1_162' title='bbox 1393 2501 1695 2570; x_wconf 89' lang='lat' dir='ltr'><strong>proposuit,</strong></span> <span class='ocrx_word' id='word_1_163' title='bbox 1730 2500 1992 2558; x_wconf 77' lang='lat' dir='ltr'><strong>ecclesias</strong></span> 
     </span>
    </p>
   </div>
   <div class='ocr_carea' id='block_1_25' title="bbox 411 2590 1995 2650">
    <p class='ocr_par' dir='ltr' id='par_1_25' title="bbox 411 2590 1995 2650">
     <span class='ocr_line' id='line_1_25' title="bbox 411 2590 1995 2650; baseline 0.006 -9"><span class='ocrx_word' id='word_1_164' title='bbox 411 2598 720 2642; x_wconf 85' lang='lat' dir='ltr'><strong>sanetorum</strong></span> <span class='ocrx_word' id='word_1_165' title='bbox 765 2591 1103 2644; x_wconf 81' lang='lat' dir='ltr'><strong>monstravit.</strong></span> <span class='ocrx_word' id='word_1_166' title='bbox 1141 2590 1244 2646; x_wconf 86' lang='lat' dir='ltr'><strong>Sed</strong></span> <span class='ocrx_word' id='word_1_167' title='bbox 1284 2608 1498 2649; x_wconf 90' lang='lat' dir='ltr'><strong>rursum</strong></span> <span class='ocrx_word' id='word_1_168' title='bbox 1535 2610 1656 2648; x_wconf 91' lang='lat' dir='ltr'><strong>cum</strong></span> <span class='ocrx_word' id='word_1_169' title='bbox 1699 2596 1883 2650; x_wconf 88' lang='lat' dir='ltr'><strong>omnia</strong></span> <span class='ocrx_word' id='word_1_170' title='bbox 1915 2594 1995 2650; x_wconf 82' lang='lat' dir='ltr'><strong>fe-</strong></span> 
     </span>
    </p>
   </div>
   <div class='ocr_carea' id='block_1_26' title="bbox 409 2679 1989 2753">
    <p class='ocr_par' dir='ltr' id='par_1_26' title="bbox 409 2679 1989 2753">
     <span class='ocr_line' id='line_1_26' title="bbox 409 2679 1989 2753; baseline 0.005 -20"><span class='ocrx_word' id='word_1_171' title='bbox 409 2679 597 2745; x_wconf 84' lang='lat' dir='ltr'><strong>cisset,</strong></span> <span class='ocrx_word' id='word_1_172' title='bbox 624 2696 720 2733; x_wconf 87' lang='lat' dir='ltr'><strong>nce</strong></span> <span class='ocrx_word' id='word_1_173' title='bbox 740 2681 1036 2749; x_wconf 75' lang='lat' dir='ltr'><strong>quidquam</strong></span> <span class='ocrx_word' id='word_1_174' title='bbox 1072 2683 1529 2753; x_wconf 64' lang='lat' dir='ltr'><strong>implenduntnon</strong></span> <span class='ocrx_word' id='word_1_175' title='bbox 1554 2698 1989 2743; x_wconf 87' lang='lat' dir='ltr'><strong>consummatum</strong></span> 
     </span>
    </p>
   </div>
   <div class='ocr_carea' id='block_1_27' title="bbox 410 2771 1993 2843">
    <p class='ocr_par' dir='ltr' id='par_1_27' title="bbox 410 2771 1993 2843">
     <span class='ocr_line' id='line_1_27' title="bbox 410 2771 1993 2843; baseline 0.008 -20"><span class='ocrx_word' id='word_1_176' title='bbox 410 2771 744 2840; x_wconf 76' lang='lat' dir='ltr'><strong>reliqoisset,</strong></span> <span class='ocrx_word' id='word_1_177' title='bbox 777 2790 963 2829; x_wconf 88' lang='lat' dir='ltr'><strong>rursus</strong></span> <span class='ocrx_word' id='word_1_178' title='bbox 989 2776 1323 2843; x_wconf 81' lang='lat' dir='ltr'><strong>iniquitatem</strong></span> <span class='ocrx_word' id='word_1_179' title='bbox 1355 2779 1485 2833; x_wconf 89' lang='lat' dir='ltr'><strong>vidit</strong></span> <span class='ocrx_word' id='word_1_180' title='bbox 1506 2779 1554 2832; x_wconf 92' lang='lat' dir='ltr'><strong>vi</strong></span> <span class='ocrx_word' id='word_1_181' title='bbox 1586 2780 1769 2835; x_wconf 64' lang='lat' dir='ltr'><strong>libera:</strong></span> <span class='ocrx_word' id='word_1_182' title='bbox 1795 2790 1993 2836; x_wconf 62' lang='lat' dir='ltr'><strong>nostrae</strong></span> 
     </span>
    </p>
   </div>
   <div class='ocr_carea' id='block_1_28' title="bbox 410 2864 1992 2941">
    <p class='ocr_par' dir='ltr' id='par_1_28' title="bbox 410 2864 1992 2941">
     <span class='ocr_line' id='line_1_28' title="bbox 410 2864 1992 2941; baseline 0.009 -29"><span class='ocrx_word' id='word_1_183' title='bbox 410 2864 800 2932; x_wconf 79' lang='lat' dir='ltr'><strong>propositionis</strong></span> <span class='ocrx_word' id='word_1_184' title='bbox 863 2881 964 2920; x_wconf 92' lang='lat' dir='ltr'><strong>nou</strong></span> <span class='ocrx_word' id='word_1_185' title='bbox 1009 2868 1187 2922; x_wconf 88' lang='lat' dir='ltr'><strong>minus</strong></span> <span class='ocrx_word' id='word_1_186' title='bbox 1236 2880 1574 2941; x_wconf 80' lang='lat' dir='ltr'><strong>regnantem,</strong></span> <span class='ocrx_word' id='word_1_187' title='bbox 1610 2888 1794 2928; x_wconf 89' lang='lat' dir='ltr'><strong>verum</strong></span> <span class='ocrx_word' id='word_1_188' title='bbox 1820 2874 1992 2941; x_wconf 84' lang='lat' dir='ltr'><strong>magis</strong></span> 
     </span>
    </p>
   </div>
   <div class='ocr_carea' id='block_1_29' title="bbox 410 2941 1991 3035">
    <p class='ocr_par' dir='ltr' id='par_1_29' title="bbox 410 2941 1991 3035">
     <span class='ocr_line' id='line_1_29' title="bbox 410 2941 1991 3035; baseline 0.008 -25"><span class='ocrx_word' id='word_1_189' title='bbox 410 2941 587 3010; x_wconf 79' lang='lat' dir='ltr'><strong>adhuc</strong></span> <span class='ocrx_word' id='word_1_190' title='bbox 609 2968 940 3031; x_wconf 73' lang='lat' dir='ltr'><strong>crescentem</strong></span> <span class='ocrx_word' id='word_1_191' title='bbox 959 2962 1279 3029; x_wconf 79' lang='lat' dir='ltr'><strong>cottspieiet,</strong></span> <span class='ocrx_word' id='word_1_192' title='bbox 1310 2964 1380 3019; x_wconf 92' lang='lat' dir='ltr'><strong>ita</strong></span> <span class='ocrx_word' id='word_1_193' title='bbox 1412 2976 1467 3020; x_wconf 89' lang='lat' dir='ltr'><strong>ut</strong></span> <span class='ocrx_word' id='word_1_194' title='bbox 1492 2965 1740 3021; x_wconf 83' lang='lat' dir='ltr'><strong>homines</strong></span> <span class='ocrx_word' id='word_1_195' title='bbox 1766 2968 1991 3035; x_wconf 79' lang='lat' dir='ltr'><strong>genibus</strong></span> 
     </span>
    </p>
   </div>
   <div class='ocr_carea' id='block_1_30' title="bbox 412 3036 1991 3125">
    <p class='ocr_par' dir='ltr' id='par_1_30' title="bbox 412 3036 1991 3125">
     <span class='ocr_line' id='line_1_30' title="bbox 412 3036 1991 3125; baseline 0.008 -25"><span class='ocrx_word' id='word_1_196' title='bbox 412 3048 726 3104; x_wconf 80' lang='lat' dir='ltr'><strong>Antichristi</strong></span> <span class='ocrx_word' id='word_1_197' title='bbox 750 3036 1082 3119; x_wconf 81' lang='lat' dir='ltr'><strong>provolutus,</strong></span> <span class='ocrx_word' id='word_1_198' title='bbox 1106 3053 1265 3122; x_wconf 82' lang='lat' dir='ltr'><strong>eique</strong></span> <span class='ocrx_word' id='word_1_199' title='bbox 1287 3065 1559 3125; x_wconf 79' lang='lat' dir='ltr'><strong>parentes,</strong></span> <span class='ocrx_word' id='word_1_200' title='bbox 1582 3072 1664 3111; x_wconf 73' lang='lat' dir='ltr'><strong>ve:</strong></span> <span class='ocrx_word' id='word_1_201' title='bbox 1681 3072 1776 3111; x_wconf 87' lang='lat' dir='ltr'><strong>um</strong></span> <span class='ocrx_word' id='word_1_202' title='bbox 1809 3067 1991 3113; x_wconf 83' lang='lat' dir='ltr'><strong>autem</strong></span> 
     </span>
    </p>
   </div>
   <div class='ocr_carea' id='block_1_31' title="bbox 415 3141 1991 3217">
    <p class='ocr_par' dir='ltr' id='par_1_31' title="bbox 415 3141 1991 3217">
     <span class='ocr_line' id='line_1_31' title="bbox 415 3141 1991 3217; baseline 0.01 -23"><span class='ocrx_word' id='word_1_203' title='bbox 415 3141 847 3213; x_wconf 73' lang='lat' dir='ltr'><strong>l):-uttt,cjusqtte</strong></span> <span class='ocrx_word' id='word_1_204' title='bbox 879 3160 1062 3200; x_wconf 81' lang='lat' dir='ltr'><strong>verum</strong></span> <span class='ocrx_word' id='word_1_205' title='bbox 1091 3147 1463 3217; x_wconf 87' lang='lat' dir='ltr'><strong>relinquentes</strong></span> <span class='ocrx_word' id='word_1_206' title='bbox 1507 3150 1782 3205; x_wconf 88' lang='lat' dir='ltr'><strong>Christum</strong></span> <span class='ocrx_word' id='word_1_207' title='bbox 1810 3153 1991 3210; x_wconf 83' lang='lat' dir='ltr'><strong>videre</strong></span> 
     </span>
    </p>
   </div>
   <div class='ocr_carea' id='block_1_32' title="bbox 412 3230 1994 3308">
    <p class='ocr_par' dir='ltr' id='par_1_32' title="bbox 412 3230 1994 3308">
     <span class='ocr_line' id='line_1_32' title="bbox 412 3230 1994 3308; baseline 0.01 -27"><span class='ocrx_word' id='word_1_208' title='bbox 412 3230 556 3297; x_wconf 72' lang='lat' dir='ltr'><strong>erit;</strong></span> <span class='ocrx_word' id='word_1_209' title='bbox 596 3244 722 3287; x_wconf 90' lang='lat' dir='ltr'><strong>tunc</strong></span> <span class='ocrx_word' id='word_1_210' title='bbox 753 3235 868 3302; x_wconf 80' lang='lat' dir='ltr'><strong>ipse</strong></span> <span class='ocrx_word' id='word_1_211' title='bbox 902 3236 1092 3290; x_wconf 78' lang='lat' dir='ltr'><strong>iterum</strong></span> <span class='ocrx_word' id='word_1_212' title='bbox 1128 3238 1305 3293; x_wconf 83' lang='lat' dir='ltr'><strong>veniet</strong></span> <span class='ocrx_word' id='word_1_213' title='bbox 1336 3254 1366 3293; x_wconf 89' lang='lat' dir='ltr'><strong>e</strong></span> <span class='ocrx_word' id='word_1_214' title='bbox 1399 3240 1537 3293; x_wconf 79' lang='lat' dir='ltr'><strong>coelo</strong></span> <span class='ocrx_word' id='word_1_215' title='bbox 1570 3256 1692 3294; x_wconf 91' lang='lat' dir='ltr'><strong>cum</strong></span> <span class='ocrx_word' id='word_1_216' title='bbox 1725 3251 1994 3308; x_wconf 86' lang='lat' dir='ltr'><strong>potestate</strong></span> 
     </span>
    </p>
   </div>
   <div class='ocr_carea' id='block_1_33' title="bbox 410 3325 1995 3402">
    <p class='ocr_par' dir='ltr' id='par_1_33' title="bbox 410 3325 1995 3402">
     <span class='ocr_line' id='line_1_33' title="bbox 410 3325 1995 3402; baseline 0.009 -25"><span class='ocrx_word' id='word_1_217' title='bbox 410 3333 463 3377; x_wconf 87' lang='lat' dir='ltr'><strong>et</strong></span> <span class='ocrx_word' id='word_1_218' title='bbox 497 3325 775 3392; x_wconf 80' lang='lat' dir='ltr'><strong>majestate</strong></span> <span class='ocrx_word' id='word_1_219' title='bbox 816 3342 1029 3394; x_wconf 79' lang='lat' dir='ltr'><strong>magna,</strong></span> <span class='ocrx_word' id='word_1_220' title='bbox 1061 3328 1168 3398; x_wconf 85' lang='lat' dir='ltr'><strong>jam</strong></span> <span class='ocrx_word' id='word_1_221' title='bbox 1203 3346 1307 3384; x_wconf 86' lang='lat' dir='ltr'><strong>non</strong></span> <span class='ocrx_word' id='word_1_222' title='bbox 1343 3346 1666 3401; x_wconf 82' lang='lat' dir='ltr'><strong>generosam</strong></span> <span class='ocrx_word' id='word_1_223' title='bbox 1703 3334 1995 3402; x_wconf 76' lang='lat' dir='ltr'><strong>largiturus</strong></span> 
     </span>
    </p>
   </div>
   <div class='ocr_carea' id='block_1_34' title="bbox 409 3413 1995 3491">
    <p class='ocr_par' dir='ltr' id='par_1_34' title="bbox 409 3413 1995 3491">
     <span class='ocr_line' id='line_1_34' title="bbox 409 3413 1995 3491; baseline 0.008 -25"><span class='ocrx_word' id='word_1_224' title='bbox 409 3413 644 3477; x_wconf 74' lang='lat' dir='ltr'><strong>veniam,</strong></span> <span class='ocrx_word' id='word_1_225' title='bbox 669 3416 761 3470; x_wconf 89' lang='lat' dir='ltr'><strong>sed</strong></span> <span class='ocrx_word' id='word_1_226' title='bbox 801 3417 1166 3489; x_wconf 75' lang='lat' dir='ltr'><strong>castigatores</strong></span> <span class='ocrx_word' id='word_1_227' title='bbox 1213 3435 1306 3476; x_wconf 88' lang='lat' dir='ltr'><strong>eos</strong></span> <span class='ocrx_word' id='word_1_228' title='bbox 1334 3423 1425 3490; x_wconf 87' lang='lat' dir='ltr'><strong>qui</strong></span> <span class='ocrx_word' id='word_1_229' title='bbox 1474 3437 1572 3489; x_wconf 86' lang='lat' dir='ltr'><strong>per</strong></span> <span class='ocrx_word' id='word_1_230' title='bbox 1621 3438 1787 3491; x_wconf 86' lang='lat' dir='ltr'><strong>prava</strong></span> <span class='ocrx_word' id='word_1_231' title='bbox 1831 3440 1995 3491; x_wconf 82' lang='lat' dir='ltr'><strong>opera</strong></span> 
     </span>
    </p>
   </div>
   <div class='ocr_carea' id='block_1_35' title="bbox 413 3506 1997 3585">
    <p class='ocr_par' dir='ltr' id='par_1_35' title="bbox 413 3506 1997 3585">
     <span class='ocr_line' id='line_1_35' title="bbox 413 3506 1997 3585; baseline 0.008 -26"><span class='ocrx_word' id='word_1_232' title='bbox 413 3506 913 3562; x_wconf 74' lang='lat' dir='ltr'><strong>thesaurizavcrunt</strong></span> <span class='ocrx_word' id='word_1_233' title='bbox 964 3512 1065 3564; x_wconf 81' lang='lat' dir='ltr'><strong>sibi</strong></span> <span class='ocrx_word' id='word_1_234' title='bbox 1125 3513 1436 3567; x_wconf 85' lang='lat' dir='ltr'><strong>thesaurum</strong></span> <span class='ocrx_word' id='word_1_235' title='bbox 1496 3515 1589 3568; x_wconf 84' lang='lat' dir='ltr'><strong>irae</strong></span> <span class='ocrx_word' id='word_1_236' title='bbox 1641 3516 1694 3566; x_wconf 90' lang='lat' dir='ltr'><strong>in</strong></span> <span class='ocrx_word' id='word_1_237' title='bbox 1753 3525 1997 3585; x_wconf 90' lang='lat' dir='ltr'><strong>tempore</strong></span> 
     </span>
    </p>
   </div>
   <div class='ocr_carea' id='block_1_36' title="bbox 413 3601 1987 3675">
    <p class='ocr_par' dir='ltr' id='par_1_36' title="bbox 413 3601 1987 3675">
     <span class='ocr_line' id='line_1_36' title="bbox 413 3601 1987 3675; baseline 0.008 -25"><span class='ocrx_word' id='word_1_238' title='bbox 413 3601 837 3656; x_wconf 46' lang='grc' dir='ltr'><strong>κήδοι-ἰωνίαν</strong></span> <span class='ocrx_word' id='word_1_239' title='bbox 863 3602 1198 3659; x_wconf 76' lang='lat' dir='ltr'><strong>insanabiles</strong></span> <span class='ocrx_word' id='word_1_240' title='bbox 1251 3606 1467 3674; x_wconf 87' lang='lat' dir='ltr'><strong>quidem</strong></span> <span class='ocrx_word' id='word_1_241' title='bbox 1528 3608 1681 3675; x_wconf 89' lang='lat' dir='ltr'><strong>quasi</strong></span> <span class='ocrx_word' id='word_1_242' title='bbox 1747 3612 1987 3664; x_wconf 87' lang='lat' dir='ltr'><strong>membra</strong></span> 
     </span>
    </p>
   </div>
   <div class='ocr_carea' id='block_1_37' title="bbox 412 3693 1988 3766">
    <p class='ocr_par' dir='ltr' id='par_1_37' title="bbox 412 3693 1988 3766">
     <span class='ocr_line' id='line_1_37' title="bbox 412 3693 1988 3766; baseline 0.01 -24"><span class='ocrx_word' id='word_1_243' title='bbox 412 3693 625 3756; x_wconf 67' lang='lat' dir='ltr'><strong>putrida</strong></span> <span class='ocrx_word' id='word_1_244' title='bbox 663 3709 688 3746; x_wconf 78' lang='grc' dir='ltr'>ο</span> <span class='ocrx_word' id='word_1_245' title='bbox 724 3694 872 3748; x_wconf 82' lang='lat' dir='ltr'><strong>sanis</strong></span> <span class='ocrx_word' id='word_1_246' title='bbox 917 3697 1187 3750; x_wconf 75' lang='lat' dir='ltr'><strong>abscissos</strong></span> <span class='ocrx_word' id='word_1_247' title='bbox 1226 3697 1331 3766; x_wconf 79' lang='lat' dir='ltr'><strong>igni</strong></span> <span class='ocrx_word' id='word_1_248' title='bbox 1368 3698 1569 3763; x_wconf 83' lang='lat' dir='ltr'><strong>tradet;</strong></span> <span class='ocrx_word' id='word_1_249' title='bbox 1604 3715 1728 3754; x_wconf 89' lang='lat' dir='ltr'><strong>suos</strong></span> <span class='ocrx_word' id='word_1_250' title='bbox 1762 3717 1887 3755; x_wconf 79' lang='lat' dir='ltr'><strong>vero</strong></span> <span class='ocrx_word' id='word_1_251' title='bbox 1923 3704 1988 3757; x_wconf 86' lang='lat' dir='ltr'><strong>ab</strong></span> 
     </span>
    </p>
   </div>
   <div class='ocr_carea' id='block_1_38' title="bbox 411 3787 1988 3859">
    <p class='ocr_par' dir='ltr' id='par_1_38' title="bbox 411 3787 1988 3859">
     <span class='ocr_line' id='line_1_38' title="bbox 411 3787 1988 3859; baseline 0.007 -22"><span class='ocrx_word' id='word_1_252' title='bbox 411 3787 761 3854; x_wconf 63' lang='lat' dir='ltr'><strong>aggressioae</strong></span> <span class='ocrx_word' id='word_1_253' title='bbox 789 3798 841 3842; x_wconf 88' lang='lat' dir='ltr'><strong>et</strong></span> <span class='ocrx_word' id='word_1_254' title='bbox 872 3788 1071 3859; x_wconf 78' lang='lat' dir='ltr'><strong>impetu</strong></span> <span class='ocrx_word' id='word_1_255' title='bbox 1107 3805 1394 3859; x_wconf 86' lang='lat' dir='ltr'><strong>pravorum</strong></span> <span class='ocrx_word' id='word_1_256' title='bbox 1450 3792 1731 3848; x_wconf 89' lang='lat' dir='ltr'><strong>hominum</strong></span> <span class='ocrx_word' id='word_1_257' title='bbox 1777 3795 1988 3852; x_wconf 84' lang='lat' dir='ltr'><strong>redem-</strong></span> 
     </span>
    </p>
   </div>
   <div class='ocr_carea' id='block_1_39' title="bbox 409 3882 1551 3949">
    <p class='ocr_par' dir='ltr' id='par_1_39' title="bbox 409 3882 1551 3949">
     <span class='ocr_line' id='line_1_39' title="bbox 409 3882 1551 3949; baseline 0.011 -23"><span class='ocrx_word' id='word_1_258' title='bbox 409 3891 557 3947; x_wconf 77' lang='lat' dir='ltr'><strong>p&#39;os,</strong></span> <span class='ocrx_word' id='word_1_259' title='bbox 593 3883 850 3933; x_wconf 70' lang='lat' dir='ltr'><strong>churttttt</strong></span> <span class='ocrx_word' id='word_1_260' title='bbox 888 3882 1038 3949; x_wconf 73' lang='lat' dir='ltr'><strong>regni</strong></span> <span class='ocrx_word' id='word_1_261' title='bbox 1070 3883 1311 3937; x_wconf 55' lang='lat' dir='ltr'><strong>haeredes</strong></span> <span class='ocrx_word' id='word_1_262' title='bbox 1338 3883 1551 3939; x_wconf 79' lang='lat' dir='ltr'><strong>emciet.</strong></span> 
     </span>
    </p>
   </div>
   <div class='ocr_carea' id='block_1_40' title="bbox 411 3968 1987 4047">
    <p class='ocr_par' dir='ltr' id='par_1_40' title="bbox 411 3968 1987 4047">
     <span class='ocr_line' id='line_1_40' title="bbox 411 3968 1987 4047; baseline 0.011 -30"><span class='ocrx_word' id='word_1_263' title='bbox 411 3969 531 4028; x_wconf 78' lang='grc' dir='ltr'>λίας</span> <span class='ocrx_word' id='word_1_264' title='bbox 565 3968 672 4020; x_wconf 81' lang='grc' dir='ltr'><strong>τῶν</strong></span> <span class='ocrx_word' id='word_1_265' title='bbox 695 3970 952 4039; x_wconf 77' lang='grc' dir='ltr'><strong>πονηρῶν</strong></span> <span class='ocrx_word' id='word_1_266' title='bbox 994 3972 1298 4042; x_wconf 80' lang='grc' dir='ltr'>ἀνθρώπων</span> <span class='ocrx_word' id='word_1_267' title='bbox 1349 3974 1856 4047; x_wconf 76' lang='grc' dir='ltr'>ἐκλυτρωσόμενος,</span> <span class='ocrx_word' id='word_1_268' title='bbox 1890 3980 1987 4035; x_wconf 72' lang='grc' dir='ltr'>καὶ</span> 
     </span>
    </p>
   </div>
   <div class='ocr_carea' id='block_1_41' title="bbox 416 4082 599 4134">
    <p class='ocr_par' dir='ltr' id='par_1_41' title="bbox 416 4082 599 4134">
     <span class='ocr_line' id='line_1_41' title="bbox 416 4082 599 4134; baseline 0.016 -17"><span class='ocrx_word' id='word_1_269' title='bbox 416 4082 599 4134; x_wconf 76' lang='grc' dir='ltr'>μενος.</span> 
     </span>
    </p>
   </div>
   <div class='ocr_carea' id='block_1_42' title="bbox 484 4159 1999 4229">
    <p class='ocr_par' dir='ltr' id='par_1_42' title="bbox 484 4159 1999 4229">
     <span class='ocr_line' id='line_1_42' title="bbox 484 4159 1999 4229; baseline 0.01 -17"><span class='ocrx_word' id='word_1_270' title='bbox 484 4159 654 4226; x_wconf 73' lang='lat' dir='ltr'><strong>Igitur</strong></span> <span class='ocrx_word' id='word_1_271' title='bbox 684 4169 803 4229; x_wconf 89' lang='lat' dir='ltr'><strong>post</strong></span> <span class='ocrx_word' id='word_1_272' title='bbox 832 4161 1123 4217; x_wconf 84' lang='lat' dir='ltr'><strong>adventum</strong></span> <span class='ocrx_word' id='word_1_273' title='bbox 1160 4164 1480 4219; x_wconf 78' lang='lat' dir='ltr'><strong>Antichristi</strong></span> <span class='ocrx_word' id='word_1_274' title='bbox 1509 4168 1781 4223; x_wconf 87' lang='lat' dir='ltr'><strong>concutiet</strong></span> <span class='ocrx_word' id='word_1_275' title='bbox 1816 4172 1999 4228; x_wconf 86' lang='lat' dir='ltr'><strong>omnia</strong></span> 
     </span>
    </p>
   </div>
   <div class='ocr_carea' id='block_1_43' title="bbox 413 4252 1996 4327">
    <p class='ocr_par' dir='ltr' id='par_1_43' title="bbox 413 4252 1996 4327">
     <span class='ocr_line' id='line_1_43' title="bbox 413 4252 1996 4327; baseline 0.013 -26"><span class='ocrx_word' id='word_1_276' title='bbox 413 4252 505 4317; x_wconf 76' lang='lat' dir='ltr'><strong>qui</strong></span> <span class='ocrx_word' id='word_1_277' title='bbox 557 4252 735 4306; x_wconf 84' lang='lat' dir='ltr'><strong>omnia</strong></span> <span class='ocrx_word' id='word_1_278' title='bbox 788 4253 1042 4321; x_wconf 88' lang='lat' dir='ltr'><strong>sustinet,</strong></span> <span class='ocrx_word' id='word_1_279' title='bbox 1080 4264 1238 4323; x_wconf 88' lang='lat' dir='ltr'><strong>prout</strong></span> <span class='ocrx_word' id='word_1_280' title='bbox 1294 4272 1392 4326; x_wconf 88' lang='lat' dir='ltr'><strong>per</strong></span> <span class='ocrx_word' id='word_1_281' title='bbox 1449 4261 1772 4327; x_wconf 88' lang='lat' dir='ltr'><strong>prophetam</strong></span> <span class='ocrx_word' id='word_1_282' title='bbox 1821 4264 1996 4321; x_wconf 82' lang='lat' dir='ltr'><strong>dixit:</strong></span> 
     </span>
    </p>
   </div>
   <div class='ocr_carea' id='block_1_44' title="bbox 420 4342 1994 4415">
    <p class='ocr_par' dir='ltr' id='par_1_44' title="bbox 420 4342 1994 4415">
     <span class='ocr_line' id='line_1_44' title="bbox 420 4342 1994 4415; baseline 0.01 -21"><span class='ocrx_word' id='word_1_283' title='bbox 420 4363 439 4394; x_wconf 76' lang='grc' dir='ltr'><strong>ι</strong></span> <span class='ocrx_word' id='word_1_284' title='bbox 460 4342 646 4397; x_wconf 61' lang='lat' dir='ltr'><strong>Adhuc</strong></span> <span class='ocrx_word' id='word_1_285' title='bbox 685 4344 978 4410; x_wconf 84' lang='lat' dir='ltr'><strong>modicum,</strong></span> <span class='ocrx_word' id='word_1_286' title='bbox 998 4355 1050 4399; x_wconf 90' lang='lat' dir='ltr'><strong>et</strong></span> <span class='ocrx_word' id='word_1_287' title='bbox 1075 4360 1173 4415; x_wconf 83' lang='lat' dir='ltr'><strong>ego</strong></span> <span class='ocrx_word' id='word_1_288' title='bbox 1204 4349 1429 4403; x_wconf 87' lang='lat' dir='ltr'><strong>movebo</strong></span> <span class='ocrx_word' id='word_1_289' title='bbox 1448 4366 1550 4404; x_wconf 90' lang='lat' dir='ltr'><strong>non</strong></span> <span class='ocrx_word' id='word_1_290' title='bbox 1572 4360 1767 4406; x_wconf 87' lang='lat' dir='ltr'><strong>terram</strong></span> <span class='ocrx_word' id='word_1_291' title='bbox 1790 4364 1994 4411; x_wconf 90' lang='lat' dir='ltr'><strong>tantum</strong></span> 
     </span>
    </p>
   </div>
   <div class='ocr_carea' id='block_1_45' title="bbox 416 4437 1993 4513">
    <p class='ocr_par' dir='ltr' id='par_1_45' title="bbox 416 4437 1993 4513">
     <span class='ocr_line' id='line_1_45' title="bbox 416 4437 1993 4513; baseline 0.01 -27"><span class='ocrx_word' id='word_1_292' title='bbox 416 4438 509 4489; x_wconf 72' lang='lat' dir='ltr'><strong>sed</strong></span> <span class='ocrx_word' id='word_1_293' title='bbox 546 4444 598 4488; x_wconf 85' lang='lat' dir='ltr'><strong>et</strong></span> <span class='ocrx_word' id='word_1_294' title='bbox 628 4438 823 4491; x_wconf 61' lang='lat' dir='ltr'><strong>ceglum</strong></span> <span class='ocrx_word' id='word_1_295' title='bbox 856 4437 921 4490; x_wconf 73' lang='grc' dir='ltr'><strong>ίο.</strong></span> <span class='ocrx_word' id='word_1_296' title='bbox 956 4456 973 4488; x_wconf 81' lang='grc' dir='ltr'><strong>ι</strong></span> <span class='ocrx_word' id='word_1_297' title='bbox 1011 4438 1203 4492; x_wconf 88' lang='lat' dir='ltr'><strong>Statim</strong></span> <span class='ocrx_word' id='word_1_298' title='bbox 1243 4456 1372 4510; x_wconf 80' lang='lat' dir='ltr'><strong>ergo</strong></span> <span class='ocrx_word' id='word_1_299' title='bbox 1417 4445 1661 4500; x_wconf 79' lang='lat' dir='ltr'><strong>concutit</strong></span> <span class='ocrx_word' id='word_1_300' title='bbox 1709 4448 1993 4513; x_wconf 85' lang='lat' dir='ltr'><strong>mundum,</strong></span> 
     </span>
    </p>
   </div>
   <div class='ocr_carea' id='block_1_46' title="bbox 416 4526 1995 4607">
    <p class='ocr_par' dir='ltr' id='par_1_46' title="bbox 416 4526 1995 4607">
     <span class='ocr_line' id='line_1_46' title="bbox 416 4526 1995 4607; baseline 0.007 -26"><span class='ocrx_word' id='word_1_301' title='bbox 416 4526 919 4583; x_wconf 77' lang='lat' dir='ltr'><strong>solvitaltissitttuttt</strong></span> <span class='ocrx_word' id='word_1_302' title='bbox 957 4530 1196 4584; x_wconf 81' lang='lat' dir='ltr'><strong>universi</strong></span> <span class='ocrx_word' id='word_1_303' title='bbox 1235 4531 1480 4598; x_wconf 89' lang='lat' dir='ltr'><strong>litttiteut,</strong></span> <span class='ocrx_word' id='word_1_304' title='bbox 1511 4526 1734 4591; x_wconf 67' lang='lat' dir='ltr'><strong>cmiéste</strong></span> <span class='ocrx_word' id='word_1_305' title='bbox 1767 4539 1995 4607; x_wconf 83' lang='lat' dir='ltr'><strong>c0tttpli-</strong></span> 
     </span>
    </p>
   </div>
   <div class='ocr_carea' id='block_1_47' title="bbox 2099 592 3673 666">
    <p class='ocr_par' dir='ltr' id='par_1_47' title="bbox 2099 592 3673 666">
     <span class='ocr_line' id='line_1_47' title="bbox 2099 592 3673 666; baseline 0.003 -23"><span class='ocrx_word' id='word_1_306' title='bbox 2099 592 2466 662; x_wconf 83' lang='grc' dir='ltr'>χρησάμενος,</span> <span class='ocrx_word' id='word_1_307' title='bbox 2520 593 2588 646; x_wconf 84' lang='grc' dir='ltr'><strong>τά</strong></span> <span class='ocrx_word' id='word_1_308' title='bbox 2620 594 2782 664; x_wconf 88' lang='grc' dir='ltr'>ἰλαρά</span> <span class='ocrx_word' id='word_1_309' title='bbox 2836 595 2931 647; x_wconf 70' lang='grc' dir='ltr'><strong>καὶ</strong></span> <span class='ocrx_word' id='word_1_310' title='bbox 2970 596 3090 665; x_wconf 86' lang='grc' dir='ltr'>μεθ’</span> <span class='ocrx_word' id='word_1_311' title='bbox 3134 594 3329 666; x_wconf 78' lang='grc' dir='ltr'><strong>ἡδονῆς</strong></span> <span class='ocrx_word' id='word_1_312' title='bbox 3356 594 3673 663; x_wconf 78' lang='grc' dir='ltr'><strong>ὠφελοῦντα</strong></span> 
     </span>
    </p>
   </div>
   <div class='ocr_carea' id='block_1_48' title="bbox 2099 685 3668 757">
    <p class='ocr_par' dir='ltr' id='par_1_48' title="bbox 2099 685 3668 757">
     <span class='ocr_line' id='line_1_48' title="bbox 2099 685 3668 757; baseline 0.001 -20"><span class='ocrx_word' id='word_1_313' title='bbox 2099 685 2371 755; x_wconf 81' lang='grc' dir='ltr'><strong>παρῆκεν,</strong></span> <span class='ocrx_word' id='word_1_314' title='bbox 2425 685 2539 738; x_wconf 81' lang='grc' dir='ltr'>ἀλλ’</span> <span class='ocrx_word' id='word_1_315' title='bbox 2600 687 2789 755; x_wconf 69' lang='grc' dir='ltr'>ἤγειρε</span> <span class='ocrx_word' id='word_1_316' title='bbox 2845 687 3115 757; x_wconf 82' lang='grc' dir='ltr'>Πατέρας,</span> <span class='ocrx_word' id='word_1_317' title='bbox 3145 687 3313 753; x_wconf 75' lang='grc' dir='ltr'>ἔδειξε</span> <span class='ocrx_word' id='word_1_318' title='bbox 3358 687 3668 756; x_wconf 70' lang='grc' dir='ltr'>προφήτας,</span> 
     </span>
    </p>
   </div>
   <div class='ocr_carea' id='block_1_49' title="bbox 2099 777 3671 848">
    <p class='ocr_par' dir='ltr' id='par_1_49' title="bbox 2099 777 3671 848">
     <span class='ocr_line' id='line_1_49' title="bbox 2099 777 3671 848; baseline 0.003 -20"><span class='ocrx_word' id='word_1_319' title='bbox 2099 777 2312 830; x_wconf 80' lang='grc' dir='ltr'>ὲτέλεσε</span> <span class='ocrx_word' id='word_1_320' title='bbox 2347 781 2573 846; x_wconf 81' lang='grc' dir='ltr'>σημεῖα,</span> <span class='ocrx_word' id='word_1_321' title='bbox 2598 779 2764 848; x_wconf 88' lang='grc' dir='ltr'>νόμον</span> <span class='ocrx_word' id='word_1_322' title='bbox 2796 779 3023 845; x_wconf 83' lang='grc' dir='ltr'>ἔδωκεν,</span> <span class='ocrx_word' id='word_1_323' title='bbox 3051 780 3315 848; x_wconf 81' lang='grc' dir='ltr'><strong>ἀγγέλους</strong></span> <span class='ocrx_word' id='word_1_324' title='bbox 3346 779 3671 848; x_wconf 67' lang='grc' dir='ltr'>ἐπέστησεν.</span> 
     </span>
    </p>
   </div>
   <div class='ocr_carea' id='block_1_50' title="bbox 2111 869 3675 942">
    <p class='ocr_par' dir='ltr' id='par_1_50' title="bbox 2111 869 3675 942">
     <span class='ocr_line' id='line_1_50' title="bbox 2111 869 3675 942; baseline -0.001 -19"><span class='ocrx_word' id='word_1_325' title='bbox 2111 869 2265 924; x_wconf 79' lang='grc' dir='ltr'>Ἐπεὶ</span> <span class='ocrx_word' id='word_1_326' title='bbox 2296 869 2352 922; x_wconf 83' lang='grc' dir='ltr'>δὲ</span> <span class='ocrx_word' id='word_1_327' title='bbox 2400 873 2495 924; x_wconf 72' lang='grc' dir='ltr'><strong>καὶ</strong></span> <span class='ocrx_word' id='word_1_328' title='bbox 2536 871 2711 925; x_wconf 84' lang='grc' dir='ltr'>ταῦτα</span> <span class='ocrx_word' id='word_1_329' title='bbox 2762 870 2980 940; x_wconf 78' lang='grc' dir='ltr'>ἠσθένει</span> <span class='ocrx_word' id='word_1_330' title='bbox 3020 872 3160 942; x_wconf 86' lang='grc' dir='ltr'>πρὸς</span> <span class='ocrx_word' id='word_1_331' title='bbox 3186 872 3289 941; x_wconf 80' lang='grc' dir='ltr'>τὴν</span> <span class='ocrx_word' id='word_1_332' title='bbox 3324 872 3550 940; x_wconf 77' lang='grc' dir='ltr'><strong>ἄσχετον</strong></span> <span class='ocrx_word' id='word_1_333' title='bbox 3573 870 3675 936; x_wconf 63' lang='grc' dir='ltr'>τῆς</span> 
     </span>
    </p>
   </div>
   <div class='ocr_carea' id='block_1_51' title="bbox 2099 961 3670 1032">
    <p class='ocr_par' dir='ltr' id='par_1_51' title="bbox 2099 961 3670 1032">
     <span class='ocr_line' id='line_1_51' title="bbox 2099 961 3670 1032; baseline -0.001 -18"><span class='ocrx_word' id='word_1_334' title='bbox 2099 963 2374 1032; x_wconf 76' lang='grc' dir='ltr'>ἡμετέρας</span> <span class='ocrx_word' id='word_1_335' title='bbox 2399 961 2600 1025; x_wconf 77' lang='grc' dir='ltr'><strong>κακίας</strong></span> <span class='ocrx_word' id='word_1_336' title='bbox 2649 964 2845 1032; x_wconf 75' lang='grc' dir='ltr'>φορὰν,</span> <span class='ocrx_word' id='word_1_337' title='bbox 2881 964 3015 1017; x_wconf 82' lang='grc' dir='ltr'>αὐτὸ</span> <span class='ocrx_word' id='word_1_338' title='bbox 3039 964 3101 1017; x_wconf 62' lang='lat' dir='ltr'><strong>es</strong></span> <span class='ocrx_word' id='word_1_339' title='bbox 3136 964 3279 1032; x_wconf 83' lang='grc' dir='ltr'>μέγα</span> <span class='ocrx_word' id='word_1_340' title='bbox 3308 962 3447 1031; x_wconf 80' lang='grc' dir='ltr'>ῐαμα</span> <span class='ocrx_word' id='word_1_341' title='bbox 3473 962 3535 1014; x_wconf 72' lang='grc' dir='ltr'>τὸ</span> <span class='ocrx_word' id='word_1_342' title='bbox 3566 980 3670 1014; x_wconf 82' lang='grc' dir='ltr'>κα-</span> 
     </span>
    </p>
   </div>
   <div class='ocr_carea' id='block_1_52' title="bbox 2098 1053 3672 1127">
    <p class='ocr_par' dir='ltr' id='par_1_52' title="bbox 2098 1053 3672 1127">
     <span class='ocr_line' id='line_1_52' title="bbox 2098 1053 3672 1127; baseline -0.003 -18"><span class='ocrx_word' id='word_1_343' title='bbox 2098 1055 2342 1109; x_wconf 83' lang='grc' dir='ltr'>ταπαῦον</span> <span class='ocrx_word' id='word_1_344' title='bbox 2365 1054 2641 1127; x_wconf 79' lang='grc' dir='ltr'>ἁμαρτίας</span> <span class='ocrx_word' id='word_1_345' title='bbox 2675 1055 2940 1126; x_wconf 83' lang='grc' dir='ltr'><strong>μεγάλας,</strong></span> <span class='ocrx_word' id='word_1_346' title='bbox 2965 1054 3130 1114; x_wconf 77' lang='grc' dir='ltr'>αὐτδς</span> <span class='ocrx_word' id='word_1_347' title='bbox 3154 1056 3183 1107; x_wconf 86' lang='grc' dir='ltr'><strong>ό</strong></span> <span class='ocrx_word' id='word_1_348' title='bbox 3206 1053 3300 1107; x_wconf 76' lang='grc' dir='ltr'>τοῦ</span> <span class='ocrx_word' id='word_1_349' title='bbox 3327 1053 3463 1105; x_wconf 76' lang='grc' dir='ltr'><strong>Θεοῦ</strong></span> <span class='ocrx_word' id='word_1_350' title='bbox 3497 1053 3672 1118; x_wconf 85' lang='grc' dir='ltr'>Λόγος</span> 
     </span>
    </p>
   </div>
   <div class='ocr_carea' id='block_1_53' title="bbox 2097 1142 3677 1218">
    <p class='ocr_par' dir='ltr' id='par_1_53' title="bbox 2097 1142 3677 1218">
     <span class='ocr_line' id='line_1_53' title="bbox 2097 1142 3677 1218; baseline -0.003 -17"><span class='ocrx_word' id='word_1_351' title='bbox 2097 1149 2283 1209; x_wconf 78' lang='grc' dir='ltr'>κλίνας</span> <span class='ocrx_word' id='word_1_352' title='bbox 2312 1142 2576 1217; x_wconf 77' lang='grc' dir='ltr'>οὐρανοὺς</span> <span class='ocrx_word' id='word_1_353' title='bbox 2609 1147 2701 1200; x_wconf 70' lang='grc' dir='ltr'><strong>ἐπὶ</strong></span> <span class='ocrx_word' id='word_1_354' title='bbox 2732 1148 2832 1218; x_wconf 81' lang='grc' dir='ltr'>τὴν</span> <span class='ocrx_word' id='word_1_355' title='bbox 2859 1149 2964 1217; x_wconf 80' lang='grc' dir='ltr'>γῆν</span> <span class='ocrx_word' id='word_1_356' title='bbox 3005 1146 3243 1215; x_wconf 84' lang='grc' dir='ltr'>κατῆλθε</span> <span class='ocrx_word' id='word_1_357' title='bbox 3276 1161 3291 1177; x_wconf 79' lang='grc' dir='ltr'><strong><em>ο</em></strong></span> <span class='ocrx_word' id='word_1_358' title='bbox 3325 1146 3422 1199; x_wconf 72' lang='grc' dir='ltr'><strong>καὶ</strong></span> <span class='ocrx_word' id='word_1_359' title='bbox 3474 1145 3583 1213; x_wconf 71' lang='grc'><strong>20</strong></span> <span class='ocrx_word' id='word_1_360' title='bbox 3609 1144 3677 1197; x_wconf 88' lang='grc' dir='ltr'><strong>τά</strong></span> 
     </span>
    </p>
   </div>
   <div class='ocr_carea' id='block_1_54' title="bbox 2097 1236 3672 1310">
    <p class='ocr_par' dir='ltr' id='par_1_54' title="bbox 2097 1236 3672 1310">
     <span class='ocr_line' id='line_1_54' title="bbox 2097 1236 3672 1310; baseline -0.005 -15"><span class='ocrx_word' id='word_1_361' title='bbox 2097 1242 2275 1295; x_wconf 77' lang='grc' dir='ltr'>πάντα</span> <span class='ocrx_word' id='word_1_362' title='bbox 2303 1240 2426 1293; x_wconf 86' lang='grc' dir='ltr'>καθ’</span> <span class='ocrx_word' id='word_1_363' title='bbox 2455 1240 2603 1309; x_wconf 80' lang='grc' dir='ltr'>ἡμᾶς</span> <span class='ocrx_word' id='word_1_364' title='bbox 2623 1238 2889 1307; x_wconf 88' lang='grc' dir='ltr'>γεγονὼς,</span> <span class='ocrx_word' id='word_1_365' title='bbox 2932 1241 3107 1310; x_wconf 79' lang='grc' dir='ltr'>χωρὶς</span> <span class='ocrx_word' id='word_1_366' title='bbox 3130 1238 3429 1309; x_wconf 81' lang='grc' dir='ltr'>ἁμαρτίας,</span> <span class='ocrx_word' id='word_1_367' title='bbox 3461 1236 3602 1302; x_wconf 81' lang='grc' dir='ltr'>κατὴ</span> <span class='ocrx_word' id='word_1_368' title='bbox 3614 1253 3672 1305; x_wconf 82' lang='grc' dir='ltr'>ρ-</span> 
     </span>
    </p>
   </div>
   <div class='ocr_carea' id='block_1_55' title="bbox 2097 1327 3669 1403">
    <p class='ocr_par' dir='ltr' id='par_1_55' title="bbox 2097 1327 3669 1403">
     <span class='ocr_line' id='line_1_55' title="bbox 2097 1327 3669 1403; baseline -0.003 -19"><span class='ocrx_word' id='word_1_369' title='bbox 2097 1348 2234 1400; x_wconf 89' lang='grc' dir='ltr'>γησε</span> <span class='ocrx_word' id='word_1_370' title='bbox 2292 1330 2390 1401; x_wconf 79' lang='grc' dir='ltr'>τὴν</span> <span class='ocrx_word' id='word_1_371' title='bbox 2420 1331 2694 1403; x_wconf 84' lang='grc' dir='ltr'><strong>ἁμαρτίαν</strong></span> <span class='ocrx_word' id='word_1_372' title='bbox 2734 1333 2793 1383; x_wconf 74' lang='grc' dir='ltr'><strong>ἐν</strong></span> <span class='ocrx_word' id='word_1_373' title='bbox 2832 1330 3037 1401; x_wconf 79' lang='grc' dir='ltr'>ἐαυτῷ,</span> <span class='ocrx_word' id='word_1_374' title='bbox 3067 1331 3166 1383; x_wconf 74' lang='grc' dir='ltr'>καὶ</span> <span class='ocrx_word' id='word_1_375' title='bbox 3199 1331 3348 1399; x_wconf 81' lang='grc' dir='ltr'>ἡμᾶς</span> <span class='ocrx_word' id='word_1_376' title='bbox 3381 1327 3669 1397; x_wconf 77' lang='grc' dir='ltr'>ὲνισχύσας</span> 
     </span>
    </p>
   </div>
   <div class='ocr_carea' id='block_1_56' title="bbox 2095 1418 3666 1493">
    <p class='ocr_par' dir='ltr' id='par_1_56' title="bbox 2095 1418 3666 1493">
     <span class='ocr_line' id='line_1_56' title="bbox 2095 1418 3666 1493; baseline -0.006 -16"><span class='ocrx_word' id='word_1_377' title='bbox 2095 1425 2157 1477; x_wconf 84' lang='grc' dir='ltr'><strong>τδ</strong></span> <span class='ocrx_word' id='word_1_378' title='bbox 2177 1424 2400 1492; x_wconf 83' lang='grc' dir='ltr'><strong>κέντρον</strong></span> <span class='ocrx_word' id='word_1_379' title='bbox 2433 1425 2647 1493; x_wconf 81' lang='grc' dir='ltr'>ὲκείνης</span> <span class='ocrx_word' id='word_1_380' title='bbox 2674 1422 2939 1493; x_wconf 75' lang='grc' dir='ltr'>ἧμσλυνι,</span> <span class='ocrx_word' id='word_1_381' title='bbox 2973 1422 3068 1475; x_wconf 75' lang='grc' dir='ltr'>καὶ</span> <span class='ocrx_word' id='word_1_382' title='bbox 3094 1424 3226 1484; x_wconf 81' lang='grc' dir='ltr'>τοὺς</span> <span class='ocrx_word' id='word_1_383' title='bbox 3265 1418 3545 1490; x_wconf 74' lang='grc' dir='ltr'><strong>ἀρχηγοὺς</strong></span> <span class='ocrx_word' id='word_1_384' title='bbox 3572 1418 3666 1470; x_wconf 74' lang='grc' dir='ltr'><strong>καὶ</strong></span> 
     </span>
    </p>
   </div>
   <div class='ocr_carea' id='block_1_57' title="bbox 2099 1507 3671 1583">
    <p class='ocr_par' dir='ltr' id='par_1_57' title="bbox 2099 1507 3671 1583">
     <span class='ocr_line' id='line_1_57' title="bbox 2099 1507 3671 1583; baseline -0.004 -16"><span class='ocrx_word' id='word_1_385' title='bbox 2099 1515 2394 1583; x_wconf 78' lang='grc' dir='ltr'>συνεργοὺς</span> <span class='ocrx_word' id='word_1_386' title='bbox 2442 1514 2611 1576; x_wconf 74' lang='grc' dir='ltr'>αὐτῆς</span> <span class='ocrx_word' id='word_1_387' title='bbox 2661 1512 3162 1583; x_wconf 85' lang='grc' dir='ltr'>παρεδειγμάτισεν</span> <span class='ocrx_word' id='word_1_388' title='bbox 3195 1513 3253 1564; x_wconf 70' lang='grc' dir='ltr'><strong>ιν</strong></span> <span class='ocrx_word' id='word_1_389' title='bbox 3311 1510 3387 1578; x_wconf 86' lang='grc' dir='ltr'><strong>τῷ</strong></span> <span class='ocrx_word' id='word_1_390' title='bbox 3430 1507 3671 1578; x_wconf 84' lang='grc' dir='ltr'>σταυρῷ,</span> 
     </span>
    </p>
   </div>
   <div class='ocr_carea' id='block_1_58' title="bbox 2096 1598 3673 1675">
    <p class='ocr_par' dir='ltr' id='par_1_58' title="bbox 2096 1598 3673 1675">
     <span class='ocr_line' id='line_1_58' title="bbox 2096 1598 3673 1675; baseline -0.005 -17"><span class='ocrx_word' id='word_1_391' title='bbox 2096 1605 2185 1658; x_wconf 77' lang='grc' dir='ltr'>διὰ</span> <span class='ocrx_word' id='word_1_392' title='bbox 2207 1605 2304 1657; x_wconf 82' lang='grc' dir='ltr'>τοῦ</span> <span class='ocrx_word' id='word_1_393' title='bbox 2329 1604 2561 1658; x_wconf 85' lang='grc' dir='ltr'>θανάτου</span> <span class='ocrx_word' id='word_1_394' title='bbox 2589 1604 2948 1675; x_wconf 79' lang='grc' dir='ltr'>καταργήσας</span> <span class='ocrx_word' id='word_1_395' title='bbox 2995 1602 3087 1656; x_wconf 78' lang='grc' dir='ltr'>τὸν</span> <span class='ocrx_word' id='word_1_396' title='bbox 3115 1599 3176 1655; x_wconf 73' lang='grc' dir='ltr'>τὸ</span> <span class='ocrx_word' id='word_1_397' title='bbox 3223 1600 3427 1670; x_wconf 80' lang='grc' dir='ltr'>κράτος</span> <span class='ocrx_word' id='word_1_398' title='bbox 3476 1598 3673 1670; x_wconf 71' lang='grc' dir='ltr'>ἔχοντα</span> 
     </span>
    </p>
   </div>
   <div class='ocr_carea' id='block_1_59' title="bbox 2097 1696 2701 1773">
    <p class='ocr_par' dir='ltr' id='par_1_59' title="bbox 2097 1696 2701 1773">
     <span class='ocr_line' id='line_1_59' title="bbox 2097 1696 2701 1773; baseline 0.002 -24"><span class='ocrx_word' id='word_1_399' title='bbox 2097 1697 2191 1750; x_wconf 81' lang='grc' dir='ltr'><strong>τοῦ</strong></span> <span class='ocrx_word' id='word_1_400' title='bbox 2225 1696 2457 1750; x_wconf 80' lang='grc' dir='ltr'>θανάτου</span> <span class='ocrx_word' id='word_1_401' title='bbox 2468 1738 2479 1750; x_wconf 94' lang='grc'><strong>.</strong></span> <span class='ocrx_word' id='word_1_402' title='bbox 2694 1768 2701 1773; x_wconf 79' lang='lat'><strong>_</strong></span> 
     </span>
    </p>
   </div>
   <div class='ocr_carea' id='block_1_60' title="bbox 2170 1783 3670 1858">
    <p class='ocr_par' dir='ltr' id='par_1_60' title="bbox 2170 1783 3670 1858">
     <span class='ocr_line' id='line_1_60' title="bbox 2170 1783 3670 1858; baseline -0.004 -16"><span class='ocrx_word' id='word_1_403' title='bbox 2170 1789 2279 1843; x_wconf 78' lang='lat' dir='ltr'><strong>Kal.</strong></span> <span class='ocrx_word' id='word_1_404' title='bbox 2305 1788 2380 1852; x_wconf 87' lang='grc' dir='ltr'>ὡς</span> <span class='ocrx_word' id='word_1_405' title='bbox 2433 1789 2527 1842; x_wconf 73' lang='grc' dir='ltr'><strong>ἐπὶ</strong></span> <span class='ocrx_word' id='word_1_406' title='bbox 2584 1786 2710 1842; x_wconf 86' lang='grc' dir='ltr'>Νῶε</span> <span class='ocrx_word' id='word_1_407' title='bbox 2738 1788 2866 1853; x_wconf 78' lang='grc' dir='ltr'>τοὺς</span> <span class='ocrx_word' id='word_1_408' title='bbox 2913 1787 3277 1858; x_wconf 77' lang='grc' dir='ltr'>ἁμαρτωλοὺς</span> <span class='ocrx_word' id='word_1_409' title='bbox 3327 1784 3401 1838; x_wconf 86' lang='grc' dir='ltr'>δι’</span> <span class='ocrx_word' id='word_1_410' title='bbox 3451 1783 3670 1845; x_wconf 77' lang='grc' dir='ltr'>ὕδατος,</span> 
     </span>
    </p>
   </div>
   <div class='ocr_carea' id='block_1_61' title="bbox 2095 1868 3674 1951">
    <p class='ocr_par' dir='ltr' id='par_1_61' title="bbox 2095 1868 3674 1951">
     <span class='ocr_line' id='line_1_61' title="bbox 2095 1868 3674 1951; baseline -0.005 -16"><span class='ocrx_word' id='word_1_411' title='bbox 2095 1879 2240 1936; x_wconf 71' lang='grc' dir='ltr'>οὕτω</span> <span class='ocrx_word' id='word_1_412' title='bbox 2296 1880 2395 1950; x_wconf 86' lang='grc' dir='ltr'>τὴν</span> <span class='ocrx_word' id='word_1_413' title='bbox 2450 1882 2730 1951; x_wconf 76' lang='grc' dir='ltr'>ἁμαρτίαν</span> <span class='ocrx_word' id='word_1_414' title='bbox 2772 1868 3128 1943; x_wconf 75' lang='grc' dir='ltr'>κατακλύσας</span> <span class='ocrx_word' id='word_1_415' title='bbox 3159 1877 3392 1948; x_wconf 77' lang='grc' dir='ltr'>ὕστερον</span> <span class='ocrx_word' id='word_1_416' title='bbox 3451 1875 3542 1928; x_wconf 83' lang='grc' dir='ltr'>διὰ</span> <span class='ocrx_word' id='word_1_417' title='bbox 3570 1878 3674 1945; x_wconf 70' lang='grc' dir='ltr'>τῆς</span> 
     </span>
    </p>
   </div>
   <div class='ocr_carea' id='block_1_62' title="bbox 2094 1962 3671 2043">
    <p class='ocr_par' dir='ltr' id='par_1_62' title="bbox 2094 1962 3671 2043">
     <span class='ocr_line' id='line_1_62' title="bbox 2094 1962 3671 2043; baseline -0.004 -15"><span class='ocrx_word' id='word_1_418' title='bbox 2094 1974 2300 2037; x_wconf 78' lang='grc' dir='ltr'>οἰκείας</span> <span class='ocrx_word' id='word_1_419' title='bbox 2324 1971 2677 2042; x_wconf 79' lang='grc' dir='ltr'>δικαιοσύνης</span> <span class='ocrx_word' id='word_1_420' title='bbox 2711 1962 2831 2028; x_wconf 73' lang='grc' dir='ltr'>καὶ⁸</span> <span class='ocrx_word' id='word_1_421' title='bbox 2860 1972 3112 2043; x_wconf 80' lang='grc' dir='ltr'>χάριτος,</span> <span class='ocrx_word' id='word_1_422' title='bbox 3145 1969 3340 2024; x_wconf 76' lang='grc' dir='ltr'>ἑαυτὸν</span> <span class='ocrx_word' id='word_1_423' title='bbox 3372 1969 3671 2037; x_wconf 73' lang='grc' dir='ltr'>ἀνέστησεν</span> 
     </span>
    </p>
   </div>
   <div class='ocr_carea' id='block_1_63' title="bbox 2088 2059 3670 2134">
    <p class='ocr_par' dir='ltr' id='par_1_63' title="bbox 2088 2059 3670 2134">
     <span class='ocr_line' id='line_1_63' title="bbox 2088 2059 3670 2134; baseline -0.006 -13"><span class='ocrx_word' id='word_1_424' title='bbox 2088 2067 2385 2133; x_wconf 82' lang='grc' dir='ltr'>ἀθάνατον,</span> <span class='ocrx_word' id='word_1_425' title='bbox 2412 2060 2527 2119; x_wconf 81' lang='grc' dir='ltr'>οἷόν</span> <span class='ocrx_word' id='word_1_426' title='bbox 2546 2082 2600 2118; x_wconf 89' lang='grc' dir='ltr'><strong>τι</strong></span> <span class='ocrx_word' id='word_1_427' title='bbox 2631 2066 2856 2134; x_wconf 71' lang='grc' dir='ltr'>σπέρμα</span> <span class='ocrx_word' id='word_1_428' title='bbox 2894 2064 2992 2118; x_wconf 76' lang='grc' dir='ltr'>καὶ</span> <span class='ocrx_word' id='word_1_429' title='bbox 3013 2063 3272 2133; x_wconf 74' lang='grc' dir='ltr'>ἀπαρχὴν</span> <span class='ocrx_word' id='word_1_430' title='bbox 3308 2060 3405 2115; x_wconf 81' lang='grc' dir='ltr'>τοῦ</span> <span class='ocrx_word' id='word_1_431' title='bbox 3445 2059 3670 2114; x_wconf 88' lang='grc' dir='ltr'>αίωνίου</span> 
     </span>
    </p>
   </div>
   <div class='ocr_carea' id='block_1_64' title="bbox 2094 2151 3689 2227">
    <p class='ocr_par' dir='ltr' id='par_1_64' title="bbox 2094 2151 3689 2227">
     <span class='ocr_line' id='line_1_64' title="bbox 2094 2151 3689 2227; baseline -0.007 -14"><span class='ocrx_word' id='word_1_432' title='bbox 2094 2158 2323 2226; x_wconf 80' lang='grc' dir='ltr'>κόσμου,</span> <span class='ocrx_word' id='word_1_433' title='bbox 2385 2157 2481 2212; x_wconf 67' lang='grc' dir='ltr'><strong>καλ⁵</strong></span> <span class='ocrx_word' id='word_1_434' title='bbox 2530 2158 2728 2226; x_wconf 81' lang='grc' dir='ltr'>δεῖγμα</span> <span class='ocrx_word' id='word_1_435' title='bbox 2765 2158 2860 2210; x_wconf 78' lang='grc' dir='ltr'>καὶ</span> <span class='ocrx_word' id='word_1_436' title='bbox 2903 2156 3253 2227; x_wconf 79' lang='grc' dir='ltr'>παράστασιν</span> <span class='ocrx_word' id='word_1_437' title='bbox 3285 2153 3387 2222; x_wconf 78' lang='grc' dir='ltr'>τῆς</span> <span class='ocrx_word' id='word_1_438' title='bbox 3411 2151 3689 2220; x_wconf 78' lang='grc' dir='ltr'>ἀψευδῶς·</span> 
     </span>
    </p>
   </div>
   <div class='ocr_carea' id='block_1_65' title="bbox 2093 2245 3674 2321">
    <p class='ocr_par' dir='ltr' id='par_1_65' title="bbox 2093 2245 3674 2321">
     <span class='ocr_line' id='line_1_65' title="bbox 2093 2245 3674 2321; baseline -0.006 -15"><span class='ocrx_word' id='word_1_439' title='bbox 2093 2250 2457 2321; x_wconf 67' lang='grc' dir='ltr'><strong>ἐλπιζομένης</strong></span> <span class='ocrx_word' id='word_1_440' title='bbox 2487 2251 2619 2320; x_wconf 76' lang='grc' dir='ltr'>ἡμῖν</span> <span class='ocrx_word' id='word_1_441' title='bbox 2640 2251 3015 2313; x_wconf 83' lang='grc' dir='ltr'>ἀναστάσεως.</span> <span class='ocrx_word' id='word_1_442' title='bbox 3060 2248 3329 2310; x_wconf 80' lang='grc' dir='ltr'>’Δναστάς</span> <span class='ocrx_word' id='word_1_443' title='bbox 3361 2246 3441 2308; x_wconf 83' lang='grc' dir='ltr'>δι,</span> <span class='ocrx_word' id='word_1_444' title='bbox 3469 2245 3674 2303; x_wconf 75' lang='grc' dir='ltr'>καὶείς</span> 
     </span>
    </p>
   </div>
   <div class='ocr_carea' id='block_1_66' title="bbox 2093 2335 3668 2414">
    <p class='ocr_par' dir='ltr' id='par_1_66' title="bbox 2093 2335 3668 2414">
     <span class='ocr_line' id='line_1_66' title="bbox 2093 2335 3668 2414; baseline -0.006 -16"><span class='ocrx_word' id='word_1_445' title='bbox 2093 2343 2358 2414; x_wconf 72' lang='grc' dir='ltr'>οὐρανοὺς</span> <span class='ocrx_word' id='word_1_446' title='bbox 2389 2340 2747 2411; x_wconf 75' lang='grc' dir='ltr'>ἀναληφθεὶς,</span> <span class='ocrx_word' id='word_1_447' title='bbox 2778 2340 3120 2403; x_wconf 64' lang='grc' dir='ltr'>ἀποστόλους</span> <span class='ocrx_word' id='word_1_448' title='bbox 3145 2341 3226 2402; x_wconf 86' lang='grc' dir='ltr'><strong>εἰς</strong></span> <span class='ocrx_word' id='word_1_449' title='bbox 3252 2338 3439 2392; x_wconf 76' lang='grc' dir='ltr'>πᾶσαν</span> <span class='ocrx_word' id='word_1_450' title='bbox 3469 2335 3668 2400; x_wconf 77' lang='grc' dir='ltr'>ἑξαπὲ-</span> 
     </span>
    </p>
   </div>
   <div class='ocr_carea' id='block_1_67' title="bbox 2096 2425 3674 2504">
    <p class='ocr_par' dir='ltr' id='par_1_67' title="bbox 2096 2425 3674 2504">
     <span class='ocr_line' id='line_1_67' title="bbox 2096 2425 3674 2504; baseline -0.004 -18"><span class='ocrx_word' id='word_1_451' title='bbox 2096 2435 2273 2488; x_wconf 85' lang='grc' dir='ltr'>στειλε</span> <span class='ocrx_word' id='word_1_452' title='bbox 2289 2432 2388 2504; x_wconf 77' lang='grc' dir='ltr'>τὴν</span> <span class='ocrx_word' id='word_1_453' title='bbox 2405 2431 2753 2501; x_wconf 75' lang='grc' dir='ltr'>οἰκουμένην,</span> <span class='ocrx_word' id='word_1_454' title='bbox 2775 2429 3070 2500; x_wconf 85' lang='grc' dir='ltr'>μαρτύρων</span> <span class='ocrx_word' id='word_1_455' title='bbox 3097 2432 3286 2498; x_wconf 83' lang='grc' dir='ltr'>στῖφος</span> <span class='ocrx_word' id='word_1_456' title='bbox 3320 2427 3419 2481; x_wconf 84' lang='grc' dir='ltr'><strong>οὐκ</strong></span> <span class='ocrx_word' id='word_1_457' title='bbox 3446 2425 3674 2497; x_wconf 86' lang='grc' dir='ltr'>εὐαρίο-</span> 
     </span>
    </p>
   </div>
   <div class='ocr_carea' id='block_1_68' title="bbox 2097 2518 3674 2596">
    <p class='ocr_par' dir='ltr' id='par_1_68' title="bbox 2097 2518 3674 2596">
     <span class='ocr_line' id='line_1_68' title="bbox 2097 2518 3674 2596; baseline -0.004 -18"><span class='ocrx_word' id='word_1_458' title='bbox 2097 2543 2265 2596; x_wconf 88' lang='grc' dir='ltr'>μητον</span> <span class='ocrx_word' id='word_1_459' title='bbox 2319 2523 2675 2594; x_wconf 75' lang='grc' dir='ltr'>προεϐάλετο,</span> <span class='ocrx_word' id='word_1_460' title='bbox 2734 2522 3074 2576; x_wconf 80' lang='grc' dir='ltr'>διδασκάλων</span> <span class='ocrx_word' id='word_1_461' title='bbox 3114 2521 3497 2591; x_wconf 86' lang='grc' dir='ltr'>προεστήσατο</span> <span class='ocrx_word' id='word_1_462' title='bbox 3531 2518 3674 2587; x_wconf 78' lang='grc' dir='ltr'>πλη-</span> 
     </span>
    </p>
   </div>
   <div class='ocr_carea' id='block_1_69' title="bbox 2094 2611 3675 2687">
    <p class='ocr_par' dir='ltr' id='par_1_69' title="bbox 2094 2611 3675 2687">
     <span class='ocr_line' id='line_1_69' title="bbox 2094 2611 3675 2687; baseline -0.005 -15"><span class='ocrx_word' id='word_1_463' title='bbox 2094 2619 2212 2685; x_wconf 77' lang='grc' dir='ltr'>θὺν,</span> <span class='ocrx_word' id='word_1_464' title='bbox 2238 2616 2534 2687; x_wconf 74' lang='grc' dir='ltr'>ἐκκλησίας</span> <span class='ocrx_word' id='word_1_465' title='bbox 2579 2616 2750 2670; x_wconf 83' lang='grc' dir='ltr'>ὁσίων</span> <span class='ocrx_word' id='word_1_466' title='bbox 2777 2614 3000 2680; x_wconf 68' lang='grc' dir='ltr'>ἔδειξεν.</span> <span class='ocrx_word' id='word_1_467' title='bbox 3042 2616 3198 2669; x_wconf 66' lang='grc' dir='ltr'>Ἐπεὶ</span> <span class='ocrx_word' id='word_1_468' title='bbox 3217 2614 3274 2668; x_wconf 71' lang='grc' dir='ltr'>δὲ</span> <span class='ocrx_word' id='word_1_469' title='bbox 3304 2612 3483 2667; x_wconf 82' lang='grc' dir='ltr'>πάντα</span> <span class='ocrx_word' id='word_1_470' title='bbox 3509 2611 3675 2666; x_wconf 79' lang='grc' dir='ltr'>πάλιν</span> 
     </span>
    </p>
   </div>
   <div class='ocr_carea' id='block_1_70' title="bbox 2093 2701 3674 2777">
    <p class='ocr_par' dir='ltr' id='par_1_70' title="bbox 2093 2701 3674 2777">
     <span class='ocr_line' id='line_1_70' title="bbox 2093 2701 3674 2777; baseline -0.004 -15"><span class='ocrx_word' id='word_1_471' title='bbox 2093 2709 2348 2777; x_wconf 81' lang='grc' dir='ltr'>ποιήσας,</span> <span class='ocrx_word' id='word_1_472' title='bbox 2393 2708 2490 2760; x_wconf 72' lang='grc' dir='ltr'><strong>καὶ</strong></span> <span class='ocrx_word' id='word_1_473' title='bbox 2543 2705 2714 2776; x_wconf 80' lang='grc' dir='ltr'>μηδὲν</span> <span class='ocrx_word' id='word_1_474' title='bbox 2743 2705 3079 2774; x_wconf 80' lang='grc' dir='ltr'>καταλείψας</span> <span class='ocrx_word' id='word_1_475' title='bbox 3114 2705 3225 2759; x_wconf 91' lang='grc' dir='ltr'><strong>τῶν</strong></span> <span class='ocrx_word' id='word_1_476' title='bbox 3249 2704 3485 2757; x_wconf 86' lang='grc' dir='ltr'>δεόντων</span> <span class='ocrx_word' id='word_1_477' title='bbox 3517 2701 3674 2770; x_wconf 72' lang='grc' dir='ltr'>γενό-</span> 
     </span>
    </p>
   </div>
   <div class='ocr_carea' id='block_1_71' title="bbox 2096 2793 3674 2866">
    <p class='ocr_par' dir='ltr' id='par_1_71' title="bbox 2096 2793 3674 2866">
     <span class='ocr_line' id='line_1_71' title="bbox 2096 2793 3674 2866; baseline -0.003 -14"><span class='ocrx_word' id='word_1_478' title='bbox 2096 2797 2243 2862; x_wconf 89' lang='grc' dir='ltr'>σθαι,</span> <span class='ocrx_word' id='word_1_479' title='bbox 2300 2796 2402 2866; x_wconf 83' lang='grc' dir='ltr'>τὴν</span> <span class='ocrx_word' id='word_1_480' title='bbox 2461 2796 2660 2850; x_wconf 81' lang='grc' dir='ltr'>κακίαν</span> <span class='ocrx_word' id='word_1_481' title='bbox 2716 2793 2825 2850; x_wconf 81' lang='grc' dir='ltr'>εἶδε</span> <span class='ocrx_word' id='word_1_482' title='bbox 2886 2797 3049 2850; x_wconf 81' lang='grc' dir='ltr'>πάλιν</span> <span class='ocrx_word' id='word_1_483' title='bbox 3100 2795 3179 2866; x_wconf 81' lang='grc' dir='ltr'>τῷ</span> <span class='ocrx_word' id='word_1_484' title='bbox 3208 2795 3544 2863; x_wconf 82' lang='grc' dir='ltr'>αὐτεξουσίῳ</span> <span class='ocrx_word' id='word_1_485' title='bbox 3572 2793 3674 2861; x_wconf 80' lang='grc' dir='ltr'><strong>τῆς</strong></span> 
     </span>
    </p>
   </div>
   <div class='ocr_carea' id='block_1_72' title="bbox 2092 2884 3673 2960">
    <p class='ocr_par' dir='ltr' id='par_1_72' title="bbox 2092 2884 3673 2960">
     <span class='ocr_line' id='line_1_72' title="bbox 2092 2884 3673 2960; baseline -0.003 -20"><span class='ocrx_word' id='word_1_486' title='bbox 2092 2890 2253 2960; x_wconf 79' lang='grc' dir='ltr'>ἡμῶν</span> <span class='ocrx_word' id='word_1_487' title='bbox 2308 2887 2684 2958; x_wconf 79' lang='grc' dir='ltr'>προαιρέσεως</span> <span class='ocrx_word' id='word_1_488' title='bbox 2742 2888 2835 2941; x_wconf 73' lang='grc' dir='ltr'><strong>ἐπὶ</strong></span> <span class='ocrx_word' id='word_1_489' title='bbox 2871 2887 3152 2950; x_wconf 70' lang='grc' dir='ltr'>,τοσοῦτον</span> <span class='ocrx_word' id='word_1_490' title='bbox 3199 2884 3624 2955; x_wconf 61' lang='grc' dir='ltr'>κορυλρουμὲνην</span> <span class='ocrx_word' id='word_1_491' title='bbox 3657 2923 3673 2949; x_wconf 92' lang='grc'><strong>,</strong></span> 
     </span>
    </p>
   </div>
   <div class='ocr_carea' id='block_1_73' title="bbox 2098 2976 3678 3051">
    <p class='ocr_par' dir='ltr' id='par_1_73' title="bbox 2098 2976 3678 3051">
     <span class='ocr_line' id='line_1_73' title="bbox 2098 2976 3678 3051; baseline -0.003 -16"><span class='ocrx_word' id='word_1_492' title='bbox 2098 2982 2301 3051; x_wconf 79' lang='grc' dir='ltr'>μᾶλλον</span> <span class='ocrx_word' id='word_1_493' title='bbox 2355 2981 2412 3034; x_wconf 81' lang='grc' dir='ltr'>δὲ</span> <span class='ocrx_word' id='word_1_494' title='bbox 2459 2981 2582 3033; x_wconf 89' lang='grc' dir='ltr'>τότε</span> <span class='ocrx_word' id='word_1_495' title='bbox 2631 2979 3019 3050; x_wconf 71' lang='grc' dir='ltr'>ἀρθηαομένην</span> <span class='ocrx_word' id='word_1_496' title='bbox 3066 2980 3343 3039; x_wconf 81' lang='grc' dir='ltr'>θεάσεται,</span> <span class='ocrx_word' id='word_1_497' title='bbox 3372 2981 3444 3042; x_wconf 83' lang='grc' dir='ltr'><strong>ὡς</strong></span> <span class='ocrx_word' id='word_1_498' title='bbox 3477 2979 3571 3031; x_wconf 70' lang='grc' dir='ltr'><strong>καὶ</strong></span> <span class='ocrx_word' id='word_1_499' title='bbox 3598 2976 3678 3046; x_wconf 83' lang='grc' dir='ltr'>τῷ</span> 
     </span>
    </p>
   </div>
   <div class='ocr_carea' id='block_1_74' title="bbox 2108 3070 3674 3144">
    <p class='ocr_par' dir='ltr' id='par_1_74' title="bbox 2108 3070 3674 3144">
     <span class='ocr_line' id='line_1_74' title="bbox 2108 3070 3674 3144; baseline -0.003 -17"><span class='ocrx_word' id='word_1_500' title='bbox 2108 3072 2469 3143; x_wconf 82' lang='grc' dir='ltr'>Ἀντιχρίστῳ</span> <span class='ocrx_word' id='word_1_501' title='bbox 2524 3073 2908 3144; x_wconf 81' lang='grc' dir='ltr'>προσκυνῆσαι</span> <span class='ocrx_word' id='word_1_502' title='bbox 2964 3073 3093 3135; x_wconf 84' lang='grc' dir='ltr'><strong>τούς</strong></span> <span class='ocrx_word' id='word_1_503' title='bbox 3142 3070 3466 3142; x_wconf 79' lang='grc' dir='ltr'>ἀνθρώπους</span> <span class='ocrx_word' id='word_1_504' title='bbox 3520 3086 3674 3139; x_wconf 78' lang='grc' dir='ltr'>τηνιο</span> 
     </span>
    </p>
   </div>
   <div class='ocr_carea' id='block_1_75' title="bbox 2020 3162 3773 3241">
    <p class='ocr_par' dir='ltr' id='par_1_75' title="bbox 2020 3162 3773 3241">
     <span class='ocr_line' id='line_1_75' title="bbox 2020 3162 3773 3241; baseline -0.002 -22"><span class='ocrx_word' id='word_1_505' title='bbox 2020 3182 2064 3241; x_wconf 65' lang='grc' dir='ltr'><strong>(ι</strong></span> <span class='ocrx_word' id='word_1_506' title='bbox 2097 3164 2276 3220; x_wconf 78' lang='grc' dir='ltr'><strong>καῦτα</strong></span> <span class='ocrx_word' id='word_1_507' title='bbox 2297 3167 2396 3219; x_wconf 73' lang='grc' dir='ltr'>καὶ</span> <span class='ocrx_word' id='word_1_508' title='bbox 2418 3165 2749 3232; x_wconf 74' lang='grc' dir='ltr'>ὑπακοῦσαι,</span> <span class='ocrx_word' id='word_1_509' title='bbox 2784 3165 2949 3219; x_wconf 76' lang='grc' dir='ltr'>αὐτὸν</span> <span class='ocrx_word' id='word_1_510' title='bbox 2980 3166 3073 3218; x_wconf 85' lang='grc' dir='ltr'><strong>τὸν</strong></span> <span class='ocrx_word' id='word_1_511' title='bbox 3104 3165 3279 3234; x_wconf 79' lang='grc' dir='ltr'>ἀληθῆ</span> <span class='ocrx_word' id='word_1_512' title='bbox 3308 3165 3439 3217; x_wconf 81' lang='grc' dir='ltr'>Θεὸν</span> <span class='ocrx_word' id='word_1_513' title='bbox 3464 3165 3559 3218; x_wconf 79' lang='grc' dir='ltr'><strong>καὶ</strong></span> <span class='ocrx_word' id='word_1_514' title='bbox 3583 3162 3678 3216; x_wconf 75' lang='grc' dir='ltr'><strong>τὸν</strong></span> <span class='ocrx_word' id='word_1_515' title='bbox 3766 3184 3773 3187; x_wconf 49' lang='lat'><strong><em>‘</em></strong></span> 
     </span>
    </p>
   </div>
   <div class='ocr_carea' id='block_1_76' title="bbox 2097 3250 3678 3326">
    <p class='ocr_par' dir='ltr' id='par_1_76' title="bbox 2097 3250 3678 3326">
     <span class='ocr_line' id='line_1_76' title="bbox 2097 3250 3678 3326; baseline -0.003 -14"><span class='ocrx_word' id='word_1_516' title='bbox 2097 3256 2263 3312; x_wconf 82' lang='grc' dir='ltr'><strong>αὐτοῦ</strong></span> <span class='ocrx_word' id='word_1_517' title='bbox 2298 3256 2473 3326; x_wconf 82' lang='grc' dir='ltr'>ἀληθῆ</span> <span class='ocrx_word' id='word_1_518' title='bbox 2509 3255 2913 3319; x_wconf 84' lang='grc' dir='ltr'>καταλιπόντας</span> <span class='ocrx_word' id='word_1_519' title='bbox 2944 3257 2987 3309; x_wconf 85' lang='grc' dir='ltr'>Χ</span> <span class='ocrx_word' id='word_1_520' title='bbox 2999 3255 3203 3324; x_wconf 75' lang='grc' dir='ltr'>ριττδν,</span> <span class='ocrx_word' id='word_1_521' title='bbox 3239 3255 3404 3320; x_wconf 80' lang='grc' dir='ltr'>αὐτὸς</span> <span class='ocrx_word' id='word_1_522' title='bbox 3427 3250 3585 3319; x_wconf 84' lang='grc' dir='ltr'>αὖθις</span> <span class='ocrx_word' id='word_1_523' title='bbox 3617 3255 3678 3319; x_wconf 78' lang='grc' dir='ltr'><strong>ἐξ</strong></span> 
     </span>
    </p>
   </div>
   <div class='ocr_carea' id='block_1_77' title="bbox 2096 3346 3680 3419">
    <p class='ocr_par' dir='ltr' id='par_1_77' title="bbox 2096 3346 3680 3419">
     <span class='ocr_line' id='line_1_77' title="bbox 2096 3346 3680 3419; baseline -0.004 -14"><span class='ocrx_word' id='word_1_524' title='bbox 2096 3350 2345 3419; x_wconf 85' lang='grc' dir='ltr'>οὐρανῶν</span> <span class='ocrx_word' id='word_1_525' title='bbox 2371 3348 2726 3403; x_wconf 75' lang='grc' dir='ltr'>ἐπελεύσεται</span> <span class='ocrx_word' id='word_1_526' title='bbox 2763 3348 2900 3418; x_wconf 86' lang='grc' dir='ltr'><strong>μετά</strong></span> <span class='ocrx_word' id='word_1_527' title='bbox 2930 3346 3337 3418; x_wconf 68' lang='grc' dir='ltr'>δυνάμεως⁹καὶ</span> <span class='ocrx_word' id='word_1_528' title='bbox 3367 3348 3527 3419; x_wconf 80' lang='grc' dir='ltr'>δόξης</span> <span class='ocrx_word' id='word_1_529' title='bbox 3551 3348 3680 3400; x_wconf 91' lang='grc' dir='ltr'>πολ-</span> 
     </span>
    </p>
   </div>
   <div class='ocr_carea' id='block_1_78' title="bbox 2098 3438 3679 3510">
    <p class='ocr_par' dir='ltr' id='par_1_78' title="bbox 2098 3438 3679 3510">
     <span class='ocr_line' id='line_1_78' title="bbox 2098 3438 3679 3510; baseline -0.003 -16"><span class='ocrx_word' id='word_1_530' title='bbox 2098 3440 2222 3510; x_wconf 81' lang='grc' dir='ltr'>λῆς,</span> <span class='ocrx_word' id='word_1_531' title='bbox 2257 3439 2442 3493; x_wconf 77' lang='grc' dir='ltr'>οὐκέτι</span> <span class='ocrx_word' id='word_1_532' title='bbox 2497 3440 2971 3510; x_wconf 85' lang='grc' dir='ltr'>μακροθυμήσων,</span> <span class='ocrx_word' id='word_1_533' title='bbox 2995 3438 3134 3493; x_wconf 88' lang='grc' dir='ltr'><strong>ἀλλά</strong></span> <span class='ocrx_word' id='word_1_534' title='bbox 3187 3438 3521 3506; x_wconf 84' lang='grc' dir='ltr'>τιμωρήσων</span> <span class='ocrx_word' id='word_1_535' title='bbox 3549 3438 3679 3500; x_wconf 83' lang='grc' dir='ltr'>τοὺς</span> 
     </span>
    </p>
   </div>
   <div class='ocr_carea' id='block_1_79' title="bbox 2099 3529 3676 3602">
    <p class='ocr_par' dir='ltr' id='par_1_79' title="bbox 2099 3529 3676 3602">
     <span class='ocr_line' id='line_1_79' title="bbox 2099 3529 3676 3602; baseline -0.003 -18"><span class='ocrx_word' id='word_1_536' title='bbox 2099 3529 2190 3584; x_wconf 81' lang='grc' dir='ltr'>διὰ</span> <span class='ocrx_word' id='word_1_537' title='bbox 2219 3531 2329 3583; x_wconf 91' lang='grc' dir='ltr'><strong>τῶν</strong></span> <span class='ocrx_word' id='word_1_538' title='bbox 2367 3531 2621 3602; x_wconf 84' lang='grc' dir='ltr'>πονηρῶν</span> <span class='ocrx_word' id='word_1_539' title='bbox 2661 3530 2842 3599; x_wconf 78' lang='grc' dir='ltr'>ἔργων</span> <span class='ocrx_word' id='word_1_540' title='bbox 2865 3531 3306 3602; x_wconf 84' lang='grc' dir='ltr'>θησαυρίσαντας</span> <span class='ocrx_word' id='word_1_541' title='bbox 3342 3531 3557 3593; x_wconf 82' lang='grc' dir='ltr'>ἑαυτοῖς</span> <span class='ocrx_word' id='word_1_542' title='bbox 3578 3534 3676 3599; x_wconf 76' lang='grc' dir='ltr'>τὴν</span> 
     </span>
    </p>
   </div>
   <div class='ocr_carea' id='block_1_80' title="bbox 2100 3619 3679 3692">
    <p class='ocr_par' dir='ltr' id='par_1_80' title="bbox 2100 3619 3679 3692">
     <span class='ocr_line' id='line_1_80' title="bbox 2100 3619 3679 3692; baseline -0.001 -19"><span class='ocrx_word' id='word_1_543' title='bbox 2100 3621 2270 3692; x_wconf 85' lang='grc' dir='ltr'>ὀργὴν</span> <span class='ocrx_word' id='word_1_544' title='bbox 2318 3623 2376 3673; x_wconf 85' lang='grc' dir='ltr'><strong>ὲν</strong></span> <span class='ocrx_word' id='word_1_545' title='bbox 2421 3620 2500 3691; x_wconf 80' lang='grc' dir='ltr'>τῷ</span> <span class='ocrx_word' id='word_1_546' title='bbox 2558 3622 2739 3690; x_wconf 86' lang='grc' dir='ltr'>καιρῷ</span> <span class='ocrx_word' id='word_1_547' title='bbox 2766 3622 2864 3692; x_wconf 81' lang='grc' dir='ltr'>τῆς</span> <span class='ocrx_word' id='word_1_548' title='bbox 2899 3621 3283 3691; x_wconf 83' lang='grc' dir='ltr'>μακροθυμίας</span> <span class='ocrx_word' id='word_1_549' title='bbox 3335 3619 3502 3674; x_wconf 80' lang='grc' dir='ltr'>αὐτοῦ</span> <span class='ocrx_word' id='word_1_550' title='bbox 3536 3637 3550 3651; x_wconf 91' lang='grc'><strong>·</strong></span> <span class='ocrx_word' id='word_1_551' title='bbox 3586 3619 3679 3673; x_wconf 79' lang='grc' dir='ltr'><strong>καὶ</strong></span> 
     </span>
    </p>
   </div>
   <div class='ocr_carea' id='block_1_81' title="bbox 2099 3710 3679 3784">
    <p class='ocr_par' dir='ltr' id='par_1_81' title="bbox 2099 3710 3679 3784">
     <span class='ocr_line' id='line_1_81' title="bbox 2099 3710 3679 3784; baseline -0.001 -19"><span class='ocrx_word' id='word_1_552' title='bbox 2099 3714 2227 3775; x_wconf 82' lang='grc' dir='ltr'>τοὺς</span> <span class='ocrx_word' id='word_1_553' title='bbox 2261 3712 2363 3784; x_wconf 81' lang='grc' dir='ltr'>μὲν</span> <span class='ocrx_word' id='word_1_554' title='bbox 2409 3714 2647 3774; x_wconf 80' lang='grc' dir='ltr'>ἀνιάτως</span> <span class='ocrx_word' id='word_1_555' title='bbox 2694 3711 2940 3781; x_wconf 72' lang='grc' dir='ltr'>ἔχοντας,</span> <span class='ocrx_word' id='word_1_556' title='bbox 2970 3713 3045 3776; x_wconf 84' lang='grc' dir='ltr'>ὡς</span> <span class='ocrx_word' id='word_1_557' title='bbox 3074 3711 3211 3782; x_wconf 79' lang='grc' dir='ltr'>μέλη</span> <span class='ocrx_word' id='word_1_558' title='bbox 3249 3712 3529 3782; x_wconf 77' lang='grc' dir='ltr'>σεσηπότα</span> <span class='ocrx_word' id='word_1_559' title='bbox 3569 3710 3679 3764; x_wconf 88' lang='grc' dir='ltr'><strong>τῶν</strong></span> 
     </span>
    </p>
   </div>
   <div class='ocr_carea' id='block_1_82' title="bbox 2103 3802 3682 3874">
    <p class='ocr_par' dir='ltr' id='par_1_82' title="bbox 2103 3802 3682 3874">
     <span class='ocr_line' id='line_1_82' title="bbox 2103 3802 3682 3874; baseline -0.001 -17"><span class='ocrx_word' id='word_1_560' title='bbox 2103 3803 2458 3873; x_wconf 80' lang='grc' dir='ltr'>ὑγιαινόντων</span> <span class='ocrx_word' id='word_1_561' title='bbox 2501 3802 2969 3873; x_wconf 86' lang='grc' dir='ltr'>ἀποτεμούμενος,</span> <span class='ocrx_word' id='word_1_562' title='bbox 3006 3804 3100 3857; x_wconf 80' lang='grc' dir='ltr'>καὶ</span> <span class='ocrx_word' id='word_1_563' title='bbox 3140 3804 3219 3872; x_wconf 85' lang='grc' dir='ltr'>τῷ</span> <span class='ocrx_word' id='word_1_564' title='bbox 3253 3805 3389 3874; x_wconf 76' lang='grc' dir='ltr'><strong>πυρὶ</strong></span> <span class='ocrx_word' id='word_1_565' title='bbox 3424 3803 3682 3869; x_wconf 86' lang='grc' dir='ltr'>παραδώ-</span> 
     </span>
    </p>
   </div>
   <div class='ocr_carea' id='block_1_83' title="bbox 2106 3892 3679 3967">
    <p class='ocr_par' dir='ltr' id='par_1_83' title="bbox 2106 3892 3679 3967">
     <span class='ocr_line' id='line_1_83' title="bbox 2106 3892 3679 3967; baseline -0.001 -20"><span class='ocrx_word' id='word_1_566' title='bbox 2106 3911 2233 3959; x_wconf 87' lang='grc' dir='ltr'>σων,</span> <span class='ocrx_word' id='word_1_567' title='bbox 2274 3894 2407 3967; x_wconf 83' lang='grc' dir='ltr'>τοὺς</span> <span class='ocrx_word' id='word_1_568' title='bbox 2432 3892 2489 3945; x_wconf 81' lang='grc' dir='ltr'>δὲ</span> <span class='ocrx_word' id='word_1_569' title='bbox 2510 3895 2746 3953; x_wconf 87' lang='grc' dir='ltr'>οἰκείους</span> <span class='ocrx_word' id='word_1_570' title='bbox 2779 3892 2929 3965; x_wconf 87' lang='grc' dir='ltr'>αὐτῴ</span> <span class='ocrx_word' id='word_1_571' title='bbox 2949 3895 3049 3963; x_wconf 84' lang='grc' dir='ltr'>τῆς</span> <span class='ocrx_word' id='word_1_572' title='bbox 3069 3892 3332 3964; x_wconf 75' lang='grc' dir='ltr'>ἐπηρείας</span> <span class='ocrx_word' id='word_1_573' title='bbox 3357 3894 3452 3947; x_wconf 80' lang='grc' dir='ltr'>καὶ</span> <span class='ocrx_word' id='word_1_574' title='bbox 3482 3911 3679 3946; x_wconf 79' lang='grc' dir='ltr'>συναυ-</span> 
     </span>
    </p>
   </div>
   <div class='ocr_carea' id='block_1_84' title="bbox 2023 3982 3677 4056">
    <p class='ocr_par' dir='ltr' id='par_1_84' title="bbox 2023 3982 3677 4056">
     <span class='ocr_line' id='line_1_84' title="bbox 2023 3982 3677 4056; baseline 0.002 -22"><span class='ocrx_word' id='word_1_575' title='bbox 2023 3982 2122 4053; x_wconf 86' lang='grc' dir='ltr'>τῆς</span> <span class='ocrx_word' id='word_1_576' title='bbox 2145 3985 2256 4040; x_wconf 89' lang='grc' dir='ltr'><strong>τῶν</strong></span> <span class='ocrx_word' id='word_1_577' title='bbox 2282 3984 2531 4056; x_wconf 81' lang='grc' dir='ltr'>οὐρανῶν</span> <span class='ocrx_word' id='word_1_578' title='bbox 2558 3983 2843 4055; x_wconf 75' lang='grc' dir='ltr'>βασιλείας</span> <span class='ocrx_word' id='word_1_579' title='bbox 2912 3983 3286 4056; x_wconf 78' lang='grc' dir='ltr'>κληρονόμους</span> <span class='ocrx_word' id='word_1_580' title='bbox 3366 3983 3677 4054; x_wconf 80' lang='grc' dir='ltr'>ἀπεργασό⁴</span> 
     </span>
    </p>
   </div>
   <div class='ocr_carea' id='block_1_85' title="bbox 2179 4166 3679 4244">
    <p class='ocr_par' dir='ltr' id='par_1_85' title="bbox 2179 4166 3679 4244">
     <span class='ocr_line' id='line_1_85' title="bbox 2179 4166 3679 4244; baseline -0.003 -17"><span class='ocrx_word' id='word_1_581' title='bbox 2179 4173 2354 4236; x_wconf 81' lang='grc' dir='ltr'>Εὐθὺς</span> <span class='ocrx_word' id='word_1_582' title='bbox 2407 4166 2500 4227; x_wconf 79' lang='grc' dir='ltr'><strong>οὖν</strong></span> <span class='ocrx_word' id='word_1_583' title='bbox 2531 4170 2671 4242; x_wconf 77' lang='grc' dir='ltr'>μετὰ</span> <span class='ocrx_word' id='word_1_584' title='bbox 2718 4171 2815 4242; x_wconf 78' lang='grc' dir='ltr'>τὴν</span> <span class='ocrx_word' id='word_1_585' title='bbox 2847 4171 2943 4225; x_wconf 79' lang='grc' dir='ltr'><strong>τοῦ</strong></span> <span class='ocrx_word' id='word_1_586' title='bbox 3003 4173 3376 4244; x_wconf 78' lang='grc' dir='ltr'>’Δντιχρίστου</span> <span class='ocrx_word' id='word_1_587' title='bbox 3418 4172 3679 4243; x_wconf 74' lang='grc' dir='ltr'>βδελυρὰν</span> 
     </span>
    </p>
   </div>
   <div class='ocr_carea' id='block_1_86' title="bbox 2104 4263 3678 4336">
    <p class='ocr_par' dir='ltr' id='par_1_86' title="bbox 2104 4263 3678 4336">
     <span class='ocr_line' id='line_1_86' title="bbox 2104 4263 3678 4336; baseline 0.001 -18"><span class='ocrx_word' id='word_1_588' title='bbox 2104 4265 2420 4336; x_wconf 73' lang='grc' dir='ltr'>παρρησίαν</span> <span class='ocrx_word' id='word_1_589' title='bbox 2448 4263 2700 4335; x_wconf 81' lang='grc' dir='ltr'>κλονήσει</span> <span class='ocrx_word' id='word_1_590' title='bbox 2729 4263 2798 4318; x_wconf 83' lang='grc' dir='ltr'>τὰ</span> <span class='ocrx_word' id='word_1_591' title='bbox 2832 4265 3012 4318; x_wconf 76' lang='grc' dir='ltr'>πάντα</span> <span class='ocrx_word' id='word_1_592' title='bbox 3070 4266 3098 4318; x_wconf 90' lang='grc' dir='ltr'><strong>ό</strong></span> <span class='ocrx_word' id='word_1_593' title='bbox 3133 4266 3411 4336; x_wconf 71' lang='grc' dir='ltr'>συστήσας</span> <span class='ocrx_word' id='word_1_594' title='bbox 3435 4266 3503 4319; x_wconf 83' lang='grc' dir='ltr'><strong>τά</strong></span> <span class='ocrx_word' id='word_1_595' title='bbox 3536 4266 3678 4320; x_wconf 77' lang='grc' dir='ltr'><strong>πάνο</strong></span> 
     </span>
    </p>
   </div>
   <div class='ocr_carea' id='block_1_87' title="bbox 2102 4355 3678 4426">
    <p class='ocr_par' dir='ltr' id='par_1_87' title="bbox 2102 4355 3678 4426">
     <span class='ocr_line' id='line_1_87' title="bbox 2102 4355 3678 4426; baseline -0.002 -13"><span class='ocrx_word' id='word_1_596' title='bbox 2102 4372 2204 4413; x_wconf 80' lang='grc' dir='ltr'>τα⁶</span> <span class='ocrx_word' id='word_1_597' title='bbox 2247 4356 2387 4411; x_wconf 88' lang='grc' dir='ltr'><strong>κατά</strong></span> <span class='ocrx_word' id='word_1_598' title='bbox 2455 4358 2515 4411; x_wconf 83' lang='grc' dir='ltr'>τὸ</span> <span class='ocrx_word' id='word_1_599' title='bbox 2571 4356 2661 4410; x_wconf 84' lang='grc' dir='ltr'>διὰ</span> <span class='ocrx_word' id='word_1_600' title='bbox 2724 4355 2818 4409; x_wconf 75' lang='grc' dir='ltr'>τοῦ</span> <span class='ocrx_word' id='word_1_601' title='bbox 2880 4356 3168 4426; x_wconf 84' lang='grc' dir='ltr'>προφήτου</span> <span class='ocrx_word' id='word_1_602' title='bbox 3220 4356 3535 4426; x_wconf 75' lang='grc' dir='ltr'>εἰρημένον,</span> <span class='ocrx_word' id='word_1_603' title='bbox 3596 4356 3678 4410; x_wconf 81' lang='grc' dir='ltr'><strong>ὅτι</strong></span> 
     </span>
    </p>
   </div>
   <div class='ocr_carea' id='block_1_88' title="bbox 2110 4446 3679 4517">
    <p class='ocr_par' dir='ltr' id='par_1_88' title="bbox 2110 4446 3679 4517">
     <span class='ocr_line' id='line_1_88' title="bbox 2110 4446 3679 4517; baseline -0.004 -12"><span class='ocrx_word' id='word_1_604' title='bbox 2110 4471 2128 4505; x_wconf 83' lang='grc' dir='ltr'><strong>ι</strong></span> <span class='ocrx_word' id='word_1_605' title='bbox 2166 4452 2290 4506; x_wconf 87' lang='grc' dir='ltr'>Ἔτι</span> <span class='ocrx_word' id='word_1_606' title='bbox 2330 4449 2479 4514; x_wconf 81' lang='grc' dir='ltr'>ἆπαξ</span> <span class='ocrx_word' id='word_1_607' title='bbox 2502 4448 2612 4517; x_wconf 67' lang='grc' dir='ltr'><strong>ἐγὼ</strong></span> <span class='ocrx_word' id='word_1_608' title='bbox 2653 4448 2786 4501; x_wconf 87' lang='grc' dir='ltr'>σείω</span> <span class='ocrx_word' id='word_1_609' title='bbox 2827 4447 2888 4500; x_wconf 89' lang='grc' dir='ltr'>οὐ</span> <span class='ocrx_word' id='word_1_610' title='bbox 2928 4447 3088 4517; x_wconf 88' lang='grc' dir='ltr'>μόνον</span> <span class='ocrx_word' id='word_1_611' title='bbox 3131 4448 3232 4517; x_wconf 81' lang='grc' dir='ltr'>τὴν</span> <span class='ocrx_word' id='word_1_612' title='bbox 3262 4448 3388 4517; x_wconf 80' lang='grc' dir='ltr'>γῆν,</span> <span class='ocrx_word' id='word_1_613' title='bbox 3418 4447 3552 4501; x_wconf 86' lang='grc' dir='ltr'><strong>ἀλλά</strong></span> <span class='ocrx_word' id='word_1_614' title='bbox 3585 4446 3679 4500; x_wconf 74' lang='grc' dir='ltr'>καὶ</span> 
     </span>
    </p>
   </div>
   <div class='ocr_carea' id='block_1_89' title="bbox 2101 4537 3680 4613">
    <p class='ocr_par' dir='ltr' id='par_1_89' title="bbox 2101 4537 3680 4613">
     <span class='ocr_line' id='line_1_89' title="bbox 2101 4537 3680 4613; baseline -0.003 -17"><span class='ocrx_word' id='word_1_615' title='bbox 2101 4543 2193 4596; x_wconf 79' lang='grc' dir='ltr'>τὸν</span> <span class='ocrx_word' id='word_1_616' title='bbox 2229 4542 2481 4613; x_wconf 90' lang='grc' dir='ltr'>οὐρανόν.</span> <span class='ocrx_word' id='word_1_617' title='bbox 2533 4559 2552 4592; x_wconf 74' lang='grc' dir='ltr'><strong>ι</strong></span> <span class='ocrx_word' id='word_1_618' title='bbox 2620 4538 2798 4601; x_wconf 78' lang='grc' dir='ltr'>Εὐθὺς</span> <span class='ocrx_word' id='word_1_619' title='bbox 2850 4537 2946 4591; x_wconf 80' lang='grc' dir='ltr'>οὖν</span> <span class='ocrx_word' id='word_1_620' title='bbox 2994 4539 3177 4592; x_wconf 85' lang='grc' dir='ltr'>κλονεῖ</span> <span class='ocrx_word' id='word_1_621' title='bbox 3202 4538 3293 4591; x_wconf 81' lang='grc' dir='ltr'><strong>τὸν</strong></span> <span class='ocrx_word' id='word_1_622' title='bbox 3328 4539 3557 4607; x_wconf 82' lang='grc' dir='ltr'>κόσμον,</span> <span class='ocrx_word' id='word_1_623' title='bbox 3587 4538 3680 4591; x_wconf 77' lang='grc' dir='ltr'><strong>καὶ</strong></span> 
     </span>
    </p>
   </div>
   <div class='ocr_carea' id='block_1_90' title="bbox 416 4620 1992 4698">
    <p class='ocr_par' dir='ltr' id='par_1_90' title="bbox 416 4620 1992 4694">
     <span class='ocr_line' id='line_1_90' title="bbox 416 4620 1992 4694; baseline 0.013 -29"><span class='ocrx_word' id='word_1_624' title='bbox 416 4627 504 4671; x_wconf 69' lang='lat' dir='ltr'><strong>rat</strong></span> <span class='ocrx_word' id='word_1_625' title='bbox 533 4620 957 4687; x_wconf 85' lang='lat' dir='ltr'><strong>tabernaculum,</strong></span> <span class='ocrx_word' id='word_1_626' title='bbox 996 4630 1195 4676; x_wconf 89' lang='lat' dir='ltr'><strong>terram</strong></span> <span class='ocrx_word' id='word_1_627' title='bbox 1249 4625 1355 4694; x_wconf 79' lang='lat' dir='ltr'><strong>igni</strong></span> <span class='ocrx_word' id='word_1_628' title='bbox 1407 4626 1694 4693; x_wconf 81' lang='lat' dir='ltr'><strong>immiscet,</strong></span> <span class='ocrx_word' id='word_1_629' title='bbox 1726 4641 1777 4684; x_wconf 89' lang='lat' dir='ltr'><strong>et</strong></span> <span class='ocrx_word' id='word_1_630' title='bbox 1819 4631 1992 4685; x_wconf 85' lang='lat' dir='ltr'><strong>obruit</strong></span> 
     </span>
    </p>
   </div>
   <div class='ocr_carea' id='block_1_91' title="bbox 2097 4620 3679 4698">
    <p class='ocr_par' dir='ltr' id='par_1_91' title="bbox 2106 4628 3679 4698">
     <span class='ocr_line' id='line_1_91' title="bbox 2106 4628 3679 4698; baseline -0.004 -12"><span class='ocrx_word' id='word_1_631' title='bbox 2106 4633 2226 4687; x_wconf 88' lang='grc' dir='ltr'>λύει</span> <span class='ocrx_word' id='word_1_632' title='bbox 2254 4639 2346 4685; x_wconf 84' lang='grc' dir='ltr'>τὸν</span> <span class='ocrx_word' id='word_1_633' title='bbox 2367 4631 2629 4684; x_wconf 81' lang='grc' dir='ltr'>ἀνωτάτω</span> <span class='ocrx_word' id='word_1_634' title='bbox 2654 4629 2748 4685; x_wconf 81' lang='grc' dir='ltr'>τοῦ</span> <span class='ocrx_word' id='word_1_635' title='bbox 2785 4629 2986 4695; x_wconf 78' lang='grc' dir='ltr'>παντὸς</span> <span class='ocrx_word' id='word_1_636' title='bbox 3019 4630 3163 4698; x_wconf 83' lang='grc' dir='ltr'>ὅρον,</span> <span class='ocrx_word' id='word_1_637' title='bbox 3202 4628 3302 4682; x_wconf 73' lang='grc' dir='ltr'><strong>καὶ</strong></span> <span class='ocrx_word' id='word_1_638' title='bbox 3329 4628 3679 4698; x_wconf 80' lang='grc' dir='ltr'>συμπτύσσει</span> 
     </span>
    </p>
   </div>
   <div class='ocr_carea' id='block_1_92' title="bbox 414 4712 1991 4810">
    <p class='ocr_par' dir='ltr' id='par_1_92' title="bbox 414 4712 1991 4810">
     <span class='ocr_line' id='line_1_92' title="bbox 414 4712 1991 4810; baseline 0.009 -47"><span class='ocrx_word' id='word_1_639' title='bbox 414 4712 746 4768; x_wconf 80' lang='lat' dir='ltr'><strong>universum.</strong></span> <span class='ocrx_word' id='word_1_640' title='bbox 787 4713 1029 4782; x_wconf 86' lang='lat' dir='ltr'><strong>Supcrue</strong></span> <span class='ocrx_word' id='word_1_641' title='bbox 1062 4731 1186 4772; x_wconf 82' lang='lat' dir='ltr'><strong>vero</strong></span> <span class='ocrx_word' id='word_1_642' title='bbox 1238 4728 1508 4775; x_wconf 87' lang='lat' dir='ltr'><strong>astrorum</strong></span> <span class='ocrx_word' id='word_1_643' title='bbox 1570 4723 1991 4810; x_wconf 63' lang='lat' dir='ltr'><strong>multitudiqem,</strong></span> 
     </span>
    </p>
   </div>
   <div class='ocr_carea' id='block_1_93' title="bbox 414 4803 1989 4887">
    <p class='ocr_par' dir='ltr' id='par_1_93' title="bbox 414 4803 1989 4887">
     <span class='ocr_line' id='line_1_93' title="bbox 414 4803 1989 4887; baseline 0.011 -34"><span class='ocrx_word' id='word_1_644' title='bbox 414 4806 568 4871; x_wconf 84' lang='lat' dir='ltr'><strong>quasi</strong></span> <span class='ocrx_word' id='word_1_645' title='bbox 601 4803 746 4860; x_wconf 77' lang='lat' dir='ltr'><strong>faces</strong></span> <span class='ocrx_word' id='word_1_646' title='bbox 776 4804 1075 4863; x_wconf 74' lang='lat' dir='ltr'><strong>iuell&#39;abiles</strong></span> <span class='ocrx_word' id='word_1_647' title='bbox 1108 4811 1158 4863; x_wconf 90' lang='lat' dir='ltr'><strong>iu</strong></span> <span class='ocrx_word' id='word_1_648' title='bbox 1198 4824 1358 4877; x_wconf 89' lang='lat' dir='ltr'><strong>caput</strong></span> <span class='ocrx_word' id='word_1_649' title='bbox 1399 4813 1645 4869; x_wconf 85' lang='lat' dir='ltr'><strong>immittit</strong></span> <span class='ocrx_word' id='word_1_650' title='bbox 1680 4803 1989 4887; x_wconf 33' lang='lat' dir='ltr'><strong>eorum‘qui</strong></span> 
     </span>
    </p>
   </div>
   <div class='ocr_carea' id='block_1_94' title="bbox 418 4895 1996 4976">
    <p class='ocr_par' dir='ltr' id='par_1_94' title="bbox 418 4895 1996 4976">
     <span class='ocr_line' id='line_1_94' title="bbox 418 4895 1996 4976; baseline 0.01 -29"><span class='ocrx_word' id='word_1_651' title='bbox 418 4895 656 4964; x_wconf 76' lang='lat' dir='ltr'><strong>maligno</strong></span> <span class='ocrx_word' id='word_1_652' title='bbox 687 4898 895 4953; x_wconf 73' lang='lat' dir='ltr'><strong>divinos</strong></span> <span class='ocrx_word' id='word_1_653' title='bbox 930 4900 1162 4957; x_wconf 73' lang='lat' dir='ltr'><strong>honores</strong></span> <span class='ocrx_word' id='word_1_654' title='bbox 1200 4906 1578 4973; x_wconf 73' lang='lat' dir='ltr'><strong>cxhibueruut,</strong></span> <span class='ocrx_word' id='word_1_655' title='bbox 1607 4920 1667 4962; x_wconf 91' lang='lat' dir='ltr'><strong>ut</strong></span> <span class='ocrx_word' id='word_1_656' title='bbox 1702 4924 1795 4976; x_wconf 89' lang='lat' dir='ltr'><strong>per</strong></span> <span class='ocrx_word' id='word_1_657' title='bbox 1824 4924 1886 4964; x_wconf 91' lang='lat' dir='ltr'><strong>ea</strong></span> <span class='ocrx_word' id='word_1_658' title='bbox 1911 4911 1996 4963; x_wconf 88' lang='lat' dir='ltr'><strong>de-</strong></span> 
     </span>
    </p>
   </div>
   <div class='ocr_carea' id='block_1_95' title="bbox 420 4992 1994 5070">
    <p class='ocr_par' dir='ltr' id='par_1_95' title="bbox 420 4992 1994 5070">
     <span class='ocr_line' id='line_1_95' title="bbox 420 4992 1994 5070; baseline 0.011 -32"><span class='ocrx_word' id='word_1_659' title='bbox 420 4997 727 5042; x_wconf 85' lang='lat' dir='ltr'><strong>terreantur</strong></span> <span class='ocrx_word' id='word_1_660' title='bbox 760 4992 1079 5049; x_wconf 80' lang='lat' dir='ltr'><strong>AntichriSti</strong></span> <span class='ocrx_word' id='word_1_661' title='bbox 1112 4996 1360 5066; x_wconf 85' lang='lat' dir='ltr'><strong>discipuli</strong></span> <span class='ocrx_word' id='word_1_662' title='bbox 1389 4999 1456 5054; x_wconf 91' lang='lat' dir='ltr'><strong>ab</strong></span> <span class='ocrx_word' id='word_1_663' title='bbox 1480 4997 1582 5053; x_wconf 89' lang='lat' dir='ltr'><strong>illis</strong></span> <span class='ocrx_word' id='word_1_664' title='bbox 1611 4999 1805 5070; x_wconf 88' lang='lat' dir='ltr'><strong>quibus</strong></span> <span class='ocrx_word' id='word_1_665' title='bbox 1840 5018 1994 5056; x_wconf 75' lang='lat' dir='ltr'><strong>mens</strong></span> 
     </span>
    </p>
   </div>
   <div class='ocr_carea' id='block_1_96' title="bbox 417 5083 1995 5158">
    <p class='ocr_par' dir='ltr' id='par_1_96' title="bbox 417 5083 1995 5158">
     <span class='ocr_line' id='line_1_96' title="bbox 417 5083 1995 5158; baseline 0.006 -23"><span class='ocrx_word' id='word_1_666' title='bbox 417 5084 634 5136; x_wconf 76' lang='lat' dir='ltr'><strong>seducta</strong></span> <span class='ocrx_word' id='word_1_667' title='bbox 667 5083 784 5150; x_wconf 82' lang='lat' dir='ltr'><strong>fuit,</strong></span> <span class='ocrx_word' id='word_1_668' title='bbox 808 5095 861 5139; x_wconf 91' lang='lat' dir='ltr'><strong>et</strong></span> <span class='ocrx_word' id='word_1_669' title='bbox 892 5097 1108 5155; x_wconf 89' lang='lat' dir='ltr'><strong>propter</strong></span> <span class='ocrx_word' id='word_1_670' title='bbox 1139 5104 1255 5158; x_wconf 68' lang='lat' dir='ltr'><strong>quae</strong></span> <span class='ocrx_word' id='word_1_671' title='bbox 1290 5100 1347 5145; x_wconf 90' lang='lat' dir='ltr'><strong>ut</strong></span> <span class='ocrx_word' id='word_1_672' title='bbox 1375 5089 1482 5146; x_wconf 91' lang='lat' dir='ltr'><strong>Deo</strong></span> <span class='ocrx_word' id='word_1_673' title='bbox 1514 5093 1858 5146; x_wconf 82' lang='lat' dir='ltr'><strong>crediderunt</strong></span> <span class='ocrx_word' id='word_1_674' title='bbox 1887 5095 1995 5145; x_wconf 83' lang='lat' dir='ltr'><strong>Au-</strong></span> 
     </span>
    </p>
   </div>
   <div class='ocr_carea' id='block_1_97' title="bbox 417 5170 2001 5252">
    <p class='ocr_par' dir='ltr' id='par_1_97' title="bbox 417 5170 2001 5252">
     <span class='ocr_line' id='line_1_97' title="bbox 417 5170 2001 5252; baseline 0.008 -29"><span class='ocrx_word' id='word_1_675' title='bbox 417 5170 686 5229; x_wconf 58' lang='lat' dir='ltr'><strong>tirltristo.</strong></span> <span class='ocrx_word' id='word_1_676' title='bbox 716 5173 923 5231; x_wconf 87' lang='lat' dir='ltr'><strong>Deinde</strong></span> <span class='ocrx_word' id='word_1_677' title='bbox 965 5194 1085 5234; x_wconf 89' lang='lat' dir='ltr'><strong>cum</strong></span> <span class='ocrx_word' id='word_1_678' title='bbox 1128 5181 1301 5248; x_wconf 81' lang='lat' dir='ltr'><strong>gloria</strong></span> <span class='ocrx_word' id='word_1_679' title='bbox 1335 5182 1450 5250; x_wconf 92' lang='lat' dir='ltr'><strong>ipse</strong></span> <span class='ocrx_word' id='word_1_680' title='bbox 1479 5198 1748 5252; x_wconf 86' lang='lat' dir='ltr'><strong>apparens</strong></span> <span class='ocrx_word' id='word_1_681' title='bbox 1782 5184 2001 5237; x_wconf 63' lang='lat' dir='ltr'><strong>inenar~</strong></span> 
     </span>
    </p>
   </div>
   <div class='ocr_carea' id='block_1_98' title="bbox 2103 4720 3679 4794">
    <p class='ocr_par' dir='ltr' id='par_1_98' title="bbox 2103 4720 3679 4794">
     <span class='ocr_line' id='line_1_98' title="bbox 2103 4720 3679 4794; baseline -0.003 -17"><span class='ocrx_word' id='word_1_682' title='bbox 2103 4725 2164 4778; x_wconf 84' lang='grc' dir='ltr'><strong>τὸ</strong></span> <span class='ocrx_word' id='word_1_683' title='bbox 2196 4725 2446 4794; x_wconf 80' lang='grc' dir='ltr'>οὐράνιον</span> <span class='ocrx_word' id='word_1_684' title='bbox 2478 4722 2662 4786; x_wconf 83' lang='grc' dir='ltr'>κύτος,</span> <span class='ocrx_word' id='word_1_685' title='bbox 2704 4723 2799 4775; x_wconf 74' lang='grc' dir='ltr'><strong>καὶ</strong></span> <span class='ocrx_word' id='word_1_686' title='bbox 2826 4721 2925 4791; x_wconf 81' lang='grc' dir='ltr'><strong>τὴν</strong></span> <span class='ocrx_word' id='word_1_687' title='bbox 2964 4722 3069 4790; x_wconf 81' lang='grc' dir='ltr'>γῆν</span> <span class='ocrx_word' id='word_1_688' title='bbox 3102 4722 3236 4787; x_wconf 73' lang='grc' dir='ltr'>πυρὶ</span> <span class='ocrx_word' id='word_1_689' title='bbox 3289 4720 3534 4786; x_wconf 83' lang='grc' dir='ltr'>μίγνυσι,</span> <span class='ocrx_word' id='word_1_690' title='bbox 3588 4720 3679 4772; x_wconf 74' lang='grc' dir='ltr'><strong>καὶ</strong></span> 
     </span>
    </p>
   </div>
   <div class='ocr_carea' id='block_1_99' title="bbox 2106 4807 3677 4884">
    <p class='ocr_par' dir='ltr' id='par_1_99' title="bbox 2106 4807 3677 4884">
     <span class='ocr_line' id='line_1_99' title="bbox 2106 4807 3677 4884; baseline -0.002 -16"><span class='ocrx_word' id='word_1_691' title='bbox 2106 4815 2298 4884; x_wconf 83' lang='grc' dir='ltr'>συγχεῖ</span> <span class='ocrx_word' id='word_1_692' title='bbox 2324 4812 2384 4866; x_wconf 81' lang='grc' dir='ltr'>τὸ</span> <span class='ocrx_word' id='word_1_693' title='bbox 2436 4812 2567 4868; x_wconf 81' lang='grc' dir='ltr'>πᾶν.</span> <span class='ocrx_word' id='word_1_694' title='bbox 2607 4810 2851 4866; x_wconf 77' lang='grc' dir='ltr'>Ἀνωθεν</span> <span class='ocrx_word' id='word_1_695' title='bbox 2874 4811 2931 4864; x_wconf 82' lang='grc' dir='ltr'>δὲ</span> <span class='ocrx_word' id='word_1_696' title='bbox 2967 4811 3074 4865; x_wconf 89' lang='grc' dir='ltr'><strong>τῶν</strong></span> <span class='ocrx_word' id='word_1_697' title='bbox 3107 4811 3325 4882; x_wconf 81' lang='grc' dir='ltr'>ἄστρων</span> <span class='ocrx_word' id='word_1_698' title='bbox 3364 4811 3425 4862; x_wconf 85' lang='grc' dir='ltr'><strong>τὸ</strong></span> <span class='ocrx_word' id='word_1_699' title='bbox 3453 4807 3677 4876; x_wconf 73' lang='grc' dir='ltr'>πλῆθος,</span> 
     </span>
    </p>
   </div>
   <div class='ocr_carea' id='block_1_100' title="bbox 2101 4899 3676 4975">
    <p class='ocr_par' dir='ltr' id='par_1_100' title="bbox 2101 4899 3676 4975">
     <span class='ocr_line' id='line_1_100' title="bbox 2101 4899 3676 4975; baseline -0.005 -16"><span class='ocrx_word' id='word_1_700' title='bbox 2101 4900 2213 4959; x_wconf 73' lang='grc' dir='ltr'>οἷόν</span> <span class='ocrx_word' id='word_1_701' title='bbox 2238 4922 2387 4968; x_wconf 81' lang='grc' dir='ltr'>τινας</span> <span class='ocrx_word' id='word_1_702' title='bbox 2428 4903 2747 4975; x_wconf 82' lang='grc' dir='ltr'>ἁμυθήτους</span> <span class='ocrx_word' id='word_1_703' title='bbox 2797 4902 3146 4973; x_wconf 83' lang='grc' dir='ltr'>πρηστῆρας,</span> <span class='ocrx_word' id='word_1_704' title='bbox 3180 4900 3275 4953; x_wconf 76' lang='grc' dir='ltr'>ἐπὶ</span> <span class='ocrx_word' id='word_1_705' title='bbox 3307 4901 3404 4963; x_wconf 75' lang='grc' dir='ltr'>τὰς</span> <span class='ocrx_word' id='word_1_706' title='bbox 3435 4899 3676 4970; x_wconf 81' lang='grc' dir='ltr'>κεφαλὰς</span> 
     </span>
    </p>
   </div>
   <div class='ocr_carea' id='block_1_101' title="bbox 2102 4976 3674 5067">
    <p class='ocr_par' dir='ltr' id='par_1_101' title="bbox 2102 4991 3674 5067">
     <span class='ocr_line' id='line_1_101' title="bbox 2102 4991 3674 5067; baseline -0.004 -17"><span class='ocrx_word' id='word_1_707' title='bbox 2102 4998 2338 5064; x_wconf 79' lang='grc' dir='ltr'>πέμπων</span> <span class='ocrx_word' id='word_1_708' title='bbox 2361 4995 2467 5049; x_wconf 84' lang='grc' dir='ltr'><strong>τῶν</strong></span> <span class='ocrx_word' id='word_1_709' title='bbox 2492 4992 2931 5067; x_wconf 80' lang='grc' dir='ltr'>θεοποιησᾴντων</span> <span class='ocrx_word' id='word_1_710' title='bbox 2955 4991 3048 5045; x_wconf 77' lang='grc' dir='ltr'>τὸν</span> <span class='ocrx_word' id='word_1_711' title='bbox 3080 4991 3337 5062; x_wconf 81' lang='grc' dir='ltr'>πονηρὸν,</span> <span class='ocrx_word' id='word_1_712' title='bbox 3368 4993 3456 5046; x_wconf 79' lang='grc' dir='ltr'>ἵνα</span> <span class='ocrx_word' id='word_1_713' title='bbox 3478 4991 3543 5044; x_wconf 85' lang='grc' dir='ltr'>δι’</span> <span class='ocrx_word' id='word_1_714' title='bbox 3575 4992 3674 5044; x_wconf 86' lang='grc' dir='ltr'>αὐ-</span> 
     </span>
    </p>
   </div>
   <div class='ocr_carea' id='block_1_102' title="bbox 2099 5082 3679 5157">
    <p class='ocr_par' dir='ltr' id='par_1_102' title="bbox 2099 5082 3679 5157">
     <span class='ocr_line' id='line_1_102' title="bbox 2099 5082 3679 5157; baseline -0.006 -16"><span class='ocrx_word' id='word_1_715' title='bbox 2099 5088 2206 5141; x_wconf 89' lang='grc' dir='ltr'><strong>τῶν</strong></span> <span class='ocrx_word' id='word_1_716' title='bbox 2255 5086 2470 5157; x_wconf 89' lang='grc' dir='ltr'>πρῶτον</span> <span class='ocrx_word' id='word_1_717' title='bbox 2521 5084 2908 5156; x_wconf 78' lang='grc' dir='ltr'>τιμωρηθῶσιν</span> <span class='ocrx_word' id='word_1_718' title='bbox 2944 5086 2992 5137; x_wconf 86' lang='grc' dir='ltr'><strong>οί</strong></span> <span class='ocrx_word' id='word_1_719' title='bbox 3049 5082 3127 5151; x_wconf 83' lang='grc' dir='ltr'>τῷ</span> <span class='ocrx_word' id='word_1_720' title='bbox 3198 5083 3553 5153; x_wconf 80' lang='grc' dir='ltr'>Ἀντιχρίστῳ</span> <span class='ocrx_word' id='word_1_721' title='bbox 3591 5100 3679 5134; x_wconf 82' lang='grc' dir='ltr'>πι-</span> 
     </span>
    </p>
   </div>
   <div class='ocr_carea' id='block_1_103' title="bbox 2100 5170 3677 5243">
    <p class='ocr_par' dir='ltr' id='par_1_103' title="bbox 2100 5170 3677 5243">
     <span class='ocr_line' id='line_1_103' title="bbox 2100 5170 3677 5243; baseline -0.006 -10"><span class='ocrx_word' id='word_1_722' title='bbox 2100 5179 2449 5241; x_wconf 86' lang='grc' dir='ltr'>στεύσαντες,</span> <span class='ocrx_word' id='word_1_723' title='bbox 2502 5171 2584 5242; x_wconf 78' lang='grc' dir='ltr'>οἷς</span> <span class='ocrx_word' id='word_1_724' title='bbox 2630 5178 2723 5229; x_wconf 73' lang='grc' dir='ltr'>τὸν</span> <span class='ocrx_word' id='word_1_725' title='bbox 2771 5175 2896 5229; x_wconf 80' lang='grc' dir='ltr'>νοῦν</span> <span class='ocrx_word' id='word_1_726' title='bbox 2930 5172 3393 5243; x_wconf 82' lang='grc' dir='ltr'>προσηλώθησαν,</span> <span class='ocrx_word' id='word_1_727' title='bbox 3421 5174 3516 5225; x_wconf 80' lang='grc' dir='ltr'>καὶ</span> <span class='ocrx_word' id='word_1_728' title='bbox 3544 5170 3612 5224; x_wconf 83' lang='grc' dir='ltr'>δι’</span> <span class='ocrx_word' id='word_1_729' title='bbox 3642 5170 3677 5224; x_wconf 80' lang='grc' dir='ltr'><strong>ἃ</strong></span> 
     </span>
    </p>
   </div>
   <div class='ocr_carea' id='block_1_104' title="bbox 420 5262 1992 5344">
    <p class='ocr_par' dir='ltr' id='par_1_104' title="bbox 420 5266 1992 5344">
     <span class='ocr_line' id='line_1_104' title="bbox 420 5266 1992 5344; baseline 0.008 -28"><span class='ocrx_word' id='word_1_730' title='bbox 420 5266 601 5333; x_wconf 77' lang='lat' dir='ltr'><strong>rabili,</strong></span> <span class='ocrx_word' id='word_1_731' title='bbox 633 5283 727 5336; x_wconf 87' lang='lat' dir='ltr'><strong>per</strong></span> <span class='ocrx_word' id='word_1_732' title='bbox 786 5268 990 5324; x_wconf 79' lang='lat' dir='ltr'><strong>clarum</strong></span> <span class='ocrx_word' id='word_1_733' title='bbox 1041 5272 1183 5326; x_wconf 76' lang='lat' dir='ltr'><strong>tuba:</strong></span> <span class='ocrx_word' id='word_1_734' title='bbox 1234 5274 1492 5334; x_wconf 89' lang='lat' dir='ltr'><strong>sonitum,</strong></span> <span class='ocrx_word' id='word_1_735' title='bbox 1537 5276 1682 5328; x_wconf 73' lang='lat' dir='ltr'><strong>sicut</strong></span> <span class='ocrx_word' id='word_1_736' title='bbox 1729 5274 1855 5329; x_wconf 90' lang='lat' dir='ltr'><strong>olim</strong></span> <span class='ocrx_word' id='word_1_737' title='bbox 1907 5290 1992 5344; x_wconf 83' lang='lat' dir='ltr'><strong>per</strong></span> 
     </span>
    </p>
   </div>
   <div class='ocr_carea' id='block_1_105' title="bbox 2097 5262 3675 5344">
    <p class='ocr_par' dir='ltr' id='par_1_105' title="bbox 2097 5262 3675 5341">
     <span class='ocr_line' id='line_1_105' title="bbox 2097 5262 3675 5341; baseline -0.008 -13"><span class='ocrx_word' id='word_1_738' title='bbox 2097 5273 2168 5335; x_wconf 81' lang='grc' dir='ltr'><strong>ὡς</strong></span> <span class='ocrx_word' id='word_1_739' title='bbox 2204 5270 2324 5341; x_wconf 85' lang='grc' dir='ltr'><strong>Θεῴ</strong></span> <span class='ocrx_word' id='word_1_740' title='bbox 2352 5269 2429 5339; x_wconf 82' lang='grc' dir='ltr'>τῷ</span> <span class='ocrx_word' id='word_1_741' title='bbox 2456 5267 2683 5339; x_wconf 77' lang='grc' dir='ltr'>ἀντιθέῳ</span> <span class='ocrx_word' id='word_1_742' title='bbox 2708 5267 3061 5335; x_wconf 60' lang='grc' dir='ltr'>ἐπείσθησαν</span> <span class='ocrx_word' id='word_1_743' title='bbox 3100 5264 3292 5317; x_wconf 77' lang='grc' dir='ltr'>ἔπειτα</span> <span class='ocrx_word' id='word_1_744' title='bbox 3328 5266 3465 5333; x_wconf 81' lang='grc' dir='ltr'><strong>μετά</strong></span> <span class='ocrx_word' id='word_1_745' title='bbox 3516 5262 3675 5331; x_wconf 80' lang='grc' dir='ltr'>δόξης</span> 
     </span>
    </p>
   </div>
   <div class='ocr_carea' id='block_1_106' title="bbox 419 5354 1992 5429">
    <p class='ocr_par' dir='ltr' id='par_1_106' title="bbox 419 5357 1992 5429">
     <span class='ocr_line' id='line_1_106' title="bbox 419 5357 1992 5429; baseline 0.005 -21"><span class='ocrx_word' id='word_1_746' title='bbox 419 5357 668 5423; x_wconf 86' lang='lat' dir='ltr'><strong>spiritum</strong></span> <span class='ocrx_word' id='word_1_747' title='bbox 690 5369 1151 5429; x_wconf 84' lang='lat' dir='ltr'><strong>protOparentem,</strong></span> <span class='ocrx_word' id='word_1_748' title='bbox 1170 5377 1358 5416; x_wconf 85' lang='lat' dir='ltr'><strong>omnes</strong></span> <span class='ocrx_word' id='word_1_749' title='bbox 1393 5363 1704 5425; x_wconf 79' lang='lat' dir='ltr'><strong>viviﬁcabit,</strong></span> <span class='ocrx_word' id='word_1_750' title='bbox 1731 5373 1785 5417; x_wconf 90' lang='lat' dir='ltr'><strong>et</strong></span> <span class='ocrx_word' id='word_1_751' title='bbox 1816 5379 1992 5417; x_wconf 73' lang='lat' dir='ltr'><strong>coram</strong></span> 
     </span>
    </p>
   </div>
   <div class='ocr_carea' id='block_1_107' title="bbox 2097 5354 3674 5429">
    <p class='ocr_par' dir='ltr' id='par_1_107' title="bbox 2097 5354 3674 5429">
     <span class='ocr_line' id='line_1_107' title="bbox 2097 5354 3674 5429; baseline -0.006 -14"><span class='ocrx_word' id='word_1_752' title='bbox 2097 5362 2260 5425; x_wconf 81' lang='grc' dir='ltr'>αὐτὸς</span> <span class='ocrx_word' id='word_1_753' title='bbox 2288 5361 2577 5429; x_wconf 71' lang='grc' dir='ltr'>ἐπιφανεὶς</span> <span class='ocrx_word' id='word_1_754' title='bbox 2599 5361 2831 5424; x_wconf 79' lang='grc' dir='ltr'>ἁφάτου,</span> <span class='ocrx_word' id='word_1_755' title='bbox 2857 5357 2923 5410; x_wconf 85' lang='grc' dir='ltr'>δι’</span> <span class='ocrx_word' id='word_1_756' title='bbox 2953 5357 3203 5427; x_wconf 82' lang='grc' dir='ltr'>εὐσήμου</span> <span class='ocrx_word' id='word_1_757' title='bbox 3245 5355 3564 5423; x_wconf 82' lang='grc' dir='ltr'>σάλπιγγος,</span> <span class='ocrx_word' id='word_1_758' title='bbox 3596 5354 3674 5415; x_wconf 79' lang='grc' dir='ltr'>ὡς</span> 
     </span>
    </p>
   </div>
   <div class='ocr_carea' id='block_1_108' title="bbox 386 5445 1992 5525">
    <p class='ocr_par' dir='ltr' id='par_1_108' title="bbox 386 5452 1992 5525">
     <span class='ocr_line' id='line_1_108' title="bbox 386 5452 1992 5525; baseline 0.002 -20"><span class='ocrx_word' id='word_1_759' title='bbox 386 5500 391 5505; x_wconf 95' lang='grc'>.</span> <span class='ocrx_word' id='word_1_760' title='bbox 417 5463 476 5500; x_wconf 89' lang='lat' dir='ltr'><strong>se</strong></span> <span class='ocrx_word' id='word_1_761' title='bbox 493 5452 753 5517; x_wconf 87' lang='lat' dir='ltr'><strong>producet</strong></span> <span class='ocrx_word' id='word_1_762' title='bbox 776 5455 928 5508; x_wconf 80' lang='lat' dir='ltr'><strong>vivos</strong></span> <span class='ocrx_word' id='word_1_763' title='bbox 949 5469 977 5507; x_wconf 76' lang='grc' dir='ltr'><strong>ιι</strong></span> <span class='ocrx_word' id='word_1_764' title='bbox 1000 5456 1195 5509; x_wconf 81' lang='lat' dir='ltr'><strong>saeculo</strong></span> <span class='ocrx_word' id='word_1_765' title='bbox 1227 5453 1535 5509; x_wconf 83' lang='lat' dir='ltr'><strong>defunctos.</strong></span> <span class='ocrx_word' id='word_1_766' title='bbox 1563 5456 1758 5525; x_wconf 84' lang='lat' dir='ltr'><strong>impios</strong></span> <span class='ocrx_word' id='word_1_767' title='bbox 1781 5456 1992 5525; x_wconf 79' lang='lat' dir='ltr'><strong>quidem</strong></span> 
     </span>
    </p>
   </div>
   <div class='ocr_carea' id='block_1_109' title="bbox 2097 5445 3675 5525">
    <p class='ocr_par' dir='ltr' id='par_1_109' title="bbox 2098 5445 3675 5524">
     <span class='ocr_line' id='line_1_109' title="bbox 2098 5445 3675 5524; baseline -0.008 -15"><span class='ocrx_word' id='word_1_768' title='bbox 2098 5454 2168 5509; x_wconf 73' lang='grc' dir='ltr'>δι’</span> <span class='ocrx_word' id='word_1_769' title='bbox 2206 5452 2601 5524; x_wconf 63' lang='grc' dir='ltr'>ὲμρυσήματός</span> <span class='ocrx_word' id='word_1_770' title='bbox 2633 5467 2763 5503; x_wconf 86' lang='grc' dir='ltr'>ποτε</span> <span class='ocrx_word' id='word_1_771' title='bbox 2794 5448 2885 5503; x_wconf 83' lang='grc' dir='ltr'><strong>τὸν</strong></span> <span class='ocrx_word' id='word_1_772' title='bbox 2911 5447 3492 5519; x_wconf 82' lang='grc' dir='ltr'>προπάτορα,’πάντας</span> <span class='ocrx_word' id='word_1_773' title='bbox 3525 5445 3675 5510; x_wconf 82' lang='grc' dir='ltr'>ζωῶ-</span> 
     </span>
    </p>
   </div>
   <div class='ocr_carea' id='block_1_110' title="bbox 419 5542 1992 5615">
    <p class='ocr_par' dir='ltr' id='par_1_110' title="bbox 419 5542 1992 5615">
     <span class='ocr_line' id='line_1_110' title="bbox 419 5542 1992 5615; baseline 0.003 -20"><span class='ocrx_word' id='word_1_774' title='bbox 419 5556 525 5592; x_wconf 85' lang='lat' dir='ltr'><strong>tton</strong></span> <span class='ocrx_word' id='word_1_775' title='bbox 546 5542 778 5598; x_wconf 80' lang='lat' dir='ltr'><strong>adducet</strong></span> <span class='ocrx_word' id='word_1_776' title='bbox 808 5546 857 5599; x_wconf 91' lang='lat' dir='ltr'><strong>in</strong></span> <span class='ocrx_word' id='word_1_777' title='bbox 874 5546 1159 5614; x_wconf 89' lang='lat' dir='ltr'><strong>judicium,</strong></span> <span class='ocrx_word' id='word_1_778' title='bbox 1181 5545 1276 5601; x_wconf 89' lang='lat' dir='ltr'><strong>sed</strong></span> <span class='ocrx_word' id='word_1_779' title='bbox 1302 5559 1400 5600; x_wconf 88' lang='lat' dir='ltr'><strong>nec</strong></span> <span class='ocrx_word' id='word_1_780' title='bbox 1423 5561 1528 5600; x_wconf 93' lang='lat' dir='ltr'><strong>uno</strong></span> <span class='ocrx_word' id='word_1_781' title='bbox 1555 5546 1776 5602; x_wconf 84' lang='lat' dir='ltr'><strong>donabit</strong></span> <span class='ocrx_word' id='word_1_782' title='bbox 1798 5548 1992 5615; x_wconf 79' lang='lat' dir='ltr'><strong>verbo;</strong></span> 
     </span>
    </p>
   </div>
   <div class='ocr_carea' id='block_1_111' title="bbox 421 5629 1993 5709">
    <p class='ocr_par' dir='ltr' id='par_1_111' title="bbox 421 5629 1993 5709">
     <span class='ocr_line' id='line_1_111' title="bbox 421 5629 1993 5709; baseline 0.008 -27"><span class='ocrx_word' id='word_1_783' title='bbox 421 5647 527 5683; x_wconf 84' lang='lat' dir='ltr'><strong>non</strong></span> <span class='ocrx_word' id='word_1_784' title='bbox 577 5634 718 5686; x_wconf 89' lang='lat' dir='ltr'><strong>enim</strong></span> <span class='ocrx_word' id='word_1_785' title='bbox 760 5647 1043 5707; x_wconf 75' lang='lat' dir='ltr'><strong>resurgeut</strong></span> <span class='ocrx_word' id='word_1_786' title='bbox 1079 5637 1227 5707; x_wconf 86' lang='lat' dir='ltr'><strong>impii</strong></span> <span class='ocrx_word' id='word_1_787' title='bbox 1286 5639 1340 5691; x_wconf 92' lang='lat' dir='ltr'><strong>in</strong></span> <span class='ocrx_word' id='word_1_788' title='bbox 1369 5629 1595 5706; x_wconf 74' lang='lat' dir='ltr'><strong>judicio,</strong></span> <span class='ocrx_word' id='word_1_789' title='bbox 1625 5650 1681 5693; x_wconf 85' lang='grc' dir='ltr'><strong>ιιι</strong></span> <span class='ocrx_word' id='word_1_790' title='bbox 1734 5641 1993 5709; x_wconf 80' lang='lat' dir='ltr'><strong>scriptum</strong></span> 
     </span>
    </p>
   </div>
   <div class='ocr_carea' id='block_1_112' title="bbox 496 5811 929 5884">
    <p class='ocr_par' dir='ltr' id='par_1_112' title="bbox 496 5811 929 5884">
     <span class='ocr_line' id='line_1_112' title="bbox 496 5811 929 5884; baseline 0.007 -22"><span class='ocrx_word' id='word_1_791' title='bbox 496 5813 538 5843; x_wconf 53' lang='grc' dir='ltr'><strong>νδ</strong></span> <span class='ocrx_word' id='word_1_792' title='bbox 572 5813 704 5884; x_wconf 69' lang='lat' dir='ltr'><strong>Agg.</strong></span> <span class='ocrx_word' id='word_1_793' title='bbox 755 5828 811 5875; x_wconf 90' lang='lat' dir='ltr'><strong>tt,</strong></span> <span class='ocrx_word' id='word_1_794' title='bbox 841 5811 929 5865; x_wconf 70' lang='lat' dir='ltr'><strong>‘Zl.</strong></span> 
     </span>
    </p>
   </div>
   <div class='ocr_carea' id='block_1_113' title="bbox 2106 5539 3670 5613">
    <p class='ocr_par' dir='ltr' id='par_1_113' title="bbox 2106 5539 3670 5613">
     <span class='ocr_line' id='line_1_113' title="bbox 2106 5539 3670 5613; baseline -0.006 -12"><span class='ocrx_word' id='word_1_795' title='bbox 2106 5566 2208 5612; x_wconf 66' lang='grc' dir='ltr'>σει,</span> <span class='ocrx_word' id='word_1_796' title='bbox 2237 5552 2332 5600; x_wconf 80' lang='grc' dir='ltr'>καὶ</span> <span class='ocrx_word' id='word_1_797' title='bbox 2355 5546 2587 5600; x_wconf 75' lang='grc' dir='ltr'>ἐνώπιον</span> <span class='ocrx_word' id='word_1_798' title='bbox 2614 5542 2782 5597; x_wconf 83' lang='grc' dir='ltr'>αὐτοῦ</span> <span class='ocrx_word' id='word_1_799' title='bbox 2821 5543 3165 5613; x_wconf 80' lang='grc' dir='ltr'>παραστήσει</span> <span class='ocrx_word' id='word_1_800' title='bbox 3195 5539 3402 5605; x_wconf 80' lang='grc' dir='ltr'>ζῶντας</span> <span class='ocrx_word' id='word_1_801' title='bbox 3427 5541 3554 5601; x_wconf 64' lang='grc' dir='ltr'>τοὺς</span> <span class='ocrx_word' id='word_1_802' title='bbox 3576 5540 3670 5593; x_wconf 79' lang='grc' dir='ltr'>ἀπ’</span> 
     </span>
    </p>
   </div>
   <div class='ocr_carea' id='block_1_114' title="bbox 2102 5624 3674 5707">
    <p class='ocr_par' dir='ltr' id='par_1_114' title="bbox 2102 5624 3674 5707">
     <span class='ocr_line' id='line_1_114' title="bbox 2102 5624 3674 5707; baseline -0.01 -15"><span class='ocrx_word' id='word_1_803' title='bbox 2102 5639 2296 5699; x_wconf 53' lang='grc' dir='ltr'>αἰῶνας</span> <span class='ocrx_word' id='word_1_804' title='bbox 2325 5634 2576 5707; x_wconf 79' lang='grc' dir='ltr'>νεκρούς.</span> <span class='ocrx_word' id='word_1_805' title='bbox 2622 5632 2733 5686; x_wconf 73' lang='grc' dir='ltr'><strong>Καὶ</strong></span> <span class='ocrx_word' id='word_1_806' title='bbox 2767 5631 2894 5700; x_wconf 73' lang='grc' dir='ltr'>τοὺς</span> <span class='ocrx_word' id='word_1_807' title='bbox 2954 5630 3051 5703; x_wconf 78' lang='grc' dir='ltr'><strong>μὲν</strong></span> <span class='ocrx_word' id='word_1_808' title='bbox 3084 5628 3298 5692; x_wconf 80' lang='grc' dir='ltr'>ἀσεϐεῖς</span> <span class='ocrx_word' id='word_1_809' title='bbox 3325 5627 3421 5680; x_wconf 86' lang='grc' dir='ltr'><strong>οὐκ</strong></span> <span class='ocrx_word' id='word_1_810' title='bbox 3451 5624 3563 5694; x_wconf 80' lang='grc' dir='ltr'>ἄξει</span> <span class='ocrx_word' id='word_1_811' title='bbox 3596 5626 3674 5692; x_wconf 81' lang='grc' dir='ltr'><strong>εἰς</strong></span> 
     </span>
    </p>
   </div>
  </div>
