4090 6480
405 347 474 411 5]
1771 348 1978 418 ΠΟΜΙῘ

2084 356 2100 414 ι
2145 357 2244 417 IV.
3598 343 3676 407 δί’

404 461 606 528 κρίσιν,
637 461 757 514 ούδέ
784 461 942 529 λόγου
976 461 1196 528 ἀξιώσει
1227 432 1378 529 τίνός
1400 482 1413 498 ο
1449 466 1704 542 οὐδὲγὰρ
1737 469 1978 539 ἀναστή-

2085 478 2189 532 est,
2215 467 2306 523 sed
2340 467 2391 522 in
2429 467 2905 522 condemnatione.
2947 462 3212 522 Producet
3243 470 3419 516 autem
3449 462 3501 516 in
3523 462 3672 531 judi-

405 569 586 604 σονται
645 552 864 616 ἀσεϐεῖς
919 555 977 606 ἐν
1026 555 1207 623 κρίσει
1253 558 1394 612 κατά
1449 560 1510 613 τὸ
1564 562 1971 632 γεγραμμένον,

403 642 522 697 ἀλλ’
543 646 598 697 ἐν
627 651 971 714 κατακρίσει.
1015 649 1288 720 Προθήσει
1319 650 1374 704 δὲ
1409 652 1490 715 εἰς
1528 653 1713 723 κρίσιν
1739 654 1806 708 τά
1837 654 1973 723 ἡμέ-

401 751 535 805 τερα
583 736 779 800 πάντα,
840 741 981 794 κατὰ
1017 742 1115 810 τὴν
1170 743 1413 812 σήμερον
1451 744 1974 816 ἀναγινωσκομένην

401 827 495 880 τοῦ
535 830 866 898 Εὐαγγελίου
892 834 1074 902 φωνήν
1099 851 1112 865 ·
1147 854 1165 885 ι
1209 836 1378 889 Ὅταν
1407 837 1537 905 γὰρ.
1576 839 1761 906 φησὶν,
1792 839 1922 910 ἔλθῃ
1947 841 1975 893 ὁ

405 921 533 984 Υἱὸς
592 923 682 975 τοῦ
718 924 1007 995 ἀνθρώπου
1040 928 1098 978 ἐν
1131 931 1198 998 τῇ
1234 928 1360 1000 δόξῃ
1394 931 1583 994 αὐτοῦ,
1644 933 1737 985 καὶ
1774 932 1976 996 πάντες

400 1016 449 1066 οἱ
480 1015 622 1082 ἅγιοι
683 1018 903 1085 ἄγγελοι
943 1021 1060 1088 μετ’
1091 1021 1278 1076 αὐτοῦ.
1330 1041 1347 1073 ι
1428 1022 1548 1075 Ἐπὶ
1595 1023 1692 1092 μὲν
1725 1024 1835 1092 γὰρ
1876 1026 1974 1092 τῆς

402 1107 676 1175 προτέρας
731 1109 896 1162 αὐτοῦ
931 1113 1235 1182 παρουσίας
1295 1113 1603 1184 ἐκρύπτετο
1655 1117 1688 1184 ὴ
1722 1115 1850 1180 δόξα
1877 1116 1976 1183 τῆς

402 1195 569 1249 αὐτοῦ
622 1197 872 1268 θεότητος
928 1202 1034 1254 ὑπὸ
1065 1200 1165 1270 τὴν
1192 1204 1394 1273 σάρκα,
1448 1206 1516 1274 ἢν
1548 1205 1606 1270 ἐξ
1631 1206 1789 1276 ἡμῶν
1837 1207 1976 1277 ὑπὲρ

403 1289 562 1357 ἡμῶν
596 1291 825 1363 ἀνέλαϐε
849 1309 861 1322 ·
891 1293 986 1346 νῦν
1015 1294 1072 1346 δὲ
1103 1294 1405 1364 κρύπτεται
1452 1296 1588 1366 πρὸς
1619 1297 1710 1350 τὸν
1753 1298 1976 1368 Πατέρα

403 1380 463 1433 ὲν
511 1379 587 1450 τῷ
645 1383 855 1453 ούρανῷ
912 1385 1051 1452 μετά
1091 1387 1187 1455 τῆς
1213 1386 1443 1457 ὁμοθέου
1492 1389 1720 1460 σαρκὸς,
1760 1389 1882 1442 τότε
1917 1391 1976 1444 δὲ

404 1476 586 1526 πᾶσαν
605 1475 903 1546 ἐκκαλύψει
937 1478 1034 1546 τὴν
1059 1479 1216 1544 δόξαν
1239 1497 1252 1510 ο
1299 1480 1406 1532 ἀπὸ
1427 1471 1542 1550 ’γὰρ
1571 1481 1848 1534 ἀνατολῶν
1872 1482 1978 1545 ἕως

403 1562 623 1629 δυσμῶν
656 1572 905 1635 φανεῖται
941 1569 1195 1639 λάμπων,
1229 1571 1410 1624 ἀκτῖσι
1437 1571 1709 1642 ¹θεότητος
1742 1589 1978 1638 περιαυ-

403 1655 587 1724 γάζων
632 1659 703 1711 τὰ
752 1660 988 1732 πέρατα,
1035 1662 1386 1732 παγκοσμίου
1418 1661 1512 1714 καὶ
1547 1661 1816 1725 ζωοποιοῦ
1846 1663 1980 1716 σάλ-

404 1767 600 1820 πιγγος
656 1756 1052 1823 περιηχούσης,
1108 1773 1201 1808 και
1248 1755 1634 1825 συγκαλούσης
1684 1756 1802 1823 ἅμα
1839 1757 1978 1826 πρὸς

2079 559 2222 613 cium
2273 569 2458 614 nostra
2519 559 2722 622 omnia,
2759 558 3058 613 secundum
3119 554 3279 610 hodie
3332 555 3664 623 recognitam

2077 647 2353 721 Evangelii
2397 665 2614 717 vocem;
2646 650 2718 702 ait
2774 647 2955 704 enim:
2987 665 3006 699 ι
3035 645 3172 701 Cum
3228 645 3442 700 venerit
3498 645 3668 698 Filius

2079 741 2319 798 hominis
2351 743 2403 796 in
2435 743 2603 812 gloria
2641 741 2780 808 ejus,
2811 750 2866 796 et
2897 755 3087 795 omnes
3116 738 3289 794 sancti
3323 737 3500 808 angeli
3543 749 3667 790 cum

2077 849 2159 889 eo.
2200 854 2218 886 ι
2251 833 2442 890 Priore
2474 834 2688 904 quidem
2720 835 2955 888 adventu
2998 831 3199 887 latebat
3229 831 3402 901 gloria
3439 830 3556 899 ejus
3589 829 3671 882 di-

2077 923 2321 979 vinitatis
2338 924 2439 979 sub
2467 938 2812 992 carneqnam
2849 939 2914 977 ex
2945 923 3100 977 nobis
3125 936 3221 990 pro
3248 922 3407 978 nobis
3427 937 3674 990 assump-

2078 1015 2172 1080 sit;
2203 1031 2344 1070 nunc
2369 1030 2500 1071 vero
2521 1016 2650 1070 latet
2671 1016 2724 1068 in
2748 1015 2867 1069 sinu
2893 1013 3069 1070 Patris
3099 1013 3151 1069 in
3175 1014 3312 1070 caelo
3337 1029 3458 1069 cum
3485 1014 3668 1068 divina

2079 1109 2197 1178 eius
2219 1110 2387 1164 carne
2411 1127 2424 1173 ;
2462 1120 2589 1164 tunc
2614 1119 2793 1164 autem
2825 1118 2990 1164 totam
3019 1109 3389 1164 manifestabit
3419 1109 3668 1179 gloriam.

2080 1199 2262 1256 Nama
2290 1200 2554 1256 solisortu
2579 1215 2754 1270 usque
2793 1201 2860 1255 ad
2885 1215 3133 1256 occasum
3176 1201 3448 1256 videbitur
3487 1201 3676 1269 splen-

2081 1293 2235 1357 dens,
2270 1293 2436 1347 radiis
2485 1291 2789 1347 divinitatis
2823 1291 2955 1346 ﬁnes
3002 1291 3336 1357 illuminans,
3373 1292 3672 1347 universali

2081 1395 2135 1442 et
2167 1384 2378 1440 viviﬁca
2408 1395 2738 1455 personante
2771 1385 2920 1451 tuba,
2951 1384 3224 1453 simulque
3265 1386 3330 1438 ad
3377 1400 3498 1439 eum
3541 1399 3674 1439 con-

2081 1489 2310 1535 vocante
2325 1478 2530 1534 omnia.
2552 1476 2712 1532 Prius
2730 1479 2951 1548 quidem
2976 1478 3198 1547 angelos
3217 1477 3496 1539 excitabit,
3515 1477 3676 1531 modo

2084 1581 2268 1628 autem
2313 1571 2592 1634 invisibili,
2622 1585 2875 1639 represso
2903 1585 3092 1626 eorum
3146 1571 3262 1625 zel‘o
3296 1570 3557 1625 adversus
3590 1570 3679 1621 ad-

2083 1666 2358 1722 versarios
2413 1664 2544 1729 Dei;
2591 1663 2866 1731 posterius
2919 1678 3050 1719 vero
3103 1663 3281 1733 palam
3349 1662 3546 1726 veniet,
3579 1677 3677 1716 nec

2089 1759 2309 1822 tacebit,
2349 1757 2446 1813 sed
2491 1755 2772 1812 convictos
2814 1757 2989 1825 pomis
3047 1755 3225 1809 tradet
3272 1769 3368 1810 eos
3425 1753 3515 1823 qui
3571 1767 3676 1807 non

405 1844 568 1898 αὐτὸν
624 1846 693 1900 τά
748 1847 946 1901 πάντα.
978 1849 1089 1901 Καὶ
1115 1849 1242 1912 τοὺς
1282 1849 1546 1916 ἀγγέλους
1591 1850 1845 1916 ἐπείγετο
1881 1849 1978 1917 μὲν

2084 1850 2434 1905 obedierunt.

405 1937 502 1989 arati.
528 1940 810 2010 πρότερον,
840 1941 955 1994 ἀλλ’
974 1941 1222 2016 ἀφανῶς,
1246 1943 1459 2012 ἐπέχων
1488 1943 1579 1996 τὸν
1606 1945 1786 1997 αὐτῶν
1817 1943 1982 2011 ζῆλον
2021 1944 2165 1998 κατά
2193 1944 2305 1998 τῶν
2348 1946 2772 2018 θεομαχούντων
2797 1963 2811 1979 ο
2849 1943 3081 2014 ὕστερον
3148 1944 3207 1997 δέ
3237 1943 3500 2014 ἐμφανῶς
3555 1941 3680 2013 ἥξει

403 2033 501 2086 καὶ
546 2035 606 2085 ού
643 2038 1156 2106 παρασιωπήσεται,
1193 2038 1294 2107 21
1329 2039 1466 2092 ἀλλὰ
1503 2039 1597 2091 καὶ
1630 2039 1838 2108 ἐλέγξει
1872 2040 1967 2092 καὶ
2005 2040 2324 2110 παραδώσει
2355 2044 2479 2105 ταῖς
2518 2043 2736 2104 ποιναῖς
2759 2039 2894 2106 τοὺς
2913 2039 3192 2102 ἀπειθεῖς.

479 2146 498 2178 ι
542 2129 710 2181 Ὅταν
743 2123 837 2182 οὖν
871 2129 998 2200 ἔλθῃ
1017 2134 1042 2181 ό
1071 2131 1198 2191 Υἱὸς
1224 2130 1316 2183 τοῦ
1346 2129 1636 2200 ἀνθρώπου
1665 2133 1723 2184 ἐν
1757 2133 1824 2201 τῇ
1853 2129 1981 2201 δόξῃ

405 2219 592 2287 αὐτοῦ,
649 2221 741 2274 καὶ
801 2222 1004 2284 πάντες
1064 2223 1110 2274 οἱ
1163 2222 1311 2291 ἆγιοι
1347 2223 1571 2290 ἄγγελοι
1628 2225 1746 2294 μετ’
1788 2225 1979 2291 αὐτοῦ,

401 2309 547 2375 τότε,
571 2310 726 2381 φησὶ,
767 2311 982 2364 καθίσει
1009 2312 1100 2365 ἐπὶ
1132 2312 1326 2383 θρόνου
1352 2313 1510 2382 δόξης
1540 2313 1738 2368 αὐτοῦ’
1781 2334 1798 2366 ι
1832 2315 1978 2370 οὕτω

404 2401 515 2470 γάρ
543 2405 635 2456 καὶ
661 2406 688 2456 6
715 2405 911 2474 Δανιὴλ
952 2405 1045 2459 καὶ
1082 2405 1303 2475 προεῖδε
1331 2407 1425 2458 καὶ
1455 2408 1719 2477 προεῖπεν
1742 2423 1754 2434 ο
1787 2426 1805 2458 ι
1842 2407 1976 2461 Ἰδοὺ

405 2493 534 2562 γὰρ,
589 2495 741 2565 φησὶ,
789 2497 969 2565 θρόνοι
1023 2497 1310 2568 ἐτέθησαν,
1368 2500 1462 2552 καὶ
1496 2499 1725 2562 παλαιὸς
1751 2499 1978 2571 ἡμερῶν

405 2585 629 2638 ἐκάθισε
648 2602 662 2616 ’
705 2587 801 2640 καὶ
833 2583 972 2642 εἶδον
991 2590 1062 2652 ὡς
1090 2573 1203 2643 uti»;
1229 2589 1519 2661 ἀνθρώπου
1563 2591 1858 2661 ἐρχόμενον
1885 2591 1978 2644 ἐπὶ

403 2676 512 2730 τῶν
542 2678 779 2745 νεφελῶν
805 2679 895 2732 τοῦ
922 2675 1181 2746 οὐοανοῦ,
1215 2682 1312 2735 καὶ
1344 2681 1450 2745 ἓως
1473 2682 1568 2736 τοῦ
1603 2681 1839 2737 παλαιοῦ
1865 2682 1978 2736 τῶν

404 2769 626 2839 ἡμερῶν
684 2769 908 2838 ἔφθασε,
961 2773 1056 2824 καὶ⁵
1085 2771 1235 2840 αὐτῷ
1279 2772 1438 2842 ἐδόθη
1470 2775 1618 2826 πᾶσα
1647 2777 1741 2827 καὶ
1773 2776 1805 2844 ἡ
1843 2774 1979 2846 τιμὴ

405 2860 554 2929 καὶὴ
588 2861 835 2925 ἐξουσία·
876 2861 1046 2932 χίλιαι
1103 2863 1340 2933 χιλιάδες
1369 2865 1752 2936 ἐλειτούργουν
1805 2865 1979 2936 αὐτῷ,

373 2952 500 3006 ’καὶ
541 2953 732 3023 μύριαι
779 2954 1042 3024 μυριάδες
1088 2958 1561 3029 παρειστήκεισαν
1611 2957 1799 3027 αὐτῷ·
1859 2976 1877 3009 ι
1933 2951 1977 3026 ᾧ

407 3045 712 3113 συμφώνως
770 3049 865 3100 καὶ
915 3047 976 3100 τὸ
1040 3047 1184 3120 ἱερὸν
1219 3048 1575 3118 Εὐαγγέλιον,
1615 3049 1772 3112 Τότε,
1821 3053 1976 3120 φησι,

411 3156 431 3189 ι
461 3139 898 3208 Συναχθήσονται
930 3139 1111 3195 πάντα
1146 3141 1215 3194 τά
1255 3140 1386 3212 ἔθνη
1420 3140 1734 3211 ἔμπροσθεν
1765 3142 1932 3195 αὑτοῦ
1959 3160 1974 3174 ·

405 3230 499 3282 καὶ
523 3232 740 3299 ἁφοριεῖ
782 3232 977 3293 αὐτοὺς
1026 3233 1121 3286 ἀπ’
1165 3233 1436 3305 ἀλλήλων,
1471 3235 1663 3305 ὥσπερ
1710 3237 1737 3288 6
1768 3236 1977 3306 ποιμὴν

403 3322 649 3391 ἀφορίζει
702 3323 770 3376 τὰ
802 3324 1051 3394 πρόϐατα
1087 3325 1196 3379 ἀπὸ
1251 3325 1362 3379 τῶν
1394 3328 1621 3393 ἐρίφων.
1667 3347 1685 3379 ι
1721 3329 1979 3397 Πρόϐατα

400 3415 528 3476 τοὺς
579 3415 822 3478 δικαίους
861 3417 1022 3470 καλεῖ
1065 3417 1138 3481 ὡς
1175 3419 1376 3490 πραεῖς
1434 3420 1532 3472 καὶ
1562 3421 1850 3484 ἐπιεικεῖς,
1887 3421 1982 3473 καὶ

406 3505 730 3572 βαδίσαντας
791 3509 890 3576 τὴν
921 3508 1071 3564 λείαν
1100 3510 1195 3564 καὶ
1228 3510 1370 3581 ὑπὲρ
1416 3512 1583 3564 αὐτοῦ
1609 3513 1983 3583 τετριμμένην

401 3599 518 3650 ὁδὸν
565 3600 672 3652 τῶν
722 3601 957 3670 ἀρετῶν,
1009 3603 1106 3655 κοιλ⁵
1162 3603 1238 3666 ὡς
1280 3605 1756 3673 ἁφωμοιωμένους
1808 3605 1980 3674 αὐτῷ.

416 3693 566 3746 Ἐπεὶ
590 3695 686 3748 καὶ
716 3696 878 3760 αὐτὸς
915 3697 1086 3766 ἀμνὸς
1127 3699 1334 3769 ἐκλήθη
1368 3699 1521 3766 παρά
1551 3699 1644 3752 τοῦ
1695 3701 1979 3770 προφήτου

400 3788 496 3838 καὶ
531 3786 868 3841 Βαπτιττοῦ·
904 3807 923 3841 ι
961 3790 1067 3842 Ἴδε
1106 3791 1135 3843 6
1165 3791 1339 3861 ἀμνὸς
1381 3791 1476 3844 τοῦ
1504 3791 1666 3854 Θεοῦ,
1697 3791 1975 3860 λέγοντος,

399 3879 430 3930 6
455 3878 624 3948 αῐρων
661 3879 757 3948 τὴν
794 3879 1066 3950 ἁμαρτίαν
1116 3884 1212 3935 τοῦ
1263 3885 1492 3953 κόσμου.
1541 3903 1557 3934 ι
1630 3883 1888 3953 Ἐρίφους
1922 3885 1979 3937 δὲ

401 3969 560 4023 καλεῖ
604 3971 729 4034 τοὺς
780 3972 1143 4042 ἁμαρτωλοὺς
1186 3974 1260 4038 ὼς
1289 3975 1508 4046 θρασεῖς
1537 3977 1630 4026 καὶ
1685 3974 1977 4037 ἀτάκτους,

401 4062 502 4115 καὶ
532 4065 669 4116 κατά
717 4067 981 4135 κρημνῶν
1035 4068 1375 4137 φερομένους
1403 4068 1502 4134 τῆς
1537 4068 1851 4139 ἁμαρτίας·
1885 4067 1980 4120 καὶ

398 4153 525 4220 ιεοὺς
583 4157 701 4225 μὲν,
743 4159 901 4226 φησὶ,
955 4160 1152 4228 στήσει
1201 4162 1265 4212 ἐκ
1310 4159 1527 4226 δεξιῶν,
1560 4159 1634 4222 ὡς
1664 4159 1760 4212 καὶ
1788 4159 1979 4223 δεξιῶν

399 4245 635 4315 ἐργάτας
665 4248 840 4318 ἔργων
861 4263 876 4279 ⁶
902 4252 1028 4313 τοὺς
1061 4251 1119 4305 δέ
1149 4252 1224 4322 μὴ
1255 4252 1535 4314 τοιούτους
1558 4255 1620 4305 ἐκ
1644 4252 1752 4305 τῶν
1780 4250 1982 4303 εὐωνύ-

405 4353 540 4403 μων.
567 4339 727 4390 ιΤότε
753 4340 907 4409 ἐρεῖό
933 4342 1208 4406 Βασιλεὺς,
1236 4362 1254 4395 ι
1280 4346 1436 4414 φησὶ,
1459 4345 1554 4398 καὶ
1578 4345 1638 4396 οὐ
1669 4343 1981 4412 προσέθηκε

399 4425 506 4493 τίς,
536 4426 570 4496 ἢ
605 4429 767 4481 τίνων
807 4430 1082 4499 βασιλεὺς,
1116 4433 1223 4497 ’ὡς
1285 4435 1502 4498 οὐδενὸς
1552 4435 1706 4496 ὄντος
1763 4435 1980 4504 ἐτέρου,

401 4517 540 4588 πλὴν
580 4521 744 4603 αὑτοῦ
765 4537 779 4551 ·
821 4524 870 4574 ει
897 4524 1002 4594 γὰρ
1031 4527 1124 4578 καὶ
1158 4527 1278 4578 ἐκεῖ
1301 4527 1489 4603 πολλοὶ
1522 4527 1701 4597 κύριοι
1753 4527 1848 4579 καὶ
1883 4526 1985 4594 βα-

2168 2151 2186 2184 (
2212 2132 2347 2187 Cum
2382 2147 2512 2202 ergo
2534 2132 2744 2187 venerit
2777 2129 2951 2185 Filius
2983 2127 3219 2184 hominis
3258 2127 3310 2181 in
3339 2125 3511 2197 gloria
3535 2124 3700 2194 ejus,

2084 2231 2135 2276 et
2159 2238 2350 2276 omnes
2380 2224 2551 2277 sancti
2585 2220 2761 2290 angeli
2794 2237 2915 2276 cum
2949 2235 3035 2284 eo,
3071 2227 3218 2282 tune,
3240 2217 3439 2286 inquit,
3468 2217 3680 2273 sedebit

2083 2329 2248 2383 super
2283 2316 2538 2369 thronum
2577 2314 2761 2385 gloria:
2799 2329 2930 2367 suae.
2959 2332 2976 2363 ι
3009 2311 3084 2366 Ita
3111 2313 3256 2366 enim
3300 2309 3484 2365 Daniel
3536 2324 3679 2379 pree-

2082 2408 2216 2462 vidit
2237 2417 2291 2462 et
2320 2408 2601 2477 praedixit;
2633 2423 2762 2462 nam
2786 2407 2861 2461 ait
2881 2423 2948 2464 :1
2980 2405 3119 2459 Ecce
3144 2403 3323 2457 throni
3349 2402 3506 2471 positi
3530 2413 3680 2466 sunt,

2087 2509 2142 2556 et
2168 2499 2434 2569 Antiquus
2461 2500 2668 2554 dierum
2697 2501 2937 2564 sedit,et
2964 2497 3070 2551 vidi
3099 2495 3252 2566 quasi
3283 2494 3478 2549 Filium
3504 2495 3686 2549 homi-

2089 2589 2174 2646 nis
2215 2591 2520 2645 venientem
2564 2591 2617 2644 in
2659 2592 2890 2646 nubibus
2936 2590 3081 2655 caeli,
3117 2598 3170 2644 et
3209 2602 3383 2658 usque
3422 2587 3488 2642 ad
3523 2587 3682 2640 Anti-

2087 2700 2255 2757 quum
2282 2685 2490 2740 dierum
2520 2685 2792 2756 pervenit,
2826 2691 2882 2738 et
2911 2684 3012 2753 ipsi
3044 2685 3163 2737 data
3190 2691 3273 2736 est
3305 2680 3480 2735 omnis
3509 2680 3700 2750 gloria»

2091 2787 2145 2835 et
2208 2785 2486 2847 potestas;
2527 2777 2694 2832 millia
2768 2776 2998 2830 millium
3059 2766 3442 2828 ministrabant
3512 2772 3586 2835 ei,
3629 2782 3682 2825 et

2092 2871 2280 2926 decem
2305 2870 2489 2924 millia
2529 2869 2756 2923 millium
2804 2867 3134 2923 assistebant
3181 2866 3230 2920 ci
3260 2865 3327 2918 σί.
3369 2883 3388 2915 ι
3421 2863 3519 2918 Cui
3552 2879 3686 2920 con-

2085 2964 2243 3010 sonat
2272 2965 2520 3010 sanctum
2553 2956 2902 3026 Evangelium
2939 2957 3162 3011 dicens:
3203 2973 3220 3007 ι
3253 2953 3682 3025 Congregabuu-

2085 3053 2174 3102 tur
2203 3062 2395 3102 omnes
2437 3057 2622 3116 gentes
2655 3059 2815 3103 terrae
2866 3047 2931 3102 ad
2982 3062 3125 3112 eum,
3153 3055 3210 3101 ct
3254 3045 3391 3100 alias
3449 3045 3516 3100 ab
3562 3047 3684 3102 aliis

2089 3140 2385 3206 discernet,
2418 3142 2560 3198 sicut
2618 3153 2804 3212 pastor
2849 3141 3111 3197 discernit
3159 3155 3288 3197 oves
3337 3141 3404 3196 ab
3435 3142 3623 3196 haedis.
3657 3159 3676 3192 ι

2089 3231 2231 3288 Oves
2261 3233 2442 3304 justos
2469 3241 2644 3300 vocat,
2680 3233 2804 3302 quia
2838 3233 3042 3289 dociles
3069 3242 3124 3288 et
3173 3232 3440 3288 mansueti
3488 3243 3541 3288 et
3565 3247 3682 3286 am-

2082 3326 2338 3382 bulantes
2370 3326 2586 3395 planam
2615 3327 2682 3382 ab
2731 3328 2849 3394 ipso
2905 3327 3090 3380 tritam
3143 3326 3406 3380 virtutum
3436 3326 3596 3387 viam,
3626 3334 3682 3379 et

2081 3419 2208 3488 quia
2241 3418 2342 3487 ipsi
2375 3419 2720 3488 contigurati,
2749 3434 2875 3473 cum
2909 3419 3026 3488 ipse
3057 3431 3274 3488 quoque
3309 3432 3483 3488 agnus
3522 3431 3684 3470 voca-

2087 3520 2173 3564 tus
2205 3509 2372 3564 fuerit
2418 3525 2448 3564 a
2497 3509 2770 3580 Pr0pheta
2805 3518 2861 3565 et
2916 3508 3161 3581 Baptista
3211 3509 3459 3564 dicente:
3497 3525 3514 3558 ι
3545 3505 3702 3562 Ερω-

2085 3619 2256 3673 agnus
2281 3605 2400 3668 Dei,
2423 3619 2551 3659 ecce
2577 3604 2667 3674 qui
2699 3605 2839 3659 tollit
2875 3615 3102 3672 peccata
3136 3602 3322 3658 mundi
3344 3603 3412 3657 ⁶².
3439 3622 3458 3655 ι
3491 3599 3682 3656 Haedus

2084 3711 2213 3752 vero
2239 3705 2397 3751 vocat
2440 3706 2778 3764 peccatores,
2810 3695 2938 3764 quia
2970 3705 3149 3750 truces
3182 3704 3238 3750 et
3273 3695 3508 3764 protervi
3542 3703 3596 3748 et
3625 3695 3680 3747 in

2083 3803 2276 3857 aspera
2311 3788 2516 3857 peccati
2550 3796 2799 3852 ruentes;
2832 3786 2972 3841 alios
3003 3786 3247 3856 quidem,
3282 3787 3479 3856 inquit,
3511 3784 3681 3839 collo-

2085 3881 2230 3934 cabit
2259 3895 2287 3933 a
2323 3879 2549 3941 dextris,
2586 3878 2734 3932 velut
2769 3878 3083 3932 dextrorum
3137 3893 3362 3946 Operum
3422 3877 3680 3943 factores,

2087 3976 2222 4031 alios
2254 3985 2433 4034 autem
2462 3990 2568 4028 non
2603 3974 2786 4030 talesa
2821 3974 3083 4031 sinistris.
3116 3992 3135 4026 ι
3167 3973 3320 4030 Tunc
3345 3973 3487 4030 dicet
3508 3990 3622 4038 rex,
3653 3994 3672 4026 ι

2088 4067 2187 4131 ait,
2219 4075 2272 4119 et
2301 4080 2407 4120 non
2441 4065 2649 4119 addidit
2672 4064 2920 4134 quisnam
2950 4065 3033 4119 vel
3077 4080 3308 4134 quorum
3338 4065 3402 4118 sit
3434 4081 3525 4118 rex
3561 4065 3680 4130 ille,

2081 4174 2203 4213 cum
2237 4173 2400 4214 nemo
2434 4159 2574 4213 alius
2609 4160 2681 4213 sit
2713 4167 2912 4228 praeter
2933 4173 3095 4220 eum;
3128 4150 3252 4212 nam'
3294 4157 3393 4213 etsi
3425 4159 3495 4211 ibi
3525 4157 3681 4210 multi

2085 4251 2289 4305 domini
2329 4261 2385 4306 et
2434 4267 2609 4320 reges,
2644 4267 2795 4306 unus
2858 4259 3040 4305 tamen
3097 4265 3225 4305 vere
3283 4251 3562 4320 Dominus,
3587 4265 3683 4303 rex

2091 4358 2252 4406 unus,
2278 4343 2368 4412 qui
2404 4353 2598 4398 natura
2624 4353 2708 4398 est
2733 4343 2975 4398 omnium
3011 4343 3174 4398 herus
3199 4361 3212 4398 :
3246 4317 3491 4403 «Venite,
3519 4344 3684 4396 bene-

2085 4435 2220 4490 dicti
2255 4434 2435 4490 Patris
2468 4437 2598 4502 mei,
2633 4436 2899 4506 percipite
2933 4450 3161 4506 regnum
3198 4443 3446 4503 paratum
3482 4432 3680 4489 vobisa

2086 4529 2480 4584 constitutione
2515 4530 2724 4583 mundi.
2760 4549 2778 4580 ι

404 4612 594 4679 σιλεῖς,
617 4600 735 4682 ἁλλῖ
763 4611 844 4678 εἷς
875 4615 1041 4677 ὅντως
1069 4617 1294 4686 Κύριος,
1324 4600 1717 4688 εἷς’βασιλεὺς,
1761 4625 1787 4674 6
1819 4623 1978 4692 φύσει
2017 4622 2113 4676 τοῦ
2146 4625 2348 4685 παντὸς
2378 4623 2673 4692 δεσπότης.
2744 4624 2893 4694 Ἐρεῖ
2943 4626 3126 4678 τοίνυν
3156 4624 3278 4677 τότε
3301 4623 3414 4686 τοῖς
3473 4623 3538 4673 ἐκ
3597 4619 3692 4673 δε-

403 4705 535 4770 ξιῶν
557 4707 720 4760 αὑτοῦ
751 4709 778 4761 6
807 4708 964 4778 μόνος
998 4710 1282 4778 βασιλεύς·
1320 4729 1338 4762 ι
1378 4711 1543 4764 Δεῦτε
1573 4715 1620 4764 οἱ
1664 4713 2023 4784 εὐλογημένοι
2051 4714 2148 4768 τοῦ
2187 4713 2402 4786 Πατρός
2468 4732 2596 4786 μου,
2641 4714 3102 4787 κληρονομήσατε
3162 4715 3264 4786 τὴν
3331 4715 3683 4787 ἡτοιμασμέι

405 4820 504 4873 νην
536 4802 660 4870 ὑμῖν
691 4801 968 4886 βασιλείαν
996 4804 1104 4857 ἀπὸ
1137 4805 1450 4876 καταϐολῆς
1482 4808 1716 4877 κόσμου.
1761 4826 1780 4860 ι

479 4900 684 4962 Ὄντως
709 4901 846 4970 πρὸς
877 4899 1035 4954 τοῦτο
1057 4901 1287 4955 ἔϐλεπεν
1312 4903 1344 4971 ἡ
1372 4905 1469 4955 ἀπ’
1499 4904 1677 4974 ἀρχῆς
1706 4907 1978 4977 καταϐολὴ

2163 4903 2305 4959 Vere
2331 4903 2396 4956 ad
2422 4903 2524 4956 hoc
2554 4898 2833 4968 spectabat
2864 4913 2891 4950 a
2921 4897 3196 4967 principio
3228 4895 3414 4950 mundi
3470 4897 3682 4952 consti-

405 4991 504 5046 τοῦ
553 4993 760 5063 κόσμου
780 5011 798 5054 ·,
849 4993 943 5047 καὶ
974 4994 1061 5047 διὰ
1091 4994 1250 5048 τοῦτο
1305 4996 1366 5049 τὸ
1393 4997 1547 5060 τέλος
1581 4999 1611 5068 ἠ
1661 5001 1987 5067 ἐπουράνιος

403 5085 588 5153 ἐκείνη
630 5089 722 5138 καὶ
759 5088 1096 5158 ἀρχαιοτάτη
1134 5087 1230 5141 τοῦ
1281 5089 1498 5156 [ἰατρὸς
1534 5090 1724 5160 βουλὴ,
1765 5094 1885 5145 καθ’
1917 5093 1984 5163 ἢν

403 5177 430 5227 6
457 5177 554 5245 τῆς
599 5176 841 5247 μεγάλης
891 5177 1089 5249 βουλῆς
1123 5181 1221 5249 τῆς
1254 5181 1350 5233 τοῦ
1385 5183 1602 5251 Πατρδς
1632 5183 1888 5252 ἄγγελος,
1921 5185 1983 5236 οὐ

405 5268 522 5320 κατ’
543 5267 727 5320 είκόνα
777 5269 960 5342 μόνον,
991 5269 1125 5323 ἀλλὰ
1153 5272 1249 5324 καὶ
1303 5273 1427 5325 καθ’
1474 5274 1739 5343 ὁμοίωσιν
1773 5277 1984 5331 οἰκείαν

404 5359 782 5428 ἀπειργάσατο
833 5361 971 5426 ζῶον
1016 5363 1105 5415 τὸν
1133 5363 1448 5433 ἄνθρωπον,
1485 5367 1572 5420 ἵνα
1615 5369 1820 5439 δυνηθῇ
1851 5387 1983 5422 ποτε

403 5452 650 5521 χωρῆσαι
677 5453 775 5522 τὴν
809 5453 1210 5521 μεγαλειότητα
1241 5455 1338 5524 τῆς
1367 5457 1517 5520 θείας
1552 5459 1856 5526 βασιλείας,
1884 5461 1987 5530 τὴν

408 5545 790 5612 μακαριότητα
810 5546 906 5612 τῆς
932 5544 1084 5608 θείας
1120 5547 1510 5619 κληρονομίας,
1539 5549 1638 5619 τὴν
1663 5552 1984 5623 τελειότητα

403 5635 496 5702 τῆς
536 5636 629 5689 τοῦ
671 5637 934 5689 ἀνωτάτω
994 5640 1203 5709 Πατρδς
1246 5642 1523 5711 εὐλογίας,
1565 5643 1635 5697 δι’
1677 5645 1744 5715 ἥν
1803 5645 1982 5700 πάντα

465 5817 511 5852 δ’
548 5819 686 5874 Dan.
717 5834 819 5883 ut,
857 5818 912 5872 9.
991 5821 1033 5852 ⁸³
1072 5819 1227 5877 Joau.
1265 5838 1300 5886 ι,
1333 5823 1424 5876 29.

2090 4997 2254 5058 tntio,
2284 5002 2340 5048 et
2371 5002 2591 5063 propter
2633 4991 2779 5045 hunc
2829 4989 2988 5043 ﬁnem
3031 4988 3292 5043 aeternum
3348 4988 3398 5042 in
3454 4988 3695 5045 excelsis

2090 5087 2269 5141 Patris
2303 5084 2619 5147 consilium,
2651 5083 2947 5136 secundum
3007 5081 3152 5150 quod
3213 5078 3438 5149 angelus
3496 5077 3681 5148 magni

2088 5178 2304 5233 consilii
2345 5176 2526 5230 Patris
2572 5190 2679 5229 non
2720 5182 2925 5226 tantum
2959 5174 3025 5226 ad
3062 5171 3351 5240 imaginem
3385 5185 3560 5234 suam,
3583 5168 3709 5223 scd.

2087 5271 2254 5325 etiam
2305 5270 2372 5323 ad
2409 5266 2826 5323 similitudinem
2884 5265 3066 5320 vivum
3107 5263 3236 5318 fecit
3293 5262 3588 5326 hominem,
3621 5271 3684 5316 ut

2057 5363 2414 5430 'qnaudoque
2451 5359 2716 5428 consequi
2749 5360 2923 5428 possit
2954 5357 3385 5428 magnitudinem
3425 5354 3575 5422 regni
3601 5355 3683 5407 di-

2092 5457 2228 5522 vini,
2262 5455 2457 5509 divinaa
2507 5452 2848 5510 ltatreditatis
2901 5450 3244 5512 felicitatem,
3273 5446 3681 5518 perfectamque

2094 5551 2311 5618 Superni
2343 5547 2968 5603 Patrisbcnedictionem
2991 5559 3266 5615 perquam
3291 5541 3472 5596 omnia
3501 5550 3690 5595 creata-

2095 5652 2221 5698 snnt
2245 5642 2479 5699 visibiiia'
2505 5649 2559 5697 ct
2598 5639 2922 5705 invisibilia;
2955 5653 3078 5693 nam
3119 5651 3223 5692 non
3249 5635 3425 5690 dixit:
3481 5647 3511 5687 a
3546 5647 3694 5688 con-
