4090 6442
469 278 542 345 b9

1710 296 2100 361 GREGOBII
2142 302 2467 367 PALAM/E

3003 168 3033 203 ο

3564 311 3743 375 '60

458 390 708 457 diamus;
736 408 921 448 verum
948 395 1341 467 aliud‘quidem
1375 399 1661 470 faciamus,
1684 406 1751 462 de
1769 421 1836 461 eo
1863 417 2034 464 autem

2151 415 2424 483 χευόντων
2454 416 2721 487 ἀδελφῶν·
2757 419 2862 476 κᾶν
2911 422 2960 477 εί
2992 421 3070 495 μὴ
3094 422 3160 479 τὰ
3190 423 3379 477 ἐνόντα
3407 423 3587 478 πάντα
3620 424 3738 478 θεο-

456 498 486 535 a
511 499 617 552 quo
665 485 970 551 deﬁcimus,
1001 488 1352 551 bnmiliemur
1385 495 1437 549 in
1492 507 1790 566 conspectu
1846 500 1964 564 Dei,
1992 511 2049 557 et

456 590 860 647 consequemur
889 583 955 635 ab
1005 582 1095 636 illo
1129 586 1365 650 veniam,
1391 587 1735 658 benignitate
1785 592 1906 661 ejus
1944 595 2042 650 deo

458 664 655 719 fectmn
714 677 957 724 nostrqu
1011 674 1314 742 supplente,
1346 687 1403 730 ut
1455 692 1559 732 non
1626 679 2043 750 formidandam,

455 761 599 825 quod
645 761 803 824 absit,
831 779 1019 819 vocem
1073 767 1380 824 ntidiamus.
1415 788 1434 822 ‹
1464 771 1614 826 Tunc
1641 773 1810 838 cuitu,
1844 774 2041 842 inquit,
2106 797 2112 807 τ

453 850 596 903 dicet
623 851 701 905 eis
724 853 814 920 qui
848 869 875 907 a
906 856 1142 914 sinistris
1176 870 1361 913 erunt:
1386 858 1642 918 Rccedite
1673 882 1698 918 a
1736 881 1844 933 me,
1878 855 2061 923 malev.

455 945 606 1000 dicti.
642 968 660 1000 ι
696 948 970 1015 Quantum
1021 954 1200 1009 istud!
1246 957 1354 1010 vita
1406 957 1667 1028 clongati,
1698 973 1730 1014 a
1766 960 2045 1030 voluptate

450 1037 628 1101 ejet‘ti,
660 1056 688 1093 a
720 1041 842 1096 luce
869 1046 1014 1097 exuti
1051 1050 1261 1102 estote!
1330 1082 1336 1089 -

2155 504 2329 574 φιλῶς
2389 508 2628 565 κενῶσαι
2690 515 3112 586 προαιρώμεθα,
3175 514 3314 569 ἀλλά
3369 515 3504 586 μηδέ
3556 515 3735 571 πάντα

2154 599 2288 668 παρ’
2339 600 2550 666 ἑαυτοῖς
2600 604 2846 675 ἀνηλεῶς
2902 607 3302 678 κατάσχωμεν
3354 608 3490 662 ἀλλὰ
3544 608 3608 662 τὸ
3634 608 3734 677 μέν
3800 614 3807 617 ’

2156 691 2497 763 ποιήσωμεν,
2561 695 2643 758 είς
2668 695 2697 749 ὃ
2726 697 2785 751 δὲ.
2830 697 3265 764 ἀπολειπόμεθα,
3298 698 3733 768 ταπεινωθῶμεν

2153 780 2387 835 ἐνώπιον
2430 786 2526 839 τοῦ
2579 787 2738 852 Θεοῦ,
2796 789 2891 845 καὶ
2930 789 3235 859 τευξόμεθα
3269 794 3369 862 τῆς
3397 791 3530 861 παρ’
3564 791 3729 845 αὐτοῦ

2153 872 2508 946 συγγνώμης,
2538 878 2640 948 τῆς
2667 879 2836 933 αὐτοῦ
2860 879 3280 951 φιλανθρωπίας
3309 884 3735 965 ἀναπληρούσης

2152 960 2252 1032 τὴν
2288 964 2568 1039 ἡμετέραν
2620 969 2877 1041 ἔλλειψιν,
2919 972 3007 1026 ῐνα
3048 972 3125 1045 μὴ
3178 976 3279 1043 τῆς
3306 960 3670 1038 ἀπευκταίας,
3702 974 3731 1027 ὃ

2153 1054 2228 1124 μὴ
2251 1055 2487 1124 γένοιτο,
2507 1062 2702 1132 φωνῆς
2734 1064 3061 1133 ἀκούσωμεν
3085 1081 3100 1095 ·
3156 1084 3175 1118 ε
3216 1067 3350 1120 Τότε
3386 1067 3515 1137 γάρ,
3543 1069 3732 1136 φησὶν,

451 1131 567 1199 ἐρεῖ
600 1138 689 1188 κατ.
713 1140 829 1201 τοῖς
860 1140 918 1203 ἐξ
945 1141 1244 1211 εὐωνύμων
1270 1161 1282 1176 ·
1327 1146 1634 1217 Πορεύεσθε
1681 1148 1782 1202 ἀπ’
1821 1147 1957 1218 ἐμοῦ
1984 1148 2033 1202 oi
2076 1151 2477 1221 κατηραμένοι.
2507 1172 2525 1206 ι
2557 1156 2732 1209 Πόσον
2757 1157 2918 1212 τοῦτο
2939 1131 3079 1229 ἱήτῆς
3137 1159 3288 1229 ζωῆς
3354 1131 3734 1232 μακνρύνθητε,

451 1225 552 1298 τῆς
573 1232 787 1300 τρυφῆς
822 1233 1154 1306 ἐκϐλήθητε,
1187 1239 1282 1294 τοῦ
1311 1242 1487 1308 φωτὸς
1519 1242 1824 1312 στερήθητε
1851 1244 1865 1296 !

525 1320 725 1378 Verum
759 1341 860 1381 nec
891 1327 1034 1383 istud
1061 1341 1269 1387 tantum
1291 1372 1306 1395 ,
1340 1336 1435 1390 sed
1473 1354 1487 1390 :
1524 1356 1542 1387 ε
1585 1334 1844 1392 Recedite
1867 1353 1895 1392 a
1928 1352 2036 1401 me,

453 1416 752 1482 maledicti,
785 1419 834 1472 in
874 1420 1054 1488 ignem
1105 1430 1372 1479 aeternum
1411 1428 1504 1495 qui
1539 1436 1761 1497 paratus
1802 1436 1891 1485 est
1925 1430 2040 1485 dia-

454 1508 580 1563 bolo
607 1519 659 1565 et
685 1512 894 1580 angelis
917 1514 1057 1584 ejus.
1104 1535 1125 1568 ι
1171 1515 1303 1572 Nam
1350 1519 1493 1575 sicut
1527 1536 1557 1574 a
1586 1522 1795 1577 dextris
1828 1530 2039 1580 stantes

454 1603 620 1656 vitam
658 1606 939 1662 habebunt
986 1618 1043 1664 et
1088 1610 1453 1667 abundantius
1503 1615 1812 1680 habebunt,
1866 1615 2034 1675 vitam

2223 1336 2369 1389 Ἀλλ’
2399 1337 2462 1390 οὐ
2492 1335 2653 1391 τοῦτο
2681 1339 2865 1409 μόνον,
2897 1339 3031 1394 ἀλλὰ
3072 1360 3090 1393 ι
3132 1340 3443 1412 Πορεύεσθε
3471 1343 3570 1396 ἀπ’
3592 1342 3733 1411 ἐμοῦ

2142 1428 2191 1480 οἱ
2231 1429 2611 1497 κατηραμένοι
2641 1430 2724 1493 είς
2748 1430 2810 1483 τδ
2842 1431 2955 1502 πῦρ
2997 1433 3058 1486 τὸ
3110 1434 3351 1499 αἰώνιον,
3393 1434 3453 1487 τὸ
3501 1439 3737 1504 ἡτοιμα-

2142 1518 2345 1587 σμένον
2377 1519 2455 1590 τῷ
2500 1520 2736 1593 διαϐόλῳ
2783 1526 3017 1588 καὶτοῖς
3065 1527 3318 1594 ἀγγέλοις
3364 1526 3564 1580 αὐτοῦ·
3608 1547 3627 1580 ι
3659 1528 3738 1592 ὡς

2143 1608 2256 1678 γὰρ
2280 1610 2330 1662 oi
2362 1610 2428 1664 ἐκ
2454 1609 2646 1675 δεξιῶν
2685 1612 2834 1683 ζωὴν
2868 1615 3074 1681 ἕξουσι,
3103 1619 3198 1670 καὶ
3231 1617 3491 1687 περισσὸν
3527 1618 3737 1685 ἕξουσι,

455 1699 671 1765 quidem
715 1700 764 1753 in
811 1715 877 1757 eo
908 1716 1017 1771 quo
1063 1702 1171 1759 Deo
1215 1705 1639 1776 coniungantur,
1674 1709 2034 1764 abundantius

2144 1698 2291 1768 ζωὴν
2320 1701 2420 1771 μὲν
2448 1701 2529 1773 τῷ
2558 1705 2797 1758 συνεῖναι
2823 1705 2964 1777 Θεῷ,
2995 1707 3259 1776 περισσὸν
3305 1708 3362 1760 δέ
3394 1708 3471 1777 τῷ
3509 1711 3605 1763 καὶ
3628 1711 3741 1767 υἱοὶ

456 1800 635 1845 autem
675 1792 800 1847 dum
834 1793 928 1849 ﬁlii
959 1807 1281 1863 permanent
1317 1809 1374 1853 et
1401 1799 1641 1854 baaredes
1671 1800 1814 1857 illius
1847 1801 2036 1869 regni,

455 1883 530 1937 ita
563 1898 595 1938 a
627 1883 865 1941 sinistris
893 1887 1167 1954 collocati,
1201 1905 1230 1944 a
1262 1906 1387 1945 vera
1425 1893 1530 1945 vita
1558 1902 1878 1955 avertantur
1910 1895 2038 1949 dum

455 1986 486 2026 a
525 1973 632 2027 Deo
659 1974 1057 2032 amovebuntur
1078 2020 1094 2046 ,
1129 1979 1496 2037 abundantius
1528 1990 1710 2038 autem
1764 1983 2041 2054 perferent

452 2067 682 2133 malum,
710 2068 855 2122 inter
901 2071 1175 2125 tlzemones
1208 2074 1596 2141 annumerari,
1641 2085 1696 2130 et
1745 2077 1811 2131 ad
1860 2078 2039 2148 ignem

451 2157 1042 2228 castigantem'addiei.
1080 2160 1269 2228 Qualis
1293 2180 1425 2233 ergo
1475 2165 1616 2234 ignis
1650 2166 1740 2221 ille
1786 2166 1881 2247 qui
1911 2182 2039 2223 cor-

450 2263 581 2317 pora
610 2252 793 2328 tangit
830 2264 1148 2320 mentesque
1196 2255 1248 2309 in
1295 2258 1614 2325 corporibus
1660 2257 1885 2324 inditas,
1946 2260 2035 2328 qui

449 2342 569 2395 sine
602 2326 831 2410 corpore
856 2345 1084 2413 spiritus
1118 2349 1341 2414 perenni
1375 2349 1560 2404 dolore
1591 2351 1800 2406 cruciat
1843 2353 2036 2408 simul-

448 2448 559 2501 que
590 2434 936 2505 constringit,
974 2452 1071 2503 per
1096 2452 1257 2505 quem
1289 2440 1453 2493 etiam
1500 2441 1645 2509 ignis
1677 2452 1864 2498 noster
1888 2458 2037 2499 com-

446 2523 698 2589 buretur,
745 2526 887 2580 sicut
927 2528 1191 2597 scriptum
1247 2540 1333 2583 est
1373 2546 1388 2584 :
1429 2549 1449 2583 ι
1486 2531 1764 2587 Elementa
1791 2534 2035 2590 ardentia

448 2615 728 2671 tabesceut
748 2616 814 2670 ⁸³.
845 2635 865 2670 ι
896 2616 1167 2684 Quantum
1196 2629 1378 2675 autem
1411 2622 1615 2678 doloris
1640 2622 2035 2679 incrementum

447 2708 825 2764 liberationem
875 2722 1218 2777 nequaquam
1268 2711 1635 2778 exspectare?
1666 2711 1804 2778 Quid
1845 2728 2035 2771 rursus

449 2799 745 2854 vehemens
780 2799 1052 2867 impetus?
1094 2797 1229 2856 Nam
1266 2804 1512 2870 rapiente
1556 2802 1723 2859 ﬂuvio
1760 2803 1900 2876 ignis
1946 2806 2036 2861 ille

447 2891 647 2947 similis
684 2892 893 2948 videtur
926 2894 1108 2961 procul
1164 2910 1193 2947 a
1250 2895 1360 2949 Deo
1404 2895 1701 2962 auferens;
1755 2898 1876 2953 ideo
1927 2912 2033 2953 non

447 2986 603 3050 dixit,
631 2985 1032 3052 Amoveamini,
1068 2990 1162 3044 sed
1219 2987 1475 3044 Reccdite
1520 3005 1549 3045 a
1598 3006 1683 3044 me
1719 2990 1989 3047 malediCIi
2013 3032 2033 3060 ,

2143 1791 2414 1845 διατελεῖν
2442 1794 2541 1846 καὶ
2577 1796 2909 1867 κληρονόμοι
2953 1798 3052 1868 τῆς
3090 1797 3259 1853 αὑτοῦ
3303 1797 3602 1869 βασιλείας,
3638 1800 3739 1854 οῦ-

2141 1895 2248 1943 τως
2275 1883 2324 1934 οί
2375 1883 2437 1948 ἐξ
2478 1884 2778 1957 εὐωνύμων
2806 1889 2908 1959 τῆς
2942 1889 3206 1962 ἀληθινῆς
3240 1891 3388 1963 ζωῆς
3426 1895 3740 1966 ἀποτυχόν-

2141 1988 2256 2036 τες,
2289 1972 2351 2026 τὸ
2388 1976 2768 2047 μακρυνθῆναι
2795 1979 2956 2046 Θεοῦ,
2987 1981 3081 2036 καὶ
3126 1986 3519 2056 περισσότερον
3548 1987 3737 2053 ἕξουσι

2141 2060 2333 2127 κακὸν,
2357 2062 2418 2117 τὸ
2441 2064 2663 2135 δαίμοσι
2681 2070 3060 2141 συντετάχθαι,
3086 2075 3183 2128 καὶ
3206 2076 3336 2146 πυρὶ
3359 2077 3736 2149 παραδοθῆναι

2142 2153 2451 2217 κολάζοντι.
2490 2151 2619 2212 Οἷον
2644 2159 2703 2213 δὲ
2743 2160 2804 2215 τὸ
2829 2162 2943 2235 πῦρ
2974 2165 3172 2230 ἐκεῖνο,
3210 2164 3239 2220 δ
3273 2169 3368 2221 καὶ
3407 2170 3518 2223 τῶν
3542 2172 3739 2242 σωμάο

2141 2261 2251 2299 των
2285 2248 2543 2313 ἅπτεται,
2572 2251 2669 2305 καλ⁵
2697 2252 2809 2307 τῶν
2840 2254 3080 2324 λογικῶν
3116 2259 3175 2310 ἐν
3212 2260 3431 2329 σώμασί
3455 2280 3514 2316 τε
3556 2262 3738 2319 ὄντων

2141 2338 2237 2389 καὶ
2265 2336 2368 2391 οὐκ
2393 2340 2453 2392 ἐν
2481 2339 2700 2411 σώμασι
2737 2347 3089 2414 πνευμάτων,
3118 2349 3320 2404 ὀδυνῶν
3350 2353 3469 2422 ἅμα
3502 2355 3597 2409 καὶ
3621 2374 3736 2410 πα-

2141 2432 2447 2502 ρακατέχον
2480 2431 2752 2501 ἀθάνατα,
2801 2435 2871 2490 δι’
2898 2430 2961 2491 οῦ
3002 2441 3101 2493 καὶ
3146 2441 3207 2495 τὺ
3255 2443 3382 2497 καθ’
3416 2447 3564 2515 ἡμᾶς
3614 2447 3737 2521 πῦρ

2138 2522 2463 2593 τακήσεται,
2496 2525 2639 2581 κατὰ
2673 2527 2736 2581 τὸ
2766 2533 3194 2602 γεγραμμένονς
3242 2553 3261 2587 ε
3304 2536 3554 2608 Στοιχεῖα
3593 2557 3739 2593 καυ-

2140 2613 2383 2682 σούμενα
2424 2616 2680 2686 τήκεται.
2728 2638 2748 2673 ι
2789 2621 2928 2691 Ὀση
2963 2623 3021 2677 δὲ
3068 2625 3170 2695 τῆς
3202 2626 3395 2700 ὀδύνης
3437 2633 3731 2706 προσθήκη

2137 2706 2200 2759 τὸ
2232 2709 2331 2777 τῆς
2351 2709 2789 2781 ἀπολυτρώσεως
2826 2717 3271 2792 ἀπροσδόκητον;
3314 2724 3542 2797 καὶγὰρ
3565 2727 3735 2782 ἄσϐε-

2140 2812 2266 2851 στον
2303 2798 2486 2855 ἐκεῖνο
2512 2803 2573 2856 τὸ
2601 2803 2736 2874 πῦρ.
2768 2807 2837 2860 Τί
2866 2808 2925 2861 δὲ
2961 2804 3119 2875 αὖθις
3150 2813 3184 2883 ἠ
3232 2813 3385 2884 βιαία
3417 2816 3598 2887 φορά;
3627 2818 3734 2875 καὶ

2137 2891 2247 2960 γὰρ
2284 2894 2548 2962 ποταμὸς,
2575 2898 2762 2967 φησὶν,
2795 2899 2973 2955 ἕλκων
3012 2905 3191 2958 ἐκεῖνο
3229 2907 3291 2960 τὸ
3339 2907 3472 2979 πῦρ,
3506 2909 3582 2972 ώς
3613 2911 3733 2966 ἔοι-

2137 2997 2254 3074 κεν,
2290 2983 2378 3036 ἀεὶ
2404 2986 2741 3059 πορρωτέρω
2758 2990 2921 3060 φέρον
2935 2993 3095 3048 Θεοῦ’
3115 2996 3194 3051 διδ
3217 2998 3363 3066 οὐδὲ,
3388 3002 3724 3074 Πορεύθητε,

443 3078 602 3134 valde
645 3080 788 3134 enim
824 3082 1036 3150 majori
1090 3097 1200 3150 pra?
1259 3084 1589 3151 pauperibus
1648 3082 2033 3141 malctlictione

2138 3066 2313 3138 εἶπεν,
2361 3075 2520 3144 ἀλλὰ,
2575 3078 2883 3150 Πορεύεσθε
2916 3085 3012 3137 ἀπ’
3042 3087 3179 3155 ἐμοῦ
3209 3090 3258 3142 oi
3308 3063 3721 3163 xampapévm;

443 3170 651 3225 onerati
687 3171 850 3238 estis;
877 3172 930 3226 bi
961 3174 1175 3238 quidem
1212 3172 1354 3242 passi
1386 3182 1531 3237 sunt,
1567 3188 1659 3231 vos
1690 3185 1872 3230 autem
1901 3175 2035 3230 estis

444 3262 740 3319 maledicto
771 3264 940 3333 digni.
968 3263 1111 3318 Dixit
1138 3280 1267 3333 ergo
1302 3284 1313 3319 :
1344 3263 1607 3321 Rccedite
1641 3268 1692 3319 iu
1731 3267 1906 3337 ignem
1937 3281 2035 3335 pa-

447 3366 623 3410 ratum
652 3370 760 3408 non
784 3353 938 3409 vobis
957 3356 1047 3410 sed
1078 3357 1294 3411 diabolo
1321 3366 1377 3410 et
1403 3357 1612 3427 angelis
1638 3358 1776 3427 ejus.
1825 3356 2036 3429 Quippe

445 3450 578 3505 mihi
629 3466 736 3505 non
793 3451 894 3505 fuit
948 3451 1274 3505 antecedens
1326 3450 1428 3504 ista
1469 3451 1748 3513 voluntas,
1809 3464 1913 3502 non
1963 3448 2031 3533 ad

446 3539 590 3595 hunc
619 3541 778 3596 linem
813 3555 909 3597 vos
936 3539 1117 3594 creavi
1144 3580 1160 3604 ,
1204 3554 1543 3607 nequaquam
1591 3553 1690 3609 pro
1727 3538 1877 3592 vobis
1918 3536 2032 3591 for-

448 3649 636 3699 nacem
691 3636 988 3703 praeparavi
1030 3652 1045 3690 :
1082 3645 1305 3706 propter
1357 3634 1633 3688 daemones
1690 3634 1809 3687 sine
1862 3632 2033 3701 poeni-

451 3708 622 3781 tentia
675 3728 936 3783 habentes
1001 3727 1256 3796 nequitite
1310 3723 1580 3780 rationem
1629 3739 1896 3778 accensus
1947 3731 2031 3777 est

449 3818 611 3887 ignis,
638 3820 837 3889 quibus
865 3835 962 3874 vos
1008 3820 1291 3889 conjunxit
1322 3832 1417 3871 cor
1456 3825 1697 3888 vestrum
1734 3829 1885 3870 more
1911 3813 2031 3868 illo-

443 3921 565 3962 rum
600 3908 967 3977 intptenitt-ns.
1017 3908 1187 3976 Igitur
1235 3907 1550 3973 vosmetipsi
1588 3905 1834 3974 elegistis
1869 3904 2025 3959 vobis

439 3999 602 4053 istam
635 4015 756 4067 cum
789 3999 946 4052 malis
977 3997 1182 4068 angelis
1205 3998 1679 4052 conversationem
1706 4009 1723 4048 :
1759 4016 1778 4046 ‹
1816 3994 2029 4051 Esurivi

435 4092 605 4156 enim,
627 4100 680 4144 et
715 4107 819 4144 non
850 4091 1082 4145 dedistis
1114 4090 1242 4143 mihi
1271 4091 1625 4155 manducare;
1650 4087 1817 4149 sitivi,
1842 4096 1896 4142 et
1920 4103 2025 4142 non

436 4184 660 4239 dedisds
685 4185 811 4256 mihi
850 4184 1066 4250 bibere;
1105 4183 1276 4236 nudus
1309 4181 1478 4246 fui,et
1511 4197 1615 4235 non
1640 4180 1890 4234 induistis
1916 4196 2023 4247 me,

436 4274 684 4329 inﬁrmus
718 4283 772 4329 et
805 4276 856 4329 in
891 4288 1112 4329 carcere
1148 4289 1322 4337 eram,
1343 4281 1394 4327 ct
1426 4288 1531 4327 non
1568 4271 1830 4326 visitaslis
1861 4288 1975 4326 me»
2006 4290 2021 4340 ;

2138 3167 2231 3219 καὶ
2260 3166 2369 3239 γὰρ
2394 3169 2499 3223 ὑπὸ
2554 3172 2665 3225 τῶν
2696 3175 2928 3245 πτωχῶν
2954 3178 3019 3231 ἐκ
3062 3181 3260 3235 πολλοῦ
3295 3185 3680 3257 κεκατήρασθε
3702 3202 3721 3221 ο

2138 3256 2241 3311 κάν
2268 3260 2428 3331 εἴπερ
2457 3260 2654 3332 ἔφερον
2685 3268 2907 3332 ἐκεῖνοι,
2941 3270 3057 3324 ἀλλ’
3092 3273 3254 3344 ὑμεῖς
3281 3256 3527 3346 κατάρας
3553 3279 3720 3345 ἄξιοι.

2137 3349 2444 3420 Πορεύεσθε
2472 3353 2547 3419 δὲ,
2577 3360 2735 3425 φησι,
2769 3359 2908 3430 πρὸς
2934 3363 3135 3428 αὐτοὺς
3172 3366 3255 3430 είς
3291 3368 3351 3421 τὸ
3399 3370 3513 3441 πῦρ
3544 3371 3606 3425 τὸ
3656 3374 3730 3440 ᾖτ

2122 3446 2505 3515 ᾐτοιμασμένον
2556 3451 2654 3520 οὐχ
2703 3453 2851 3521 ὑμῖν,
2905 3455 3042 3510 ἀλλά
3073 3458 3151 3528 τῷ
3201 3460 3433 3534 διαϐόλῳ
3481 3465 3575 3518 καὶ
3607 3484 3723 3533 τοις

2133 3534 2389 3604 ἀγγέλοις
2414 3540 2614 3595 αὐτοῦ’
2648 3544 2711 3597 ού
2758 3546 2868 3618 γὰρ
2913 3550 3047 3617 ἐμόν
3083 3553 3201 3606 ἐστι
3237 3552 3398 3608 τοῦτο
3440 3558 3718 3628 προηγούο

2138 3644 2301 3718 μενον
2340 3630 2572 3702 θέλημα,
2606 3635 2707 3689 οὐκ
2744 3638 2824 3701 εἰς
2854 3641 3014 3694 τοῦτο
3045 3643 3196 3711 ὑμᾶς
3231 3645 3488 3716 ἐποίησα,
3514 3648 3614 3701 οὐκ
3636 3648 3723 3718 ἐφ’

2133 3717 2278 3787 ὑμᾶς
2308 3721 2586 3793 ήτοίμασα
2635 3727 2738 3798 τὴν
2769 3731 2951 3801 πυράν
2976 3748 2992 3765 ο
3023 3734 3111 3788 διά
3162 3736 3291 3800 τοὺς
3338 3739 3720 3810 ἀμετάϐλητον

2135 3810 2365 3905 ἔχοντας
2398 3816 2499 3887 τῆς
2528 3820 2729 3884 κακίας
2768 3822 2868 3894 τὴν
2894 3824 3010 3891 ἕξιν
3037 3827 3299 3897 δαίμονας
3326 3832 3716 3905 προανεκαύθη

2130 3902 2190 3955 τὸ
2221 3904 2489 3960 ἄσϐεστον
2514 3909 2651 3982 πῦρ,
2694 3908 2777 3978 οἷς
2805 3916 2951 3984 ὑμᾶς
2984 3919 3227 3990 συνῆψεν
3260 3923 3293 3993 ἡ
3325 3924 3448 3976 κατ’
3470 3902 3719 3993 ἐκείνους

2130 3996 2500 4070 ἀμετανόητος
2525 4004 2743 4076 γνώμη.
2786 4008 2896 4081 24
2921 4010 3258 4083 Αύθαίρετος
3288 4014 3381 4069 οῦν
3405 4019 3536 4087 ὑμῖν
3565 4023 3715 4075 ἐστιν

2130 4090 2162 4160 ἡ
2194 4093 2333 4160 μετὰ
2363 4094 2471 4148 τῶν
2518 4102 2779 4171 πονηρῶν
2804 4105 3055 4174 ἀγγέλων
3091 4109 3433 4178 συμϐίωσις·
3472 4135 3493 4167 ι
3532 4117 3717 4171 Ἐπεί-

2128 4185 2420 4277 νασαᾳγάρ,
2454 4193 2546 4243 καὶ
2566 4193 2667 4246 οὐκ
2689 4194 2932 4251 ἐδώκατέ
2959 4218 3050 4270 μοι
3083 4205 3308 4271 φαγεῖν·
3332 4205 3582 4277 ἐδίψησα,
3615 4210 3713 4263 καὶ

2128 4272 2229 4326 οὐκ
2267 4274 2556 4334 ἐποτίσατέ
2597 4299 2703 4349 με’
2745 4284 2897 4350 ξένος
2927 4288 3096 4357 ἥμην,
3135 4290 3230 4342 καὶ
3263 4290 3325 4344 οὐ
3373 4272 3716 4363 συνηγάγετέ

434 4382 559 4419 nam
610 4368 834 4435 perinde
883 4383 949 4421 ac
998 4367 1282 4431 citaritas,
1343 4365 1581 4430 fratres,
1635 4373 1690 4418 et
1742 4364 2021 4420 charitatis

2136 4381 2234 4433 με’
2281 4370 2512 4438 γυμνὸς,
2550 4374 2646 4426 καὶ
2689 4374 2751 4428 οὐ
2784 4378 3143 4447 περιεϐάλετέ
3181 4398 3249 4449 με
3274 4397 3290 4413 ⁶
3338 4384 3578 4456 ἀσθενὴς
3618 4389 3720 4442 καὶ

433 4473 597 4522 opera
631 4459 906 4527 plenitudo
938 4467 1065 4513 sunt
1118 4459 1378 4512 virtutum
1405 4496 1422 4522 ,
1469 4458 1539 4512 ita
1578 4456 1761 4510 odium
1808 4466 1865 4509 et
1911 4456 2019 4510 odii

2136 4455 2184 4507 iv
2215 4458 2432 4530 φυλακῇ
2490 4464 2663 4533 ἥμην,
2707 4470 2801 4521 καὶ
2853 4469 2954 4522 οὐκ
3004 4471 3387 4542 ἐπεσκέψασθέ
3425 4492 3495 4544 με
3520 4455 3541 4506 ’ν
3578 4494 3596 4528 ι
3638 4477 3720 4540 ὡς

433 4564 622 4619 opera,
661 4564 843 4605 mores
871 4551 988 4605 sine
1027 4551 1423 4614 misericordia,
1460 4565 1614 4605 mens
1645 4559 1875 4619 angusta
1902 4562 2021 4618 quae

434 4656 540 4696 non
567 4641 797 4710 partitur
828 4643 1036 4712 peccati
1070 4654 1152 4698 est
1186 4643 1462 4712 plenitudo
1489 4661 1503 4706 ;
1529 4654 1585 4698 et
1606 4644 1748 4699 sicut
1777 4640 2024 4711 benigni-

435 4743 600 4788 tatem
633 4735 964 4788 comitantur
996 4744 1050 4788 et
1094 4744 1398 4804 sequuntur
1430 4735 1683 4799 virtutes,
1736 4735 1807 4787 ita
1846 4731 2024 4787 homi-

433 4842 561 4880 num
595 4825 778 4879 odium
809 4828 937 4881 vitia
970 4837 1271 4895 sectantur,
1297 4828 1419 4884 ideo
1443 4829 1605 4884 etiam
1639 4834 1862 4897 propter
1889 4822 2018 4877 illud

433 4917 607 4972 solum
642 4917 1097 4973 condemnantur.

2124 4550 2232 4616 γὰρ
2279 4551 2312 4620 ἡ
2357 4554 2570 4623 ἀγάπη,
2612 4557 2872 4626 ἀδελφοὶ,
2928 4564 3024 4615 καὶ
3065 4564 3133 4617 τὰ
3175 4565 3273 4631 τῆς
3306 4566 3531 4636 ἀγάπης
3570 4568 3713 4639 ἔργα

2125 4641 2404 4712 πλήρωμα
2454 4648 2564 4700 τῶν
2599 4650 2814 4718 ἀρετῶν
2849 4653 2987 4718 ἐστι,
3021 4655 3164 4709 οὕτω
3203 4656 3266 4710 τὸ
3298 4660 3455 4727 μῖσος
3510 4660 3604 4713 καὶ
3642 4661 3714 4716 τὰ

2123 4731 2217 4784 τοῦ
2248 4735 2439 4802 μίσους
2469 4736 2629 4807 ἔργα,
2666 4741 2695 4793 ὁ
2725 4742 3061 4816 ἀσυμπαθὴς
3099 4746 3321 4818 τρόπος,
3363 4749 3395 4819 ή
3435 4752 3710 4821 ἀμετάδοο

2122 4838 2217 4884 τος
2240 4824 2459 4896 γνώμη,
2493 4831 2775 4903 πλήρωμά
2819 4839 2935 4890 ἐστι
2969 4837 3069 4906 τῆς
3104 4841 3383 4909 ἁμαρτίας
3411 4856 3426 4870 °
3470 4844 3566 4897 καὶ
3610 4861 3710 4898 κα-

2129 4910 2309 4985 θάπερ
2342 4920 2406 4987 τῇ
2440 4920 2822 4997 φιλανθρωπία
2845 4926 3071 4981 ἕπονται
3106 4932 3201 4983 καὶ
3232 4930 3471 4985 σύνεισιν
3498 4935 3555 4986 αί
3577 4934 3708 5004 ἀρε·
3748 5004 3753 5007 _

432 5011 562 5074 ταὶ,
627 5009 769 5066 οὕτω
831 5015 895 5083 τῇ
972 5014 1365 5086 μισανθρωπία
1417 5015 1475 5068 αί
1536 5014 1763 5069 κακίαιο
1815 5010 1904 5065 διὰ
1954 5002 2117 5059 τοῦτο
2172 5008 2269 5060 καὶ
2338 5011 2447 5066 ἀπὸ
2502 5016 2712 5088 ταύτης
2766 5020 2939 5092 μόνης
3006 5022 3486 5089 καταδικάζονται.

507 5104 766 5160 Volebam
811 5106 1030 5175 quidem
1086 5108 1269 5169 dicere
1315 5107 1521 5162 nullum
1574 5109 1747 5176 majus
1797 5105 1908 5161 odii
1950 5102 2025 5157 si-

432 5213 595 5268 gnum
632 5213 796 5268 quam
851 5200 1002 5262 fratri
1048 5199 1348 5269 superfluas
1390 5210 1720 5270 anteponere
1752 5197 1973 5252 divitias
2006 5212 2020 5259 ;

432 5292 527 5345 sed
558 5290 717 5346 video
744 5277 1042 5359 nequitiam
1080 5292 1256 5361 majus
1304 5293 1666 5348 invenientem
1706 5289 1873 5360 hujus
1909 5289 2019 5344 odii

366 5417 376 5425 -
433 5385 732 5450 indicium;
771 5394 900 5438 sunt
929 5385 1077 5439 enim
1117 5386 1210 5453 qui
1264 5399 1370 5439 non
1418 5393 1629 5438 tantum
1660 5397 1767 5437 non
1802 5383 2020 5437 miseri-

431 5476 673 5531 cordiam
704 5476 913 5531 faciunt
967 5491 1035 5531 ex
1082 5477 1163 5532 eis
1209 5463 1410 5545 quibus
1462 5475 1765 5539 abundant,
1822 5475 1915 5529 sed
1969 5483 2024 5528 et

429 5568 610 5621 aliena
653 5568 891 5636 rapiunt.
921 5568 1174 5635 Cogitent
1202 5582 1332 5637 ergo
1364 5581 1429 5620 cx
1476 5566 1857 5622 maledictione
1887 5583 2021 5624 cou-

423 5670 517 5718 tra
561 5677 664 5714 non
695 5661 1077 5716 miscricorch
1116 5661 1329 5731 prolata
1355 5662 1480 5731 quid
1513 5648 1861 5732 obtincbunt,
1886 5667 2017 5737 quid

506 5751 553 5785 ⁶⁸
594 5751 643 5804 ΙΙ
678 5753 822 5807 Pctr.
862 5770 941 5817 ιιι,
984 5755 1067 5808 12.

2220 5102 2560 5180 Ἐϐουλόμην
2616 5112 2715 5181 μὲν
2768 5111 2863 5168 οῦν
2926 5113 3105 5166 εἰπεῖν
3169 5114 3246 5180 ὡς
3304 5117 3460 5171 οὐδὲν
3523 5119 3717 5189 μεῖζον

2122 5194 2321 5267 δεῖγμα
2356 5199 2568 5268 μίσους,
2596 5203 2713 5257 ἀλλ’
2746 5204 2777 5273 ἢ
2825 5205 2886 5258 τὸ
2938 5208 3217 5278 προτιμᾷν
3240 5209 3336 5262 τοῦ
3387 5209 3620 5279 ἀδελφοῦ
3650 5212 3711 5264 τὸ

2124 5292 2443 5361 περιττεῦον
2472 5295 2740 5367 ἀργύριον
2764 5312 2780 5327 °
2813 5298 2931 5352 ἀλλ’
2959 5299 3073 5369 ὁρῶ
3103 5303 3203 5373 τὴν
3228 5303 3430 5356 κακίαν
3463 5305 3557 5357 καὶ
3592 5306 3712 5373 μεῖ-

2123 5384 2214 5449 ζον
2244 5386 2515 5458 εὑροῦσαν
2543 5389 2744 5460 δεῖγμα
2789 5390 2890 5460 τῆς
2943 5392 3363 5463 μισανθρωπίας
3388 5410 3404 5426 ο
3438 5396 3548 5449 εἰσὶ
3599 5397 3713 5465 γὰρ

2122 5475 2173 5529 οἳ
2216 5477 2292 5547 μὴ
2335 5481 2499 5548 μόνον
2529 5480 2631 5534 οὐκ
2680 5479 2925 5535 ἐλεοῦσιν
2961 5483 3019 5550 ἐξ
3063 5478 3137 5537 ὧν
3178 5485 3527 5556 εὐποροῦσιν,
3574 5486 3713 5541 ἀλλά

2122 5572 2218 5625 καὶ
2274 5571 2691 5643 σφετερίζονται
2741 5576 2812 5629 τὰ
2859 5574 3144 5647 ἀλλότρια.
3196 5577 3712 5647 Συλλογιζέσθωσαν

2120 5661 2216 5721 οὖν
2249 5668 2313 5721 ἐκ
2371 5666 2471 5738 τῆς
2516 5670 2647 5738 πρὸς,
2701 5670 2955 5755 τοὺςιμὴ
3008 5672 3297 5737 ἐλεοῦντας
3349 5675 3709 5743 ἀποξάσεως,
