4090 6448
289 298 344 358 Η

1666 311 2010 373 ἨΟΜΙΙ.ῐΑ
2045 315 2144 378 IV.

283 420 424 484 τίνος
453 412 600 474 οὗτοι
634 421 942 490 τεύξονται,
1002 425 1100 478 καὶ
1147 425 1200 479 τί
1243 426 1546 493 πείσονται,
1597 430 1692 480 καὶ
1738 429 1860 492 οἵας

1982 426 2262 494 mtientur,
2319 431 2467 500 quali
2529 431 2864 506 incogitabili
2924 435 3196 508 simulque
3247 432 3574 494 intolerabili

281 514 641 584 ἀπερινοήτου
671 535 728 570 τε
768 516 864 569 καὶ
898 518 1176 589 ἀφορήτου
1214 520 1517 589 καταδίκης
1559 520 1725 584 ἄξιοι,
1770 525 1868 577 καὶ

281 606 680 678 ἀποστήτινισαν
713 609 816 674 τῆς
867 609 1099 676 ἀδικίας,
1136 613 1229 665 καὶ
1268 613 1355 666 διὰ
1401 614 1511 666 τῶν
1553 615 1654 685 τῆς
1698 633 1869 684 μετα--

282 699 431 757 νοίας
477 699 657 766 ἔργων
689 699 1178 765 ἐξιλεωσάσθωσαν
1207 703 1268 755 τὸ
1315 704 1483 770 θεῖον.
1530 706 1762 760 Ἐκεῖνοι
1805 708 1864 762 δέ

283 793 746 864 ἀποκριθήσονται
778 795 1083 865 τηνικαῦτα
1123 799 1374 868 λέγοντες
1399 813 1415 830 ⁸
1449 819 1468 852 ι
1510 802 1702 871 Κύριε,
1736 802 1870 857 πότε

284 903 343 938 σε
371 887 583 955 εἴδομεν
612 888 907 950 πεινῶντα,
941 889 973 961 ἣ
999 891 1260 958 διψῶντα,
1290 894 1322 963 ἣ
1359 895 1532 961 ξένον,
1568 894 1601 962 ἦ
1636 896 1868 962 γυμνὸν,

281 981 312 1050 ἦ
349 981 570 1050 ἀσθενῆ,
605 983 636 1052 ἢ
666 985 723 1036 ἐν
749 988 988 1057 φυλακῇ,
1022 989 1114 1042 καὶ
1145 988 1207 1040 οὐ
1239 989 1647 1059 διηκονήσαμέν
1684 1007 1802 1055 σοι;
1845 1007 1864 1040 ι

295 1073 489 1144 Ὁρᾶτε
527 1077 620 1128 καὶ
667 1079 802 1131 αὐτὸ
837 1081 895 1132 τὸ
933 1080 1166 1153 ἔσχατον
1205 1083 1378 1136 κακὸν
1428 1083 1529 1153 τὴν
1573 1083 1859 1153 ὑπερηφα-

280 1164 402 1220 νίαν
458 1167 537 1235 τῷ
587 1168 910 1238 ἀσυμπαθεῖ
948 1175 1394 1244 συνεζευγμένην
1435 1174 1646 1245 τρόπῳ,
1680 1174 1870 1245 ὥσπερ

282 1263 380 1312 καὶ
414 1265 476 1330 τῇ
530 1264 846 1337 συμπαθείᾳ
895 1266 995 1337 τὴν
1037 1269 1369 1322 ταπείνωσιν
1399 1287 1412 1334 ;
1448 1268 1513 1322 Οἱ
1555 1268 1756 1322 δίκαιοι
1782 1269 1871 1322 διὰ

283 1353 382 1424 τὴν
415 1356 666 1410 εὐποιίαν
701 1360 1177 1430 ἐγκωμιαζόμενοι
1225 1361 1610 1416 ταπεινοῦνται
1645 1361 1870 1432 μᾶλλον,

280 1448 341 1500 οὗ
377 1449 675 1514 δικαιοῦσιν
732 1454 983 1518 ἑαυτούς.
1033 1450 1196 1508 Οὗτοι
1231 1456 1320 1509 διά
1348 1455 1446 1526 τὴν
1477 1456 1864 1526 ἀσπλαγχνεαν

282 1543 752 1613 κατηγορούμενα
810 1545 962 1616 παρά
1011 1547 1105 1600 τοῦ
1166 1548 1459 1617 ἀψευδοῦς,
1515 1549 1576 1602 οὐ
1630 1549 1866 1619 προσπί-

282 1654 480 1689 πτουσι
531 1639 984 1704 ταπεινωθέντες,
1019 1639 1138 1693 ἀλλ’
1174 1642 1516 1710 ἀντιλέγουσι
1564 1644 1661 1696 καὶ
1691 1643 1870 1696 δικαι-

1975 518 2123 586 digni
2183 521 2529 582 damnatione
2577 527 2728 595 fient,
2769 539 2822 583 et
2861 529 2929 583 ab
2978 529 3248 598 injuStitia
3281 529 3575 593 recedant,

1973 625 2027 668 et
2062 631 2159 684 per
2190 633 2355 686 opera
2393 621 2732 688 paenitentiae
2780 621 2948 677 Deum
2983 623 3089 678 sibi
3127 624 3420 694 propitium
3454 622 3579 677 red-

3505 325 3587 390 62‘

1974 709 2126 766 dant.
2162 711 2228 768 Hi
2263 729 2397 768 vero
2438 725 2566 770 tunc
2619 718 3029 785 respondebunt
3073 718 3362 773 dicentes:
3399 735 3418 768 ι
3470 715 3579 769 Do-
3669 702 3680 712 ’

1975 803 2393 874 mine,quando
2422 816 2475 863 te
2502 807 2739 864 vidimus
2765 811 3101 865 esurientem
3135 818 3228 864 aut
3279 809 3574 872 sitientem,

1974 897 2234 963 alienum,
2268 910 2361 954 aut
2390 903 2616 966 nudum,
2654 913 2750 958 aut
2783 903 3084 968 infirmum,
3113 912 3210 958 aut
3245 903 3296 956 in
3331 917 3571 966 carcere,

1973 998 2028 1047 ει
2059 1009 2168 1048 non
2196 994 2631 1051 ministravimus
2668 996 2761 1051 tibi
2790 998 2812 1051 ?
2853 1019 2871 1049 ι
2910 995 3124 1052 Videtis
3157 997 3357 1050 malum
3393 1007 3578 1050 extre-

1975 1103 2123 1141 mum
2158 1091 2468 1157 superbiam
2496 1090 2649 1144 duris
2681 1091 2990 1146 visceribus
3021 1089 3398 1159 coniugatam,
3424 1089 3570 1143 sicut

1982 1180 2380 1236 misericordiae
2445 1182 2855 1261 humilitatem?
2906 1183 3044 1238 Justi
3099 1191 3320 1252 propter
3369 1180 3580 1236 benefi-

1974 1273 2205 1326 centiam
2239 1274 2444 1329 laudati
2488 1276 2660 1343 magis
2691 1275 3072 1339 humiliantur,
3103 1290 3203 1328 nec
3251 1275 3581 1343 semetipsos

1969 1366 2312 1438 justit’icant;
2359 1370 2444 1425 isti
2481 1378 2707 1438 propter
2738 1369 2870 1423 dura
2902 1369 3113 1423 viscera
3145 1369 3212 1420 ab
3243 1382 3310 1421 eo
3345 1365 3437 1436 qui
3473 1382 3577 1419 non

1977 1463 2242 1515 mentitur
2264 1459 2530 1528 damnati,
2555 1477 2664 1516 non
2693 1460 2964 1516 humiliati
2993 1461 3303 1532 procidunt,
3327 1459 3419 1514 sed
3445 1471 3582 1512 con-

1977 1554 2256 1609 tradicunt
2301 1563 2356 1609 et
2407 1555 2728 1626 semetipsos
2773 1555 3104 1626 justifieant.
3142 1555 3266 1609 hleo
3295 1554 3527 1608 audiunt
3563 1572 3578 1608 :

1979 1665 1997 1698 ι
2042 1648 2212 1702 Amen
2249 1649 2371 1703 dico
2405 1649 2580 1715 vobis,
2615 1650 3050 1720 quotiescunque
3097 1665 3206 1704 non
3251 1647 3458 1704 fecistis
3487 1647 3578 1702 uni

281 1727 434 1782 οὖσιν
458 1730 685 1794 ἑαυτούς
709 1748 724 1764 ·
783 1731 862 1786 διὸ
921 1734 1017 1786 καὶ
1056 1735 1404 1799 ἀκούσουσιν,
1443 1754 1460 1786 ι
1501 1735 1678 1804 Ἀμὴν
1727 1735 1872 1804 λέγω

1982 1757 2036 1795 ex
2066 1742 2307 1796 minimis
2339 1743 2479 1809 istis,
2518 1745 2652 1798 mihi
2689 1759 2800 1798 non
2835 1743 3043 1800 fecistis
3083 1760 3131 1808 ις
3162 1752 3216 1799 et
3241 1743 3345 1809 sic,
3375 1742 3578 1810 inquit,

284 1824 435 1894 ὑμῖν,
461 1827 547 1892 ἐφ’
573 1827 696 1880 ὅσον
720 1827 821 1882 οὐκ
843 1829 1135 1897 ἐποιήσατε
1175 1828 1258 1882 ἐνὶ
1295 1828 1503 1882 τούτων
1534 1829 1644 1881 τῶν
1687 1828 1869 1898 ἐλαχί-

285 1936 450 1983 στων,
485 1920 606 1974 οὐδὲ
630 1922 754 1989 ἐμοὶ
783 1922 1080 1990 ἐποιήσατε
1103 1940 1116 1952 ·
1156 1942 1175 1975 ι
1211 1923 1305 1975 καὶ
1335 1921 1508 1984 οὕτως
1539 1923 1871 1976 ἀπελεύσον-

283 2027 396 2070 ται,
427 2011 596 2080 φησὶ,
642 2030 661 2063 ι
703 2005 847 2066 οὗτοι
893 2012 990 2082 μὲν
1041 2015 1122 2076 εἰς
1163 2014 1390 2068 κόλασιν
1439 2013 1683 2079 αἰώνιον,
1725 2015 1775 2067 οἱ
1814 2014 1870 2067 δὲ

283 2103 477 2157 δίκαιοι
512 2103 590 2168 είς
621 2105 765 2174 ζωὴν
792 2105 1030 2159 αἰώνιον.
1070 2125 1088 2157 ι

368 2197 713 2268 Ἐλεήσωμεν
747 2195 840 2252 οὖν
871 2201 1019 2268 ἡμᾶς
1068 2201 1292 2264 αὐτοὺς,
1347 2199 1592 2265 ἀδελφοὶ,
1628 2199 1716 2252 διὰ
1774 2198 1870 2252 τοῦ

284 2290 425 2360 πρὸς
483 2291 608 2353 τοὺς
638 2291 902 2358 ἀδελφοὺς
962 2292 1182 2356 ἐλέουςσ
1237 2292 1578 2363 κτησώμεθα
1635 2292 1723 2346 διὰ
1773 2292 1872 2361 τῆς

287 2383 632 2452 συμπαθείας
686 2385 787 2454 τὴν
844 2385 1232 2456 συμπάθειαν·
1281 2382 1340 2440 εὖ
1403 2387 1726 2456 ποιήσωμεν
1785 2385 1875 2438 ἵνα

288 2475 554 2545 πάθωμεν
585 2477 646 2532 εὖ
668 2493 682 2507 ’
732 2477 899 2547 ὁμοία
950 2479 1050 2548 μὲν
1077 2479 1108 2549 ἡ
1169 2479 1441 2542 ἀντίδοσις
1465 2496 1479 2510 ο
1511 2478 1731 2532 εὐποιία
1764 2476 1874 2547 γὰρ

289 2573 384 2623 καὶ
420 2569 801 2639 φιλανθρωπία
834 2571 928 2624 καὶ
963 2571 1158 2642 ἀγάπη
1188 2571 1284 2627 καὶ
1309 2571 1460 2634 ἔλεος
1514 2570 1611 2624 καὶ
1648 2570 1874 2638 συμπά-

291 2663 433 2727 θεια,
459 2662 558 2716 οὐκ
591 2664 680 2731 ἴση
713 2664 768 2717 δὲ
803 2666 866 2736 τῇ
903 2663 1028 2737 ἀξίᾳ
1069 2666 1164 2718 καὶ
1200 2663 1280 2735 τῷ
1315 2665 1502 2734 μέτρῳ
1545 2664 1646 2734 τῆς
1676 2663 1875 2733 ὑπερο-

255 2757 430 2829 ,χῆς·
468 2760 534 2811 σὺ
594 2759 690 2825 μὲν
718 2758 826 2827 γὰρ
862 2759 1126 2829 παρέχεις
1175 2758 1236 2824 ἐξ
1289 2752 1364 2814 ὧν
1400 2757 1691 2829 ἅνθρωπος
1732 2759 1870 2827 ἔχει,

289 2851 501 2919 καὶ”ἐφ⁹
533 2852 655 2906 ὅσον
703 2853 987 2924 ἄνθρωπος
1020 2853 1384 2924 εὐεργετῆσαι
1422 2852 1672 2917 δύναται,
1720 2853 1876 2904 ἀντι-

287 2941 591 3013 λαμϐάνεις
613 2945 670 2999 δὲ
705 2945 857 3016 παρὰ
886 2946 991 2999 τῶν
1017 2946 1179 3000 θείων
1211 2947 1306 2999 καὶ
1346 2945 1641 2999 ἀκενώτων
1669 2944 1874 3016 θησαυ-

292 3037 402 3104 ρῶν
432 3036 968 3090 ἑκατονταπλασίονα
1020 3038 1115 3090 καὶ
1146 3037 1246 3108 τὴν
1297 3039 1518 3091 αἰώνιον
1573 3037 1742 3107 ζωὴν.
1777 3037 1876 3090 καὶ

1977 1836 2261 1890 discedent
2321 1854 2338 1886 ι
2385 1837 2459 1889 illi
2508 1837 2726 1907 quidem
2765 1837 2816 1891 in
2870 1836 3199 1908 supplicium
3272 1847 3580 1903 aeternum,

1970 1928 2101 1998 justi
2137 1938 2316 1985 autem
2354 1930 2404 1984 in
2442 1931 2607 1985 vitam
2638 1939 2919 1986 aitet-nam.
2962 1949 2982 1984 ι

2050 2199 2244 2269 Igitur,
2288 2199 2508 2266 fratres,
2542 2200 2904 2255 misereamnr
2929 2197 3102 2255 nostri
3133 2212 3230 2267 per
3261 2197 3576 2251 misericor-

1978 2293 2121 2348 diam
2169 2308 2298 2362 erga
2344 2291 2577 2356 fratres;
2615 2293 3030 2347 miserationem
3086 2305 3186 2359 per
3223 2290 3582 2344 con'uuisera-

1980 2389 2182 2442 tionem
2214 2402 2576 2455 assequamur
2603 2404 2618 2452 ;
2651 2387 2791 2440 bene
2825 2384 3094 2438 t'aciau'tus
3125 2393 3182 2437 ut
3211 2382 3349 2437 bene
3373 2380 3582 2435 habea-

1979 2498 2134 2547 mus;
2167 2496 2319 2550 aaqua
2355 2480 2498 2536 enim
2531 2486 2616 2536 est
2647 2479 2969 2543 retributio;
3000 2479 3222 2545 insuper
3272 2475 3586 2530 beneﬁcen-

1981 2577 2094 2639 tia,
2137 2574 2446 2644 benignitas
2473 2613 2489 2639 ,
2521 2574 2801 2638 citat-itas,
2853 2562 3028 2640 pietas
3072 2579 3128 2624 et
3181 2566 3582 2629 misericordia,

1977 2667 2139 2724 valde
2167 2667 2433 2722 deficiunt
2462 2683 2491 2720 a
2526 2667 2790 2737 dignitate
2821 2675 2876 2719 et
2906 2678 3163 2718 mensura
3200 2662 3383 2716 nimiae
3436 2674 3585 2713 mer-

1980 2763 2153 2819 cedis.
2195 2761 2272 2816 Τιι
2306 2761 2525 2831 quidem
2565 2760 2789 2830 largiris
2816 2775 2881 2814 ex
2921 2759 3006 2813 his
3042 2773 3166 2826 qua:
3198 2756 3360 2809 habet
3394 2754 3583 2818 homo,

1979 2868 2035 2912 et
2073 2865 2339 2926 quantum
2373 2856 2535 2910 homo
2574 2854 2826 2927 praebere
2874 2861 3075 2921 potest.
3115 2850 3244 2903 dum
3276 2849 3329 2902 in
3371 2861 3585 2900 merce-

1980 2949 2104 3004 dem
2142 2949 2338 3017 recipis
2371 2947 2689 3015 centuplum
2730 2953 3106 3013 aeternamque
3127 2943 3294 2999 vitam
3318 2955 3345 2993 a
3371 2939 3578 2992 divinis

1981 3054 2198 3094 necnon
2247 3039 2596 3093 inexhaustis
2651 3037 2947 3098 thesauris,
2999 3051 3064 3089 ex
3119 3035 3316 3099 quibus
3366 3040 3581 3086 tantum

290 3127 552 3196 αὑεργετῇ
583 3128 639 3195 ἐξ
668 3122 743 3180 ὧν
775 3130 867 3182 καὶ
891 3130 1017 3182 ὅσον
1045 3132 1073 3183 ό
1115 3130 1250 3193 Θεὸς
1293 3130 1663 3199 εὐεργετῆσαι
1714 3129 1875 3183 δύνα-

1982 3133 2183 3202 accipis
2213 3142 2478 3200 quantum
2525 3131 2668 3186 Deus
2702 3141 2880 3200 potest
2906 3129 3093 3200 largiri
3124 3143 3138 3180 :
3177 3147 3196 3180 ι
3229 3129 3360 3193 Quae
3391 3126 3585 3181 oculus

291 3236 414 3272 ται·
451 3239 470 3272 ‹
515 3222 581 3273 Ἀ
618 3220 897 3290 όφθαλμὺς
941 3222 1041 3274 οὐκ
1085 3219 1214 3284 εἶδε,
1255 3224 1351 3274 καὶ
1380 3221 1475 3285 οὓς
1507 3222 1609 3274 οὐκ
1643 3222 1871 3292 ἢκουσε,

291 3311 386 3364 καὶ
419 3311 510 3364 ἐπὶ
547 3311 774 3382 καρδίαν
803 3312 1094 3382 ἀνθρώπου
1130 3313 1230 3366 οὐκ
1253 3311 1444 3383 ἀνέϐη.
1479 3332 1497 3366 ι
1527 3306 1874 3382 Σπεύσωμεν

293 3399 383 3457 οὖν
411 3404 501 3456 ἵνα
531 3405 624 3457 τοῦ
667 3404 903 3458 πλούτου
943 3406 1042 3474 τῆς
1074 3405 1448 3476 χρηστότητος
1482 3405 1872 3476 ἐπιτύχωμεν·

293 3495 490 3564 ὀλίγων
516 3497 796 3568 ἀργυρίων
822 3498 1192 3570 κληρονομίαν
1217 3496 1439 3552 αἰώνιον
1474 3500 1875 3570 ἀγοράσωμενσ

295 3589 622 3658 φοϐηθῶμεν
649 3591 750 3659 τὴν
775 3590 919 3645 κατά
942 3591 1052 3644 τῶν
1072 3591 1318 3662 ἀνηλεῶν
1342 3593 1622 3660 ἀπόφασιν
1650 3593 1875 3664 ἀρτίως,

295 3682 380 3734 ἵνα
426 3681 498 3751 μὴ
531 3681 621 3736 ὑπ’
655 3683 974 3752 αὐτῆςέκεί
998 3684 1432 3754 κατακριθῶμεν
1457 3700 1470 3713 ·
1506 3685 1581 3756 μὴ
1621 3685 1878 3756 φοὸηθῶ-

298 3795 397 3848 μεν
439 3778 512 3846 μὴ
564 3779 773 3847 πτωχοὶ
817 3780 1111 3850 γενώμεθα
1159 3779 1396 3842 διδόντες
1457 3779 1877 3851 ἐλεημοσύνην·

297 3871 388 3925 καὶ
420 3869 528 3939 γάρ
555 3870 867 3939 ἀκούσαμεν
897 3872 1050 3942 παρὰ
1074 3872 1315 3943 Χριστοῦ
1338 3888 1353 3903 ·
1385 3889 1404 3922 σ
1443 3871 1611 3926 Δεῦτε
1646 3875 1696 3926 oi
1723 3873 1879 3928 εὐλο-

294 3963 525 4033 γημένοι
550 3963 644 4016 τοῦ
679 3963 895 4034 Πατρός
938 3982 1063 4034 μου,
1103 3965 1557 4035 κληρονομήσατε
1586 3966 1686 4036 τὴν
1719 3966 1880 4032 βασιο

293 4058 467 4112 λείαν.
507 4077 528 4109 ι
562 4056 917 4128 Φοϐηθῶμεν,
949 4058 1042 4111 καὶ
1104 4059 1285 4112 πάντα
1321 4057 1620 4129 πράξωμεν
1669 4059 1756 4114 ἵνα
1807 4060 1881 4130 μὴ

293 4148 554 4220 φανῶμεν
579 4149 684 4215 ἐξω
740 4148 841 4218 τῆς
875 4151 1013 4222 πρὸς
1066 4151 1158 4204 τὸν
1198 4151 1330 4205 Θεὸν
1381 4154 1606 4222 ἀγάπης
1661 4153 1748 4206 διὰ
1781 4154 1882 4224 τῆς

317 4242 671 4312 ισπλαγχνίας
693 4260 706 4275 ·
733 4262 752 4296 ι
777 4243 835 4297 '0
863 4243 972 4314 γὰρ
998 4245 1073 4315 μὴ
1120 4244 1354 4313 ἀγαπῶν
1397 4246 1490 4299 τὸν
1521 4245 1753 4314 ἀδελφὸν
1781 4249 1884 4300 αὐ-

293 4336 391 4392 τοῦ
422 4336 480 4389 ὃν
510 4335 742 4407 ἑώρακε,
779 4337 896 4401 πῶς
938 4339 1239 4407 ἀγαπήσει,
1291 4338 1456 4409 φησὶν
1493 4341 1523 4392 ὁ
1575 4339 1883 4405 Εὐαγγελι-

298 4428 453 4500 στὴέ.
472 4429 562 4482 τὸν
578 4428 710 4482 Θεὸν
735 4429 792 4481 ὃν
811 4429 910 4500 οὐχ
935 4429 1178 4499 ἑώρακεν
1201 4446 1218 4495 ;
1251 4448 1270 4481 ι
1297 4429 1324 4480 ὁ
1344 4429 1402 4482 δὲ
1432 4429 1507 4500 μὴ
1534 4429 1766 4497 ἀγαπῶν
1790 4431 1882 4482 τὸν

1979 3244 2091 3283 non
2131 3227 2290 3293 vidit,
2334 3243 2435 3281 nec
2482 3227 2633 3280 auris
2679 3227 2921 3291 audivit,
2955 3239 3056 3279 nec
3108 3224 3162 3276 in
3213 3237 3308 3276 cur
3340 3219 3583 3274 hominis

1980 3321 2230 3377 ascendit
2252 3321 2318 3374 “.
2358 3339 2377 3372 ι
2423 3319 2756 3376 Studeamus
2789 3334 2918 3389 ergo
2949 3328 3007 3370 ιιι
3054 3316 3276 3372 divitias
3320 3313 3586 3368 bonitatis

1979 3416 2346 3480 obtineamus,
2371 3413 2561 3482 paucis
2588 3413 2782 3480 opibus
2804 3419 3061 3464 retentam
3086 3422 3333 3462 eruamus
3361 3403 3587 3459 haeredi-

1981 3519 2182 3574 tatem;
2217 3509 2508 3562 timeamus
2549 3520 2726 3574 nuper
2758 3503 3002 3558 auditam
3036 3509 3228 3556 contra
3265 3513 3371 3552 non
3422 3495 3585 3550 mise-

1981 3603 2228 3658 ricordes
2261 3599 2723 3660 maledictionem,
2766 3611 2836 3649 ne
2887 3594 2962 3648 ibi
3011 3594 3080 3648 ab
3117 3608 3180 3646 ea
3210 3592 3538 3645 damnemur
3566 3627 3582 3651 ,

1981 3695 2122 3751 absit
2152 3703 2211 3749 ut
2245 3694 2540 3749 timeamus
2571 3703 2638 3744 ne
2663 3689 3072 3757 eleemosynam
3105 3682 3286 3736 dando
3318 3692 3586 3749 pauperes

1984 3790 2177 3844 fiantus
2202 3804 2216 3852 ;
2241 3795 2295 3840 et
2324 3784 2608 3838 audiemus
2641 3797 2670 3835 a
2698 3780 2918 3835 Christo
2950 3794 2963 3829 :
3004 3797 3022 3828 ι
3068 3775 3284 3841 Venite,
3313 3773 3581 3828 uenedicti

1982 3881 2163 3942 Patris
2195 3879 2320 3943 mei,
2353 3876 2613 3946 percipite
2653 3888 2905 3942 regnum.
2939 3890 2957 3923 ι
2993 3869 3331 3930 Timeamus,
3373 3865 3586 3920 omnia-

1983 3988 2090 4044 que
2123 3982 2400 4041 patremus
2431 3979 2490 4022 ut
2537 3984 2647 4023 non
2679 3965 3038 4021 ostendantur
3066 3973 3220 4018 extra
3255 3959 3582 4014 charitatem

1983 4069 2079 4123 Dei
2107 4081 2202 4137 per
2226 4065 2407 4119 cordis
2437 4063 2717 4126 duritiem,
2749 4047 2876 4114 nam
2919 4077 2936 4110 ι
2971 4056 3072 4124 Qui
3111 4070 3216 4108 non
3246 4046 3433 4122 diliget
3465 4050 3580 4105 fra-

1985 4173 2122 4218 trem
2149 4175 2307 4215 suum
2341 4173 2501 4228 quem
2535 4157 2698 4217 videt,
2727 4152 3003 4221 quomodo
3037 4151 3244 4220 diliget,
3293 4149 3368 4201 ait
3415 4161 3588 4199 cvan-

1986 4254 2203 4324 gelista,
2239 4251 2408 4305 Deum
2435 4263 2595 4319 quem
2627 4263 2732 4302 non
2758 4246 2892 4302 vidit
2915 4243 3001 4296 “‘i
3035 4263 3052 4295 ι
3080 4242 3180 4309 Qui
3209 4250 3390 4296 autem
3420 4238 3586 4292 Deum

1985 4362 2093 4401 nou
2128 4345 2322 4412 diligit,
2353 4342 2626 4412 quomodo
2657 4355 2780 4394 cum
2814 4353 2880 4391 eo
2903 4336 3044 4391 erit?
3081 4335 3184 4402 Qui
3216 4347 3344 4387 vero
3367 4346 3490 4385 cum
3520 4344 3590 4384 eo

1989 4454 2094 4492 non
2131 4446 2232 4504 est,
2253 4435 2597 4506 elongabitur
2624 4434 2692 4488 ab
2719 4435 2816 4498 eof;
2852 4429 2947 4486 sed
2969 4429 3062 4499 qui
3092 4428 3160 4482 ab
3189 4441 3254 4482 eo
3276 4425 3587 4495 elongatur,

296 4524 432 4577 Θεὸν
468 4523 583 4585 πῶς
615 4523 872 4576 συνέσται
908 4523 1091 4593 αὐτῷ;
1127 4523 1154 4575 ὁ
1205 4523 1261 4577 δὲ
1292 4522 1369 4594 μὴ
1404 4521 1580 4575 συνὼν
1611 4521 1758 4591 αὐτῷ
1787 4539 1876 4575 πο-

1989 4532 2044 4586 in
2073 4531 2376 4602 gehennam
2416 4543 2640 4598 prorsus
2665 4524 2893 4581 incidet.

300 4619 628 4691 ρευθήσεται
665 4620 761 4673 ἀπ’
788 4619 956 4673 αὑτοῦ
978 4634 993 4649 °
1023 4622 1052 4673 ό
1083 4621 1139 4673 δέ
1180 4619 1555 4689 πορευόμενος
1588 4618 1683 4672 ἀπ’
1711 4617 1881 4672 αὐτοῦ

296 4713 379 4774 εἰς
414 4713 511 4782 τὴν
546 4712 739 4776 γέεναν
777 4699 1103 4782 ἐμπεσεῖται
1140 4712 1381 4774 πάντως.

380 4804 523 4857 Ἀλλ’
548 4805 707 4874 ἡμεῖς
757 4805 980 4876 ἀγάπης
1014 4805 1155 4875 ἔργα
1199 4805 1606 4876 ἐπιδειξώμεθα
1637 4807 1718 4869 εἰς
1758 4805 1903 4884 τοὺς.
1953 4832 1962 4842 -

298 4897 407 4968 25
430 4899 734 4969 ἡμετέρους
762 4901 820 4952 ἐν
853 4899 1075 4970 Χριστῷ
1111 4899 1404 4969 ἀδελφοὺς,
1439 4899 1718 4959 ἐλεοῦντες
1760 4900 1887 4960 τοὺς

299 4993 662 5060 πενομένους,
709 4993 1136 5062 ἐπιστρέφοντες
1187 4994 1314 5057 τοὺς
1375 4993 1786 5063 πλανωμένους,
1821 4997 1886 5064 ἣν

298 5085 364 5136 ἂν
390 5086 564 5141 εἴποις
614 5083 824 5154 πλάνην
879 5103 936 5138 τε
969 5088 1062 5139 καὶ
1102 5086 1320 5152 πενίαν,
1354 5087 1702 5149 ἐκδικοῦντες
1754 5087 1884 5150 τοὺς

293 5175 712 5245 ἀδικουμένους,
749 5178 1191 5252 ἐπιρῤωννύγτες
1236 5180 1366 5246 τοὺς
1403 5181 1460 5234 ἐν
1497 5181 1757 5252 ἀσθενείᾳ
1782 5199 1884 5234 κα-

293 5271 674 5340 τακειμένους,
708 5271 818 5324 εἴτε
853 5271 942 5324 διὰ
974 5270 1084 5324 τῶν
1123 5272 1404 5344 αἰσθητῶν
1442 5275 1604 5326 τοῦτο
1643 5273 1883 5344 πάσχον-

296 5379 396 5425 τας
429 5362 640 5434 ἐχθρῶν
673 5379 731 5416 τε
771 5364 868 5416 καὶ
903 5370 1251 5436 νοσημάτων,
1286 5367 1399 5420 εἴτε
1438 5367 1528 5421 διὰ
1568 5367 1678 5420 τῶν
1717 5369 1886 5440 ἀορά-

295 5471 406 5508 των
429 5459 681 5526 πονηρῶν
696 5458 1026 5529 πνευμάτων
1049 5460 1268 5514 καὶτῶν
1287 5462 1390 5532 τῆς
1409 5462 1641 5533 ἀτιμίας
1666 5463 1881 5530 παθῶν,

297 5549 756 5623 ἐπισκεπτόμενοι
813 5553 942 5616 τοὺς
1002 5553 1061 5605 ἐν
1117 5553 1331 5625 φυλακῇ
1399 5554 1881 5625 καθειργμένους,

295 5641 432 5699 ἀλλά
475 5643 571 5699 καὶ
621 5644 943 5714 ἀνεχόμενοι
989 5644 1098 5698 τῶν
1138 5646 1217 5710 εἰς
1249 5647 1396 5718 ἡμᾶς
1430 5647 1763 5717 πταιόντων,
1791 5652 1884 5706 καὶ

369 5824 449 5881 ⁸⁸1
476 5825 602 5883 Cor.
631 5842 693 5894 ιι,
718 5827 772 5882 9.
851 5827 894 5859 ⁸³
964 5826 1122 5883 .luan.
1150 5844 1226 5897 tv,
1249 5828 1340 5883 20.

2063 4804 2174 4858 Nos
2209 4809 2394 4857 autem
2425 4798 2715 4855 charitatis
2743 4810 2908 4869 opera
2936 4811 3062 4867 erga
3101 4802 3323 4850 nostros
3350 4793 3404 4849 in
3435 4793 3594 4849 Chri-

1990 4911 2074 4956 sto
2108 4898 2306 4952 fratrcs
2357 4897 2731 4960 ostendamus,
2785 4895 3010 4962 inopum
3056 4890 3404 4952 tniscrentcs,
3453 4903 3592 4943 con-

1993 4999 2274 5050 vertentes
2307 4991 2628 5046 aberrantes
2657 5030 2672 5057 ,
2703 5002 3088 5059 quemcunque
3125 4987 3274 5041 dicas
3303 5001 3546 5040 errorem
3575 5023 3592 5050 ,

1994 5101 2377 5160 quamcunque
2430 5086 2712 5155 inopiam,
2768 5083 2926 5139 laesos
2981 5082 3343 5144 olientlentes,
3393 5079 3595 5134 confir-

1993 5189 2209 5234 mantcs
2243 5179 2295 5232 in
2331 5176 2648 5232 infirmitate
2675 5173 2918 5243 jacentes
2945 5215 2958 5234 .
2999 5175 3112 5229 sive
3139 5189 3205 5229 ex
3242 5173 3592 5229 sensibilibus

1994 5268 2322 5326 adversariis
2353 5277 2410 5323 et
2437 5265 2644 5322 morbis
2674 5266 2820 5321 istud
2855 5266 3157 5336 patiantur,
3191 5265 3306 5320 sive
3341 5279 3404 5319 ex
3440 5263 3592 5317 invi-

1995 5364 2248 5422 sibilibus
2291 5365 2567 5434 perversis
2614 5363 2899 5433 spiritibus
2940 5374 2991 5417 et
3043 5363 3292 5432 turpibus
3325 5358 3593 5429 concupi-

1994 5459 2240 5521 scentiis,
2284 5455 2576 5546 visitantes
2627 5456 2679 5509 in
2715 5469 2939 5511 carcere
2967 5455 3244 5520 detrusos,
3272 5455 3365 5508 sed
3425 5451 3590 5508 etiam

1995 5552 2336 5607 olfendentcs
2371 5567 2470 5605 nos
2517 5550 2838 5616 tolerantes,
2885 5560 2940 5605 et
2983 5549 3107 5603 aliis
3164 5549 3395 5603 invicem
3431 5547 3593 5603 nobis

1996 5644 2366 5714 indulgentes.
2394 5642 2440 5701 si
2490 5642 2615 5713 quis
2651 5642 2816 5700 habet
2877 5640 3156 5713 querelam
3189 5640 3451 5696 adversus
3486 5637 3596 5694 ali-

3599 2271 3625 2294 ἱ
