4090 6448
289 399 356 461 65
1673 389 1867 450 ΙΙΟΜΙ

1972 391 2002 450 λ
2033 391 2098 451 ν.
3488 389 3558 452 (6

286 526 398 563 ται.
429 505 528 560 Διά
567 503 903 574 τούτων’μέν
935 503 1028 557 οὖν
1055 502 1440 565 ὗποστατικῶς
1480 503 1628 572 ἡμᾶς
1668 507 1695 555 ὁ
1719 505 1855 572 Χρι-

1972 501 2301 574 liypostatice
2344 500 2667 571 justiﬁcavit
2696 509 2749 556 et
2783 498 2850 554 ad
2883 498 3248 555 Obt‘dicnlilﬂll
3280 498 3430 556 Patri
3477 505 3555 554 al-

293 600 415 664 στὸς
443 597 756 664 ἐδικαίωσε,
791 597 886 649 καί
943 595 1080 666 πρὸς
1126 595 1375 664 ὑπακοὴν
1434 593 1530 648 τοῦ
1577 595 1858 648 ἀνωτάτου

291 687 502 760 Πατρδς
535 689 885 756 ἐπανήγαγεν
912 703 926 718 ·
976 685 1147 755 αὐτὴν
1197 685 1252 738 δὲ
1281 687 1381 756 τὴν
1433 685 1597 753 φύσιν
1629 685 1695 756 ἣν
1730 684 1862 756 παρ’

291 779 449 851 ἡμῶν
507 777 951 847 προσλαϐόμενος
1003 775 1457 846 ἐκαινούργησεν,
1516 775 1864 845 ήγιασμένην

293 873 386 925 καὶ
412 869 837 938 δεδικαιωμένην
870 870 965 922 καὶ
997 867 1073 937 τῷ
1110 868 1288 938 Πατρὶ
1334 869 1422 922 διὰ
1490 867 1670 922 πάντα
1722 867 1865 936 ὑπή-

293 979 416 1014 κοον
453 956 619 1014 οὖσαν
652 961 843 1028 ἔδειξε,
871 961 940 1013 δι’
966 952 1040 1014 ὧν
1072 961 1234 1022 αὐτὸς
1279 962 1452 1032 ταύτῃ
1479 959 1603 1012 καθ’
1625 959 1864 1012 ὑπόστα-

290 1070 375 1105 σιν
410 1051 710 1122 ἡνωμένος,
755 1051 878 1105 κατ’
922 1051 1096 1123 αὐτὴν
1153 1051 1361 1121 ἔπραξὲ
1394 1068 1453 1104 τε
1487 1052 1583 1103 καὶ
1631 1050 1860 1104 ἔπαθεν·

291 1138 366 1198 ὧν
398 1145 510 1195 ἐστι
547 1143 692 1214 καλή
749 1143 940 1197 τούτου
1000 1145 1244 1214 σήμερον
1291 1143 1679 1213 ἐορταζομένη,
1732 1142 1862 1212 παρ’

289 1236 425 1305 ἡμῖν
457 1235 534 1298 είς
572 1233 632 1287 τὺ
666 1233 894 1304 ἱερδντὸ
933 1234 1162 1288 παλαιὸν
1205 1236 1386 1288 ἐκεῖνο
1450 1235 1587 1306 πρὸς
1634 1234 1863 1305 meapt—

236 1324 254 1409 ζ
295 1328 435 1397 σμδν
472 1326 734 1389 ἀνάϐασις
767 1326 799 1397 ἧ
834 1327 1176 1392 ἀναὸίϐασις,
1231 1327 1321 1381 καὶ
1352 1330 1384 1398 ἡ
1427 1327 1520 1380 τοῦ
1565 1327 1861 1399 θεολήπτου

290 1417 517 1485 Συμεὼν
550 1418 870 1488 ὑπάντησις,
900 1420 1057 1488 καὶὴ
1119 1422 1218 1487 τῆς
1265 1420 1354 1472 διὰ
1423 1420 1541 1489 βίου
1598 1417 1862 1490 τῷῚερῷ

291 1510 738 1578 προσανεχούσης
768 1511 974 1579 Ἀννης
1006 1509 1415 1580 ἐξομολόγησις.
1447 1511 1604 1565 Μετὰ
1625 1511 1733 1581 γὰρ
1765 1512 1864 1580 τὴν

288 1601 353 1653 ἐκ
401 1600 673 1670 Παρθένου
703 1601 796 1653 τοῦ
836 1602 1093 1671 Σωτῆρος
1147 1603 1428 1670 γέννησιν,
1454 1604 1547 1655 καὶ
1588 1603 1688 1674 τὴν
1721 1604 1864 1657 κατᾶ

294 1689 494 1760 νόμους
525 1690 879 1762 όκταήμερον
925 1692 1252 1763 περιτομὴν,
1287 1693 1543 1762 καθάπερ
1576 1695 1604 1746 ὁ
1630 1695 1862 1762 εὐαγγε-

291 1781 482 1852 λιστὴς
510 1784 721 1846 Λουκᾶς
746 1801 931 1852 φησιν·
969 1805 988 1836 ι
1021 1786 1151 1838 Ὀτε
1180 1785 1533 1857 ἐπλήσθησαν
1564 1787 1620 1840 αἱ
1657 1787 1861 1857 ἡμέραι

1971 594 2180 650 tissimo
2208 593 2454 660 adduxit,
2486 594 2661 658 ipsam
2693 606 2818 646 vero
2857 601 3105 644 naturam
3133 605 3298 660 quam
3334 605 3362 644 a
3397 590 3556 644 nobis

1967 694 2246 754 acceptam
2283 685 2597 749 renovavit,
2631 683 3024 738 sanctiﬁcatatn
3077 690 3134 736 et
3177 681 3553 750 justiﬁcatam,

1965 790 2020 833 et
2057 777 2202 832 Patri
2240 791 2405 844 super
2449 776 2634 829 omnia
2683 785 2964 845 parentem
3014 771 3385 829 manifestavit
3410 813 3424 836 ,
3461 788 3556 842 per

1965 885 2086 939 qua:
2117 870 2246 937 ipse.
2269 869 2342 923 illi
2377 867 2672 930 secundum
2710 882 2995 936 personam
3022 865 3330 930 adunatus,
3363 881 3556 920 secun-

1965 963 2092 1015 dttm
2123 961 2266 1014 illam
2317 959 2447 1014 fecit
2489 968 2543 1012 et
2591 974 2786 1027 passus
2817 967 2918 1021 est,
2951 973 3016 1011 ex
3058 958 3257 1026 quibus
3284 967 3368 1012 est
3398 958 3556 1012 hodie

1967 1051 2238 1108 celebrata
2286 1068 2316 1104 a
2368 1051 2523 1106 nobis
2575 1050 2628 1104 in
2677 1048 2932 1117 templum
2983 1048 3110 1103 illud
3162 1049 3444 1119 antiquum
3489 1049 3556 1102 ad

1966 1147 2341 1211 purgationem
2379 1143 2629 1198 ascensio
2656 1156 2752 1198 seu
2797 1141 2980 1210 potius
3010 1141 3330 1209 asportatio,
3372 1152 3426 1196 et
3459 1140 3552 1194 Si-

1969 1235 2174 1289 tneonis
2213 1235 2392 1291 divino
2428 1234 2639 1304 Spiritu
2681 1235 2831 1289 ducti
2869 1249 3132 1288 occursus
3159 1243 3214 1288 et
3254 1227 3424 1289 Anna:
3457 1250 3556 1303 per

1966 1328 2130 1381 vitam
2163 1328 2214 1379 in
2247 1327 2450 1395 templo
2495 1327 2872 1382 conversantis
2928 1327 3222 1382 confessio.
3257 1327 3391 1381 Nam
3437 1337 3560 1395 post

1967 1418 2270 1474 Salvatoris
2295 1434 2363 1474 ex
2398 1418 2624 1489 Virgine
2658 1419 2992 1475 nativitatem
3023 1429 3076 1472 et
3112 1429 3234 1488 post
3277 1420 3396 1474 dies
3434 1431 3560 1473 octo

1966 1513 2265 1569 secundum
2308 1512 2508 1580 legem,
2533 1511 2730 1565 factam
2764 1510 3239 1565 circumcisionem
3276 1523 3438 1580 prout
3469 1513 3555 1562 di-

1965 1604 2046 1656 sit
2097 1603 2275 1658 Lttras
2328 1605 2674 1672 evangelista.
2713 1619 2726 1654 :
2769 1621 2788 1654 ι
2837 1602 3126 1672 Postquam
3178 1603 3384 1672 impleti
3433 1613 3560 1657 sunt

1965 1694 2084 1749 dies
2121 1695 2457 1764 purgationis
2496 1710 2688 1749 eorum
2715 1733 2730 1760 ,
2787 1695 3094 1750 secundum
3151 1695 3323 1763 legem
3360 1691 3560 1758 Moysis

1969 1788 2209 1841 tulerunt
2231 1802 2352 1840 eum
2380 1788 2430 1842 in
2455 1785 2771 1842 Jerusalem.
2786 1799 2841 1842 ut
2861 1788 3128 1842 sisterent
3147 1801 3276 1840 eum
3297 1785 3550 1845 Domino.

287 1875 382 1928 τοῦ
409 1875 751 1946 καθαρισμοῦ
792 1877 972 1930 αὐτῶν
997 1920 1010 1943 ,
1051 1878 1196 1932 κατὰ
1223 1854 1332 1950 γὰρ
1367 1854 1532 1948 νόμον
1559 1854 1860 1944 Μωῦσέως,

1972 1879 2110 1934 sicut
2138 1879 2409 1949 scriptum.
2435 1890 2521 1933 est
2565 1880 2617 1933 in
2653 1879 3052 1948 lngeDomi'ni-
3075 1897 3093 1931 ι
3133 1876 3561 1932 Circumciditur

287 1969 569 2039 ἀνήγαγον
622 1969 785 2023 αὑτὸν
845 1973 926 2035 εἰς
965 1971 1327 2042 Ἰεροσόλυμα
1375 1971 1737 2043 παραστῆσαι
1785 1971 1863 2042 τῷ

292 2061 509 2132 Κυρίῳ,
539 2060 723 2126 καθὼς
749 2064 1062 2134 γέγραπται
1097 2065 1154 2117 ἐν
1183 2064 1333 2134 νόμῳ
1364 2064 1601 2134 Κυρίου.
1635 2082 1653 2114 ι
1693 2064 1863 2132 Περι·

286 2153 547 2223 τέμνεται
577 2153 723 2208 κατὰ
744 2154 835 2208 τὸν
867 2155 1058 2225 νόμον,
1103 2155 1370 2224 ἀνάγεται
1393 2155 1538 2210 κατὰ
1559 2156 1652 2208 τὸν
1674 2157 1861 2226 νόμον,

1971 1972 2280 2028 secundum.
2308 1973 2502 2041 legem,
2531 1973 2823 2026 adducitur
2855 1972 3166 2026 secundum.
3187 1972 3382 2039 legem,
3419 1968 3562 2022 sistit

1973 2064 2242 2118 tur'sicut
2277 2063 2541 2134 scriptum
2577 2073 2660 2118 est
2691 2064 2744 2118 in
2782 2063 2910 2131 lege
2932 2061 3167 2126 Domini,
3201 2059 3432 2114 oﬂertur
3472 2074 3560 2111 sao

1974 2156 2240 2212 oriﬁcium
2269 2157 2412 2211 sicut
2443 2156 2662 2211 dictum
2685 2165 2770 2211 est
2801 2157 2853 2210 in
2888 2155 3010 2224 lege
3033 2153 3268 2209 Domini.

286 2246 624 2318 παρίσταται
652 2245 792 2301 κατὰ
819 2246 880 2300 τὸ
903 2247 1294 2320 γεγραμμένον
1325 2249 1385 2302 ἐν
1414 2248 1566 2320 νόμῳ
1613 2246 1844 2319 Κυρίου,
1886 2249 2225 2317 προσάγεται
2256 2247 2418 2302 θυσία
2450 2248 2594 2303 κατὰ
2656 2247 2718 2301 τδ
2755 2246 3046 2318 εἰρημένον
3119 2247 3192 2299 ἐνς
3246 2247 3398 2316 νόμῳ
3445 2249 3561 2300 Ko-

295 2343 439 2414 ρίου.

372 2437 569 2508 Ὀρᾶτε
596 2434 676 2488 δτι
705 2431 797 2487 διὰ
833 2431 1052 2488 πάντων
1094 2433 1335 2504 ὑπήκοος
1364 2432 1443 2503 τῷ
1475 2433 1627 2502 νόμῳ
1657 2433 1868 2500 γίνεται

288 2529 320 2583 δ
366 2525 462 2580 τοῦ
492 2525 659 2594 νόμου
691 2521 924 2593 ποιητὴς
965 2522 1060 2574 καὶ
1089 2521 1384 2592 δεσπότης;
1418 2523 1483 2576 Τί
1536 2523 1624 2577 δια
1658 2529 1867 2577 τούτων

287 2615 780 2686 ἀπεργαζόμενοςξ,
807 2615 1052 2684 ὑπήκοον.
1097 2617 1156 2668 ἐν
1215 2617 1349 2669 πᾶσι
1413 2618 1493 2685 τῷ
1531 2618 1722 2686 Ἡατρὶ
1765 2616 1868 2684 τὴν

289 2709 564 2780 ἡμετέραν
615 2707 778 2775 φύσιν
813 2706 1160 2775 ποιούμενος,
1210 2709 1306 2759 καὶ
1356 2707 1456 2778 τὴν
1513 2707 1637 2760 κατ’
1692 2707 1864 2777 αὐτὴν

290 2805 445 2871 ἡμῶν
473 2800 758 2870 παρακοήν
787 2799 1106 2867 ἐξιώμενος,
1144 2800 1240 2852 καὶ
1271 2797 1373 2869 τὴν
1418 2798 1486 2851 δι’
1523 2799 1696 2869 αὐτὴν
1722 2799 1865 2869 ἀρὰν

291 2896 371 2958 εἰς
394 2893 640 2962 εὐλογίαν
666 2891 1094 2962 μετασκευάζων
1111 2905 1138 2950 ,ο
1169 2891 1243 2954 ὡς
1265 2891 1373 2960 γὰρ
1402 2892 1459 2944 ἐν
1481 2890 1659 2958 Ἀδὰμ
1673 2891 1864 2945 ἅπασα

290 2985 355 3056 ἦν
389 2988 414 3056 ἡ
443 2984 604 3053 φύσις
647 2983 830 3053 ἡμῶν,
857 2980 1000 3034 οὕτω
1031 2982 1128 3034 καὶ
1160 2983 1216 3034 ἐν
1241 2982 1464 3053 Χριστῷ
1491 2998 1504 3012 ·
1541 2982 1638 3034 καὶ
1683 2981 1865 3044 ὡςδιὰ

290 3079 384 3132 τοῦ
414 3082 478 3130 ἐκ
506 3078 608 3145 γῆς
639 3077 808 3144 Ἀδὰμ
840 3076 1040 3137 πάντες
1071 3077 1120 3126 ol
1149 3074 1209 3138 ἐξ
1241 3074 1449 3126 ἐκείνου
1479 3075 1540 3126 τὸ
1589 3071 1730 3126 εἶναι
1771 3073 1864 3128 λα.-

293 3171 479 3233 6ὁντες
509 3169 588 3230 είς
615 3168 720 3236 γῆν
771 3167 1228 3234 ἀπεστράφημεν,
1303 3165 1399 3218 καὶ
1450 3167 1529 3228 εἰς
1560 3164 1691 3236 ᾅδου
1716 3163 1817 3234 φεῦ
1850 3165 1863 3217 i

2045 2429 2328 2486 Videtisne
2374 2428 2630 2498 quoniam
2681 2441 2777 2497 per
2832 2425 3026 2479 omnia
3052 2425 3154 2494 legi
3195 2424 3258 2478 iit.
3301 2424 3562 2478 obediens

1971 2516 2105 2586 legis
2151 2516 2329 2572 factor
2375 2525 2431 2571 et
2477 2515 2784 2570 Dominus?
2817 2513 2956 2580 Quid
3007 2529 3103 2582 per
3140 2516 3257 2569 hate
3301 2528 3562 2582 operatus

1971 2613 2092 2666 est?
2131 2609 2368 2663 Docilem
2421 2610 2475 2662 in
2519 2609 2772 2662 omnibus
2805 2607 2960 2660 Patri.
2985 2591 3426 2662 nostraunrﬂicit
3461 2624 3562 2660 na-

1974 2715 2183 2770 turam,
2225 2713 2466 2757 nostram
2510 2716 2760 2770 pereant
2800 2709 2958 2756 sanat
3006 2700 3430 2755 iuobcdientiam
3459 2742 3474 2764 ,
3506 2711 3563 2752 et

1971 2793 2403 2850 maledictionetn
2441 2797 2668 2860 pmpter
2697 2804 2829 2843 eam
2851 2788 3115 2859 prolatam
3145 2788 3198 2841 in
3238 2788 3568 2842 benedictio-

1973 2902 2096 2942 nem
2133 2884 2440 2947 convertit;
2473 2897 2596 2936 nam
2629 2882 2775 2937 sicut
2807 2882 2871 2935 iui
2895 2881 3064 2936 Adam
3094 2889 3202 2936 tota
3226 2888 3346 2934 erat
3368 2887 3566 2935 natura

1973 2976 2277 3041 nostra,ita
2311 2983 2366 3029 et
2395 2974 2448 3027 in
2476 2973 2734 3037 Christo;
2764 2979 2818 3027 et
2847 2972 2990 3024 sicut
3033 2986 3130 3040 per
3157 2969 3355 3034 Adam,
3391 2981 3562 3024 torreo

1974 3081 2362 3126 Stretnomncs
2391 3066 2482 3135 qui
2519 3068 2586 3120 ab
2617 3079 2681 3120 eo
2715 3065 2880 3119 vitam
2911 3063 3318 3140 accepimusfjn
3357 3071 3562 3115 terram

1975 3159 2226 3215 conversi
2255 3172 2444 3215 sumus
2464 3167 2518 3212 et
2546 3157 2598 3211 iu
2630 3155 2902 3212 infernum
2937 3157 3039 3211 heu
3065 3157 3078 3208 ι
3102 3153 3331 3219 dimissi,
3358 3153 3432 3206 ita
3465 3166 3564 3220 per

294 3263 729 3332 κατηνέχθημεν,
760 3259 902 3314 οὕτω
927 3261 1130 3314 διὰτοῦ
1160 3260 1217 3326 ἐξ
1239 3257 1470 3329 οὐρανοῦ
1501 3258 1694 3327 Ἀδὰμ,
1721 3257 1866 3310 κατὰ

1972 3253 2139 3307 Adam
2182 3252 2480 3315 ccelestetn,
2515 3259 2678 3318 prout
2705 3249 2844 3303 dixit
2875 3245 3261 3316 Apostolus“,
3287 3259 3477 3298 omnes
3507 3243 3564 3295 in

292 3357 387 3410 τὸν
415 3354 756 3416 ’Δπόστολον,
789 3353 985 3415 πάντες
1041 3354 1122 3415 εἰς
1179 3353 1410 3423 οὐρανὸν
1450 3351 1860 3422 ἀνεκλήθημεν,

295 3450 386 3501 καὶ
415 3447 510 3518 τῆς
547 3447 663 3500 ἐκεῖ
681 3445 841 3514 δόξης
878 3447 971 3498 καὶ
999 3444 1226 3515 χάριτος
1261 3443 1588 3515 ἠξιώθημεν
1616 3462 1630 3476 ·
1668 3461 1865 3514 μυστι-

294 3536 407 3598 κῶς
443 3536 624 3606 μέντοι
677 3535 804 3588 νῦν·
845 3555 862 3586 ι
902 3535 1229 3606 Κέκρυπται
1252 3536 1384 3605 γὰρ,
1421 3538 1621 3606 φησὶν,
1653 3538 1685 3605 ἡ
1752 3535 1867 3604 ζωὴ

293 3628 449 3698 ήμῶν
473 3629 567 3680 σὺν
595 3627 670 3697 τῷ
695 3627 916 3698 Χριστῷ
947 3629 1005 3679 ἐν
1028 3627 1106 3697 τῷ
1134 3627 1288 3696 Θεῷ..
1308 3629 1476 3681 Ὅταν
1499 3628 1554 3681 δὲ
1581 3631 1608 3681 ὁ
1631 3628 1868 3698 Χριστῆς

295 3720 582 3792 φανερωθῇ
613 3721 752 3772 κατὰ
775 3721 878 3790 τὴν
912 3719 1175 3788 δευτέραν
1208 3719 1375 3773 αὑτοῦ
1409 3719 1741 3786 ἐπιφάνειαν
1771 3718 1865 3770 καὶ

293 3813 618 3880 παρουσίαν,
653 3811 773 3863 τότε
822 3812 918 3864 καὶ
971 3811 1132 3880 ὑμεῖς
1168 3811 1378 3874 πάντες
1407 3829 1537 3879 (pave
1551 3807 1866 3879 ρωθίισεσθε

298 3908 355 3958 ἐν
383 3904 532 3975 δόξῃ.
566 3922 584 3954 ι
627 3903 834 3966 Πάντες
861 3903 1004 3966 τινες
1030 3920 1044 3968 ;
1083 3904 1131 3954 οἱ
1155 3902 1232 3972 τῷ
1261 3903 1483 3973 Χριστῷ
1519 3899 1866 3969 υἰοποιηθέν-

295 4013 384 4058 τες
424 3997 480 4048 ἐν
521 3995 814 4065 πνεύματι,
853 3994 948 4048 καὶ
976 3995 1332 4064 πνευματικὰ
1367 3997 1560 4048 τούτου
1590 3998 1757 4047 τέκνα
1781 3992 1868 4047 διὰ

295 4089 404 4140 τῶν
470 4087 642 4157 ἔργων
699 4086 1169 4156 ἀποδεικνύμενοι.
1207 4087 1335 4138 Ὅτε
1395 4086 1755 4156 ἐπλήσθησαν
1811 4089 1868 4140 αἱ

297 4181 498 4250 ἡμέραι
529 4178 620 4232 τοῦ
647 4178 994 4249 καθαρισμοῦ
1024 4179 1232 4243 αὐτῶν,
1277 4180 1558 4250 ἀνήγαγον
1581 4179 1746 4233 αὐτὸν
1767 4197 1870 4232 πχ-

299 4272 566 4343 ραστῆσαι
596 4270 674 4339 τῷ
715 4269 928 4339 Κυρίῳ.
979 4271 1154 4322 Τίνων
1207 4271 1432 4338 αὐτῶν;
1487 4273 1614 4342 περὶ
1646 4272 1756 4324 τῶν
1786 4289 1871 4324 τε-

295 4367 526 4427 κόντων,
563 4364 678 4433 ἅμα
702 4364 759 4417 δὲ
783 4365 880 4416 καὶ
905 4364 1010 4417 τῶν
1040 4367 1106 4418 ἐκ
1146 4365 1493 4436 συνδυασμοῦ
1522 4367 1868 4436 τικτομένων

295 4460 324 4510 ὁ
356 4456 452 4509 τοῦ
483 4456 650 4526 νόμου
681 4455 860 4524 λόγος,
891 4455 967 4519 ὡς
1018 4456 1292 4525 δεομένων
1338 4457 1668 4529 καθάρσεως
1695 4472 1710 4488 ⁸
1743 4453 1891 4512 ἐπεὶ.⁴

291 4549 390 4599 καὶ
444 4548 471 4598 ὁ
522 4547 835 4617 Ψαλμῳδός,
876 4563 1080 4616 φησιν·
1134 4565 1152 4598 ι
1196 4548 1286 4599 Ἑν
1341 4550 1594 4618 ἁνομίαις
1647 4548 1872 4617 συνελή-

297 4641 462 4708 φθην,
490 4640 582 4692 καὶ
607 4642 664 4692 ὲν
695 4638 995 4709 ἁμαρτίαις
1023 4639 1284 4705 ἐκίσσησέ
1319 4657 1388 4710 με
1413 4642 1446 4711 ἡ
1477 4642 1663 4712 μήτηρ
1691 4658 1792 4709 μου
1815 4655 1860 4693 ο»

294 4737 430 4785 ὅπου
454 4731 508 4784 δὲ
529 4731 589 4784 οὐ
628 4732 901 4794 τεκόντες,
953 4713 1105 4783 ἀλλᾶ
1142 4731 1380 4784 τεκοῦσα
1449 4727 1518 4803 ἦν
1574 4732 1738 4802 μόνη,
1772 4732 1868 4784 καὶ

296 4824 436 4891 αῦτη
496 4823 782 4892 παρθένος,
836 4825 930 4874 καὶ
965 4821 1156 4884 παιδὸς
1203 4823 1363 4886 τόκος
1418 4823 1678 4893 ἀσπόρως
1739 4823 1866 4875 συλο

295 4915 618 4986 ληφθέντος,
659 4915 878 4976 πάντως
905 4914 1005 4967 οὐκ
1031 4909 1101 4984 ἦν
1132 4915 1292 4984 χρεία
1328 4915 1708 4987 καθαρισμοῦ,
1752 4915 1870 4969 ἀλλ’

299 5005 544 5073 ὑπακοῆς
572 4999 638 5074 ἦν
664 5003 825 5073 ἔργον
883 5003 979 5056 καὶ
1027 5003 1210 5068 τοῦτο,
1265 5005 1728 5076 ἐπαναγαγούσης
1763 5006 1864 5076 τὴν

298 5095 728 5167 παρακούσασαν
777 5098 962 5164 φύσιν,
1013 5098 1106 5150 καὶ
1151 5098 1252 5166 τῆς
1299 5097 1388 5151 διὰ
1421 5099 1521 5163 τὴν
1580 5099 1869 5170 παρακοὴν

297 5187 617 5255 ἁπαγούσης
641 5185 890 5257 εὐθύνης.
931 5187 1058 5238 Ὀτε
1091 5185 1186 5240 οῦν
1239 5187 1599 5258 ἐπλήσθησαν
1648 5187 1706 5240 αἱ
1733 5188 1871 5256 ήμέο

299 5296 391 5346 ραι
439 5276 531 5329 τοῦ
548 5273 890 5345 καθαρισμοῦ
923 5274 1129 5342 αὐτῶν,
1167 5277 1447 5345 ἀνήγαγον
1478 5276 1642 5328 αὐτὸν
1685 5291 1867 5343 παρα-

299 5371 496 5440 στῆσαι
527 5369 604 5438 τῴ
636 5369 849 5439 Κυρίῳ,
881 5367 1179 5434 ἀναθεῖναι,
1207 5369 1442 5438 φανερὸν
1470 5367 1697 5438 ποιῆσαι
1722 5384 1871 5434 πρω-

295 5463 516 5515 τότοκον
540 5460 692 5526 ὅντα,
751 5458 895 5512 καθὰ
934 5463 1246 5531 γέγραπται
1304 5463 1364 5514 ἐν
1409 5461 1560 5532 νόμῳ
1618 5458 1868 5529 Κυρίουο

303 5575 321 5606 ι
365 5556 487 5608 Ὀτι
511 5557 620 5608 πᾶν
644 5554 816 5623 ἄρσεν
837 5552 1104 5622 διανοῖγον
1133 5557 1350 5626 μήτραν
1380 5553 1540 5624 ἅγιον
1574 5553 1653 5622 τῷ
1678 5554 1869 5623 Κυρίῳ

301 5650 651 5723 κληθήσεται.
692 5667 712 5700 ι

363 5839 606 5898 “lCor.
638 5853 732 5900 xv,
761 5837 853 5895 48.
879 5835 970 5893 49.
1035 5840 1094 5927 fi
1121 5839 1336 5898 Coloss.
1375 5855 1458 5906 tu,
1503 5840 1558 5895 5.
1638 5841 1682 5874 ⁸⁸
1717 5840 1952 5915 Ρδοικι,
1987 5843 2038 5894 7.

1970 3343 2164 3396 cmlum
2215 3340 2450 3396 revocati
2503 3354 2716 3401 sumus,
2760 3353 2974 3393 necnon
3007 3335 3244 3392 cmiestis
3275 3335 3470 3405 gloriae
3495 3345 3552 3389 et

1971 3434 2156 3502 gratia:
2173 3433 2413 3502 dignati;
2442 3431 2671 3503 mystice
2695 3423 2874 3484 tamen
2913 3445 3060 3483 nunc
3085 3446 3098 3482 :
3125 3447 3144 3480 ‹
3179 3428 3310 3483 Nam
3332 3429 3565 3482 abscoii-

1973 3530 2082 3582 dita
2119 3535 2224 3591 est,
2277 3526 2471 3596 inquit,
2492 3526 2599 3579 vita
2627 3533 2810 3578 nostra
2835 3540 2956 3579 cum
2984 3520 3284 3578 Chrisloin
3305 3519 3434 3576 Deo.
3457 3521 3562 3575 Sed

1970 3637 2092 3676 cunt
2122 3619 2376 3673 Christus
2402 3616 2718 3684 apparuerit
2751 3617 2802 3668 in
2838 3615 3078 3670 secunda
3120 3615 3201 3668 sui
3243 3607 3562 3668 manifestu-

1973 3712 2118 3764 tione
2147 3709 2497 3776 seetmdoque
2536 3709 2794 3769 adventu,
2818 3715 2948 3758 tunc
2977 3715 3030 3758 et
3060 3721 3151 3758 vos
3176 3721 3366 3758 omnes
3397 3721 3481 3772 ap;
3504 3720 3565 3758 a-

1977 3784 2162 3855 rebitis
2186 3815 2307 3852 cum
2351 3799 2471 3866 ipso
2515 3797 2569 3849 in
2600 3797 2770 3864 gloria
2810 3796 2878 3850 ⁸⁷.
2911 3812 2930 3847 ι
2962 3793 3192 3862 Quinam
3221 3793 3448 3849 omnes?
3471 3797 3562 3863 qui

1972 3895 2188 3948 Christo
2220 3891 2312 3944 lilii
2350 3891 2403 3943 in
2443 3889 2650 3957 Spiritu
2699 3886 2825 3942 facti
2872 3888 3110 3950 fuerint,
3149 3897 3205 3944 et
3243 3889 3559 3957 Spiritttales

1972 3984 2090 4053 ejus
2124 3982 2278 4035 liberi
2313 3996 2408 4051 per
2440 3993 2606 4049 Opera
2640 3977 2748 4032 sint
2795 3975 3152 4032 manifcslati.
3191 3975 3422 4042 Quando
3453 3981 3563 4032 itn-

1974 4073 2103 4144 pleti
2139 4073 2361 4126 luerunt
2403 4071 2517 4125 dics
2549 4061 2888 4139 purgationis
2912 4083 3127 4136 eorum,
3159 4069 3399 4124 tulerunt
3441 4086 3564 4127 eum

1974 4177 2030 4220 ut
2063 4167 2320 4220 sisterent
2353 4162 2602 4218 Domino.
2649 4161 3025 4228 Quorumnam
3056 4161 3286 4216 eorum?
3313 4163 3378 4218 de
3405 4181 3566 4234 puer-

1973 4258 2117 4329 peris
2153 4255 2425 4325 simulque
2461 4254 2528 4309 de
2561 4254 2760 4324 genitis
2827 4267 2890 4307 ex
2944 4254 3091 4308 coitu
3129 4252 3212 4308 lex
3257 4269 3567 4312 sermonem

1984 4346 2147 4400 habet
2179 4353 2237 4399 ut
2272 4343 2598 4414 purgatione
2639 4343 3009 4412 indigentibus
3045 4360 3060 4405 ;
3089 4342 3208 4398 ideo
3237 4344 3307 4397 ait
3337 4344 3572 4402 Psalmi-

1972 4447 2054 4494 sta
2089 4455 2102 4491 :
2145 4454 2163 4488 ι
2201 4436 2260 4490 In
2295 4435 2673 4505 iniquitatibus
2703 4445 3000 4504 conceptus
3029 4448 3174 4501 sum,
3205 4447 3261 4490 et
3289 4437 3341 4489 in
3372 4451 3570 4506 pecca~

1976 4532 2046 4587 tis
2080 4528 2329 4598 concepit
2363 4544 2449 4582 me
2474 4537 2650 4582 mater
2682 4542 2800 4581 mea
2824 4526 2924 4581 ⁸⁸.»
2949 4525 3050 4582 ilic
3073 4543 3201 4583 vero
3227 4545 3566 4599 nequaquam

1978 4631 2323 4694 gettcrantes,
2371 4621 2466 4675 sed
2512 4629 2687 4674 mater
2731 4629 2850 4674 erat
2893 4621 3032 4685 sola,
3061 4630 3118 4676 et
3152 4621 3265 4690 ipsa
3308 4623 3480 4692 virgo,
3516 4633 3572 4678 et

1979 4716 2133 4786 pueri
2169 4723 2352 4781 partus
2380 4713 2502 4766 sine
2529 4712 2739 4767 semine
2764 4713 3010 4782 concepti
3035 4731 3051 4781 ;
3082 4713 3232 4769 nullo
3258 4717 3413 4768 modo
3435 4731 3569 4783 Opus

1979 4815 2097 4863 erat
2130 4806 2480 4877 purgatione,
2511 4805 2604 4858 sed
2658 4804 2760 4860 hoc
2806 4820 3021 4876 quoque
3073 4802 3212 4876 Opus
3255 4817 3374 4862 erat
3435 4810 3570 4861 obe-

1981 4901 2198 4955 dietztiae
2225 4914 2330 4967 qua
2369 4896 2585 4951 rebellis
2623 4909 2908 4965 reparatur
2940 4907 3131 4950 natura
3159 4937 3172 4959 ,
3221 4913 3327 4967 qua
3380 4901 3568 4952 inol'ci-

1979 4991 2199 5046 dientiae
2237 4997 2418 5043 reatus
2458 4988 2712 5043 solvitur.
2768 4989 2999 5054 Quando
3031 5003 3160 5057 ergo
3186 4988 3392 5058 im’plcti
3443 5001 3569 5044 sunt

1980 5086 2096 5138 dies
2141 5082 2477 5153 purgationis
2507 5096 2721 5148 eorum,
2760 5083 2999 5135 tulerunt
3025 5097 3148 5136 eum
3201 5092 3259 5135 ut
3309 5083 3568 5138 sisterent

1985 5176 2237 5241 Domino,
2271 5186 2326 5229 et
2350 5172 2626 5238 olferreut,
2658 5181 2713 5226 et
2741 5175 3090 5227 ostenderent
3122 5189 3246 5228 cum
3293 5187 3414 5228 esse
3456 5176 3565 5243 pri-

1985 5269 2337 5337 mogeuitum,
2415 5269 2553 5321 sicut
2595 5269 2852 5336 scriptum
2901 5276 2985 5321 est
3039 5268 3089 5320 in
3137 5267 3252 5334 lege
3303 5266 3564 5320 Domini:

1988 5379 2006 5412 ι
2045 5358 2216 5414 Omne
2249 5359 2612 5413 masculinum
2646 5359 2789 5426 quod
2837 5358 3015 5428 aperit
3049 5357 3287 5423 vulvam,
3314 5363 3564 5410 sanctum

1987 5454 2214 5509 Domino
2248 5455 2523 5508 vocabitur
2552 5453 2618 5506 3’.
2649 5469 2667 5501 ι

2120 5841 2165 5874 ‘9
2199 5841 2367 5896 Exod.
2403 5855 2522 5904 xm.
2559 5839 2614 5894 9..
