4090 6440
573 383 643 444 θ’]
1556 389 1566 398 ·
1810 372 1814 376 ’
1849 401 2229 464 ΟΒΕϐΟΒΙί
2264 406 2585 474 ΡΑιΑΜιε
2963 425 2965 428 ‘
3388 466 3393 471 .
3752 437 3824 500 οδ

648 495 712 548 Et
729 509 857 550 vere
891 496 996 552 iste
1033 498 1182 555 solus
1209 512 1293 558 est
1324 504 1415 573 qui
1448 506 1663 562 vulvam
1690 514 1910 580 quando
1948 530 2104 569 conca

650 587 803 620 mtuh
828 592 1102 620 manna...“
1146 595 1263 620 -:....
1288 599 1426 620 --μη
1461 616 1548 620 μμ
1636 619 1639 620 ,
1664 612 1673 620 .
1728 617 1736 620 _
1917 611 1928 620 .
2080 612 2090 620 .

2208 550 2219 576 ι
2317 521 2426 573 Καὶ
2454 525 2559 592 μὴν
2588 518 2741 589 οὗτος
2772 528 2934 598 μόνος
2965 532 3111 586 ἐστὶν
3143 531 3171 586 6
3197 539 3411 608 μήτραν
3436 540 3492 593 ἐν
3523 542 3597 614 τῷ
3625 548 3828 620 συλλη“

571 594 696 655 ptns
708 587 805 643 fuit
827 592 1127 660 adaperuit,
1146 595 1265 650 sine
1285 599 1427 653 coitu
1455 612 1746 667 generatus
1765 620 1828 660 ex
1850 611 1965 663 solo
1983 612 2145 664 verho

572 687 626 730 et
656 678 812 747 signo
849 680 937 733 Dei
972 684 1116 747 quod
1165 685 1221 737 in
1278 700 1410 743 aure
1439 687 1606 759 Virgo
1634 709 1730 761 per
1760 697 2008 766 angelum
2048 713 2137 753 ac-

570 771 734 837 cepit.
772 768 1052 835 Quomodo
1086 774 1251 844 igitur
1281 777 1363 831 lex
1402 796 1417 832 :
1451 781 1642 848 Omne,
1695 785 1890 854 inquit,
1930 803 2145 843 mascuu

569 858 738 911 linum
796 860 1051 928 aperiens
1110 866 1379 921 vulvam?
1437 868 1902 935 Quemadmodum
1983 879 2141 933 multi

568 946 824 1003 dicuntur
909 952 1211 1022 propheta),
1273 958 1572 1029 Christique
1631 965 1808 1031 multi,
1863 967 2004 1023 sicut
2045 984 2143 1038 per

568 1037 908 1095 Psalmistam
946 1044 1076 1095 dicit
1129 1045 1313 1101 Deus:
1355 1065 1374 1099 ι
1427 1051 1605 1106 Nolite
1651 1065 1871 1123 tangere
1909 1059 2140 1115 christos

565 1142 736 1194 nzens,
792 1142 841 1185 et
877 1133 929 1185 in
971 1136 1250 1203 prophetis
1303 1140 1436 1194 meis
1488 1142 1655 1197 nolite
1701 1147 1985 1217 malignari
2015 1149 2081 1216 ⁷⁶;
2115 1168 2133 1202 ι

565 1234 703 1274 unus
731 1229 910 1275 autem
940 1235 1027 1277 est
1056 1225 1328 1291 Christus,
1373 1246 1621 1301 unusque
1659 1237 1807 1292 solus
1852 1238 1954 1292 iste
2003 1240 2135 1295 Pro-

562 1309 758 1375 pheta,
829 1311 900 1365 ita
952 1329 1114 1369 omne
1171 1319 1595 1389 primogenitum
1653 1327 1856 1381 dicitur
1915 1330 2135 1399 quidem

563 1401 772 1454 vulvam
804 1406 1037 1471 aperire,
1073 1422 1202 1464 vere
1240 1420 1417 1466 autem
1452 1416 1703 1483 aperiens
1733 1420 1835 1474 iste
1874 1422 2030 1477 solus
2055 1435 2137 1478 est

558 1503 782 1546 szmctus
812 1494 999 1550 lsrael.
1042 1498 1305 1555 Tulerunt
1332 1518 1491 1575 ergo,
1525 1505 1723 1575 inquit,
1748 1518 1802 1563 et
1834 1527 1853 1560 ι
1894 1520 1951 1565 ut
1978 1511 2138 1568 offer-

557 1590 680 1630 rent
716 1582 979 1646 hostiam,
1022 1586 1163 1639 sicut
1196 1589 1396 1644 dictum
1423 1603 1507 1647 est
1537 1594 1587 1648 in
1620 1596 1739 1666 lege
1766 1599 2004 1664 Domini,
2035 1618 2134 1672 par

558 1679 829 1726 turturum
860 1683 955 1728 aut
983 1678 1119 1732 duos
1150 1680 1325 1746 pullos
1371 1684 1770 1746 columbarum.
1808 1709 1827 1743 ι
1866 1690 1975 1748 Par
2009 1697 2133 1765 qui-

553 1758 676 1814 dem
707 1768 1012 1831 turturum,
1068 1767 1195 1821 dum
1218 1778 1512 1837 parentum
1552 1779 1857 1835 castitatem
1894 1758 2127 1842 manife-

488 1880 497 1889 -
548 1850 755 1916 stabat,
788 1856 1077 1920 quamdam
1127 1858 1361 1916 habebat
1390 1865 1655 1920 rationem
1685 1870 1754 1924 ad
1801 1879 2127 1944 eonjunctos

549 1941 653 1994 sub
682 1942 802 2013 lege
837 1947 1196 2015 matrimonii,
1246 1952 1356 2007 duo
1384 1968 1514 2011 vero
1544 1960 1673 2028 pulli
1722 1941 2122 2035 columbarum,

547 2046 671 2085 cum
714 2037 1120 2093 matrimonium
1148 2042 1420 2109 nesciant,
1459 2058 1606 2103 recte
1633 2052 1966 2121 patefaciunt
1999 2057 2125 2115 Vir-

544 2126 752 2193 ginem,
792 2139 846 2181 ct
880 2129 1040 2197 hujus
1070 2130 1310 2205 Virginis
1359 2149 1571 2208 partum
1603 2154 1656 2198 et
1691 2144 1966 2218 Virginem
1997 2168 2121 2220 per-

543 2226 708 2284 petuo
738 2230 1066 2277 manentem.
1101 2224 1169 2277 Et
1202 2227 1323 2281 vide
1377 2244 1539 2299 quam
1575 2244 1697 2304 apta
1719 2240 1811 2292 .sit
1840 2240 1961 2309 lex;
2001 2260 2121 2298 nam

542 2308 611 2361 de
647 2312 955 2366 turtniibus
982 2328 1079 2382 par
1121 2318 1337 2385 quidem
1371 2321 1545 2391 dixit,
1606 2339 1876 2397 quatenus
1926 2330 2120 2392 matri-

542 2401 728 2454 monio
767 2402 1094 2472 coniunctos
1126 2410 1584 2482 signiﬁcantibus,
1638 2422 1705 2474 de
1750 2425 1910 2493 pullis
1935 2437 2117 2484 autem

540 2492 610 2546 ab
644 2493 751 2548 isto
779 2495 1330 2558 abstinuitvocabulo
1358 2520 1375 2572 ;
1399 2507 1588 2578 jugum
1620 2492 1765 2568 enim
1808 2520 2121 2577 nesciebant

535 2593 590 2637 et
619 2594 792 2640 mater
823 2598 879 2641 et
909 2587 1073 2645 ﬁlius.
1120 2590 1315 2649 Verum
1349 2598 1433 2652 lex
1468 2604 1684 2671 quidem
1718 2622 1747 2660 a
1782 2607 1940 2678 longe
1979 2628 2116 2682 prae-

536 2675 793 2729 nuntians
846 2690 1060 2747 partum
1110 2685 1434 2754 virginalem
1472 2692 1547 2748 ita
1590 2697 2011 2769 vaticinabatur,
2060 2717 2114 2761 et

534 2764 609 2817 ita
645 2765 792 2819 illum
819 2771 968 2837 prius
1001 2774 1388 2847 describebat;
1442 2782 1549 2839 isto
1582 2796 1761 2842 autem
1792 2764 2115 2853 mirabiliter

532 2857 716 2926 genito
747 2870 799 2914 et
833 2863 993 2919 hodie
1058 2867 1113 2920 in
1152 2871 1407 2939 templum
1470 2890 1768 2950 asportato,
1804 2885 1937 2941 alios
1994 2897 2106 2942 tur-

535 2960 683 3003 tures
713 2952 961 3022 aliosque
996 2957 1369 3017 columbarum
1408 2966 1584 3033 pullos
1633 2975 1807 3040 magis
1841 2992 2109 3049 congruos

530 3041 745 3106 paravit
801 3042 1038 3110 Spiritus
1070 3063 1317 3108 sanctus.
1352 3055 1626 3118 Quosnam
1671 3062 1851 3120 istos?
1887 3041 2104 3127 Simeon

458 3148 463 3152 ·
528 3140 583 3183 et
605 3132 836 3201 Annam,
859 3152 994 3204 quos
1020 3142 1132 3197 sive
1153 3144 1328 3212 pullos
1344 3151 1713 3210 columbarum
1738 3160 1859 3227 quis
1881 3163 2105 3231 diceret,
2134 3198 2176 3256 ς

527 3222 651 3256 ηιιίιι
687 3223 737 3256 δη
777 3230 926 3256 ’.π-..ηε
969 3232 1167 3256 ,ιηηιιμ
1202 3237 1232 3256 ε,
1261 3238 1326 3256 ηομ
1357 3248 1370 3256 .
1418 3255 1423 3256 ,
1513 3245 1525 3256 .
1623 3253 1631 3256 _

2248 611 2449 681 φθῆναι
2474 615 2580 685 27
2609 617 2900 687 6ta‘.oiEa;,
2934 624 3311 692 ἀσυιδυάαεως
3341 611 3699 706 κυοφορηθεὶς
3733 611 3827 695 aia

2247 702 2416 765 μόνου
2451 710 2848 778 προσρήματος
2879 714 2975 766 καὶ
3017 717 3337 786 μηνύματος
3366 702 3527 783 Θεοῦ,
3571 702 3706 796 ἔπερ
3731 730 3818 793 είς

2245 791 2419 860 ὀκοὴν
2460 795 2493 863 ἡ
2537 796 2812 866 παρθένος
2859 801 2928 854 δι’
2954 805 3189 872 ἀγγέλου
3222 808 3460 875 ἐδέξατο.
3514 814 3638 878 Πῶς
3662 791 3823 874 «Lm

2242 881 2427 951 νόμος,
2465 887 2580 940 Πᾶν
2625 891 2813 959 ἄρσεν,
2870 897 3026 964 φησὶ,
3068 897 3337 968 διανοῖγον
3376 904 3626 973 μήτρως
3681 909 3818 963 Ὠσ-

2244 991 2348 1042 περ
2376 977 2563 1030 πολλοὶ
2590 979 2839 1049 λέγονται
2874 989 3154 1057 προφῆται
3189 993 3284 1045 καὶ
3336 996 3521 1049 πολλοὶ
3578 1004 3814 1068 χριστοὶ,

2236 1064 2312 1130 ὡς
2343 1067 2429 1122 διὸ.
2458 1071 2552 1124 τσῦ
2585 1073 2894 1147 Ψαλμψδοῡ
2918 1081 3067 1147 λέγει
3096 1083 3125 1135 6
3157 1083 3290 1148 Θεός
3316 1101 3330 1116 ο
3399 1108 3417 1139 ‹
3448 1089 3539 1161 Μὴ
3575 1064 3818 1147 ἀνι-,εσθε

2236 1158 2346 1211 τῶν
2397 1165 2636 1232 χριστῶν
2670 1185 2794 1237 μου,
2834 1173 2925 1223 καὶ
2951 1174 3007 1225 ἐν
3056 1178 3168 1238 τοῖς
3219 1158 3538 1250 προφήταις
3572 1201 3676 1252 μου
3737 1185 3816 1255 μὴ

2238 1252 2606 1321 πονηρεύεσθε
2634 1272 2648 1287 ·
2684 1277 2703 1309 r
2742 1254 2821 1319 εἷς
2847 1260 2902 1313 δέ
2930 1265 3078 1316 ἐστιν
3109 1268 3136 1319 6
3189 1268 3449 1338 Χριστὸς,
3515 1275 3611 1325 καὶ
3645 1252 3750 1338 εἷς-

2238 1341 2399 1407 μόνος
2429 1342 2721 1417 Προφήτης
2752 1344 2930 1416 οὗτος,
2982 1353 3127 1408 οὕτω
3160 1357 3254 1409 καὶ
3302 1360 3410 1412 πᾶν
3462 1361 3563 1430 μὲν
3596 1363 3816 1433 πρωτό-

2218 1448 2394 1506 ⁸τοκον
2442 1435 2662 1505 λέγεται
2738 1441 3033 1513 διανοίγειν
3087 1449 3323 1521 μήτραν,
3393 1453 3421 1504 6
3471 1451 3526 1506 δὲ
3589 1456 3812 1522 ἀληθῶς

2231 1526 2504 1594 διανοίξας
2546 1526 2701 1598 οὗτός
2723 1538 2872 1592 ἐστιν
2924 1538 2950 1591 6
2998 1544 3160 1611 μόνος
3193 1542 3351 1611 ἀγιος
3403 1544 3497 1598 τοῦ
3562 1548 3809 1617 Ἰσραήλ.

2244 1618 2547 1691 Ἀνήγαγον
2574 1624 2653 1692 δὲ,
2686 1632 2841 1700 φησὶ,
2869 1633 2983 1693 καὶ,
3022 1652 3040 1684 ι
3065 1632 3171 1685 Τοῦ
3207 1635 3391 1688 δοῦναι
3425 1634 3618 1690 θυσίαν
3664 1640 3813 1691 κατά

2229 1713 2291 1765 τδ
2331 1716 2626 1784 είρημένον
2661 1719 2719 1770 ἐν
2781 1721 2929 1792 νόμῳ
2978 1724 3207 1793 Κυρίου,
3262 1724 3455 1795 ζεῦγος
3504 1729 3810 1799 τρυγόνων,

2232 1804 2264 1875 ἢ
2301 1803 2395 1858 δύο
2422 1810 2685 1873 νεοσσοὺς
2707 1815 3071 1882 περιστερῶν.
3118 1834 3138 1867 ι
3176 1816 3247 1870 T6
3272 1817 3371 1888 μὲν
3401 1812 3498 1872 οὖν
3543 1820 3649 1873 τῶν
3675 1837 3813 1890 τρυ-

2229 1894 2405 1962 γόνων
2458 1896 2675 1966 ζεῦγος,
2734 1903 3076 1970 ὑπεμφαῖνον
3099 1902 3209 1956 τῶν
3257 1906 3531 1959 τεκόντων
3585 1908 3647 1959 τδ
3702 1910 3815 1961 σῶ-

2228 2003 2386 2057 φρον,
2418 1986 2533 2059 εἶχέ
2558 2008 2680 2043 τινα
2715 1991 2872 2059 λόγον
2910 1994 3198 2065 πρδξτοὺς
3225 1999 3376 2067 νόμῳ
3436 1999 3619 2069 γάμου
3670 2018 3807 2053 συν-

2224 2077 2612 2150 εζευγμένους,
2662 2085 2711 2135 οί
2760 2084 2817 2138 δὲ
2873 2086 2967 2138 δύο
3022 2091 3235 2141 νεοσσοὶ
3282 2091 3389 2143 τῶν
3457 2094 3804 2162 περιστερῶν

2223 2166 2593 2241 ἀπειρόγαμοι
2624 2172 2777 2237 ὄντες
2810 2176 2995 2243 σαφῶς
3053 2180 3385 2248 προεῖήὶουν
3442 2182 3541 2249 τὴν
3584 2182 3805 2252 Παρθέ-

2227 2274 2339 2323 νον,
2379 2266 2477 2316 καὶ
2522 2263 2612 2316 τὸν
2662 2265 2727 2317 ἐκ
2752 2265 2849 2335 τῆς
2906 2266 3188 2337 Παρθένου
3240 2272 3445 2341 ταύτης
3504 2272 3799 2343 τεχθέντα,

2221 2360 2315 2410 καὶ
2353 2357 2632 2427 Παρθένον
2687 2360 2769 2422 εἰς
2811 2359 2962 2438 τέλος
2980 2360 3133 2414 ὄντα.
3172 2362 3282 2415 Καὶ
3327 2365 3432 2434 ὅρα
3476 2363 3577 2417 τοῦ
3627 2367 3801 2438 νόμου

2219 2448 2282 2501 τὸ
2310 2449 2537 2533 ἀκριϐές
2565 2464 2579 2478 ’
2612 2449 2706 2502 ἐπὶ
2740 2449 2836 2518 μὲν
2869 2434 2978 2521 γὰρ
3026 2451 3135 2506 τῶν
3168 2455 3447 2523 τρυγόνων
3487 2434 3800 2525 ζεῦγοςνεί-

2220 2556 2343 2605 πεν,
2376 2540 2452 2603 ὡς
2480 2541 2872 2611 αἰνιττομένων
2923 2545 3046 2607 τοὺς
3081 2545 3247 2615 γάμῳ
3301 2545 3797 2619 συνεζευγμένους,

2220 2633 2315 2685 ἐπὶ
2338 2632 2394 2684 δὲ
2423 2631 2531 2686 τῶν
2563 2632 2803 2685 νεοσσῶν
2852 2634 3157 2702 ἐφυλάξατο
3206 2634 3393 2691 τοῦτο*
3427 2640 3799 2712 ἀπειρόζυγος

2215 2726 2324 2797 γάρ
2362 2727 2456 2779 καὶ
2485 2727 2518 2796 ἡ
2547 2725 2785 2779 τεκοῦσα
2827 2727 2922 2778 καὶ
2949 2728 2976 2778 6
3036 2729 3273 2799 τεχθείς.
3332 2730 3476 2783 Ἀλλ’
3519 2733 3547 2784 6
3572 2734 3670 2804 μὲν
3702 2738 3796 2789 νό-

2217 2837 2316 2890 μος
2338 2819 2620 2891 πόρρωθεν
2644 2821 3140 2891 προκαταγγέλλων
3160 2823 3251 2877 τὸν
3277 2827 3604 2896 παρθενικδν
3627 2829 3792 2884 τόκον

2211 2908 2436 2963 τοιαῦτα
2459 2910 2801 2980 χρησμῳδεῖ,
2842 2910 2935 2964 καὶ
2986 2910 3076 2964 διὰ
3110 2913 3372 2968 τοιούτων
3401 2916 3590 2971 τοῦτον
3615 2925 3793 2991 προῦ.

2211 3003 2487 3073 πογράιρει
2514 3018 2530 3034 ο
2581 3002 2752 3055 αὑτοῦ
2780 3002 2837 3055 δὲ
2877 3003 2972 3057 τοῦ
3025 3006 3346 3076 παραδόξως
3379 3009 3663 3079 τεχθέντος
3686 3014 3790 3068 νῦν

2208 3095 2291 3158 είς
2326 3095 2386 3148 τὸ
2413 3093 2558 3165 ίερὺν
2593 3094 2945 3166 ἀναχθέντος,
2984 3095 3179 3168 ἑτέρας
3210 3102 3481 3171 τρυγόνας
3532 3106 3627 3157 καὶ
3686 3105 3788 3158 ἄλ..

2208 3187 2336 3251 λους
2384 3187 2724 3258 περιστερῶν
2766 3190 3024 3253 νεοσσοὺς
3080 3195 3572 3266 πρεπωδεστέρους
3634 3198 3787 3268 ἡτοί-

2214 3295 2356 3348 μασε
2385 3277 2445 3330 τὸ
2471 3276 2696 3348 Πνεῦμα
2727 3279 2787 3331 τὸ
2815 3279 2991 3348 ἆγιον.
3022 3282 3188 3348 Τίνας
3224 3285 3484 3354 τούτους;
3547 3289 3784 3359 Συμεὼν

2194 3372 2301 3426 ,καὶ
2326 3372 2424 3443 τὴν
2461 3372 2680 3432 Ἀνναν,
2713 3371 2829 3434 οὓς,
2859 3374 2971 3425 εἴτε
3021 3377 3279 3441 νεοσσοὺς
3316 3384 3657 3453 περιστερῶν
3692 3382 3781 3439 εἴ·

2379 3432 2392 3443 ,
2790 3432 2826 3434 ν-
3260 3432 3277 3441 -
3392 3432 3649 3453 |""—r"'
3695 3432 3747 3439 "

521 3446 615 3485 ποι
640 3449 744 3499 τις,
777 3434 864 3490 διὰ
896 3432 1117 3512 τδπρδς
1150 3445 1353 3502 κακίαν
1407 3452 1727 3510 παντάπασι
1787 3464 2082 3535 νηπιῶδες,
2128 3468 2243 3522 εἴτε
2267 3464 2538 3536 τρυγόνας
2603 3464 2693 3516 διὰ
2746 3464 2807 3516 τδ
2882 3465 2981 3535 τῆς
3034 3474 3388 3542 σωφροσύνης
3443 3475 3776 3547 ἀκρότατον,

521 3521 697 3547 ...9.Ἷλ---
714 3542 723 3547 .
743 3543 759 3547 _
782 3526 799 3547 ι
826 3546 834 3547 ,
852 3530 898 3547 --

518 3521 760 3590 εὑλόγως
779 3526 915 3597 ἐρεῖ.

592 3618 810 3674 Simeon
837 3624 1081 3692 quidem,
1110 3638 1167 3681 ut
1186 3630 1478 3690 abundanti
1502 3652 1751 3698 sermone
1778 3650 2087 3718 evangelica

517 3710 680 3764 verba
711 3726 1094 3780 percurramus
1114 3758 1129 3783 ,
1160 3734 1282 3774 cum
1316 3723 1496 3793 justus
1523 3744 1667 3787 esset
1695 3744 1748 3788 et
1779 3736 2086 3806 timorutus,

515 3815 778 3871 zesponso
803 3818 833 3856 a
865 3816 1055 3862 sancto
1087 3808 1294 3879 Spiritu
1326 3829 1573 3888 accepto,
1604 3839 1748 3879 lillllC
1776 3843 1989 3899 quoque
2019 3835 2085 3886 ab

511 3905 577 3943 co
606 3892 799 3948 ductus
834 3897 983 3949 venit
1015 3897 1068 3951 in
1099 3903 1378 3970 templum,
1414 3917 1468 3960 et
1498 3922 1795 3970 occurrens
1831 3917 1882 3970 in
1928 3919 2085 3976 ulnas

514 3983 725 4053 accepit
782 3983 926 4038 illum
965 3990 1245 4046 caelestem
1288 3996 1452 4052 simul
1495 4011 1548 4054 et
1580 4008 1858 4060 terrenum
1885 4024 2085 4078 pueru-

515 4071 644 4134 lum,
683 4073 782 4142 ipsi
814 4079 963 4144 qnasi
998 4079 1102 4134 Deo
1128 4083 1362 4140 otl‘erens
1391 4089 1647 4159 hymnum
1673 4104 1729 4148 et
1753 4096 2081 4164 orationem,

518 4167 570 4218 it!
610 4181 741 4233 pure
773 4184 800 4219 a
834 4168 1054 4225 vinculo
1087 4179 1331 4245 carparis
1359 4180 1607 4251 ﬂagitans
1638 4186 1799 4255 solvi,
1826 4188 2083 4259 illumque

513 4254 692 4307 lumen
728 4271 849 4309 esse
879 4259 1116 4316 salutare
1143 4268 1399 4323 omnibus
1434 4276 1829 4343 pra-nuntians,
1878 4279 1930 4332 in
1964 4285 2076 4333 rui-

516 4358 639 4396 nam
676 4344 826 4400 illum
858 4352 1090 4416 positum
1136 4368 1255 4409 esse
1285 4355 1579 4414 inﬁdelium
1609 4372 1665 4416 et
1710 4364 1762 4416 in
1830 4381 2075 4421 resurre-

2282 3645 2425 3700 Ἀλλ’
2456 3645 2485 3696 6
2505 3643 2603 3713 μὲν
2630 3643 2874 3712 Συμεὼν,
2905 3643 2990 3696 ἵνα
3018 3645 3138 3699 κατ’
3170 3647 3470 3721 ἐπιδρομήν
3502 3651 3569 3704 τά
3606 3652 3781 3724 εὐαγ-

2197 3740 2391 3810 γελικέι
2420 3738 2718 3807 διέλθωμεν
2757 3737 3003 3809 ῥήματα,
3031 3740 3239 3805 δῖκχιος
3273 3742 3348 3797 ὼν
3374 3747 3467 3798 καὶ
3496 3747 3729 3821 εὐλαβὴς
3751 3791 3773 3819 ’

2196 3829 2816 3902 προκεχρηματισμένος
2855 3847 2912 3882 τε
2954 3830 3058 3884 ὑπὸ
3105 3832 3419 3903 Πνεύματος
3455 3838 3630 3903 ἁγίου,
3668 3844 3771 3895 καὶ

2190 3924 2286 3978 νῦν
2316 3924 2422 3976 ὑπὸ
2450 3925 2638 3975 τούτου
2675 3923 3036 3992 κεκινημένος
3067 3918 3230 3993 ἦλθεν
3260 3923 3339 3987 είς
3377 3925 3437 3976 τὸ
3470 3925 3635 3993 ίερὸν,
3668 3930 3770 3982 καὶ

2191 4012 2473 4082 ὑπήντησε
2529 4014 2621 4067 καὶ
2650 4010 3045 4081 ένηγκαλίσατο
3089 4011 3245 4066 τοῦτο
3291 4012 3349 4066 τὸ
3388 4016 3638 4079 ούρρινιον
3669 4037 3740 4073 κα

2189 4106 2431 4174 ἐπίγειον
2484 4104 2708 4175 βρέφος,
2749 4105 2899 4175 αὐτῷ
2952 4106 3245 4176 προσάγων
3283 4107 3358 4169 ὡς
3408 4110 3525 4178 (θεῷ
3569 4112 3660 4161 τόν
3704 4127 3777 4163 τε·

2191 4195 2359 4265 ὕμνον
2401 4196 2496 4249 καὶ
2528 4196 2625 4266 τὴν
2673 4196 2903 4257 ἱκεσίαν,
2949 4197 3009 4248 ὲν
3054 4197 3250 4268 εἰρήνῃ
3278 4215 3337 4251 τε
3387 4197 3615 4265 λυθῆναι
3665 4202 3761 4254 τοῦ

2188 4284 2434 4355 σώματος
2485 4284 2762 4346 ἱκετεύων,
2820 4287 2914 4337 καὶ
2960 4285 3227 4353 σωτήριον
3277 4285 3408 4339 αὐτὸ
3455 4287 3571 4355 φῶς
3620 4284 3759 4342 εἶναι

2188 4374 2574 4443 καταγγέλλων
2615 4375 2728 4435 τοῖς
2782 4376 2971 4437 πᾶσιν,
3013 4374 3092 4437 εἰς
3136 4373 3345 4428 πτῶσίν
3385 4394 3442 4428 τε
3483 4380 3638 4432 τοῦτο
3673 4390 3789 4433 τε-’

507 4436 739 4491 ctioaem
776 4444 1112 4499 credentium
1142 4447 1195 4499 in
1226 4449 1400 4517 ipsum
1439 4451 1590 4508 ﬁrme
1620 4457 1903 4514 confitens.
1926 4461 2085 4515 Dein-

2208 4465 2401 4518 ιεῖσθαι
2430 4464 2537 4517 τῶν
2557 4464 2954 4527 ἀπιστούντων,
2988 4468 3080 4518 καὶ
3111 4468 3191 4528 είς
3228 4468 3525 4522 ἀνάστασιν
3555 4472 3661 4523 τῶν
3679 4475 3760 4536 είς

508 4539 636 4595 ceps
671 4524 939 4598 Virginem
986 4546 1042 4588 et
1090 4534 1318 4613 Matrem
1354 4541 1557 4609 pueruli
1597 4545 1900 4613 allocutus,
1962 4564 2079 4605 eam

511 4619 755 4685 prmdixit
789 4637 852 4674 ex
889 4623 1076 4678 dolore
1106 4607 1273 4694 super
1302 4646 1467 4684 cruce
1505 4631 1596 4685 lilii
1628 4646 1852 4690 matrem
1884 4653 2082 4694 secun-

509 4709 638 4762 dum
671 4721 914 4766 naturam
945 4714 1170 4772 infantis
1199 4716 1291 4772 Dei
1324 4704 1574 4778 Hominis
1609 4728 2079 4799 manilestandam,

508 4813 561 4853 et
594 4803 951 4858 ieVelaturam
972 4824 1037 4862 ex
1057 4811 1315 4865 cordibus
1346 4813 1586 4870 incertas
1611 4816 1677 4872 de
1699 4802 1800 4873 hoc
1823 4826 2079 4891 mysterio

508 4896 905 4963 cogitationes;
945 4914 1072 4951 nam
1105 4903 1330 4970 pulchre
1362 4914 1592 4962 testatus
1617 4921 1702 4965 est
1739 4912 1956 4968 Simeon
1987 4931 2078 4969 ve-

503 4995 617 5035 ram
661 4986 874 5053 mystici
933 4988 1096 5056 hujus
1160 4991 1385 5049 infantis
1454 5007 1681 5053 matrem
1754 5017 1821 5056 ex
1889 5004 2076 5060 dolore

502 5083 720 5140 propter
779 5078 1093 5145 passionem
1138 5079 1270 5145 lilii,
1333 5092 1390 5138 et
1446 5101 1510 5139 ex
1570 5089 1879 5148 vehementi
1936 5096 2079 5152 illius

500 5174 725 5233 propter
752 5169 888 5220 hunc
915 5182 1133 5224 causam
1168 5176 1385 5230 tristitia
1413 5188 1467 5233 ct
1486 5186 1882 5250 compassione.
1911 5188 2068 5242 Anna

499 5269 628 5308 vero
661 5259 1019 5326 prophetissa,
1071 5264 1227 5318 vidua
1277 5266 1517 5325 Phanuel
1571 5289 1741 5343 usque
1775 5258 1859 5333 'ad
1893 5294 2063 5336 annos

498 5347 770 5414 octoginta
802 5360 1057 5417 quatuor,
1107 5352 1325 5422 jejuniis
1379 5368 1432 5413 et
1467 5364 1719 5430 precibus
1774 5383 1834 5422 se
1868 5384 2064 5425 conse-

495 5422 680 5505 Crans,
729 5452 757 5490 a
793 5441 990 5511 templo
1026 5446 1246 5503 minime
1278 5452 1582 5522 discedens,
1631 5458 1810 5514 divino
1860 5460 2062 5530 Spiritu

498 5533 626 5580 tunc
670 5528 1012 5596 potissimum
1068 5536 1317 5607 amante,
1357 5549 1559 5616 gratias
1608 5549 1720 5604 Deo
1764 5528 1980 5623 agebat,
2009 5567 2062 5611 et

496 5616 920 5687 redemptionem
950 5625 1145 5685 adesse
1184 5640 1627 5706 exspectantibus
1674 5645 2055 5711 annuntiabat,

566 5790 613 5822 "°
639 5791 777 5852 P.:al.
805 5812 911 5866 Civ,
946 5803 1031 5857 15.

2187 4553 2318 4606 αὐτὸ
2354 4557 2717 4607 πιστευόντων
2755 4554 3188 4623 ἰσχυριζόμενος.
3216 4551 3350 4611 Εἶτα
3390 4561 3480 4611 καὶ
3513 4565 3574 4633 τῇ
3610 4563 3761 4632 Παρ-

2184 4644 2321 4716 θένῳ
2354 4647 2448 4701 καὶ
2479 4645 2663 4717 Μητρὶ⁷
2692 4647 2786 4699 τοῦ
2823 4646 3055 4717 βρέφους
3088 4650 3502 4718 προσδιε).ἐξ;ιτο
3523 4696 3536 4716 ,
3573 4656 3636 4706 ἐκ
3659 4655 3761 4725 τῆς

2182 4740 2309 4808 περὶ
2366 4738 2456 4791 τὸν
2497 4740 2731 4806 σταυρὸν
2762 4738 2856 4792 τοῦ
2888 4740 3074 4802 παιδος
3123 4741 3314 4810 ὀδύνης
3374 4744 3584 4813 μητέρα
3617 4748 3761 4800 κατά

2182 4829 2346 4897 φύσιν
2378 4829 2867 4899 φανερωθήσεσθαι
2901 4830 3115 4894 δεικνὺς
3149 4831 3239 4884 τοῦ
3272 4833 3365 4887 νῦν
3404 4836 3757 4905 θεοινθρώπου

2179 4920 2434 4989 βρέφους,
2467 4921 2560 4973 καὶ
2588 4921 2715 4983 τοὺς
2739 4923 3072 4990 ἀμφιϐόλους
3091 4925 3219 4994 περὶ
3241 4925 3429 4979 τούτου
3455 4928 3754 4996 λογισμοὺς

2174 5009 2607 5080 ἀποκαλύψασαν
2641 5012 2705 5065 ὲκ
2754 5012 2862 5067 τῶν
2912 5014 3150 5085 καρδιῶν
3201 5019 3520 5086 ἀπαλείφειν
3544 5035 3556 5049 ·
3594 5023 3688 5074 καὶ
3726 5025 3755 5075 6

2174 5099 2399 5169 Συμεὼν
2430 5104 2537 5173 γὰρ
2564 5102 2663 5172 τὴν
2690 5105 2920 5171 γνησίαν
2951 5103 3045 5157 τοῦ
3077 5107 3382 5175 ἀμφιϐόλου
3415 5111 3601 5173 παιδὸς
3639 5130 3752 5182 μηη

2175 5192 2311 5263 τέρα
2341 5194 2404 5245 ὲκ
2452 5196 2548 5263 τῆς
2581 5199 2709 5263 περὶ
2753 5195 2812 5247 τὸ
2855 5195 3027 5260 πάθος
3055 5198 3150 5250 τοῦ
3199 5200 3384 5263 παιδὸς
3417 5199 3609 5273 ὀδύνης
3658 5208 3754 5259 καὶ

2168 5284 2266 5352 τῆς
2298 5283 2385 5336 ἐπ’
2418 5285 2549 5338 αὐτὸ
2585 5286 2821 5356 σφοδρᾶς
2849 5284 3026 5357 λύπης
3058 5288 3152 5342 καὶ
3186 5291 3527 5358 συμπαθείας
3568 5294 3751 5359 καλῶς

2171 5378 2538 5446 ἐτεκμήρατο.
2563 5376 2840 5448 Προφῆτις
2871 5379 2926 5431 δὲ
2956 5381 3123 5432 Ἀννα
3150 5383 3182 5451 ὴ
3215 5382 3307 5434 τοῦ
3329 5384 3572 5455 Φανουὴλ
3595 5386 3740 5455 χήρα

2172 5468 2245 5529 ὡς
2272 5467 2406 5519 ἑτῶν
2437 5467 2763 5536 ὀγδοήκοντα
2780 5469 3062 5540 τεσσάρων
3084 5469 3241 5533 οἰσα,
3272 5475 3543 5544 νηστείαις
3567 5493 3625 5526 τε
3650 5475 3743 5531 καὶ

2166 5558 2382 5625 δεήσεσι
2407 5558 2798 5630 προτκειμένη,
2819 5561 3018 5614 καίτοῦ
3050 5563 3195 5633 ἱεροῦ
3225 5564 3745 5637 μηδαμῶςάφιστα-

2171 5650 2329 5720 μένη,
2378 5651 2506 5723 θείῳ
2553 5653 2833 5724 Πνεύματι
2878 5655 3178 5726 τηνικαῦτα
3227 5657 3425 5728 μᾶλλον
3470 5662 3740 5737 γενομένη
