4090 6476
369 424 441 487 (Τ)
1746 420 1909 479 ΗοΜ
1921 420 1941 478 l

2050 424 2077 478 Χ
2145 423 2185 481 ν
2205 467 2215 478 .
3551 416 3619 483 Ἶι)

378 539 604 603 κάτοχος
623 531 934 602 εὐχαρίστει
960 529 1036 601 τῷ
1059 529 1197 600 Θεῷ,
1224 531 1316 584 καὶ
1345 530 1444 601 τὴν
1476 529 1743 603 λύτρωσιν
1766 549 1945 601 παρκ-

2055 531 2196 584 illaut
2234 546 2351 585 esse
2400 530 2644 584 indicans
2697 531 2838 587 hunc
2877 531 3186 602 puerulum.
3242 533 3402 588 Tales
3457 536 3618 603 spiri-

379 627 671 696 γενομένην
700 624 808 686 τοῖς
840 623 1290 692 προσδεχομένοις
1317 622 1726 692 εὐηγγελίζετο,
1746 622 1949 692 ταύτην

377 715 515 773 εἶναι
548 713 803 768 δεικνῦσα
844 714 901 765 τὸ
940 712 1136 783 βρέφος
1181 715 1357 768 τοῦτο.
1403 712 1673 777 Τοιαύτας
1726 713 1949 782 λογικὰς

375 809 640 876 τρυγόνας
689 805 827 876 πρὸς
877 807 1119 874 ὺπαντὴν
1165 807 1520 877 προέπεμψεν
1561 807 1641 870 είς
1689 807 1751 859 τὸ
1803 807 1949 876 ἱερὸν

376 901 576 954 ἀνιόντι
603 898 680 969 τῷ
711 898 933 969 Χριστῷ
959 898 1019 950 τὸ
1056 897 1278 968 Πνεῦμα
1306 898 1367 950 τὸ
1397 899 1572 966 ἂγιον,
1617 900 1711 953 καὶ
1748 899 1950 963 ἔδειξεν

375 993 508 1061 ἡμῖν
541 992 754 1052 ὁποίους
786 983 925 1041 εἶναι
952 989 1031 1042 δεῖ
1059 992 1185 1052 τοὺς
1224 990 1639 1062 είσδεχομένους
1671 993 1947 1061 Χριστὺνδ,

377 1083 469 1137 καὶ
505 1082 721 1144 ὁποίους
751 1079 889 1134 εἶναι
918 1079 1017 1147 δεῖ,
1053 1082 1150 1133 καὶ
1186 1082 1374 1145 ὁποίας
1412 1083 1513 1146 τὰς
1543 1081 1602 1147 ἐξ
1641 1084 1850 1154 ἀνδρῶν
1890 1101 1950 1135 τε

373 1175 467 1229 τὸν
499 1173 613 1243 βίον
648 1173 1020 1235 ἀπολιπούσας
1053 1173 1149 1228 καὶ
1179 1175 1305 1235 τοὺς
1336 1174 1435 1236 τάς
1467 1175 1769 1242 όμοζῦγους
1816 1176 1952 1227 ἀπο-

382 1266 666 1327 ϐαλόντας.
697 1265 855 1334 Χήρα
890 1267 995 1335 γὰρ
1047 1261 1115 1336 ἦν
1145 1271 1176 1335 ή
1206 1265 1299 1318 τοῦ
1330 1266 1538 1319 Φανοὺλ
1585 1265 1724 1336 αὕτη
1759 1266 1947 1332 Ἄννα,

377 1359 514 1412 ἀλλά
559 1359 652 1411 καὶ
695 1359 1002 1427 προφῆτις·
1039 1357 1199 1424 πῶς;
1252 1357 1469 1411 ὅτιτῶν
1523 1354 1805 1425 κοσμικῶν
1858 1358 1952 1408 καὶ

382 1450 648 1520 βιωτικῶν
704 1450 990 1504 ἀποστᾶσα
1037 1449 1334 1520 φροντίδων
1382 1450 1480 1504 οὐκ
1535 1448 1646 1518 28
1690 1448 1952 1516 ἀφίστατο

298 1547 308 1553 “
379 1538 474 1590 τοῦ
510 1536 654 1606 ἱεροῦ
679 1553 692 1568 ’
743 1538 824 1591 ὅτι
854 1539 1128 1608 νηστείαις
1159 1540 1254 1591 καὶ
1291 1539 1620 1608 ἀγρυπνίαις
1653 1541 1749 1591 καὶ
1784 1555 1952 1607 προσ-

345 1615 560 1698 ”ευχαῖς
619 1628 715 1682 καὶ
763 1629 1104 1700 ψαλμῳδίαις
1146 1630 1650 1700 συνδιημερεύουσα
1701 1630 1794 1683 καὶ
1835 1631 1950 1684 δια-

377 1718 771 1788 νυκτερεύουσα
807 1719 898 1771 τὸν
947 1717 1060 1788 βίον
1102 1714 1247 1788 εἶχεν
1296 1720 1560 1789 ἄμωμονλ·
1588 1719 1669 1772 διὸ
1717 1720 1813 1773 καὶ
1857 1721 1948 1774 τὸν

386 1811 606 1878 Κύριον,
627 1803 668 1878 ᾧ
695 1811 762 1863 δι’
784 1810 960 1880 ἔργων
991 1811 1299 1881 ὲλάτρευεν,
1330 1812 1556 1874 εἰκότως
1579 1812 1948 1880 ἐπεγίνωσκεν

383 1900 623 1968 ἐλθόντα,
666 1902 807 1955 καθὰ
841 1903 934 1954 καὶ
962 1905 988 1954 ό
1021 1901 1306 1973 ψαλμῳδδς
1378 1905 1671 1974 Προφήτης
1740 1904 1878 1974 πρὸς
1947 1903 2110 1958 αὐτόν
2157 1921 2356 1975 φησιν·

384 1995 514 2046 πότε
547 1993 695 2064 ἣξεις
729 1994 861 2062 πρός
899 2011 988 2064 με.
1028 2012 1048 2045 ι

2055 623 2228 678 tuales
2279 632 2515 677 turtures
2540 623 2606 676 ad
2641 637 2927 678 occursum
2971 624 3234 692 praemisit
3277 625 3330 678 in
3365 627 3621 696 templum

2052 715 2366 770 ascendenti
2396 714 2620 771 Christo
2648 715 2881 785 Spiritus
2917 724 3158 782 sanctus,
3202 726 3256 770 et
3304 718 3626 772 monstravit

2052 809 2212 864 nobis
2240 809 2433 878 quales
2464 819 2712 876 oporteat
2742 822 2863 863 esse
2898 806 3172 863 Christum
3218 816 3622 877 exspectantes,

2049 910 2103 954 et
2151 899 2340 968 quales
2390 899 2622 955 debeant
2652 914 2776 956 esse
2835 909 2947 954 tum
3007 901 3244 954 virorum
3292 903 3622 954 (:Onsortittm

2059 988 2444 1055 relinquentes,
2481 998 2592 1041 tmn
2623 988 2941 1057 conjugatas
2969 990 3322 1044 dimittentes.
3357 988 3448 1042 illa
3475 989 3621 1043 enim

2052 1080 2203 1132 Anna
2234 1079 2479 1133 Phanuel
2509 1090 2627 1134 erat
2659 1081 2844 1146 vidua,
2896 1080 2986 1134 sed
3019 1081 3358 1149 prophetissa
3392 1098 3406 1135 :
3443 1091 3622 1136 tamen

2051 1173 2260 1243 quare?
2290 1173 2425 1239 Quia
2453 1174 2635 1227 mundi
2664 1173 2892 1243 vimque
2919 1175 3122 1228 relictis
3145 1175 3620 1238 sollicitudinibus,

2052 1281 2080 1318 a
2127 1264 2324 1332 templo
2359 1279 2464 1319 non
2515 1265 2872 1329 discedebat;
2930 1265 3056 1332 quia
3101 1263 3355 1332 jejuniis,
3405 1266 3623 1333 vigiliis,

2051 1359 2521 1430 obsecrationibus
2556 1367 2604 1411 et
2658 1357 2886 1427 psalmis
2926 1358 3012 1414 die
3038 1371 3092 1413 et
3123 1369 3283 1413 nocte
3332 1359 3623 1429 indulgens

2054 1450 2217 1503 vitam
2254 1454 2448 1519 agebat
2474 1451 2916 1516 immacolatam;
2943 1452 3068 1506 ideo
3091 1451 3378 1506 Dominum
3413 1454 3496 1507 cui
3531 1467 3627 1522 per

2050 1556 2212 1611 opera
2246 1540 2614 1607 ministrabat,
2641 1543 2837 1596 merito
2867 1543 3086 1611 agnovit
3112 1544 3439 1607 venientem,
3464 1551 3626 1610 prout

2051 1631 2318 1702 Pr0pheta
2362 1631 2676 1687 Psalmistes
2725 1635 2791 1686 ad
2835 1648 2955 1688 cum
3009 1632 3182 1686 dixit:
3222 1650 3242 1683 ‹
3282 1630 3538 1699 Psallam,
3573 1639 3629 1684 et

2052 1721 2349 1790 intelligam
2402 1721 2454 1774 in
2497 1721 2583 1773 via
2637 1721 3004 1785 immaculata,
3063 1721 3282 1790 quando
3325 1720 3510 1775 venies
3558 1718 3626 1772 ad

2053 1826 2139 1866 me
2170 1813 2238 1865 τί.
2277 1830 2296 1864 ι

2433 1923 2452 1956 ‹
2498 1903 2808 1972 Ψαλῶ,καὶ
2865 1906 3082 1976 συνήσω
3126 1905 3184 1958 ἐν
3231 1905 3334 1975 ὁδῷ
3387 1902 3625 1976 ἀμώμῳ,
3697 1898 3703 1904 ’

451 2087 718 2149 Τοιαύτας
749 2081 888 2140 εἶναι
919 2086 1002 2139 δεῖ
1033 2085 1125 2138 καί
1158 2086 1433 2151 τοιούτους
1458 2089 1582 2153 τοὺς
1622 2091 1684 2143 ἐκ
1714 2089 1806 2143 τοῦ
1846 2089 1949 2159 γά-

2126 2080 2287 2142 Tales
2319 2096 2530 2156 Oportet
2558 2101 2681 2142 esse
2729 2087 2817 2155 qui
2851 2099 2881 2139 e
2919 2083 3271 2138 matrimonio
3306 2098 3404 2153 per
3453 2082 3626 2136 hono-

383 2195 484 2248 μου
532 2179 618 2232 διὰ
654 2180 753 2248 τῆς
782 2177 998 2246 ἐντίμου
1041 2179 1269 2248 χτῖρείας
1317 2180 1454 2248 πρδς
1483 2180 1575 2233 τὸν
1623 2182 1949 2253 παρθενικδν

379 2271 495 2340 βίον
535 2269 776 2337 ἐγγίζειν
815 2269 847 2338 ἢ
881 2271 974 2320 καὶ
1009 2269 1274 2338 συμϐιοῦν
1306 2271 1683 2341 αἱρουμένους.
1720 2274 1842 2327 Ἐὰν
1857 2273 1950 2328 οῦν

383 2363 484 2430 τῆς
513 2362 770 2432 δευτέρας
805 2361 1063 2430 συζυγίας
1100 2361 1175 2426 ὡς
1203 2362 1544 2432 χαμαιζήλου
1600 2364 1950 2418 παντάπασιν

378 2452 682 2522 ὑπερεῖδες,
727 2451 896 2522 ἀπρὶξ
944 2451 1068 2522 ἔχου
1128 2468 1220 2522 μοι
1278 2451 1376 2523 τῆς
1431 2453 1770 2524 προθέσεως,
1825 2457 1947 2510 κατ’

377 2544 521 2611 τινος
552 2542 731 2612 βάδιζε
764 2543 870 2594 τῶν
896 2543 954 2608 ἐξ
985 2542 1162 2613 ἀρχῆς
1193 2543 1283 2594 καὶ
1331 2526 1419 2596 διὰ
1463 2545 1651 2606 τέλους
1691 2546 1944 2614 ἀγάμων.

375 2630 488 2688 Ἶιν
515 2635 602 2688 ὅτε
630 2637 724 2689 καὶ
769 2634 970 2704 Πέτρος
1003 2633 1282 2702 πενθερὰν
1327 2633 1506 2703 ἔσχεν,
1540 2633 1658 2686 ἀλλ’
1703 2635 1946 2689 Ἰωάννου

382 2727 475 2780 τοῦ
512 2712 778 2796 παρθένόυ
823 2725 959 2794 πρὸς
999 2724 1058 2778 τδ
1089 2724 1398 2796 ζωαρχικὸν
1440 2725 1632 2795 μνῆμα
1679 2728 1952 2796 προσδρα-

390 2817 579 2889 μόντος
607 2819 706 2870 οὐκ
736 2817 1033 2886 ἀπελείφθη
1061 2832 1074 2846 ο
1103 2817 1219 2869 ἔστι
1252 2817 1308 2868 δὲ
1340 2816 1426 2886 ἐφ’
1449 2816 1523 2870 ὧν
1542 2815 1634 2868 καὶ
1658 2817 1948 2886 ἐπανῆλθε,

382 2912 460 2963 διὸ
515 2911 609 2963 καὶ
659 2910 948 2980 κορυφαῖος
998 2907 1107 2962 τῶν
1154 2909 1467 2979 κορυταίων
1507 2908 1610 2962 ὑπὸ
1674 2907 1765 2960 τοῦ
1830 2925 1950 2960 κοι-

386 3001 476 3056 νοῦ
535 3001 800 3054 δεσπότου
848 3002 1107 3071 κατέστη.
1147 2999 1286 3070 Πρὸς
1326 2999 1568 3054 τοιοῦτον
1601 2998 1731 3068 ὕψος
1760 2999 1950 3071 ἀνάγει

385 3092 546 3157 πόθος
578 3093 688 3145 ἀπὸ
721 3092 820 3161 τῆς
852 3093 1053 3162 σαρκός
1099 3092 1194 3143 ἐπὶ
1233 3091 1294 3142 τὸ
1329 3090 1546 3160 πνεῦμα
1581 3089 1947 3160 μετενεχθείς.

383 3186 457 3238 Σὺ
482 3185 540 3239 δὲ
579 3187 702 3255 ὅρα,
735 3185 810 3255 μὴ
844 3184 942 3252 τῆς
976 3184 1073 3253 μὲν
1113 3185 1489 3253 ἀποσχόμενος
1520 3185 1595 3246 ὡς
1639 3184 1945 3253 πανδήμου,

381 3278 479 3346 τῆς
529 3276 584 3328 δὲ
636 3275 711 3346 μὴ
745 3275 1067 3344 ἐφικόμενος
1109 3275 1184 3338 ὡς
1235 3276 1582 3342 δυσεφίκτου,
1611 3277 1949 3346 παραρρυῇς

383 3371 480 3424 καὶ
520 3370 692 3438 λάθῃς
737 3369 1086 3430 καταπεσὼν,
1135 3367 1209 3428 ὡς
1247 3368 1382 3437 μήτε
1421 3366 1531 3420 τῶν
1563 3367 1706 3420 κατά
1761 3368 1946 3436 νόμον,

386 3463 521 3532 μήτε
545 3460 658 3514 ’τῶν
691 3459 829 3530 ὑπὲρ
867 3460 1049 3529 νόμον,
1078 3459 1216 3512 ἀλλά
1247 3459 1356 3512 τῶν
1391 3458 1729 3528 παρανόμων
1754 3457 1948 3527 ὲχόμε-
1975 3445 2019 3502 C

383 3571 490 3616 νος.
523 3552 582 3604 Ei
609 3553 664 3605 δὲ
692 3552 818 3614 τοὺς
845 3554 900 3604 ἐν
932 3551 1130 3621 χηρείᾳ
1160 3550 1339 3615 ὄντας,
1383 3551 1448 3604 ἂν
1481 3550 1554 3620 μὴ
1584 3551 1904 3620 σωφρονῶσι
1929 3589 1945 3616 ,

383 3644 740 3713 κατακρίτους
770 3641 1206 3712 ἀποφαινόμεθα,
1239 3642 1344 3696 κᾶν
1392 3643 1666 3710 δευτέροις
1708 3643 1948 3712 ἐννόμως

379 3735 678 3803 ὁμιλήσωσι
707 3733 903 3802 γάμοις
925 3771 940 3797 ,
964 3732 1024 3784 οὐ
1055 3733 1398 3786 παντάπασιν
1429 3732 1750 3801 ἀμέμπτους
1780 3730 1945 3801 13706"-

383 3826 555 3895 μεθαο
597 3824 750 3878 εἶπεν
793 3825 858 3878 ἂν
897 3826 924 3878 ὁ
976 3823 1205 3891 Παῦλος,
1235 3825 1318 3877 ὅτι
1349 3826 1448 3894 τὴν
1491 3823 1716 3894 πρώτην
1765 3826 1948 3876 πίστιν

379 3919 683 3989 ἠθέτησαν·
745 3917 896 3988 πόσῳ
944 3915 1186 3988 μείζονος
1223 3917 1364 3983 ἄξιοι
1417 3915 1721 3984 καταδίκης
1761 3915 1811 3967 oi
1850 3915 1949 3984 τῆς

379 4009 603 4077 ἐννόμου
631 4006 896 4074 συζυγίας
929 4006 1028 4078 τὴν
1059 4006 1380 4076 παράνομον
1413 4005 1608 4077 ἡδονὴν
1641 4004 1951 4074 προτιμῶν-

378 4116 470 4163 τες
497 4116 512 4166 ;
543 4100 638 4152 καὶ
678 4099 730 4152 oi.
753 4098 968 4165 γυναιξὶ
1007 4113 1409 4163 συνοικουντες,
1446 4096 1541 4150 καὶ
1566 4099 1660 4166 τῆς
1691 4094 1949 4166 πορνείας

380 4193 480 4245 οὐκ
523 4191 882 4262 ἀπεχόμενοι;
928 4191 1218 4260 Πορνείας,
1256 4191 1291 4260 ἢ
1341 4190 1437 4242 καὶ
1479 4190 1569 4242 τὸν
1603 4189 1948 4258 παγκόσμιον

378 4284 589 4336 ἐκεῖνον
639 4284 912 4352 ἐπήνεγκε
970 4281 1396 4351 κατακλυσμὸν,
1453 4283 1546 4334 καὶ
1597 4281 1780 4344 αὐτοῖς
1837 4283 1950 4344 τοῖς

383 4375 519 4438 υἱοῖς
545 4374 678 4427 θεοῦ
709 4374 955 4442 κληθεϊσι
995 4373 1094 4444 τὴν
1123 4373 1321 4444 ἀρχὴν,
1356 4374 1454 4428 καὶ
1487 4375 1600 4435 τοῖς
1631 4372 1950 4444 Σοδομίταις

383 4467 651 4536 ἐπήνεγκε
673 4463 770 4518 τὸν
786 4464 1077 4535 οὐρανόθεν
1104 4464 1457 4534 ἐμπρησμὸν,
1491 4463 1715 4527 καὶτοῖς
1736 4462 1950 4536 Ἰσραηο

381 4557 552 4619 λίταις
581 4556 675 4627 τὴν
716 4555 819 4609 ὑπὸ
858 4557 966 4609 τῶν
1008 4555 1314 4609 Μωαϐιτῶν
1352 4552 1544 4626 ἦτταν,
1592 4555 1686 4608 καὶ
1721 4555 1810 4608 τὸν
1847 4571 1946 4610 πο-

380 4648 729 4718 λυάνθρωπον
757 4649 963 4702 ἐκεῖνον
999 4648 1180 4718 φόνον,
1210 4649 1302 4701 καὶ
1331 4647 1424 4700 νῦν
1457 4651 1614 4720 ἡμῖν,
1643 4645 1822 4718 οἶμαι,
1850 4650 1947 4712 τὰς

381 4740 488 4795 ὑπὸ
517 4740 622 4796 τῶν
658 4740 824 4794 ἐθνῶν
853 4740 1021 4810 ἥττας
1056 4741 1152 4794 καὶ
1182 4741 1483 4803 πολυειδεῖς
1517 4742 1724 4796 ἑσωθέν
1761 4759 1820 4794 τε
1853 4743 1946 4795 καὶ

383 4831 584 4899 ἔξωθεν
611 4830 882 4893 κακώσεις
915 4832 1010 4885 καὶ
1046 4831 1352 4901 συμφοράς.
1380 4831 1537 4893 Υίοὺς
1565 4833 1623 4885 δὲ
1652 4832 1786 4885 Θεοῦ
1818 4834 1944 4895 τοὺς

386 4923 680 4990 ἀπογόνους
747 4921 913 4985 Ἐνὼς
961 4923 1210 4992 πρώτους
1257 4922 1514 4975 ἐκάλεσεν
1555 4925 1586 4993 ή
1627 4924 1666 4975 Γ
1673 4925 1852 4994 ραφὴ,
1886 4926 1946 4988 ὃς

387 5017 594 5088 πρῶτος
635 5017 863 5085 ῆλπισεν
905 5014 1283 5068 ἐπικαλεῖσθαι
1328 5015 1406 5086 τῷ
1445 5015 1674 5085 ὀνόματι
1715 5018 1943 5087 Κυρίου.

382 5104 544 5167 Οὖτο,
576 5108 632 5160 δὲ
660 5104 727 5178 ἦν
775 5107 888 5170 υίὸς
920 5108 1050 5175 Σὴθ,
1079 5100 1141 5160 οὗ
1185 5107 1246 5160 τὸ
1269 5108 1422 5174 γένος
1451 5108 1686 5161 διίστατο
1717 5108 1810 5162 τοῦ
1857 5109 1946 5162 διὰ

381 5200 472 5250 ττλν
494 5199 623 5252 Κάῖν
651 5199 924 5270 ἐπαράτου
951 5200 1162 5266 γένους,
1187 5204 1282 5251 καὶ
1310 5201 1494 5268 διῆγον
1515 5201 1571 5252 ἐν
1597 5201 1943 5273 σωφροσύνῃ,

380 5295 472 5346 καὶ
503 5292 571 5345 δι’
605 5293 799 5354 αὐτοὺς
845 5292 924 5346 ἔτι
956 5295 1076 5345 τότε
1121 5295 1306 5347 ἵστατο
1331 5296 1358 5346 ὁ
1390 5295 1614 5365 κόσμος,
1647 5297 1751 5359 ἓως
1804 5300 1947 5350 κατά

378 5387 436 5438 τὸ
461 5387 866 5456 γεγραμμένον,
905 5385 1104 5448 ἰδόντες
1137 5387 1235 5449 τὰς
1267 5387 1570 5457 θυγατέρας
1594 5388 1706 5464 τῶν
1738 5388 1949 5458 ἀνθρώ-

377 5494 515 5540 πων,
542 5477 786 5528 τουτέστι
812 5477 909 5538 τὰς
933 5478 1001 5528 ἐκ·
1015 5478 1118 5530 τοῦ
1137 5478 1326 5544 γένους
1355 5479 1450 5531 τοῦ
1479 5463 1615 5532 Κόιῖῖ
1650 5480 1731 5532 ὅτι
1759 5481 1942 5545 καλαὶ,

378 5568 468 5620 καὶ
495 5568 590 5620 τοῦ
624 5566 886 5636 πορνικοῦ
914 5569 1144 5630 κάλλους
1168 5568 1491 5639 ἡττηθέντες
1525 5570 1717 5622 ἕλαὸον
1759 5573 1944 5636 αὐτοῖς

372 5661 482 5715 ἀπὸ
515 5660 708 5713 πασῶν
745 5653 819 5714 ὦν
850 5658 1185 5725 ἐξελέξαντο,
1215 5663 1310 5714 καὶ
1340 5660 1548 5731 ἔμαθον
1580 5661 1644 5715 τὰ
1677 5662 1812 5733 ἔργα
1844 5665 1944 5718 αὑ-

470 5840 514 5870 ·ἰ
557 5836 695 5891 Psal.
723 5850 772 5901 c,
804 5836 859 5889 2.
955 5838 1000 5869 ⁷⁸
1040 5834 1056 5890 Ι
1087 5836 1230 5892 Tim.
1262 5853 1311 5905 ν,
1341 5837 1371 5892 ε
1407 5831 1416 5850 ’

2054 2179 2282 2234 rabilem
2318 2179 2635 2233 viduitatem
2680 2179 2744 2230 ad
2805 2176 3124 2246 virginalem
3153 2176 3316 2228 vitam
3366 2181 3628 2230 acce‘ere

2054 2280 2110 2326 et
2141 2269 2450 2326 conversari
2473 2280 2834 2341 praesumunt.
2856 2267 2912 2321 Si
2949 2274 3077 2335 ergo
3110 2267 3382 2320 secundas
3411 2265 3628 2334 nnptiat

2053 2371 2312 2431 tanquam
2346 2360 2693 2414 humiliantes
2724 2362 3069 2412 vehementer
3101 2355 3432 2424 despexeris.
3460 2355 3625 2409 ﬁrmi-

2052 2467 2134 2509 ter
2161 2463 2250 2509 luo
2279 2454 2555 2508 adhaereas
2573 2451 2818 2514 consilio,
2839 2457 2893 2504 et
2919 2449 3138 2518 veStigla
3165 2463 3397 2517 sequere
3433 2462 3623 2500 eorum

2051 2548 2190 2618 quia
2216 2547 2478 2616 principio
2505 2559 2679 2612 usque
2703 2543 2766 2596 ad
2790 2544 2946 2595 linem
2964 2542 3198 2610 virgines
3224 2549 3624 2594 remanserunt.

2052 2641 2242 2696 Petrus
2278 2639 2496 2709 quidem
2533 2652 2752 2691 socrum
2797 2635 3054 2697 habebat,
3083 2643 3136 2687 et
3193 2642 3370 2686 tamen
3426 2629 3624 2685 Joanni

2050 2731 2249 2801 virgini
2284 2731 2352 2785 ad
2383 2729 2656 2784 viviﬁcum
2690 2734 3098 2781 monumentum
3148 2725 3455 2778 accurrenti
3519 2738 3622 2777 non

2051 2822 2257 2884 deluit,
2295 2821 2388 2876 sed
2449 2828 2502 2875 et
2571 2821 2765 2873 iterum
2833 2831 3084 2871 reversus
3141 2825 3264 2879 est,
3305 2815 3625 2884 coryphmus

2050 2912 2465 2982 coryphaaorum
2523 2924 2551 2962 a
2595 2908 2874 2963 communi
2910 2906 3490 2959 Domino’cnnstitutus
3521 2911 3623 2958 est.

2051 3001 2130 3056 Ad
2169 3013 2378 3056 tantum
2423 3000 2632 3069 apicem
2687 3000 2845 3068 erigit
2907 2999 3241 3054 desiderium
3276 3013 3303 3050 a
3356 3011 3520 3051 carne
3571 2997 3625 3048 in

2051 3097 2302 3165 spiritum
2334 3093 2683 3148 translatum.
2712 3093 2790 3144 Tu
2825 3107 2954 3145 vero
2990 3106 3120 3145 cave
3153 3105 3218 3143 ne
3253 3090 3317 3143 ab
3350 3105 3476 3152 ttnn,
3500 3089 3626 3157 quia

2054 3187 2298 3256 vulgare,
2327 3193 2561 3248 amotus,
2593 3185 2735 3237 aliud
2767 3194 2943 3237 autetn
2978 3182 3129 3250 quasi
3169 3196 3327 3248 snpra
3359 3181 3501 3233 vires
3535 3195 3628 3247 pn-

2049 3276 2209 3331 situm
2267 3289 2374 3328 non
2431 3284 2714 3344 appetens,
2752 3272 3024 3327 delabaris
3049 3315 3062 3338 ,
3117 3282 3172 3326 et
3212 3272 3395 3340 lapsus
3422 3271 3495 3323 tui
3530 3276 3626 3324 tias

2055 3369 2361 3435 immemor,
2389 3384 2493 3421 non
2524 3355 2818 3421 secundum
2855 3367 3044 3434 legem,
3088 3381 3185 3419 nec
3230 3379 3393 3433 supra
3425 3364 3621 3433 legem,

2052 3461 2144 3515 sed
2169 3471 2355 3514 contra
2386 3461 2552 3529 legem
2575 3456 2806 3526 agendo.
2836 3457 2892 3511 Si
2921 3457 2972 3510 in
3004 3457 3257 3510 viduitate
3283 3456 3557 3524 degentes,
3578 3457 3624 3508 si

2051 3563 2316 3605 caetenon
2341 3553 2548 3613 vivant,
2573 3550 2855 3602 damnatos
2875 3531 3251 3616 prwdicamus,
3277 3555 3329 3598 ct
3360 3544 3429 3609 si,
3450 3560 3626 3614 quan-

2050 3645 2117 3698 do
2142 3644 2290 3697 licite
2325 3645 2392 3696 ad
2429 3641 2692 3696 secundas
2715 3643 2930 3707 nuptias
2951 3639 3375 3701 convolaverinl,
3408 3654 3500 3691 eos
3538 3648 3623 3690 lae

2051 3750 2170 3788 men
2197 3749 2303 3786 non
2329 3734 2549 3785 omnino
2575 3730 3416 3801 irreprehensibilesiudicamus,
3438 3731 3625 3783 dicen-

2051 3836 2104 3881 te
2134 3825 2298 3880 Paulo
2336 3825 2588 3891 quoniam
2620 3827 2850 3892 primam
2872 3823 3029 3876 ﬁdem
3053 3821 3398 3889 negarunt",
3419 3831 3622 3890 quanto

2049 3919 2223 3989 magis
2254 3918 2599 3972 danmatione
2627 3915 2794 3986 digni,
2827 3915 2919 3984 qui
2963 3913 3203 3984 legitimo
3231 3912 3479 3983 coniugio
3513 3911 3624 3966 illi-

2057 4012 2220 4067 citam
2251 4018 2588 4079 anteponunt
2623 4007 2993 4078 voluptatem?
3021 4007 3113 4075 qui
3141 4021 3263 4062 cum
3299 4006 3621 4059 mulieribus

2049 4105 2382 4168 habitantes,
2419 4119 2450 4158 a
2502 4102 2866 4158 fornicatione
2915 4111 3093 4154 tamen
3147 4115 3252 4153 non
3304 4099 3621 4153 abstinent?

2049 4196 2459 4261 Foruicatione,
2514 4195 2760 4266 inquam,
2814 4209 2936 4265 qua:
2987 4193 3296 4247 universum
3351 4191 3499 4244 illum
3536 4191 3622 4244 in-

2049 4291 2203 4344 duxit
2232 4291 2623 4360 cataclysmum
2691 4289 2744 4342 in
2817 4287 2961 4356 ipsos
3017 4285 3113 4340 Dei
3167 4284 3305 4339 lllios
3378 4283 3620 4353 primum

2050 4381 2376 4451 appellatos,
2412 4395 2622 4435 necnon
2660 4380 2712 4433 in
2737 4377 3060 4432 Sodomitas
3094 4376 3374 4430 caelestem
3412 4374 3624 4427 induxit

2050 4473 2255 4542 ignem,
2294 4481 2349 4526 et
2400 4473 2452 4525 in
2486 4471 2766 4526 lsraelitas
2806 4469 3016 4524 cladem
3053 4483 3119 4522 ex
3159 4476 3317 4537 parte
3359 4465 3625 4518 Moabita-

2051 4581 2195 4630 rum,
2233 4566 2488 4633 illamque
2522 4564 2820 4618 multorum
2843 4563 3046 4616 caedem
3074 4560 3335 4623 virorum,
3358 4558 3624 4611 etetiam-

2052 4673 2221 4724 nunc,
2258 4674 2340 4712 me
2367 4659 2572 4728 judice,
2626 4657 2678 4710 in
2710 4671 2806 4710 nos
2845 4652 3060 4709 adducit
3091 4669 3121 4707 a
3156 4655 3406 4722 gentibus
3436 4652 3622 4705 clades

2039 4759 2216 4824 atque
2271 4749 2634 4803 multiformes
2681 4747 3018 4801 calamitates
3072 4753 3127 4798 et
3183 4759 3456 4798 mrumnas
3505 4757 3616 4796 tum

2049 4842 2293 4913 internas
2326 4848 2439 4892 tum
2471 4848 2751 4892 externas.
2784 4837 2873 4890 Dei
2904 4837 3041 4888 lilios
3070 4834 3244 4903 primo
3269 4834 3408 4887 [Snus
3441 4845 3624 4903 postc-

2052 4946 2140 4985 ros
2183 4935 2394 4984 VOCaVit
2424 4927 2704 4998 Scriptura
2734 4969 2749 4993 ,
2786 4927 2876 4997 qui
2916 4929 3121 4996 primus
3167 4928 3332 4994 cmpit
3367 4927 3623 4980 invocare

2052 5036 2248 5077 nomen
2284 5019 2521 5074 Domini.
2575 5019 2678 5074 llic
2735 5034 2862 5074 vero
2919 5027 3034 5073 erat
3082 5017 3223 5072 illius
3278 5015 3436 5083 Seth,
3461 5019 3619 5086 cujus

2048 5128 2222 5199 genus
2281 5111 2700 5167 discernebatur
2729 5127 2757 5164 a
2801 5111 3084 5164 maledicta
3135 5109 3279 5165 Cain'
3329 5114 3618 5192 progenie;

1998 5206 2014 5221 '
2050 5217 2104 5258 et
2137 5207 2189 5258 in
2223 5204 2547 5260 castimonia
2593 5205 2883 5272 degebant,
2933 5212 2987 5257 et
3032 5218 3128 5272 per
3162 5217 3257 5258 eos
3293 5212 3416 5256 tunc
3443 5201 3623 5256 adhuc

2052 5298 2227 5352 stabat
2257 5297 2513 5360 mundus,
2549 5297 2874 5365 usquedum,
2917 5298 3068 5350 sicut
3099 5298 3365 5362 scriptum
3397 5304 3496 5356 est,
3537 5292 3620 5344 vi-

2050 5390 2240 5444 dentes
2287 5388 2428 5442 ﬁlias
2462 5388 2760 5454 hominum,
2821 5388 2871 5442 id
2911 5398 3016 5452 est,
3056 5387 3270 5458 generis
3299 5386 3453 5450 Cain,
3482 5397 3620 5452 quo-

2055 5485 2196 5534 niam
2227 5489 2410 5534 essent
2438 5479 2680 5550 pulchrae
2711 5491 2764 5534 et
2792 5478 3144 5534 fornicatoria
3182 5478 3614 5547 pulchritudine,

2053 5572 2121 5622 ab
2146 5569 2401 5623 omnibus
2435 5576 2759 5636 acceperunt
2791 5584 2925 5638 quas
2957 5571 3272 5638 elegerunt,
3313 5576 3367 5619 ct
3408 5564 3615 5618 didice-

2056 5670 2179 5716 runt
2208 5674 2376 5730 opera
2408 5675 2622 5727 earum,
2663 5670 2716 5716 et
2745 5661 3039 5716 abundavit
3075 5658 3278 5713 malitia
3309 5662 3473 5726 “super
3505 5665 3618 5711 ter-
