4090 6448
562 348 637 422 ’ῖδ
1799 355 2180 419 GREGOBII
2227 355 2549 419 PALAM/E

3749 347 3828 423 ἰδ
3849 390 3852 391 ε

563 477 932 533 vulnerasSct.
968 473 1262 542 Propterea
1310 470 1412 527 Job
1465 469 1602 524 dixit
1635 486 1649 523 :
1689 488 1706 522 ι
1743 471 1927 540 Ροριςῑ
1966 470 2142 526 fretus

2251 467 2529 538 οφθαλμδν
2559 468 2749 532 αὑτοῦ,
2779 469 2871 522 καὶ
2909 469 2968 523 τὸ
2999 470 3195 534 κάλλος
3228 458 3398 542 αὐτῆς
3431 471 3828 543 ᾐχμαλώτευσε

559 586 682 625 eum
714 568 888 623 oculis
920 568 1058 621 meis
1089 574 1150 620 ut
1195 580 1260 620 ne
1308 564 1608 632 cogitarem
1661 561 1879 631 quidem
1925 562 1992 615 de
2029 563 2138 615 vir-

561 663 689 731 gine
714 661 782 724 ⁸⁰,
826 667 1086 728 ιηιιιιιιῑο
1137 657 1315 710 minus
1369 657 1436 709 de
1478 654 1693 720 procaci
1745 654 1974 707 muliere
2027 655 2140 707 sive

565 754 742 807 soluta
781 753 896 806 sive
927 750 1260 818 conjttgat‘a?
1310 750 1354 802 υ
1383 747 1678 815 tlteopliile,
1713 746 1793 799 vel
1825 746 2136 799 cmiibatum

565 846 647 900 vel
709 846 1122 899 matrimonium
1172 826 1470 897 secundum
1527 841 1764 895 divinam
1803 839 2136 892 voluntatem

564 953 784 992 exerce.
824 936 954 990 Bibe
985 950 1156 1004 aquas
1187 936 1252 986 de
1279 933 1538 988 cisternis
1573 932 1706 995 tuis,
1743 945 1836 983 seu
1868 939 1924 982 ut
1963 929 2141 996 aptius

565 1032 775 1101 loquar,
817 1030 896 1084 ~de
949 1030 1187 1082 cisterna
1236 1037 1348 1092 tua,
1399 1036 1453 1081 et
1505 1026 1821 1089 moderate;
1869 1021 1937 1075 ab
1991 1019 2138 1075 omni

566 1138 747 1180 autem
785 1127 999 1191 impuro
1027 1133 1156 1192 potu
1192 1122 1424 1174 abstine.
1459 1118 1644 1189 Stygis
1675 1132 1813 1184 aqua
1872 1115 1938 1168 ad
1961 1114 2140 1167 liuen-

569 1229 680 1273 tum
716 1217 1038 1270 Acherontis
1077 1213 1356 1284 pertingit,
1414 1212 1667 1264 lctbifero
1713 1211 1829 1262 virtt
1881 1206 2137 1275 repletur,

564 1311 756 1364 veneni
794 1308 1108 1360 violentiam
1152 1304 1336 1368 refert,
1385 1318 1508 1356 nam
1561 1303 1612 1354 in
1651 1301 1896 1369 laqueos,
1930 1297 2009 1350 vel
2040 1311 2140 1366 po-

570 1403 678 1455 tius
710 1402 760 1454 in
793 1400 1018 1468 abyssos
1052 1396 1250 1449 inferni
1288 1395 1425 1447 solet
1462 1391 1761 1445 attrahere.
1797 1387 1941 1456 Fuge
1978 1387 2082 1439 me]
2112 1401 2138 1438 a

568 1493 731 1546 labiis
776 1490 1163 1542 lot‘niCalorutn
1200 1486 1434 1548 stillans,
1469 1483 1822 1550 recogitatuln
1854 1478 1996 1531 enim
2032 1488 2144 1532 tttr-

569 1598 690 1649 pem
741 1592 969 1634 tuurtem
1021 1577 1305 1633 stimulare
1355 1585 1542 1626 natum
1588 1579 1694 1635 est,
1733 1585 1852 1638 quae
1880 1579 1963 1623 est
1990 1568 2143 1621 elon-

568 1677 713 1744 gatio
750 1692 776 1726 a
827 1673 972 1732 Deo;
1027 1671 1092 1720 ad
1147 1684 1307 1736 quem
1364 1665 1501 1719 dixit
1542 1663 1708 1716 David
1741 1678 1756 1715 :
1789 1678 1806 1710 ι
1848 1656 2139 1712 Perdidisti

567 1784 761 1820 OIIIIHS
813 1767 904 1834 qui
958 1762 1304 1817 fornicautur
1341 1761 1435 1812 abs
1469 1767 1522 1810 te
1547 1756 1616 1809 δι.
1657 1775 1674 1805 ι
1714 1756 1938 1823 Oportet
1979 1752 2144 1820 igitur

550 1877 667 1916 reor
705 1875 901 1930 purum
937 1870 1158 1910 servare
1193 1854 1273 1907 vel
1307 1850 1645 1905 immundum
1680 1859 1942 1927 purgare,
1975 1851 2030 1895 et
2062 1841 2140 1894 sic

551 1969 832 2026 perpetuo
863 1955 1236 2019 incorruptum
1278 1960 1498 1999 manere
1548 1943 1739 1996 molles
1775 1939 2012 1992 arcendo
2045 1950 2140 1989 vo-

568 2051 824 2117 luptates,
864 2047 1018 2115 cujus
1069 2057 1267 2109 corpus
1312 2037 1572 2105 templum
1612 2036 1702 2089 Dei
1755 2050 1849 2102 per
1881 2031 2140 2100 Spiritum

561 2144 761 2197 factum
809 2148 910 2201 est,
946 2121 1013 2190 ἐι
1061 2134 1292 2201 Spiritus
1335 2131 1435 2185 Dei
1480 2130 1691 2183 habitat
1739 2126 1790 2180 in
1843 2139 1928 2187 eo,
1973 2133 2028 2178 et
2077 2122 2142 2174 ad

562 2234 959 2303 acquirendznu
1014 2228 1310 2296 puritatem
1362 2235 1414 2277 et
1457 2220 1880 2276 sanctimoniam
1929 2218 2142 2270 incum-

568 2333 713 2391 bere,
776 2339 988 2377 necuon
1045 2323 1114 2374 ad
1171 2319 1352 2388 fugam
1414 2313 1801 2369 fornicationis
1853 2310 2144 2376 omnisque

569 2417 967 2477 obscmnimis,
990 2425 1046 2466 ut
1072 2429 1191 2465 cum
1223 2407 1623 2477 iurorruptibili
1661 2419 1864 2474 sponso
1895 2403 1948 2456 in
1975 2399 2145 2455 castis

567 2511 841 2566 cubiculis
881 2523 976 2576 per
1001 2517 1204 2560 aeterna
1233 2501 1427 2556 saecula
1461 2514 1650 2554 omnes
1680 2496 2142 2565 congaudeamus,

568 2606 900 2659 obsecrante
941 2614 1038 2667 pro
1075 2597 1236 2650 nobis
1262 2609 1324 2647 ea
1365 2607 1485 2662 quae
1522 2592 1574 2645 in
1609 2589 1922 2658 virginitate
1968 2586 2142 2638 illum.

536 2685 1097 2756 salutem'nostram,
1131 2688 1338 2758 genuit,
1383 2698 1599 2752 semper
1649 2680 1856 2749 virgine
1904 2686 1958 2730 et
2009 2677 2147 2728 irre-

567 2786 921 2860 prebeueibili
977 2792 1034 2838 et
1097 2796 1258 2851 supra
1321 2792 1514 2833 omnes
1569 2775 1871 2843 gloriﬁcata
1933 2768 2142 2822 Matre:

565 2896 710 2936 nth
747 2890 798 2936 et
846 2891 1062 2947 semper
1095 2887 1155 2930 et
1204 2878 1257 2928 in
1299 2872 1495 2927 sarcula
1531 2869 1877 2922 saeculorum.
1912 2865 2105 2914 Amen.

1149 3169 1432 3227 llOMlLlA
1480 3165 1578 3236 VL;

573 3299 823 3369 Eiusdem
861 3293 1082 3369 [tantilia
1126 3291 1500 3369 exhortatoria
1529 3287 1596 3340 ad
1622 3285 1914 3369 jejaninm,
1954 3288 2142 3369 iit-qua

641 3373 801 3424 etiam
841 3366 1024 3420 mundi
1054 3365 1204 3432 origo
1261 3361 1483 3432 breviter
1530 3358 1945 3432 perstringitur;
1999 3357 2143 3407 dicta

641 3442 738 3510 fuit
774 3440 911 3506 feria
939 3426 1359 3504 quarta'primrr
1384 3426 1752 3482 heddomadis.

644 3535 842 3588 Multus
865 3541 946 3583 cst
987 3539 1039 3581 et
1069 3529 1121 3578 in
1149 3523 1355 3576 malitia
1393 3520 1641 3582 callidus,
1675 3528 1838 3587 atque
1870 3515 2146 3569 multifor-

571 3627 674 3680 mis
704 3639 796 3678 seu
836 3621 1012 3688 potius
1050 3615 1479 3674 versutissimus,
1510 3609 1816 3680 spiritmlis
1849 3606 2151 3676 perversis-

571 3721 850 3786 simusque
868 3723 1115 3778 serpens.
1150 3708 1267 3762 Scit
1298 3703 1580 3773 quomodo
1615 3701 1937 3771 incipientia
1967 3698 2151 3753 eludat

572 3825 756 3867 nostra
785 3807 1080 3878 proposita,
1114 3805 1422 3870 bonamque
1448 3799 1842 3865 operationem.
1873 3793 1929 3846 Si
1969 3803 2149 3846 autem

573 3914 806 3972 nequeat
838 3900 924 3954 illa
980 3913 1008 3950 a
1058 3895 1326 3965 principio
1363 3892 1646 3958 impedire,
1697 3889 1833 3941 alios
1887 3885 2150 3954 impendit

572 3998 728 4051 dolos
767 3995 964 4064 quibus
997 4006 1060 4044 ea
1097 3989 1207 4056 jam
1256 3993 1461 4039 tentata
1493 3980 1855 4049 comprimat;
1904 3979 2067 4031 etiam
2105 3975 2150 4029 si

572 4093 661 4145 illa
715 4087 950 4141 nominat
1007 4082 1243 4152 perfecta
1298 4079 1349 4131 iu
1405 4077 1584 4128 medio
1634 4071 1997 4141 comprimere
2047 4082 2152 4122 non

574 4185 767 4255 possit,
795 4182 971 4236 adhuc
1000 4179 1106 4230 alia
1134 4173 1490 4242 s0pbismata,
1517 4179 1774 4236 artesque
1812 4164 1947 4218 alias
1981 4161 2151 4223 novit,

573 4277 771 4344 quibus
794 4273 956 4325 etiam
997 4267 1233 4338 perfecta
1269 4262 1446 4316 red-lit
1479 4276 1648 4313 vacua
1687 4268 1742 4310 et
1771 4256 2004 4320 inutilia,
2041 4256 2154 4308 imo

574 4369 837 4419 damnosa
861 4363 940 4416 eis
972 4359 1060 4427 qui
1101 4372 1204 4411 non
1237 4364 1344 4408 tota
1387 4360 1567 4404 mente
1594 4348 1905 4402 attendunt.
1945 4345 2155 4400 Idcirco

576 4459 750 4527 primo
796 4455 1044 4508 laborem
1075 4462 1128 4504 et
1161 4446 1536 4501 dimcultatem
1568 4442 1786 4495 virtutis
1829 4439 2059 4510 profert,
2103 4449 2157 4491 et

2169 3191 2216 3252 C

2245 561 2422 632 ψυχὴν
2463 559 2651 616 αὐτοῦ.
2703 563 2803 616 Διά
2853 563 3013 616 τοῦτο
3042 565 3070 616 ὁ
3123 563 3243 617 ’1ὡῦ
3279 581 3442 634 φησι·
3478 583 3497 616 ι
3553 567 3832 638 Διαθήκην

2248 651 2452 720 ἐθέμην
2478 654 2590 714 τοῖς
2617 652 2917 723 ὀφθαλμοῖς
2952 673 3077 724 μου.
3109 655 3202 707 καὶ
3230 656 3292 708 οὗ
3325 657 3541 724 συνήσω
3566 659 3659 710 ἐπὶ
3691 677 3833 729 παρ-

2249 743 2417 796 θένον·
2442 763 2461 795 ι
2503 745 2653 814 πόσῳ
2692 745 2894 815 μᾶλλον
2924 747 3017 798 ἐπὶ
3047 749 3283 818 ἄσεμνον
3315 749 3537 814 γύναιον
3571 751 3835 803 ἀπολελυ-

2251 835 2414 904 μένον
2439 836 2471 906 ἢ
2501 838 2845 907 συνημμένον
2871 853 2886 903 ;
2913 839 2981 892 Ἣ
3011 841 3202 907 μονίαν
3230 839 3410 902 ἄσκει,
3442 835 3486 894 ὦ
3513 837 3684 905 οὗτος,
3716 842 3834 894 θεο-

2250 927 2469 999 φιλῆ,ῆ
2529 929 2794 997 συζυγίαν
2843 929 3138 983 θεόσδοτον.
3183 932 3310 984 Πίνε
3366 932 3533 985 ὓδατα
3578 936 3687 986 ἀπὸ
3722 935 3832 986 σῶν

2249 1021 2523 1090 φρεάτων,
2555 1022 2886 1090 οἰκειότερον
2926 1023 2982 1075 δὲ
3010 1023 3106 1075 νῦν
3158 1022 3353 1088 εἰπεῖν,
3386 1025 3495 1077 ἀπὸ
3537 1025 3631 1077 σοῦ
3671 1027 3834 1096 μόνου

2251 1114 2506 1180 φρέατος,
2551 1114 2829 1167 καὶτοῦτο
2867 1117 3247 1187 σωφρονικῶς,
3284 1119 3492 1188 ἀπέχου
3542 1118 3600 1171 δὲ
3639 1124 3839 1171 παντε-

2249 1202 2354 1266 λῶς
2402 1203 2560 1256 νόθου
2593 1204 2842 1273 πόματος
2868 1221 2882 1236 ο
2940 1208 3138 1274 στυγός
3174 1208 3326 1260 ἐστιν
3371 1207 3533 1277 ὕδωρ,
3588 1209 3838 1278 ποταμοῦ

2251 1297 2511 1366 τυγχάνει
2538 1297 2754 1367 ῥεῖθρον
2774 1298 3118 1368 Ἀχέροντος,
3148 1299 3229 1353 ίοῦ
3253 1302 3630 1370 θανατηφόρου
3653 1302 3839 1370 γέμει,

2248 1387 2578 1458 δηλητηρίου
2629 1389 2858 1459 δύναμιν
2909 1391 3214 1463 κέκτηται·
3273 1395 3354 1456 είς
3404 1397 3512 1462 γὰρ
3567 1395 3842 1463 πέταυρον

2251 1480 2404 1552 ᾅδου,
2444 1482 2647 1550 μᾶλλον
2678 1482 2734 1534 δὲ
2784 1485 2911 1543 τοὺς
2946 1486 3153 1556 μυχοὺς
3202 1487 3402 1548 αὐτοὺς
3448 1489 3573 1551 τοὺς
3612 1489 3842 1551 πιόντας

2252 1575 2546 1643 κατασπᾷν
2577 1575 2814 1640 πέφυκε.
2848 1575 3022 1641 Φεῦγε
3059 1576 3119 1628 τὸ
3151 1577 3258 1628 ἀπὸ
3292 1576 3400 1646 χει)
3414 1577 3516 1628 έων
3558 1576 3842 1644 πορεθικῶν

2255 1664 2378 1734 μέλι
2397 1677 2411 1692 ’
2446 1665 2846 1734 σεσοφισμένον
2875 1666 2983 1735 γάρ
3011 1668 3128 1720 ἐστι
3161 1667 3395 1720 θάνατον
3423 1667 3680 1736 πορνικᾷν
3707 1669 3842 1720 ἐπα-

2253 1755 2461 1823 λείφον,
2495 1756 2553 1818 ὃς
2587 1759 2736 1808 ἐστιν
2763 1759 2789 1810 ὁ
2825 1758 2932 1810 ἀπὸ
2962 1757 3057 1810 τοῦ
3091 1758 3230 1811 Θεοῦ
3261 1760 3576 1829 χωρισμός⁶
3609 1759 3747 1830 πρὸς
3783 1761 3844 1812 ὃν

2177 1835 2218 1888 Β
2251 1864 2417 1917 φησιν
2453 1849 2480 1900 ὁ
2527 1849 2720 1901 Δαῦἱδσ
2763 1867 2782 1899 r
2845 1849 3283 1920 Ἐξωλόθρευσας
3339 1853 3519 1904 πάντα
3570 1853 3659 1904 τὸν
3702 1869 3844 1922 πορ-

2247 1936 2471 1989 νεύοντα
2515 1937 2623 1990 ἀπὸ
2681 1937 2796 1990 σοῦ.
2851 1956 2869 1988 ι
2935 1939 3174 2010 Ἀνάγκη
3234 1939 3364 2006 γοῦν
3413 1940 3763 2011 καθαρεύειν,
3809 1942 3842 2012 ἢ

2246 2028 2377 2095 γοῦν
2422 2029 2809 2098 καθαίρεσθαι,
2854 2031 2949 2083 καὶ
2981 2031 3156 2094 οὕτως
3203 2033 3468 2100 ἀμίαντον
3505 2034 3689 2100 μένειν
3709 2032 3846 2103 ’διη-

2246 2121 2420 2185 νεκῶς
2465 2123 2586 2186 ταῖς
2619 2122 2991 2190 ὲηνδεδομέναις
3015 2123 3228 2192 ἡδοναῖς
3278 2124 3647 2193 ἀρκούμενον,
3677 2119 3738 2178 οῦ
3784 2125 3846 2178 τὸ

2247 2215 2407 2284 σῶμα
2437 2215 2563 2277 ναὸς
2596 2214 2732 2267 Θεοῦ
2767 2215 2854 2268 διὰ
2899 2215 2994 2268 τοῦ
3029 2214 3350 2284 Πνεύματος
3379 2218 3569 2285 γέγονε
3590 2246 3611 2282 »,
3645 2219 3741 2272 καὶ
3784 2220 3850 2272 τὸ

2248 2306 2475 2375 Πνεῦμα
2506 2305 2603 2358 τοῦ
2648 2305 2790 2359 Θεοῦ
2835 2306 2979 2359 οίκεῖ
3025 2307 3082 2358 ἐν
3125 2308 3298 2377 αὐτῷ,
3336 2309 3432 2360 καὶ
3467 2309 3605 2379 πρὸς
3645 2311 3847 2378 κτῆσιν

2261 2399 2360 2468 μὲν
2389 2400 2611 2466 ἀγνοίας
2644 2398 2740 2452 καὶ
2777 2400 3136 2469 σωφροσύνης
3177 2400 3452 2464 σπεύδειν,
3485 2403 3743 2471 πορνείας
3778 2404 3847 2456 δὲ

2249 2492 2346 2544 καὶ
2395 2491 2576 2562 πάσης
2619 2492 2961 2560 ἀκαθαρσίας
2989 2491 3299 2562 ἀποφυγὴν,
3343 2493 3429 2546 ἴνα
3469 2493 3546 2564 τῷ
3576 2494 3848 2566 ἀφθάρτῳ

2247 2583 2470 2652 νυμφίῳ
2499 2586 2558 2635 ὲν
2591 2585 2710 2645 ταῖς
2745 2584 3047 2654 ἀκηράτοις
3069 2587 3312 2640 παστάσι
3344 2587 3849 2657 συνδιαιωνίζωμεν

2248 2677 2453 2738 πάντες
2495 2677 3043 2745 συνευφραινόμενοι,
3098 2675 3417 2745 πρεσόείαις
3450 2679 3548 2748 τῆς
3587 2679 3646 2731 ἐν
3697 2695 3850 2749 παρ-

2249 2768 2404 2838 θενίᾳ.
2431 2768 2701 2838 τεκούσης
2737 2767 2903 2820 αὑτὸν
2953 2770 3033 2832 είς
3062 2769 3221 2838 ἡμῶν
3256 2771 3552 2839 σωτηρίαν,
3603 2771 3850 2840 ἀειπαρ-

2249 2860 2407 2914 θένου
2443 2861 2538 2914 καὶ
2587 2862 2930 2930 παναμὼμου
2973 2861 3068 2914 καὶ
3122 2861 3664 2932 ὑπερδεδοξασμινης
3722 2864 3850 2936 Μη-

2247 2953 2377 3024 τρός
2403 2969 2418 2984 ο
2454 2952 2551 3006 νῦν
2585 2954 2679 3004 καὶ
2709 2951 2796 3004 ἀεὶ
2827 2955 2923 3006 καὶ
2953 2952 3032 3015 είς
3065 2953 3192 3015 τοὺς
3225 2953 3428 3016 αἰῶνας
3460 2952 3567 3008 τῶν
3602 2953 3845 3012 αίὼνων.

2261 3045 2459 3115 Ἀμήν.

2748 3160 2851 3229 31
2878 3161 3119 3213 ΟΜΙΛΙΑ
3157 3157 3224 3227 ς’
3246 3161 3344 3230 (ι).

2249 3276 2659 3357 Ibat-parante?)
2697 3277 2848 3344 πρὸς
2871 3282 3209 3357 νηᾳτείανς
3247 3277 3317 3357 ἐξ·
3343 3269 3509 3357 ἦκαὶ
3534 3281 3690 3357 Δπερὶ
3732 3281 3849 3353 τῆς

2424 3347 2532 3400 τοῦ
2566 3347 2801 3413 κόσμου
2842 3347 3144 3414 γενέσεως
3173 3348 3253 3410 ὡς
3278 3349 3349 3401 ἐν
3375 3347 3657 3420 ἐπιτόμῴ.

2325 3505 2498 3569 Πολύς
2535 3507 2681 3560 ἐστιν
2713 3508 2794 3570 είς
2815 3507 3015 3562 κακίαν
3038 3507 3348 3579 εὐμήχανός
3369 3528 3428 3563 τε
3452 3513 3548 3564 καὶ
3576 3512 3851 3585 πολυτρο-

2255 3602 2524 3666 πώτατος,
2563 3600 2766 3669 μᾶλλον
2797 3601 2853 3653 δὲ
2909 3603 3280 3670 παμμήχανος
3313 3604 3340 3654 ό
3367 3604 3556 3673 νοητὸς
3579 3605 3677 3657 καὶ
3740 3609 3848 3675 ἀρ-

2253 3695 2486 3764 χέκακος
2517 3693 2660 3760 ὄφις.
2696 3691 2851 3762 Ἔχει
2891 3693 2959 3746 δι’
2986 3687 3062 3747 ὧν
3093 3694 3411 3763 ἀρχομένην
3437 3695 3722 3764 ἐμποδίζει
3748 3699 3852 3768 τὴν

2255 3786 2513 3856 πρόθεσιν
2546 3784 2700 3854 ἡμῶν
2739 3784 2836 3838 καὶ
2865 3784 2964 3854 τὴν
2989 3784 3190 3854 πρᾶξιν
3219 3787 3320 3855 τὴν
3373 3787 3587 3857 ἀγαθήν
3611 3803 3624 3816 ⁸
3664 3787 3737 3840 ἂν
3791 3791 3852 3842 δὲ

2261 3877 2335 3950 μὴ
2352 3877 2554 3948 δυνηθῇ
2579 3877 2676 3947 τὴν
2697 3876 2876 3946 ἀρχὴν
2910 3877 3202 3946 ἐμποδίσαι
3233 3877 3462 3949 ταύτην,
3487 3878 3655 3942 ἄλλας
3722 3883 3853 3933 ἐπί-

2259 3988 2450 4024 σταται
2481 3969 2751 4040 μηχανὰς,
2773 3970 2841 4022 δι’
2873 3963 2948 4024 ὧν
2989 3971 3204 4041 ἀχρειοῖ
3243 3971 3450 4041 ταύτην
3514 3974 3852 4044 ἐνεργουμέ-

2258 4079 2356 4130 νην
2376 4077 2388 4090 ·
2417 4059 2482 4114 ἂν
2504 4061 2562 4112 δὲ
2602 4060 2739 4129 μηδὲ
2772 4060 3106 4129 τελουμένην
3153 4061 3456 4129 ἀχρειῶσαι
3482 4062 3685 4132 ταύτην
3717 4069 3856 4135 περὶ

2218 4153 2327 4205 ,τὰ
2355 4152 2496 4222 μέσα
2518 4169 2619 4205 που
2674 4153 2903 4222 δυνηθῇ,
2938 4153 3102 4206 πάλιν
3154 4152 3321 4221 ἔτερα
3379 4156 3693 4224 σοφίσματα
3758 4158 3856 4208 καὶ

2221 4280 2224 4282 ~
2259 4249 2497 4316 τρόπους
2525 4247 2747 4316 ἐτέρους
2777 4242 2908 4310 οἶδε,
2944 4247 3012 4298 δι’
3041 4239 3117 4299 ὧν
3152 4247 3246 4301 καὶ
3271 4248 3659 4300 τελειωθείσαν
3683 4251 3855 4300 ὲκκε-
3901 4301 3907 4314 ,

2261 4343 2342 4391 νοί
2373 4338 2577 4408 ταύτην
2598 4341 2692 4390 καὶ
2740 4338 2945 4407 ἀκερδῆ
2995 4339 3311 4410 καθίστησι,
3373 4339 3578 4408 μᾶλλον
3635 4341 3694 4392 δὲ
3755 4343 3856 4395 καὶ

2262 4431 2555 4500 ἐπιζήμιον
2596 4432 2709 4492 τοῖς
2734 4431 2808 4499 μὴ
2861 4433 3002 4483 πάνυ
3056 4434 3407 4500 προσέχουσι.
3463 4433 3570 4483 Καὶ
3631 4432 3858 4502 πρῶτον

577 4551 704 4606 inde
734 4548 976 4602 animum
1006 4541 1210 4611 dejicit,
1241 4538 1681 4604 desperationem
1717 4533 1864 4586 ducit
1896 4542 2145 4600 tauquam

2269 4525 2365 4594 μὲν
2395 4525 2455 4575 τὸ
2478 4523 2736 4575 ἐπίπονον
2800 4525 2895 4575 καὶ
2967 4523 3415 4594 δυσκατόρθωτον
3472 4524 3858 4588 ὑποδείκνυσι,

575 4643 803 4700 molesta
857 4649 909 4694 et
964 4631 1319 4703 impossibilia
1346 4627 1682 4682 teutantibus
1721 4626 1813 4695 qui
1855 4639 1960 4677 non
2001 4635 2154 4693 pote-

579 4750 703 4789 runt
735 4730 1073 4803 propositum
1112 4725 1178 4778 ad
1213 4723 1418 4777 exitum
1449 4720 1738 4773 adducere.
1773 4718 1998 4786 Insuper
2023 4716 2160 4770 ditii-

580 4829 821 4882 deutiam
849 4823 1020 4892 gignit
1062 4821 1126 4874 de
1174 4815 1412 4886 pranniis
1445 4829 1477 4866 a
1512 4812 1618 4865 Deo
1653 4812 1995 4866 certantibus
2031 4825 2159 4879 pro-

586 4921 791 4974 missis.

657 5095 764 5151 Nos
790 5109 936 5157 vero,
973 5091 1191 5152 fratres,
1220 5104 1318 5159 per
1348 5089 1660 5141 virilitatem
1695 5087 1886 5151 animi,
1919 5101 2012 5155 per
2041 5083 2154 5140 for-

585 5187 870 5244 titudinem
903 5194 958 5236 et
989 5182 1189 5252 ﬁdem,
1226 5181 1447 5248 laqueos
1491 5179 1624 5232 istos
1662 5176 2156 5246 tran-grediamur,

589 5291 770 5336 mente
799 5286 1113 5346 reputantes
1135 5273 1276 5343 quod
1307 5288 1407 5326 nec
1433 5285 1573 5324 terra
1609 5271 1729 5324 sine
1761 5268 2161 5336 laborejucttu-

585 5376 682 5429 dos
711 5370 814 5425 l'ert
843 5369 1080 5432 fructus,
1107 5382 1208 5420 nec
1241 5366 1417 5419 anima
1443 5365 1562 5417 siue
1598 5364 1758 5416 luetis
1786 5359 2165 5430 spiritualibus

587 5465 884 5535 quidquam
936 5461 1047 5516 Deo
1121 5469 1336 5530 gratum
1389 5467 1443 5512 et
1497 5456 1739 5510 salutare
1785 5466 2155 5521 asscquetur;

659 5635 704 5667 ⁸⁰
728 5634 829 5689 Job
853 5649 998 5700 snt,
1035 5635 1081 5689 l.
1159 5635 1202 5664 ⁸³
1233 5633 1373 5688 Psa..
1409 5646 1576 5691 Lxxu,
1608 5626 1698 5680 27.

1857 5695 1892 5729 0,

2264 4619 2359 4669 καὶ
2381 4615 2656 4686 ρᾳθυμίαν
2713 4614 2965 4667 ἐντεῦθεν
3012 4617 3146 4684 ἡμῖν
3193 4617 3416 4684 ἐμποιεῖ
3469 4618 3565 4669 καὶ
3627 4618 3862 4671 ἀνελπι-

2267 4708 2442 4773 στίαν,
2479 4707 2554 4767 ὡς
2583 4707 2864 4769 δυσκόλοις
2915 4710 3006 4759 καὶ
3057 4708 3341 4768 ἀδυνάτοις
3393 4709 3863 4779 ὲπιχειροῦσι,διὸ

2272 4799 2408 4868 μηδὲ
2435 4799 2823 4869 δυνησομένοις
2845 4803 2925 4860 είς
2954 4801 3114 4869 ἔργον
3145 4803 3388 4870 ἐνεγκεῖν
3422 4807 3521 4870 τὴν
3550 4803 3817 4872 πρόθεσιν
3837 4821 3856 4838 ο

2269 4896 2426 4948 suae
2458 4897 2552 4948 καὶ
2618 4896 2881 4949 ἀπιστίαν
2944 4897 3180 4950 ἐντίκτει
3238 4899 3347 4950 τῶν
3417 4899 3861 4969 ἐπηγγελμένων

2271 4989 2426 5059 παρὰ
2449 4989 2584 5041 Θεοῦ
2609 4992 2720 5051 τοῖς
2753 4989 3174 5059 ἀγωνιζομένοις
3203 4991 3496 5060 βραϐείων.

2356 5083 2496 5135 Ἀλλ’
2524 5085 2707 5153 ἡμεῖς,
2741 5083 2984 5152 ἀδελφοὶ,
3017 5084 3105 5136 διὰ
3124 5085 3221 5152 τῆς
3265 5086 3407 5136 κατὰ
3427 5083 3609 5152 ψυχὴν
3631 5083 3866 5153 ἀνδρίας

2272 5177 2367 5230 καὶ
2391 5175 2702 5246 προθυμίας
2757 5179 2853 5230 καὶ
2897 5178 3156 5239 πίστεως,
3207 5177 3308 5246 τῆς
3367 5175 3597 5242 παγίδος
3647 5175 3866 5244 ταύτης

2274 5265 2701 5335 ὑπεραρθῶμεν,
2722 5266 2812 5318 ἐπὶ
2841 5263 2963 5316 νοῦν
2995 5265 3252 5326 λαϐόντες
3282 5266 3358 5322 ὡς
3415 5264 3538 5315 οὔτε
3562 5265 3632 5333 γῆ
3685 5270 3867 5334 χωρὶς

2276 5361 2538 5429 καμάτων
2559 5358 2900 5429 εὐχρήστους
2931 5358 3222 5409 ἀναδίδωσι
3244 5358 3372 5418 τοὺς
3423 5357 3694 5425 καρποὺς,
3729 5354 3864 5408 οὔτε

2267 5451 2414 5520 ψυχὴ
2445 5452 2615 5520 χωρὶς
2640 5450 2867 5518 ἀγώνων
2898 5451 3289 5518 πνευματικῶν
3347 5447 3594 5517 θεοφιλές
3649 5465 3706 5501 τι
3760 5449 3868 5502 καὶ

649 5791 719 5853 (l)
750 5792 880 5842 llauc
899 5791 1151 5842 homiliam
1182 5802 1290 5838 cum
1316 5785 1426 5834 aliis
1452 5797 1627 5833 novem
1654 5798 1712 5831 ex
1750 5782 1856 5832 cod.
1906 5743 2187 5844 Musquens.
2215 5780 2315 5843 jam
2341 5777 2566 5829 ediderat
2601 5775 2715 5827 Chr.
2767 5777 2901 5827 Frid.
2927 5777 3164 5836 Matthzei,
3193 5775 3407 5837 Mosquae
3437 5776 3572 5838 1776,
3617 5776 3688 5825 8°.
3713 5775 3870 5833 Εοιτ.

587 5854 686 5907 ΡΜ
693 5869 741 5909 Ρη
