4090 6456
551 374 626 442 79
1784 370 2167 437 GREGORII
2205 362 2529 434 rauim
3728 363 3797 437 eo

555 502 720 561 agens
752 466 1016 558 jejunium
1063 485 1230 558 (ista,
1270 498 1475 557 quaeso.
1530 485 1824 552 attendite,
1855 488 2125 540 adhaerete

2244 502 2327 554 την
2362 482 2774 555 ἐργαζομένοις,
2810 483 2933 538 ὅσον
2996 480 3114 536 ἐστὶ
3169 480 3230 535 τὸ
3261 468 3474 551 ὄφελοςς
3529 480 3725 548 ἔδειξεν
3767 484 3794 536 ὁ

559 581 740 640 hodie,
776 580 1068 648 adjuvante
1118 589 1361 649 tempore
1392 618 1408 643 ,
1446 578 1614 649 Moysi
1670 582 1722 633 in
1770 588 2003 633 montem
2054 580 2118 632 ad

560 671 727 723 Deum
762 668 1074 723 ascendenti
1127 680 1184 723 ut
1225 669 1343 738 ejus
1375 671 1663 738 prazcuntis
1714 669 1965 740 exemplo
1996 685 2131 724 con-

559 765 881 817 scendentes
904 760 1425 831 aliquandoChristo
1447 764 1826 833 adjungamur,
1846 762 1992 816 eunti
2024 777 2129 815 non

557 857 776 925 quidem
829 853 881 907 in
935 864 1197 914 montem,
1236 856 1329 908 scd
1386 855 1439 907 in
1499 856 1718 918 caelum,
1779 854 1921 909 unde
1975 853 2132 908 nobis

559 946 894 999 certantibus
944 944 1294 1013 auxiliatur},
1350 942 1585 1015 Moyses,
1645 946 1887 1012 inquam,
1948 942 2133 996 obser-

562 1047 683 1091 vato
718 1038 1075 1105 quadraginta
1106 1035 1320 1090 dierum
1365 1036 1594 1105 jejunio,
1636 1037 1688 1089 in
1724 1035 1884 1102 facie,
1936 1048 2044 1087 non
2078 1034 2130 1087 in

557 1131 868 1199 mruignnate,
912 1141 969 1180 ut
1010 1130 1269 1198 scriptum
1317 1129 1538 1197 legitur,
1591 1128 1757 1181 Deum
1801 1127 1967 1190 videt,
2007 1140 2130 1180 cum

559 1223 653 1278 illo
679 1232 1039 1277 conversatur
1064 1232 1119 1275 et
1148 1221 1501 1290 colloquitur,
1534 1223 1679 1275 sicut
1734 1221 1946 1273 amicus
2003 1233 2128 1273 cum

559 1315 737 1367 amico
764 1312 1171 1378 confabulatur,
1209 1327 1237 1365 a
1273 1309 1383 1366 Deo
1419 1311 1647 1365 docetur
1680 1320 1730 1366 et
1781 1311 1896 1380 ipse
1936 1309 2133 1365 deinde

559 1408 715 1462 dooet
752 1421 941 1461 omnes
982 1422 1106 1460 suos
1153 1404 1492 1459 contribules
1538 1405 1682 1473 quod
1728 1403 1868 1457 Deus
1900 1413 1985 1459 est
2036 1403 2133 1474 qtti

559 1515 774 1569 semper
799 1509 900 1560 est.
940 1501 1026 1568 qui
1061 1500 1126 1552 ad
1161 1500 1389 1552 nihilum
1422 1514 1533 1552 non
1568 1498 1763 1561 tenuit,
1796 1498 1890 1552 sed
1927 1511 2129 1553 vocans

558 1605 624 1646 ea
660 1605 780 1658 quae
821 1605 926 1644 non
960 1601 1085 1643 sunt
1118 1600 1376 1659 tanquam
1409 1606 1471 1643 ea
1500 1605 1621 1658 quae
1649 1598 1801 1652 sunt,
1835 1599 1889 1644 et
1918 1603 1980 1644 ea
2005 1603 2127 1659 qua:

560 1700 667 1736 non
702 1693 827 1737 sunt
857 1686 1067 1737 adesse
1100 1697 1421 1753 provocatus.
1458 1697 1559 1735 nec
1598 1682 1649 1735 itt
1702 1683 1981 1737 interitum
2031 1697 2134 1734 uno

559 1791 718 1844 quam
766 1778 1036 1845 lapsurus,
1067 1775 1156 1844 qui
1198 1776 1397 1843 spiritu
1427 1785 1483 1830 et
1514 1789 1658 1828 mera
1692 1774 1990 1828 voluntatis
2015 1774 2132 1828 vir-

565 1878 679 1921 tute
733 1868 1042 1919 universam
1096 1867 1506 1922 innumerorum
1549 1866 1843 1921 visibilium
1894 1865 2129 1919 creatio-

562 1976 680 2013 nem
711 1976 740 2012 e
772 1961 940 2012 nihilo
966 1960 1170 2013 eduxit.
1198 1958 1475 2026 Scriptura
1500 1959 1677 2015 enim:
1706 1977 1723 2010 ι
1756 1958 1812 2012 lu
1843 1959 2133 2028 principio,

559 2054 714 2117 dicit,
748 2053 885 2106 Deus
916 2052 1121 2106 creavit
1158 2054 1353 2106 cmlmu
1388 2061 1441 2106 et
1483 2064 1684 2106 terram
1714 2049 1782 2119 ⁸³,
1812 2070 1830 2102 ι
1874 2068 1977 2105 non
2013 2066 2134 2105 om-

557 2145 691 2196 nino
737 2155 956 2194 vacuam
1000 2154 1100 2194 nec
1149 2142 1328 2195 omnis
1381 2141 1625 2194 misltlrae
1662 2151 1964 2209 expertem.
2000 2137 2131 2192 Nam

559 2229 717 2299 aquis
766 2241 910 2285 terra
966 2230 1383 2284 immiscebatur
1419 2240 1473 2283 et
1508 2241 1738 2299 utraque
1786 2230 1969 2298 gravis
2015 2239 2135 2285 erat

569 2338 721 2388 aere,
764 2324 1126 2389 omnibusque
1167 2323 1481 2377 animalium
1511 2324 1938 2393 plantat-umque
1965 2338 2134 2393 gene-

564 2417 751 2481 ribus;
787 2415 986 2468 cwlum
1013 2429 1140 2468 vero
1166 2415 1380 2483 plenum
1411 2415 1706 2468 luminibus
1735 2414 2059 2485 lgnibnsilue
2083 2414 2132 2469 in

564 2509 762 2576 quibus
792 2517 960 2562 totunt
1008 2510 1315 2563 constabat.
1351 2509 1443 2563 Sic
1476 2508 1638 2578 igitur
1669 2510 1877 2565 creavit
1911 2507 2051 2563 [hius
2082 2511 2133 2563 in

564 2600 834 2672 principio
863 2600 1062 2654 malum
1097 2610 1150 2653 et
1176 2609 1383 2655 terram
1411 2611 1670 2669 tanquam
1696 2605 1980 2656 materiam
2016 2616 2136 2654 um-

567 2694 716 2747 nium
754 2693 1051 2746 formarum
1103 2706 1378 2762 capacem,
1417 2693 1508 2761 qui
1540 2695 1779 2762 potentia
1817 2696 2135 2748 universum

570 2798 835 2839 terrarum
859 2786 1044 2838 orbem
1074 2784 1176 2838 lert
1196 2785 1382 2852 procul
1406 2788 1564 2841 docte
1582 2786 1709 2840 reda
1720 2801 2031 2856 rguens‘eos
2044 2791 2136 2858 qui

568 2885 911 2929 autumareut
944 2874 1224 2926 materiam
1249 2889 1278 2926 a
1314 2889 1372 2927 se
1408 2875 1521 2943 ipsa
1553 2875 1832 2942 accepisse
1861 2878 2138 2930 exsisten-

569 2968 719 3019 tiam.
768 2962 972 3019 Deinde
1029 2967 1093 3017 ad
1149 2976 1531 3017 ornamentum
1591 2964 1801 3027 mundi,
1854 2967 2135 3033 proprium

566 3059 765 3126 cuique
798 3066 854 3111 et
882 3058 1294 3112 convenientem
1322 3058 1565 3112 ordinem
1615 3058 1715 3127 ipsi
1761 3061 2136 3126 praesentium,

2235 580 2497 649 Μωῦσῆς,
2533 581 2561 632 δ
2605 577 2813 642 Ἠλίας,
2844 576 3057 640 αὐτδςό
3108 573 3343 645 Κύριοςο
3394 574 3641 645 Μωῡσῆς
3707 575 3800 644 μὲν

2236 671 2341 741 γάρ
2376 670 2723 740 πολυήμερον
2762 668 3016 738 νηστείαν
3038 665 3208 734 ἄγων.
3257 663 3419 718 Ἀλλὰ
3480 664 3800 736 διεγείρατε,

2235 760 2559 830 παρακαλῶ,
2581 760 2678 829 τὴν
2702 759 2975 829 ὑμετέραν
3035 754 3296 821 διάνοιαν,
3329 757 3426 810 καὶ
3492 757 3799 826 συνανυψὼε

2235 868 2363 905 σατε
2390 851 2506 918 νῦν,
2539 851 2631 905 τοῦ
2664 851 2860 920 καιροῦ
2891 849 3150 916 διδόντος,
3204 852 3324 913 ταῖς
3366 848 3460 903 τοῦ
3529 850 3802 911 Μωῦσέως

2232 942 2324 996 ἐπ’
2353 943 2512 1012 ὅρους
2543 944 2678 1014 πρὸς
2707 943 2839 996 Θεὸν
2870 943 3220 1006 ἀναϐάσεσιν,
3251 943 3339 996 ἵνα
3365 943 3433 995 δι’
3460 941 3646 995 αὐτῶν
3687 942 3801 995 καθ’

2233 1033 2351 1088 ὁδον
2376 1030 2532 1096 αὖθις
2558 1030 3020 1097 ἐπαναϐαίνοντες
3077 1033 3504 1104 συνανυψωθῆτε
3568 1032 3803 1105 Χριστῷ,

2241 1127 2440 1197 μηκέτι
2477 1126 2610 1196 πρὸς
2638 1127 2786 1195 ὅρος,
2809 1126 2945 1180 ἀλλὰ
2979 1126 3114 1198 πρὸς
3162 1126 3398 1194 οὐρανὸν
3460 1128 3667 1181 ἀνιόντι
3716 1129 3806 1181 καὶ

2232 1221 2383 1289 ἡμᾶς
2409 1219 2819 1288 συναπαίροντι.
2844 1217 3087 1287 Μωῦσῆς
3128 1218 3229 1288 μὲν
3282 1216 3379 1271 οὖν
3437 1234 3806 1290 τεσσαρακον-

2234 1306 2475 1378 θήμερον
2497 1305 2756 1377 νηστείαν
2795 1306 2882 1358 ἐπ’
2904 1306 3033 1375 ὅρος
3065 1306 3235 1375 ἄγων,
3269 1307 3327 1360 ἐν
3370 1307 3503 1361 εἴδει
3524 1309 3620 1362 καὶ
3647 1310 3708 1362 οὗ
3742 1300 3808 1362 διδ

2234 1399 2594 1469 αίνιγμάτων,
2638 1399 2778 1452 κατά
2828 1398 2892 1451 τὸ
2926 1399 3334 1471 γεγραμμένον,
3362 1400 3465 1471 ὁρᾷ
3500 1399 3636 1454 Θεόν
3657 1416 3672 1432 ·
3722 1404 3808 1455 καὶ

2234 1495 2411 1565 ὁμιλεῖ
2437 1495 2611 1565 τούτῳ
2644 1496 2737 1547 καὶ
2778 1493 3096 1562 προσθλαλεῖ,
3150 1493 3406 1565 καθάπερ
3430 1494 3485 1547 εί
3506 1513 3591 1558 τις
3643 1494 3810 1567 λαλή-

2236 1602 2317 1639 σει
2348 1586 2483 1657 πρὸς
2506 1586 2596 1639 τὸν
2630 1584 2822 1638 ἑαυτοῦ
2847 1584 3018 1653 φίλον,
3031 1576 3128 1639 καὶ
3169 1584 3428 1654 μανθάνει
3472 1584 3626 1657 παρά
3654 1584 3814 1650 Θεοῦ,

2233 1679 2330 1732 καὶ
2350 1678 2590 1731 διδάσκει
2620 1679 2828 1741 πάντας
2879 1679 3007 1747 περὶ⁵
3034 1676 3318 1740 αὖτοῦ,ὼς
3372 1676 3535 1741 αὑτός
3590 1681 3739 1731 ἐστιν
3787 1681 3813 1733 ό

2236 1769 2323 1823 ἀεὶ
2353 1768 2449 1835 ὢν,
2479 1770 2573 1822 καὶ
2604 1768 2739 1838 πρὸς
2766 1769 2826 1820 τὸ
2850 1768 2925 1838 μὴ
2952 1767 3013 1821 δν
3043 1768 3142 1821 οὐκ
3176 1767 3291 1834 ίὼν,
3323 1767 3460 1821 ἀλλὰ
3491 1768 3587 1821 καὶ
3637 1769 3710 1822 τά
3740 1769 3816 1839 μὴ

2236 1861 2365 1916 ὄντα
2394 1863 2469 1925 ὡς
2504 1862 2636 1915 ὄντα
2662 1859 2865 1925 καλῶν,
2907 1861 3003 1914 καὶ
3030 1859 3094 1913 ἐκ
3144 1861 3219 1933 μὴ
3282 1860 3454 1915 ὄντων
3510 1860 3583 1914 τά
3640 1861 3815 1915 πάντα

2237 1954 2600 2026 παραγαγὼν,
2632 1954 2726 2008 καὶ
2754 1953 2890 2025 πρὸς
2912 1954 2977 2007 τὸ
3032 1950 3107 2024 μὴ
3128 1951 3187 2006 ὃν
3211 1953 3491 2007 διαπεσεῖν
3537 1954 3638 2007 οὐκ
3690 1953 3813 2007 ἐῶν.

2245 2048 2341 2109 ’ος
2365 2046 2581 2117 πρῶτον
2611 2045 2710 2115 μὲν
2759 2044 2992 2113 νεύματι
3053 2043 3151 2097 καὶ
3200 2042 3468 2114 θελήματι
3529 2044 3680 2114 μόνῳ
3721 2043 3816 2114 τὴν

2235 2139 2504 2211 αίσθητὴν
2551 2140 2732 2193 κτίσιν
2787 2136 3086 2209 σύμπασαν
3135 2135 3339 2207 ἀθρόαν
3382 2136 3442 2202 ἐξ
3492 2138 3592 2192 οὐκ
3644 2137 3819 2192 ὅντων

2236 2232 2588 2302 προήγαγεν·
2641 2250 2661 2283 ι
2713 2230 2803 2283 Ἐν
2850 2231 2995 2302 ἀρχῇ
3043 2228 3176 2300 γάρ,
3235 2230 3423 2299 φησὶν,
3478 2229 3743 2301 ἐποίησεν
3791 2230 3817 2281 ὁ

2235 2323 2366 2386 Θεὸς
2385 2327 2478 2375 τὸν
2515 2323 2745 2395 οὐρανὸν
2778 2324 2875 2376 καὶ
2899 2322 3003 2392 τὴν
3034 2323 3168 2392 γῆν
3217 2340 3236 2373 ι
3298 2323 3358 2375 οὐ
3380 2321 3633 2375 διάκενον
3683 2323 3817 2375 πάνθ

2237 2434 2366 2483 τως,
2392 2417 2504 2471 οὐδ’
2538 2416 2667 2469 ἄνευ
2703 2416 2881 2486 πάντη
2916 2415 3025 2468 τῶν
3093 2415 3296 2483 μεταξὺ
3349 2415 3603 2469 πάντων·
3670 2413 3819 2467 ὕδατι

2241 2511 2339 2581 μὲν
2369 2509 2473 2581 γὰρ
2495 2508 2701 2577 ἀναμὶξ
2727 2504 2795 2580 ἦν
2823 2510 2855 2577 ἠ
2889 2509 2981 2579 γῆ,
3021 2508 3293 2576 κυοφόρον
3322 2506 3378 2560 δέ
3404 2507 3672 2575 ἑκάτερον
3721 2504 3811 2559 ἀέ-

2241 2617 2332 2674 ρος
2364 2620 2423 2655 τε
2452 2602 2674 2678 καὶτῶν
2709 2601 2833 2654 κατ’
2866 2595 3004 2665 εἶδος
3027 2600 3184 2664 ζώων
3214 2617 3272 2653 τε
3310 2600 3407 2653 καὶ
3457 2601 3670 2669 φυτῶν,
3708 2601 3734 2653 ὁ
3760 2597 3821 2654 δι

2237 2692 2460 2765 ούρανὺς
2492 2693 2600 2745 τῶν
2628 2691 2905 2762 διαφόρων
2940 2693 3139 2761 φώτων
3165 2708 3220 2744 τε
3251 2695 3347 2744 καὶ
3393 2693 3599 2761 πυρῶν,
3628 2694 3689 2745 ἐν
3742 2685 3820 2755 οἷς

2239 2788 2300 2840 τὺ
2321 2786 2546 2854 σύμπαν
2571 2784 2903 2855 ὑφέστηκεν.
2940 2785 3131 2848 Οὕτως
3164 2780 3259 2838 οὖν
3313 2785 3573 2854 ἐποίησεν
3605 2784 3635 2836 ὁ
3689 2784 3819 2846 Θεὸς

2240 2882 2299 2931 ἐν
2329 2880 2470 2950 ἀρχῇ
2498 2878 2591 2930 τὸν
2617 2878 2848 2947 οὐρανὸν
2893 2880 2986 2930 καὶ
3008 2877 3107 2948 τὴν
3163 2879 3284 2946 γῆν,
3337 2871 3451 2931 οἷόν
3515 2895 3639 2931 τινα
3692 2878 3822 2948 ὓλην

2242 2969 2479 3039 πανδεχῆ
2533 2968 2627 3020 καὶ
2675 2968 2903 3036 δυνάμει
2930 2968 2999 3021 τά
3055 2970 3235 3021 πάντα
3291 2967 3586 3037 φέρουσαν,
3648 2968 3824 3028 καλῶς

2244 3063 2528 3133 πόρρωθεν
2556 3060 2951 3132 άπορῥαπίζων
2977 3060 3103 3124 τοὺς
3154 3060 3279 3114 καθ’
3335 3061 3533 3132 ἑαυτὴν
3578 3065 3822 3133 προῦφε-

567 3159 624 3204 et
663 3149 919 3203 mundum
949 3149 1357 3204 couticientiuin
1397 3153 1451 3204 in
1501 3166 1599 3204 sex
1647 3151 1835 3206 diebus
1884 3152 2137 3217 absolvit,

2245 3152 2502 3220 πηκὲναι
2539 3152 2637 3222 τὴν
2667 3152 2800 3217 ὓλην
2821 3151 3009 3215 κακῶς
3028 3151 3372 3220 νομίζοντας.
3399 3149 3529 3204 Εἶτα
3561 3152 3814 3222 καλλιερ-
3876 3166 3883 3171 '

569 3242 798 3312 singulis
830 3242 944 3296 sola
976 3243 1250 3296 voluntate
1284 3242 1562 3307 discretis,
1600 3244 1747 3297 velut
1781 3260 1845 3298 ex
1870 3246 2142 3301 thesauris

569 3335 900 3388 absconditis
930 3334 1167 3387 educens
1215 3344 1594 3405 congestorum
1621 3336 1860 3405 species,
1890 3351 2025 3405 quas
2054 3353 2144 3393 se-

571 3430 810 3482 cundum
858 3427 1236 3497 symmetriam
1286 3438 1341 3481 et
1389 3425 1774 3495 perfectionem
1807 3435 1862 3481 et
1892 3439 2144 3482 naturam

571 3521 977 3573 discriminatas
998 3520 1292 3583 coadunat,
1337 3519 1458 3572 aliis
1496 3529 1716 3588 propter
1745 3520 1873 3586 alia,
1916 3521 2146 3591 singulis

573 3621 792 3681 promer
823 3621 1021 3676 totum,
1055 3621 1106 3665 et
1161 3620 1273 3664 toto
1307 3621 1526 3679 propter
1573 3611 1789 3681 singula
1835 3613 2143 3679 ordinatis;

573 3706 718 3759 circa
754 3712 951 3758 terram
1005 3706 1310 3768 immotam,
1351 3705 1498 3756 velut
1548 3706 1694 3757 circa
1742 3696 1989 3761 centrum
2039 3709 2146 3761 cir-

573 3797 854 3866 cumponit
872 3796 937 3847 ad
963 3796 1131 3850 instar
1154 3796 1343 3848 circuli
1368 3795 1595 3861 excelsi,
1615 3804 1670 3849 et
1700 3799 1976 3866 sapienter
2011 3812 2145 3852 con-

566 3888 966 3959 jungitcmlum
988 3887 1131 3956 quod
1155 3890 1390 3955 quietem
1422 3890 1616 3952 nescit,
1644 3900 1701 3942 ut
1741 3890 1879 3942 idem
1918 3890 2148 3943 mundus

575 3995 789 4050 semper
820 3989 1033 4034 maneat
1065 3980 1277 4033 mobilis
1321 3979 1483 4033 simul
1512 3991 1565 4033 et
1593 3979 1865 4034 volubilis.
1896 3977 2025 4032 Nam
2066 3981 2142 4031 ir-

576 4074 839 4145 requietis
891 4083 945 4127 et
991 4072 1317 4127 volubilibus
1374 4073 1679 4126 circulatim
1733 4072 2139 4141 circumpositis

576 4167 919 4237 corporibus,
954 4180 1178 4221 necesse
1222 4175 1343 4217 erat
1394 4165 1672 4219 immobile
1703 4165 1934 4218 mediam
1964 4176 2150 4220 tenere

582 4259 856 4327 regionem
882 4257 1041 4327 quasi
1065 4256 1338 4309 contrario
1373 4255 1612 4323 pondere
1641 4266 1820 4309 motus
1852 4256 2150 4312 stabilitate

579 4351 803 4405 librctur
838 4352 908 4403 ita
944 4358 1001 4403 ut
1035 4351 1207 4403 instar
1241 4348 1472 4420 cylindri
1526 4347 1759 4402 mundus
1788 4363 1951 4409 suam.
1976 4350 2151 4419 sphae-

578 4461 693 4497 ram
721 4457 995 4510 nunquam
1028 4440 1477 4508 trauSgrediatur.

2245 3246 2359 3315 γῶν
2392 3250 2488 3301 καὶ
2517 3247 2611 3300 τὸν
2638 3247 2846 3317 κόσμον
2874 3246 3219 3317 ἐπικοσμῶν,
3253 3245 3353 3313 τὴν
3417 3246 3629 3300 οίκείαν
3694 3247 3821 3300 ἐκάά

2246 3358 2357 3411 στῳ
2391 3342 2487 3396 καὶ
2517 3340 2905 3412 προσήκουσαν
2934 3337 3086 3404 τάξιν
3120 3339 3229 3392 τῶν
3291 3340 3609 3408 προσόντων
3675 3336 3825 3405 αὐτῷ

2246 3434 2342 3486 καὶ
2373 3430 2847 3501 συμπληρούντων
2876 3429 2969 3483 τδν
2993 3428 3158 3482 αὐτοῦ
3183 3429 3389 3498 κόσμον
3410 3431 3466 3482 ἐν
3499 3428 3558 3495 ἐξ
3587 3432 3823 3500 ἡμέραις

2245 3523 2505 3593 διένειμε,
2553 3521 2851 3594 διακρίνων
2911 3521 3147 3575 ἕκαστον
3210 3521 3595 3592 προστάγματι
3655 3525 3827 3593 μόνῳ,

2246 3617 2339 3667 καὶ
2375 3613 2628 3684 καθάπερ
2659 3614 2723 3666 ὲκ
2753 3613 3044 3682 θησαυρῶν
3071 3612 3356 3667 ἀποθέτων
3387 3612 3600 3682 ἐξάγων
3640 3617 3720 3679 είς
3751 3610 3828 3667 εἷ-

2244 3707 2335 3761 δο;
2363 3708 2430 3759 τά
2462 3706 2777 3759 ἐντεθέντα·
2805 3706 3064 3768 διατιθείς
3091 3723 3149 3757 τε
3200 3708 3293 3759 καὶ
3330 3706 3604 3769 συντεθεὶς
3666 3710 3826 3777 ἐναρ-

2254 3800 2451 3869 μονίως
2475 3800 2657 3869 ἄκρως
2691 3800 2784 3851 καὶ
2823 3799 3120 3868 προσφυῶς
3147 3798 3275 3852 ἄλλο
3308 3799 3446 3868 πρὸς
3510 3799 3640 3852 ἄλλο
3705 3798 3827 3851 τού-

2250 3909 2377 3956 των,
2409 3892 2639 3943 ’ἐκαστόν
2691 3905 2748 3942 τε
2801 3890 2939 3959 πρὸς
2998 3889 3198 3953 πάντα,
3256 3889 3351 3943 καὶ
3405 3889 3540 3958 πρὸς
3592 3888 3829 3942 ἕκαστον

2250 3981 2487 4035 ἅπαντα.
2527 3982 2634 4034 Καὶ
2656 3982 2721 4051 τῇ
2755 3979 2852 4048 μὲν
2882 3979 3126 4050 ἀκινήτῳ
3156 3981 3225 4048 γῇ
3258 3979 3513 4047 καθάπερ
3560 3980 3668 4029 τινὶ
3703 3978 3823 4030 κέν-

2250 4089 2364 4142 τρῳ
2396 4074 2692 4145 περιτιθεὶς
2725 4073 2985 4140 ἀνωτάτω
3014 4071 3222 4139 κύκλῳ,
3246 4071 3339 4124 καὶ
3374 4071 3582 4122 συνδῶν
3627 4070 3832 4123 πανσό-

2253 4183 2367 4234 φως
2397 4165 2483 4217 διὰ
2517 4164 2626 4217 τῶν
2667 4165 2847 4234 μέσων
2877 4166 2967 4217 τὸν
3008 4164 3323 4234 ἀεικίνητον
3381 4163 3633 4235 οὐρανὸν,
3700 4163 3768 4216 ἵν’
3800 4165 3829 4213 ὁ

2252 4258 2414 4319 αὐτὸς
2460 4257 2690 4327 διαμένῃ
2727 4258 2929 4325 κόσμος
2957 4256 3127 4318 ἑστὼς
3156 4254 3293 4327 ὁμοῦ
3314 4256 3418 4309 καὶ
3471 4256 3792 4327 κινούμενος
3815 4272 3829 4287 ⁶

2256 4350 2438 4420 πάντη
2470 4353 2580 4417 γάρ
2619 4349 2802 4419 κύκλῳ
2825 4350 2933 4402 τῶν
2965 4350 3291 4420 ἀεικινήτων
3323 4350 3418 4401 καὶ
3445 4352 3828 4419 ταχυκινήτων

2255 4439 2396 4508 ἄγαν
2438 4439 2707 4508 σωμάτων
2736 4456 2798 4491 πε
2811 4440 3151 4508 ριτεοέντων,
3178 4439 3235 4490 τὸ
3267 4438 3523 4506 ἀκίνητον
3552 4434 3614 4502 ἐξ
3662 4439 3834 4505 ἀνάγ-

578 4550 682 4603 κης
720 4534 818 4603 τὴν
848 4533 1019 4602 μέσην
1052 4530 1211 4600 ἔλαχε
1241 4526 1446 4598 χώραν,
1507 4527 1835 4600 ἀντίρροπον
1864 4533 1931 4602 τῇ
1984 4532 2200 4601 κινήσει
2257 4534 2358 4602 τὴν
2424 4533 2614 4585 στάσιν
2658 4532 2798 4601 ἔχον,
2827 4529 2904 4592 ὡς
2928 4530 3034 4601 33
3062 4531 3137 4602 μὴ
3171 4535 3515 4602 μεταχωρεῖν
3542 4532 3834 4603 κυλίνδρου

575 4628 732 4696 δίκην
756 4628 854 4696 τὴν
887 4625 1227 4692 παγκὸσμιον
1252 4624 1504 4691 σφαῖραν.

653 4717 824 4791 Igitur
876 4716 1120 4770 universi
1183 4714 1381 4768 ﬁnibus
1427 4714 1768 4769 extrinsecus
1821 4716 1890 4771 ab
1942 4719 2139 4788 optimc

2328 4715 2600 4786 τοιαύτην
2629 4715 2694 4785 δὴ
2728 4711 2919 4779 νείμας
2955 4716 2983 4766 ὀ
3010 4714 3402 4785 άριστοτέχνης
3432 4715 3541 4767 τῶν
3575 4715 3667 4766 τοῦ
3700 4731 3834 4768 πάνυ

582 4807 785 4879 upilice
814 4805 1116 4872 dispositis,
1150 4816 1319 4857 totum
1355 4804 1509 4858 illum
1562 4805 1823 4858 mundum
1862 4806 2058 4860 mirum
2098 4810 2150 4861 itt

480 4886 487 4895 ’
582 4901 799 4954 modum
831 4898 1088 4951 stabilivit
1113 4906 1169 4950 et
1191 4902 1376 4949 movit.
1400 4897 1507 4950 Sed
1528 4897 1670 4950 inter
1695 4897 1811 4952 illos
1843 4898 1977 4953 lines
2035 4901 2144 4955 sin-

581 4993 703 5064 gula
742 4993 940 5045 iterum
996 4990 1387 5043 convenienter
1416 4991 1713 5053 distribuit,
1769 4991 1872 5044 alia
1931 4993 2151 5060 quidem

582 5078 804 5133 ordinat
856 5079 924 5131 ad
977 5076 1226 5145 regiones
1294 5079 1536 5131 excelsas
1600 5080 1999 5146 occupandum,
2062 5080 2153 5133 ubi

582 5170 981 5225 COIIVttIVUItltII‘
1006 5183 1102 5236 per
1125 5169 1420 5223 altissimos
1452 5171 1632 5222 mumli
1682 5170 1884 5225 luuites
1919 5186 2024 5225 non
2054 5172 2155 5223 mi-

585 5280 692 5319 ttus
727 5264 919 5317 ordine
938 5278 1099 5331 quant
1126 5267 1387 5330 temporis
1419 5264 1775 5317 diuturnitate
1799 5264 2162 5318 admiratione

585 5358 771 5424 digna,
801 5364 1069 5423 quatenus
1103 5355 1240 5409 levia
1270 5365 1323 5408 et
1344 5355 1540 5409 celeria
1574 5366 1627 5409 et
1656 5356 1722 5409 ad
1760 5355 2046 5409 utilitatem
2082 5357 2163 5408 in-

588 5448 848 5502 feriorum
880 5448 1151 5503 versatilia
1199 5448 1269 5501 ita
1317 5457 1505 5501 centro
1529 5448 1803 5517 sapienter
1833 5456 2075 5514 coaptata
2104 5458 2162 5502 ut

588 5539 808 5610 frigoris
825 5542 1181 5595 acerbitatem
1218 5539 1554 5595 sttﬂieieuter
1602 5550 1905 5607 temperare
1940 5554 2159 5609 niteant,

587 5644 794 5686 uecuon
820 5631 1030 5703 proprii
1061 5631 1263 5688 caloris
1295 5632 1401 5685 vim
1434 5631 1485 5684 in
1519 5631 1632 5685 suis
1664 5629 1973 5698 regionibus
2000 5648 2145 5684 cun—-

694 5813 743 5845 υ
775 5814 911 5868 Gen.
952 5815 1083 5873 1.1.
1138 5882 1145 5889 γ

2256 4808 2346 4871 τὸς
2404 4809 2658 4877 περάτων
2702 4808 2951 4877 ἐκατέρῳ
3019 4810 3119 4877 τὴν
3173 4808 3345 4871 θέσιν,
3400 4807 3492 4859 τὸν
3541 4809 3839 4875 σὲμπαντα

2256 4902 2447 4953 τοῦτον
2478 4900 2763 4969 εὐκόσμοις
2798 4901 2874 4963 ὡς
2897 4903 3073 4954 εἰπεῖν
3103 4901 3307 4970 κόσμον
3357 4900 3453 4952 καὶ
3510 4900 3679 4968 ἔπηξε
3743 4890 3839 4952 καὶ

2258 4992 2481 5062 ἐκίνησε
2506 5007 2521 5021 ’
2560 4993 2668 5045 τῶν
2697 4993 2752 5046 δέ
2794 4994 2998 5063 μεταξὺ
3032 4992 3140 5045 τῶν
3172 4994 3427 5063 περάτων
3474 4995 3680 5045 τούτων
3732 4993 3839 5045 δια-

2257 5083 2414 5151 νέμει
2439 5083 2600 5135 πάλιν
2622 5083 2685 5135 τὸ
2711 5086 2991 5154 προσῆκον
3024 5085 3260 5153 ἑκάστῳ,
3290 5085 3386 5137 καὶ
3432 5084 3497 5135 τὰ
3563 5084 3660 5151 μὲν
3723 5082 3840 5136 ἂνω

2257 5175 2460 5237 τάττει,
2491 5176 2583 5227 καὶ
2623 5191 2867 5245 μετεωρο
2881 5174 3056 5227 πολεῖν
3087 5174 3388 5238 ἐπιτάττει,
3429 5174 3524 5226 καὶ
3553 5189 3835 5242 συμπερι-

2262 5265 2444 5318 πολεῖν
2468 5266 2547 5333 τῷ
2569 5266 2837 5319 ἀνωτάτω
2869 5266 2962 5317 τοῦ
2997 5268 3200 5328 παντὶς
3229 5268 3341 5335 ὅρῳ
3368 5264 3581 5326 ταυτῶς
3611 5264 3707 5316 καὶ
3740 5280 3836 5313 κο-

2263 5357 2439 5427 σμίως
2473 5353 2532 5411 εὖ
2577 5357 2722 5426 μάλα
2755 5359 2845 5410 τὸν
2876 5358 2966 5410 ἀεὶ
2994 5359 3208 5426 χρόνον,
3232 5360 3331 5410 ὃσα
3359 5356 3536 5425 κοῦφα
3578 5359 3673 5409 καὶ
3707 5355 3838 5422 δρα-

2263 5451 2423 5501 στικὰ
2461 5449 2595 5518 πρὸς
2622 5449 2681 5500 τὸ
2713 5450 2985 5519 χρήσιμον
3020 5450 3128 5501 τῶν
3161 5451 3539 5518 ὑποκειμένων
3568 5446 3709 5500 ἐστί’
3749 5461 3840 5496 το-

2264 5541 2452 5595 σοῦτον
2479 5541 2960 5610 ὑπερανεστηκότα
2986 5540 3079 5593 τοῦ
3113 5542 3278 5608 μέσου
3314 5540 3545 5601 συνετῶς
3569 5540 3732 5603 ἄγαν,
3765 5537 3839 5593 ὡς

2260 5632 2354 5684 καὶ
2379 5631 2561 5699 τὴνεὲν
2589 5628 2768 5695 τούτῳ
2799 5629 2893 5682 τοῦ
2922 5629 3127 5700 ψύχους
3150 5630 3420 5700 ἀμετρίαν
3471 5625 3839 5698 ἀποχρώντως
