4090 6438
297 408 368 466 85

1696 403 2028 466 HOMILIA
2064 405 2164 466 VI.
2255 450 2260 455 ι

3471 383 3554 449 86·

296 520 494 587 δρόμος
531 511 612 580 εἷς
643 516 736 569 ἐπὶ
773 515 869 585 τὴν
903 514 1053 584 ίεράν
1086 516 1182 569 τοῦ
1222 515 1461 586 Χριστοῦ
1515 517 1866 587 Ἐκκλησίαν.

1994 529 2216 573 ratorum
2253 514 2406 568 turba
2436 509 2680 578 pullulat,
2714 505 2784 556 ita
2813 501 3081 571 jejunium
3116 497 3269 554 radix
3299 496 3542 552 omnium

299 610 506 675 Ὥσπερ
528 607 636 676 γὰρ
665 608 698 677 η
726 607 1135 676 γαστριμαργία
1157 609 1250 660 τὸν
1284 609 1604 680 πολυπληθῆ
1637 609 1744 662 τῶν
1763 609 1884 681 35,

299 698 711 768 ἁμαρτημάτων
761 697 929 766 ἐσμὸν
977 697 1288 764 βλαστάνει,
1341 699 1573 769 οὕτωςὴ
1649 701 1872 768 νηστεία

301 791 425 857 ῥίζα
455 789 672 841 πάντων
698 787 804 841 τῶν
823 789 1034 858 ἀρετῶν
1095 784 1356 860 ὑπάρχει,
1407 791 1502 844 καὶ
1567 792 1711 859 ἀρχὴ
1763 791 1888 845 τῶν.

302 882 464 934 θείων
511 881 762 936 ἐντολῶν.
823 882 1031 945 Ὄντως
1061 884 1094 952 ἡ
1158 883 1396 954 ἀκρασία
1435 883 1669 937 παλαιόν
1726 884 1872 936 ἐστιν

300 971 435 1040 ὁμοῦ
480 973 571 1026 καὶ
615 973 734 1026 νέον
768 973 956 1038 κακὸν,
1011 975 1177 1028 εἶκαὶ
1231 976 1330 1044 τῆς
1374 975 1704 1046 ἀντιρρόπου
1774 993 1872 1044 νη-

304 1062 488 1126 στείας
515 1064 644 1132 μηδὲ
675 1065 822 1117 κατὰ
855 1066 1047 1135 χρόνον
1081 1067 1326 1135 προέχει.
1355 1067 1454 1120 Διά
1483 1068 1582 1138 τὴν
1605 1070 1662 1120 ὲν
1690 1085 1875 1138 παρα·

301 1157 462 1228 δείσῳ
493 1159 601 1210 τῶν
655 1160 1014 1228 προπατόρων
1067 1159 1225 1230 ἡμῶν
1279 1162 1571 1230 ἀκρασίαν,
1631 1162 1725 1214 καὶ
1775 1160 1874 1232 τὴν

304 1249 423 1302 ἐκεῖ
449 1247 546 1318 τῆς
570 1250 1000 1319 προγενεστέρας
1029 1248 1287 1318 νηστείας
1333 1248 1661 1317 ὑπεροψίαν,
1708 1247 1874 1305 θάνα-

304 1357 400 1402 τος
427 1341 508 1402 είς
534 1341 623 1392 τὸν
643 1342 848 1409 κόσμον
878 1341 1118 1409 εἰσῆλθε,
1153 1340 1244 1394 καὶ
1271 1339 1620 1392 ἐϐασίλευσεν
1639 1341 1672 1409 ἡ
1694 1341 1876 1410 ἀμαρ-

305 1433 396 1493 τία
426 1435 830 1502 συνεπαγομένη
866 1432 962 1503 τὴν
997 1433 1292 1502 καταδίκην
1327 1433 1424 1503 τῆς
1452 1431 1611 1501 ἡμῶν
1661 1432 1890 1501 φύσεως¹

309 1525 417 1577 ἀπὸ
455 1523 625 1594 Ἀδὰμ
659 1524 1111 1595 μέχρινΧριστοῦ.
1142 1526 1240 1578 Διά
1272 1523 1370 1595 τὴν
1395 1526 1456 1576 ὲν
1495 1527 1562 1596 τῇ
1589 1525 1877 1595 καθ’ἠμᾶς

309 1616 597 1686 οἰκουμένῃ
625 1616 731 1669 τῶν
759 1616 1021 1686 gemat.
1047 1617 1338 1686 ἀκρασίαν,
1371 1616 1467 1670 καὶ
1490 1617 1586 1687 τὴν
1613 1619 1710 1687 τῆς
1739 1634 1876 1687 προ-

308 1708 472 1776 τέρας
505 1707 860 1777 σωφροσύνης
885 1709 1188 1778 ὑπεροψίαν
1208 1710 1234 1760 ὀ
1259 1708 1643 1778 κατακλυσμὸς
1671 1708 1876 1778 ἐπῆλθε

312 1801 463 1872 πάσῃ
483 1803 546 1870 τῇ
581 1802 671 1869 γῇ.
705 1799 770 1851 Τί
802 1800 908 1870 γάρ
935 1817 1066 1870 φησι
1093 1801 1394 1871 τηνικαῦτα
1423 1803 1558 1871 πρὸς
1611 1802 1702 1855 τὸν
1751 1803 1876 1855 Νῶε

1974 613 2232 666 virtutum
2290 611 2473 658 manet
2524 612 2577 655 et
2619 597 2943 666 principium
3001 591 3392 661 explendorum
3448 588 3543 640 Dei

1975 702 2372 756 mandatorum.
2438 695 2574 748 Vere
2615 687 3031 756 intemperantia
3092 695 3250 738 vetus
3287 693 3340 736 et
3381 681 3542 734 simul

1974 811 2171 850 novum
2196 801 2281 846 est
2341 788 2565 849 malum,
2599 784 2716 836 licet
2754 794 2998 849 tempore
3031 791 3371 846 nequaquam
3405 786 3545 824 cott-

1977 887 2202 940 trariunt
2245 879 2586 952 pra-cesserit
2646 874 2934 952 jejunium.
2981 871 3082 927 Per
3118 869 3420 935 primorum
3455 877 3548 928 pa-

1974 987 2189 1030 rentum
2216 975 2269 1026 itt
2304 971 2559 1040 paradiso
2589 963 3067 1032 intemperantiam
3105 971 3155 1012 ct
3178 957 3378 1025 print-is
3405 956 3547 1022 jeju-

1977 1068 2048 1122 nii
2079 1074 2470 1133 contemptum,
2507 1074 2651 1112 mors
2689 1055 2912 1110 intravit
2946 1055 2997 1105 in
3034 1051 3317 1110 mundum,
3357 1059 3546 1113 regna-

1977 1160 2054 1223 vit
2083 1168 2359 1228 peccatum
2395 1152 2540 1222 quod
2578 1148 2800 1203 adduxit
2837 1155 3039 1199 natura:
3100 1151 3297 1194 nostra:
3325 1140 3551 1191 damna-

1979 1252 2202 1314 tionem,
2227 1248 2293 1302 ab
2323 1245 2532 1305 Adanto
2569 1256 2742 1310 usque
2771 1240 2836 1292 ad
2867 1238 3166 1291 Christum.
3203 1232 3305 1286 Per
3344 1232 3543 1282 intem-

1977 1343 2276 1414 perantiam
2301 1350 2640 1408 posterorum
2683 1330 2875 1389 Adatni
2918 1329 2969 1382 itt
3003 1326 3191 1380 eadem
3225 1338 3288 1376 ac
3323 1337 3423 1374 nos
3445 1319 3548 1374 tel-

1978 1436 2093 1490 lure
2122 1428 2602 1488 conttuorantium,
2631 1433 2686 1479 et
2716 1436 2811 1492 per
2834 1425 3203 1486 contemptum
3229 1413 3422 1482 prioris
3453 1426 3542 1463 sa-

1981 1525 2199 1596 pientiae
2230 1521 2495 1575 diluvium
2554 1515 2802 1573 incubuit
2859 1525 3025 1581 super
3053 1521 3267 1562 onmem
3322 1515 3548 1557 terram.

1978 1592 2118 1687 Quid
2151 1617 2294 1670 enim
2329 1615 2382 1668 in
2415 1613 2504 1666 illa
2538 1613 2674 1666 hora.
2698 1606 2833 1662 dixit
2863 1603 3125 1660 Dominus
3153 1600 3218 1652 att
3248 1599 3400 1652 Noe:
3433 1592 3552 1649 Non

1980 1707 2325 1781 permanebit
2355 1705 2590 1774 Spiritus
2631 1713 2786 1754 meus
2826 1697 2879 1752 in
2935 1693 3244 1748 hominibus
3280 1687 3398 1741 istis
3421 1688 3547 1755 quia

1981 1817 2110 1857 caro
2152 1799 2319 1855 sunt?
2354 1796 2610 1862 Quaenam
2653 1789 2957 1846 carnalium
2998 1783 3201 1854 opera?
3251 1795 3429 1834 nonne
3465 1792 3556 1829 vo-

311 1892 530 1956 ό.Θεός;
569 1911 587 1944 ι
633 1894 705 1945 Οὐ
737 1895 811 1962 μὴ
836 1894 1139 1966 καταμείνῃ
1177 1896 1236 1948 τὸ
1267 1894 1488 1964 Πνεῦμα
1535 1913 1636 1964 μου
1661 1899 1718 1947 ἐν
1769 1897 1878 1958 τοῖς

1994 1896 2185 1948 raeitas
2217 1901 2269 1944 et
2297 1890 2534 1946 ebrietas
2555 1897 2609 1938 et
2637 1884 2943 1948 voluptates
2972 1889 3024 1932 et
3056 1877 3196 1930 mala
3226 1889 3290 1927 ex
3317 1872 3397 1925 eis
3451 1883 3519 1921 na

311 1983 617 2053 ἀνθρώποις
646 1985 858 2049 τούτοις
888 1987 975 2039 διὰ
1035 1989 1093 2040 τὸ
1122 1984 1261 2042 εἶναι
1317 1988 1514 2052 αὐτοὺς
1576 1991 1802 2058 σάρκας.
1851 2005 1870 2039 ι

312 2076 380 2126 Τί
407 2074 462 2127 δὲ
487 2075 590 2128 τῶν
619 2075 1191 2150 κατασεσαρκωμένων
1220 2079 1417 2150 έργονς
1449 2081 1509 2132 οὐ
1542 2097 1882 2149 γαστριμαρ-

309 2167 407 2234 γία
433 2169 526 2220 xui.
550 2167 686 2238 μέθη
723 2169 814 2222 καὶ
844 2173 1045 2240 τρυφὴ,
1102 2172 1195 2224 καὶ
1229 2172 1294 2224 τὰ
1350 2175 1413 2224 ἐκ
1455 2172 1659 2225 τούτων
1695 2172 1876 2238 κακά;

311 2260 411 2313 ,ὶιά
435 2259 534 2330 τὴν
558 2261 614 2312 ἐν
637 2261 888 2326 Σοδόμοις
911 2262 1192 2330 ἐξάγιστον
1225 2264 1512 2333 σπατάλην
1568 2264 1663 2316 καὶ
1711 2266 1882 2334 ἀκρα-

315 2355 434 2404 σίαν
473 2353 762 2422 οὐρανόθεν
827 2353 1009 2416 αὐτοῖς
1064 2358 1091 2408 ό
1145 2357 1476 2426 ἐμπρησμὸς
1531 2355 1877 2426 κατηνέχθη·

319 2446 520 2499 «Τοῦτο
565 2446 689 2514 γὰρ,
718 2448 882 2513 φησὶν
924 2448 1184 2519 Ἰεζεκιὴλ
1216 2451 1243 2500 ό
1289 2451 1595 2519 προφήτης,
1657 2451 1717 2501 τὸ
1753 2447 1878 2501 ἀνό-

319 2555 476 2606 μημα
493 2538 761 2607 Σοδόμων,
778 2540 858 2590 ὅτι
888 2541 944 2592 ἐν
972 2540 1261 2610 πλησμονῇ
1287 2543 1466 2608 ἄρτων
1493 2542 1831 2593 ἐσπατιὶλων.
1851 2562 1884 2596 ι.

323 2629 456 2682 Ἀπὸ
488 2631 596 2700 γὰρ
629 2631 725 2702 τῆς
744 2633 1021 2702 σπατάλης
1050 2633 1254 2704 ταύτης
1280 2636 1374 2687 καὶ
1403 2639 1503 2705 τὴν
1531 2635 1690 2702 φύσιν
1716 2636 1880 2703 ἀγνο-

312 2720 542 2789 ήσαντες
606 2723 685 2786 είς
731 2723 831 2784 τὰς
865 2725 1014 2794 παρὰ
1057 2725 1221 2792 φύσιν
1276 2725 1642 2796 ἑξωλίσθησαν
1681 2726 1876 2796 μίξεις.

311 2815 382 2867 Τί
409 2817 499 2867 τὸν
525 2815 619 2869 τοῦ
653 2817 850 2870 Ἰακὼὸ
878 2817 1050 2876 Ἠσαῦ
1078 2819 1422 2888 πρωτότοκον
1446 2819 1576 2871 ὄντα
1598 2821 1704 2871 τῶν
1725 2838 1880 2887 πρω-

310 2910 570 2962 τοτοκίων
599 2911 854 2980 ἐστέρησε
887 2911 1106 2978 καὶτῆς
1155 2912 1429 2982 πατρικῆς
1487 2910 1743 2977 ἐξέϐαλεν
1792 2913 1882 2965 εὐ-

312 3001 453 3068 vis;
483 3001 541 3053 οὗ
567 3000 787 3068 λαγνεεα
813 3003 906 3063 καὶ
934 3001 1222 3073 βρώματος
1253 3003 1566 3070 παράλογος
1624 3005 1840 3066 αἴτησις
1865 3021 1879 3070 ;

314 3092 381 3144 Τί
405 3093 526 3156 τοὺς
546 3094 692 3156 υίοὺς
738 3092 884 3147 Ἠλεὶ
915 3096 1008 3149 τοῦ
1065 3095 1365 3165 ἀρχιερέως
1398 3096 1611 3162 θανάτῳ
1667 3097 1881 3149 κατεδί-

315 3202 475 3251 κασε,
506 3187 600 3240 καὶ
629 3189 1038 3259 σνναπορῤῆξαι
1080 3187 1268 3242 τοῦτον
1320 3188 1510 3259 βιαίως
1537 3193 1603 3261 τῇ
1651 3191 1882 3262 ἀγγελίᾳ

320 3277 418 3332 τοῦ
448 3279 678 3334 θανάτου
711 3280 819 3333 τῶν
853 3281 1060 3334 παίδων
1088 3283 1186 3352 τὴν
1215 3281 1362 3352 ζωὴν
1381 3284 1626 3353 ἐποίησε,
1665 3284 1739 3353 μὴ
1770 3286 1884 3353 μετ’

321 3371 654 3440 ἐπιμελείας,
680 3372 902 3438 τούτους
953 3373 1276 3435 παιδεύοντα
1327 3375 1425 3442 τῆς
1473 3376 1892 3446 προσηκούσης;

319 3468 418 3536 οὐχ
447 3464 608 3535 ἡτῶν
640 3466 814 3535 κρεῶν
836 3468 900 3521 ἐκ
930 3467 1048 3522 τῶν.
1093 3466 1337 3538 λεϐήτων
1389 3467 1449 3520 οὐ
1503 3469 1645 3521 κατά
1701 3470 1908 3538 καιρὸν

1982 1983 2236 2042 sccntia?
2271 1981 2501 2050 Propter
2549 1974 2839 2031 ne'attdatn
2894 1970 3252 2024 Sodomorum
3288 1961 3556 2015 luxuriam

1980 2089 2035 2132 et
2065 2071 2542 2144 intemperantiam
2591 2063 2830 2120 coelestis
2886 2063 3034 2129 ipsos
3087 2055 3287 2110 invasit
3319 2053 3557 2104 ﬂamma.

1981 2170 2096 2224 Hoc
2121 2169 2261 2222 enim
2292 2165 2428 2219 dixit
2461 2156 2710 2214 Ezechiel
2770 2153 3061 2222 preplteta:
3104 2148 3272 2200 «Ecce
3300 2143 3579 2212 iniquitas.

1985 2268 2374 2322 Sodomorum:
2407 2257 2816 2316 staturabantur
2842 2250 2892 2302 in
2920 2236 3557 2308 abundantiap:tnis.“.r

1980 2361 2114 2415 Nam
2139 2367 2356 2428 propter
2381 2351 2769 2411 staturitatetn,
2791 2339 2942 2397 obliti
2967 2336 3142 2406 ipsius.
3159 2344 3363 2387 natura:
3389 2329 3562 2397 legunt
3639 2372 3645 2377 .

1984 2455 2038 2506 itt
2058 2449 2380 2504 concubitus
2399 2453 2589 2498 contra
2610 2447 2862 2492 naturam
2885 2422 3374 2491 exarseranlﬂuia
3395 2419 3565 2474 lat-ob

1983 2545 2121 2599 Esau
2149 2539 2551 2608 nalumajoretn
2583 2528 3011 2601 primogenitum
3053 2518 3332 2589 spoliavit,
3369 2513 3572 2582 patris-

1983 2655 2088 2707 que
2116 2605 2495 2689 benedictioue
2515 2621 2832 2680 frustravit?
2892 2618 3081 2673 Nonne
3112 2612 3359 2670 edacitas
3383 2620 3436 2662 et
3457 2605 3566 2659 cibi

1982 2695 2144 2785 stulta
2195 2723 2430 2795 petitio?
2469 2719 2606 2787 Quid
2645 2717 2782 2770 tilios
2815 2713 2930 2768 lleli
2963 2707 3160 2765 summi
3196 2701 3466 2772 pontiﬁcis
3501 2695 3568 2750 ad

1984 2836 2172 2875 necem
2205 2815 2487 2872 damnavit
2508 2812 2648 2864 etab
2682 2810 2821 2877 ipso,
2853 2804 3096 2858 nuntiata
3121 2798 3349 2852 tiliorum
3375 2799 3569 2852 morte,

1985 2914 2033 2966 vi
2057 2914 2217 2965 vitam
2237 2907 2454 2974 eripuit,
2474 2905 2564 2974 qni
2597 2903 2649 2956 in
2669 2896 3054 2958 eiseducandis
3075 2889 3352 2959 negligens
3376 2880 3576 2936 fuerat?

1983 3006 2174 3060 Nonne
2195 3003 2318 3073 quia
2343 2991 2960 3058 carnibusexiebetibus
2978 2986 3164 3041 furtim
3203 2977 3433 3034 sublatis
3456 2972 3573 3033 iSlis

1987 3099 2128 3154 vesci
2146 3112 2252 3151 non
2268 3086 2798 3148 erubescebant?Sed
2809 3083 2973 3138 etiam
2993 3087 3099 3132 tota
3115 3075 3463 3136 Hebraeorum
3480 3081 3581 3147 na-_-

1985 3193 2214 3259 tio,dum
2235 3189 2442 3257 Moyses
2460 3186 2511 3237 in
2533 3188 2713 3240 mOnte
2729 3179 2964 3248 ipsorum
2980 3170 3150 3240 gratia
3167 3166 3433 3236 jejunaret
3448 3153 3575 3226 ,ips'

1995 3283 2279 3352 epulantes
2297 3279 2694 3333 tnanducantes
2707 3283 2759 3326 et
2774 3270 3044 3327 bibentes,
3063 3259 3392 3327 utscriptum
3411 3260 3492 3306 est
3506 3249 3578 3313 ⁸⁸,
3650 3256 3651 3259 ‘

1999 3380 2357 3432 surrexerunt
2384 3371 2572 3434 ludere
2599 3386 2616 3434 ;
2644 3363 2874 3420 etludus
2891 3359 2974 3414 eis
3007 3363 3123 3411 erat
3150 3349 3279 3412 idoli
3307 3340 3577 3404 adoratio,

2007 3479 2135 3522 tunc
2157 3467 2298 3522 enim
2332 3466 2390 3520 in
2422 3462 2594 3520 vitulo
2627 3453 2882 3513 conﬁatili
2903 3467 3024 3507 sese
3052 3442 3580 3504 contaminaverunt.

319 3561 606 3632 ἀφαίρεσις
628 3561 724 3616 καὶ
749 3559 978 3635 Χρῆιηςῖ
1023 3559 1183 3615 Ἀλλά
1208 3527 1301 3614 ἐξα)-
1323 3560 1383 3612 τδ
1437 3560 1543 3621 τῶν
1610 3527 1882 3631 Ἐδραίιον
1923 3561 2067 3616 ἆππιν
2099 3563 2277 3629 γένος,
2308 3560 2396 3611 ὅτε
2428 3553 2670 3621 Μωῡσῆς
2700 3551 2789 3603 ἐπὶ
2820 3546 2915 3600 τοῦ
2978 3543 3140 3611 ὅρους
3209 3535 3351 3603 ὑπὲρ
3403 3527 3583 3587 αὑτῶ)

321 3656 596 3725 ἑνήστευε,
632 3653 752 3707 καθ’
776 3653 982 3706 ἑαυτῶν
1006 3653 1094 3706 ἀεὶ
1151 3654 1483 3722 τρυφῶντες,
1513 3656 1776 3722 φαγόντες
1805 3655 1898 3709 καὶ
1934 3655 2151 3715 πιόντες
2199 3653 2506 3719 ἀνέστησαν
2545 3644 2782 3706 παίζειν,
2814 3639 2955 3692 κατά
3023 3633 3086 3686 τδ
3171 3631 3582 3699 γεγραμμένον.

324 3753 420 3805 καὶ
445 3750 505 3802 τὸ
555 3748 807 3817 παίγνιον
830 3748 1014 3811 αὐτοῖς
1085 3746 1310 3801 εἰδώλου
1337 3744 1406 3819 ἦν
1463 3747 1838 3818 προσκύνησις
1866 3765 1879 3777 ·
1919 3747 2040 3801 τότε
2069 3747 2179 3816 γὰρ
2207 3741 2486 3816 ἑνηργὴθη
2518 3740 2701 3800 αὐτοῖς
2723 3737 2792 3787 τὰ
2816 3732 2918 3801 τῆς
2955 3725 3333 3798 μοσχοποιίας.

397 3843 582 3906 Οὕτως
605 3843 663 3896 οὐ
713 3842 880 3912 μόνης
925 3840 1224 3911 ἁμαρτίας,
1259 3840 1393 3894 ἀλλὰ
1435 3841 1530 3894 καὶ
1561 3839 1818 3902 ἀσεϐείας
1861 3841 1896 3908 ἡ

327 3937 509 4008 τρυφὴ
536 3933 822 4006 παραιτία.
853 3933 1062 3986 Οὐκοῦν
1113 3935 1210 3990 καὶ
1240 3935 1272 4002 ἡ
1316 3933 1560 4002 νηστεία..
1597 3931 1696 3986 καὶ
1724 3933 1757 3998 η
1806 3933 1901 3998 ὲγη

331 4031 590 4098 κράτεια,
614 4029 673 4080 οὐ
707 4027 844 4096 πρὸς
876 4025 1081 4096 ἀρετὴν
1116 4025 1296 4096 μόνον,
1333 4024 1475 4082 ἀλλά
1502 4024 1599 4077 καὶ
1624 4023 1759 4094 πρὸς
1784 4022 1908 4076 θέο-ς

335 4120 552 4179 σέϐειαν
599 4117 941 4172 λυσιτελοῦσι
967 4131 979 4145 ·
1015 4117 1094 4170 δεῖ
1129 4115 1238 4184 γὰρ
1268 4118 1550 4185 προσεῖναι
1580 4118 1646 4184 τῇ
1674 4114 1902 4185 νηστείᾳ

333 4213 433 4281 τὴν
456 4211 778 4282 ἐγκράτειαν
803 4225 819 4240 °
837 4209 979 4278 διατιί
1000 4209 1146 4273 ςὈτι
1176 4209 1270 4264 καὶ
1295 4211 1322 4262 ὁ
1353 4208 1461 4261 τῶν
1490 4208 1730 4263 εὐτελῶν
1754 4208 1905 4277 βρω-.

341 4306 532 4375 μάτων,
556 4304 716 4375 κόρος
763 4302 964 4357 κωλύει
994 4303 1054 4356 τὸ
1087 4303 1387 4372 καθάρσιον
1427 4301 1776 4371 πένθοςλκαὶ
1804 4302 1903 4371 τὴν

337 4400 486 4458 κατά
532 4399 662 4454 Θεὸν
710 4399 770 4450 ὲν
809 4403 874 4470 τῇ
902 4398 1044 4468 ψυχῇ
1077 4397 1256 4467 λύπην
1291 4398 1385 4451 καὶ
1435 4399 1536 4466 τὴν
1584 4396 1903 4462 κατάνυξιν,

335 4493 460 4562 ἥτις
494 4492 908 4562 ἀμεταμέλητον
939 4491 1227 4561 μετάνοιαν
1257 4492 1338 4552 είς
1385 4489 1662 4559 σωτηρίαν
1705 4505 1909 4558 κατερτ.

341 4587 597 4652 γάζεται·
648 4585 777 4638 ἄνευ
829 4583 938 4652 γὰρ
997 4581 1465 4651 συντετριμμένης
1533 4581 1760 4650 καρδίας
1809 4581 1911 4634 οὐκ

340 4680 486 4732 ἔστιν
510 4677 720 4748 ἀληθῶς
751 4675 1106 4734 ἐπιλαϐέσθαι
1130 4678 1228 4743 τῆς
1258 4674 1591 4746 μετανοίας.
1625 4673 1911 4745 Συντρίεῑει

342 4772 396 4825 δὲ
427 4771 526 4841 τὴν
552 4771 780 4840 καρδίαν
809 4769 904 4820 καὶ
930 4768 1144 4821 πενθεῖν
1175 4769 1319 4819 ποιεῖ
1357 4766 1456 4830 τὰς
1491 4766 1702 4829 οἰκείας
1732 4767 1910 4835 ἀμαρ-

340 4865 460 4924 τίας
490 4863 524 4932 ἡ
561 4861 658 4930 τῆς
689 4860 893 4931 τροφῆς
948 4859 1039 4912 καὶ
1082 4857 1176 4911 τοῦ
1214 4856 1384 4911 ὕπνου
1435 4857 1530 4911 καὶ
1576 4850 1685 4909 τῶν
1716 4858 1910 4927 αἰσθή-

346 4973 485 5007 σεων
527 4954 670 5014 κατά
715 4953 846 5005 Θεὸν
899 4951 1159 5019 συστολὴ.
1213 4949 1483 5020 Καθάπερ
1514 4949 1610 5002 οὖν
1655 4951 1682 5002 ὁ
1731 4953 1789 5002 ἐν
1831 4949 1910 5017 τῷ

347 5048 667 5116 [εὐαγγελίῳ
719 5045 973 5108 πλούσιος
1009 5047 1236 5106 ἐκεῖνος,
1281 5042 1449 5095 είπὼν
1508 5043 1715 5112 ἐαυτῷ,
1746 5043 1916 5110 Φάγε,

355 5143 459 5203 πίε,
495 5142 809 5211 εὐφραίνου,
861 5138 1008 5204 ἄξιον
1042 5138 1245 5194 ἑαυτὸν,
1271 5138 1299 5188 ό
1348 5137 1533 5200 ἄθλιος
1563 5138 1787 5205 εποίησε
1820 5137 1919 5203 τῆς

349 5236 570 5289 αἰωνίου
597 5236 818 5303 φλογὶς,
844 5234 1063 5300 ἀνάξιον
1090 5232 1147 5284 δὲ
1178 5232 1274 5285 καὶ
1302 5231 1400 5300 τῆς
1429 5229 1714 5299 παρούσης
1743 5229 1916 5296 ζωῆς,

350 5334 521 5392 οὕτως
569 5331 749 5400 ἡμεῖς,
778 5328 1018 5396 ἀδελφοί,
1071 5326 1446 5396 ἀντιστρόφως
1505 5325 1752 5390 εἴπωμεν
1787 5323 1920 5390 ἡμῖν

351 5426 536 5484 αὐτοῖς
589 5421 1018 5490 ὲγκρατεύεσθαι
1067 5421 1163 5474 καὶ
1215 5417 1522 5488 νηστεύειν,
1553 5415 1918 5484 ἐγρηγορέναι

349 5537 407 5570 τε
441 5517 537 5569 καὶ
571 5515 970 5578 συστέλλεσθαι,
1011 5514 1104 5568 καὶ
1135 5510 1520 5567 ταπεινοῦσθαι
1549 5509 1644 5562 καί⁸
1671 5524 1920 5566 κακοπα-

356 5612 468 5663 θεῖν
495 5609 634 5675 ὐπὲρ
665 5607 767 5675 τῆς
804 5606 1076 5674 σωτηρίας
1127 5604 1286 5674 ἡμῶν
1310 5621 1326 5636 ο
1367 5602 1512 5656 οὕτω
1561 5600 1670 5668 γὰρ
1701 5601 1794 5651 καὶ
1821 5599 1922 5668 τὴν

359 5698 638 5770 παροῦσαν
688 5697 833 5765 ζωὴν
880 5694 1060 5757 καλῶς
1109 5694 1206 5747 καὶ
1251 5692 1512 5761 emno;
1569 5687 1921 5755 διανύςομεν,

429 5871 477 5905 ⁸³
504 5873 703 5928 Ezecb.
729 5889 839 5937 xvi,
863 5871 952 5927 49.
1028 5870 1073 5903 ³⁵
1106 5871 1278 5924 Exod.
1312 5883 1479 5932 xuii,
1518 5867 1568 5922 6.

2066 3842 2252 3908 Itaque
2293 3814 2398 3897 non
2435 3831 2643 3902 peccati
2689 3835 2922 3890 tantunt,
2965 3820 3060 3875 sed
3091 3818 3257 3872 etiam
3291 3814 3588 3884 impietatis

1997 3950 2162 3998 causa
2198 3939 2282 3986 est
2317 3927 2556 3983 luxnria.
2591 3923 2713 3977 Ideo
2749 3919 2955 3989 pariter
2987 3913 3255 3989 jejunium
3289 3921 3340 3964 et
3379 3921 3588 3974 [cmpr-

1999 4027 2176 4082 rantia
2206 4039 2312 4078 non
2350 4019 2540 4074 virtuti
2571 4027 2804 4076 tantum,
2842 4010 2937 4066 sed
2964 4008 3128 4061 etiam
3161 4003 3345 4076 pietati
3372 4000 3592 4067 prod~st

1998 4129 2050 4172 et
2085 4113 2333 4186 religioni
2364 4131 2379 4177 ;
2414 4109 2682 4179 jejunium
2717 4105 2862 4158 enim
2903 4115 3026 4154 cum
3070 4092 3428 4165 temperantia
3461 4106 3592 4144 cou—

1995 4210 2244 4280 junctutn
2275 4219 2398 4260 esse
2427 4201 2611 4266 debet,
2651 4193 2866 4267 quare?
2893 4191 3032 4263 Quia
3086 4189 3354 4241 tantarum
3385 4187 3586 4251 dapum

2003 4297 2268 4356 saturitas
2292 4293 2517 4361 impedit
2535 4287 2867 4359 piacularem
2895 4281 3200 4343 tristitiam,
3217 4290 3440 4344 necnon
3479 4273 3594 4329 Dcu

2001 4400 2218 4460 gratum
2241 4389 2434 4440 animae
2455 4393 2742 4436 maerorem
2761 4385 2818 4430 et
2837 4371 3310 4448 compunctionem
3331 4381 3452 4436 quae
3476 4379 3594 4435 pa:-

2014 4480 2296 4538 nitentiam
2351 4476 2667 4536 insalutetn
2703 4468 2951 4531 stabilem
2983 4464 3275 4521 convertit.
3327 4459 3460 4514 Nam
3498 4457 3586 4512 ubi

2017 4574 2170 4626 abest
2197 4585 2295 4624 cor
2317 4566 2637 4627 contritum,
2677 4575 2954 4631 nunquam
2988 4571 3114 4610 vera
3150 4552 3453 4622 concipitur
3481 4541 3595 4620 po:-

2018 4665 2270 4720 nitentia.
2304 4660 2413 4715 Cor
2457 4668 2636 4710 autem
2691 4653 2925 4709 centerit
2949 4658 3000 4704 et
3028 4648 3217 4717 atﬂigit
3241 4647 3306 4699 de
3355 4643 3594 4717 peccatis

2017 4757 2250 4828 propriis
2266 4754 2542 4822 epularum
2563 4759 2614 4804 et
2633 4747 2828 4809 somni,
2847 4753 2898 4798 ct
2916 4741 3321 4802 delectabilium
3343 4738 3597 4807 religiosa

2019 4851 2276 4922 privatio.
2309 4845 2540 4902 Perinde
2573 4858 2633 4895 ac
2669 4841 2755 4894 ille
2789 4839 2940 4894 dives
2999 4836 3051 4887 in
3087 4832 3382 4901 Evangelio
3408 4833 3595 4883 dicens

2019 4943 2211 4997 anima:
2229 4957 2337 4998 sua:
2359 4956 2374 4994 :
2397 4937 2680 4998 Manduca,
2705 4931 2845 4994 bibe,
2870 4926 3122 4990 lauare",
3137 4925 3372 4992 scipsum
3392 4931 3597 4975 :eterna

2016 5050 2177 5105 pretia
2217 5030 2449 5091 reddidit
2475 5028 2722 5095 dignum,
2758 5022 3036 5090 iutiigntttlt
3061 5033 3192 5072 vero
3223 5016 3304 5069 vel
3332 5015 3442 5068 vita
3468 5030 3604 5082 pra:-

2018 5129 2185 5189 senti,
2227 5126 2296 5178 ita
2333 5139 2454 5186 nos,
2508 5121 2724 5183 fratres,
2760 5113 3069 5170 econtrario
3094 5125 3445 5164 exerceamus
3469 5119 3604 5160 tem—

2019 5223 2319 5290 perantiam
2342 5223 2394 5268 et
2424 5212 2713 5287 jrjttnittttt,
2747 5207 2956 5282 vigilias
2982 5214 3035 5258 et
3065 5202 3468 5259 contritionem.
3508 5200 3604 5252 lm-

2019 5313 2301 5366 militaletn
2340 5318 2394 5360 et
2422 5306 2634 5364 dolores
2668 5312 2722 5352 ut
2773 5311 3012 5353 noStrant
3071 5295 3302 5348 salutem
3348 5306 3606 5358 assequa-

2031 5420 2172 5459 mur.
2198 5402 2291 5456 Sic
2319 5399 2463 5454 enim
2494 5399 2658 5449 vitam
2679 5399 3000 5460 praesentem
3027 5388 3229 5457 justam
3254 5393 3302 5438 et
3341 5383 3483 5453 piam
3513 5382 3608 5432 de-

2031 5495 2228 5567 geudo,
2284 5503 2546 5548 aeternam
2595 5488 2759 5540 vitam
2811 5483 3126 5545 sortiemur,
3163 5494 3324 5546 quam
3362 5489 3463 5527 nos
3493 5489 3605 5525 ont-

2032 5606 2128 5645 nes
2159 5583 2421 5652 consequi
2476 5579 2740 5634 concedat
2763 5576 2933 5646 gratia
2969 5582 3022 5627 et
3056 5570 3360 5640 benignitas
3391 5563 3606 5618 Domini

2034 5678 2207 5736 nostri
2254 5674 2382 5731 Iesu
2440 5670 2670 5734 Christi,
2727 5667 2814 5721 cui
2852 5665 2922 5720 sit
2954 5663 3147 5734 gloria,
3187 5652 3470 5721 fortitudo,
3504 5655 3604 5708 lto-

1647 5868 1689 5898 ετ
1730 5865 1856 5918 an.
1889 5880 1984 5929 χιι,
2026 5861 2112 5915 19.
