4090 6444
478 369 536 420 tit
1021 404 1027 410 -
1714 373 2064 438 GREGOBI

2167 377 2465 440 ’ALAM/E
3680 371 3760 435 92

482 476 768 531 matutinis
813 477 1114 561 meditabor
1143 479 1196 535 in
1253 491 1307 537 te
1336 483 1396 549 ¹;
1432 503 1451 536 ι
1490 487 1585 540 sed
1617 489 1781 544 etiam
1820 508 1833 542 :
1872 509 1890 541 ι
1926 489 2060 543 Cum

2169 490 2486 558 ἐπενεγκών
2511 506 2524 521 ·
2560 508 2581 542 ι
2599 488 2839 561 ’ᾼσομαι
2892 492 2987 547 καὶ
3012 488 3167 561 ψαλῶ
3197 492 3255 544 ἐν
3286 495 3352 563 τῇ
3380 492 3509 565 δόξῃ
3550 509 3671 564 μου,
3727 514 3746 546 ι

476 565 764 634 jejtlllzllis,
791 570 956 624 nolite
992 569 1105 625 ﬁeri
1140 572 1282 626 sicut
1313 575 1611 646 hypocrita:
1643 582 2064 648 tristes;extero

2176 582 2272 635 καὶ
2306 582 2543 651 ἀλλαχοῦ
2570 597 2586 613 ·
2625 600 2645 635 ι
2686 582 2747 636 Εἰ
2780 583 3156 653 ἐμνημόνευόν
3187 601 3281 639 σου
3317 586 3409 638 ἐπὶ
3444 589 3543 656 τῆς
3574 603 3754 657 στρω-

485 658 692 711 minant
740 661 884 713 enim
921 661 1088 715 t‘acics
1135 679 1265 719 suas
1305 674 1364 719 ut
1408 681 1706 736 appaream
1751 672 2064 728 hominibus

2178 674 2316 744 μνῆς
2350 691 2477 744 μου.
2511 678 2571 727 ὲν
2600 677 2716 738 τοῖς
2746 674 2965 744 δρθροις
3012 676 3311 745 ἐμελέτωντ
3330 679 3411 741 είς
3436 678 3551 731 σέ.»
3597 679 3761 734 Ἀλλὰ

475 747 788 817 jejnnantes
814 769 829 815 ;
866 767 1023 806 amen
1054 754 1175 810 dico
1207 758 1360 811 vobis
1395 759 1521 828 quia
1553 774 1877 829 receperunt
1907 781 2060 819 mer-

2173 772 2270 824 καί
2302 785 2316 799 ⁸
2352 790 2371 823 ι
2417 771 2588 824 Ὀταν
2648 772 2968 840 νηστεύητε,
3019 773 3176 843 φησὶ,
3208 773 3283 844 μὴ
3314 774 3532 843 γίνεσθε
3563 772 3757 843 ὥσπερ

479 844 666 893 cedem
700 858 879 898 suam.
924 845 1006 899 Tu
1036 856 1242 912 autem,
1278 866 1400 903 cum
1442 851 1686 921 jejunae.
1721 870 1862 924 unge
1891 866 2058 925 caput

2170 862 2222 914 οί
2255 861 2554 933 ὑποκριταὶ
2592 862 2907 932 σκυθρωποί
2931 877 2944 892 ·
2986 864 3311 933 ἀφανίζουσι
3344 864 3453 932 γὰρ
3488 865 3557 918 τὰ
3587 866 3759 933 πρόσ-

484 942 635 986 tnum
675 945 730 987 et
764 934 960 990 faciem
991 949 1137 994 lnam
1182 941 1326 1004 lava,
1363 958 1432 997 ne
1473 945 1711 1000 videaris
1749 946 2063 1005 hominibus

2167 970 2295 1010 ωπα
2351 956 2557 1023 αὐτῶν,
2614 956 2763 1021 ὅπως
2796 957 2863 1011 ἂν
2892 958 3106 1028 φανῶσι
3148 960 3263 1021 τοῖς
3301 956 3615 1027 ἀνθρώποις
3661 975 3758 1028 νη-

474 1022 751 1091 jojunans,
811 1027 903 1082 sed
938 1026 1088 1085 Patri
1150 1041 1246 1086 tuo
1297 1033 1391 1103 qui
1428 1044 1511 1089 est
1541 1036 1594 1090 in
1643 1038 1987 1096 abscondito.
2011 1051 2064 1096 et

2170 1048 2454 1112 στεύοντες
2483 1064 2500 1081 ο
2529 1051 2679 1121 ἀμὴν
2711 1049 2859 1121 ἀμὴν
2883 1022 3028 1119 λέγω
3058 1051 3211 1121 ὑμῖν.
3234 1052 3316 1104 ὅτι
3346 1022 3615 1121 ἀπέχουσι
3660 1022 3755 1104 cev

479 1115 645 1211 Pater
674 1128 796 1173 tuus
817 1121 908 1190 qui
937 1123 1081 1177 videt
1104 1123 1157 1178 in
1187 1124 1510 1181 abscondito
1540 1129 1726 1184 reddet
1752 1129 1845 1185 tibi
1880 1131 1931 1184 in
1954 1147 2064 1186 ma-

2175 1138 2369 1205 μισθδν
2400 1115 2722 1195 αὑτῶν-*σὺ
2855 1115 3133 1211 νηστεύων
3164 1140 3384 1210 ἄλειψαί
3417 1115 3513 1194 σου
3535 1140 3636 1210 τὴν
3667 1157 3760 1193 κε-

481 1206 751 1304 Itii'esto’.
782 1230 810 1304 ‘D
2176 1231 2377 1301 φαλὴν,
2410 1234 2590 1287 καὶτὸ
2618 1206 2922 1303 πρόσωπόν.
2941 1252 3038 1288 σου
3084 1233 3258 1303 νίψον,
3287 1206 3439 1297 δπως
3475 1234 3550 1304 μὴ
3583 1206 3761 1304 ιρανῇς

477 1301 588 1365 τοῖς
622 1301 933 1398 ἀνβρώποις
982 1307 1286 1376 νηστεύων,
1323 1309 1459 1365 ἀλλὰ
1514 1312 1592 1383 τῷ
1647 1312 1825 1387 Πατρί
1868 1333 1962 1371 σου
1993 1318 2076 1389 τῷ
2110 1322 2170 1376 ὲν
2215 1322 2296 1393 τῷ
2327 1325 2584 1395 κρυπτῷ,
2636 1301 2729 1381 καὶ
2775 1329 2803 1381 ὁ
2856 1328 3049 1398 Πατήρ
3078 1301 3173 1383 σου
3203 1328 3231 1379 ὁ
3295 1301 3513 1397 βλέπων
3540 1301 3617 1384 ἐν
3683 1301 3761 1393 τῷ

480 1396 730 1467 κρυπτῷ,
755 1398 1047 1475 ἁποδὼσειη
1064 1419 1147 1456 σοι
1182 1406 1240 1457 ἐν
1265 1405 1346 1477 τῷ
1371 1406 1613 1479 φανερῷ.
1657 1427 1676 1460 ι

553 1489 597 1544 0
626 1507 787 1560 supra
817 1510 1034 1551 omnem
1070 1512 1219 1567 spem
1250 1498 1599 1570 benignitas!
1637 1504 1876 1560 futuram
1912 1509 2059 1563 enim

2244 1509 2421 1564 Βαὸαὶ
2467 1509 2567 1577 τῆς
2616 1510 2945 1563 ἀνεικάστου
3004 1507 3592 1579 φιλανθρωπίαςίτὴν
3642 1508 3761 1580 γὰρ

485 1585 696 1637 venturi
723 1585 913 1651 judicii
948 1589 1278 1645 sententiam
1312 1607 1579 1665 suamque
1607 1597 1948 1666 negationem
1971 1616 2064 1669 per

2174 1603 2268 1656 ἐπὶ.
2304 1605 2405 1669 τῆς
2437 1602 2742 1672 μελλούσης
2789 1603 3026 1673 κρίσεως
3075 1604 3347 1673 ἐσομένην
3371 1601 3648 1672 διάκρισίν
3697 1618 3760 1655 τε

482 1674 597 1727 haec
622 1678 781 1730 verba
808 1678 969 1732 modo
990 1678 1254 1737 Dominus
1280 1684 1436 1740 nobis
1462 1686 1852 1754 manifestavit,
1882 1702 1941 1746 ut
1963 1708 2064 1749 nos

2173 1697 2267 1749 καὶ
2294 1696 2406 1767 38
2425 1697 2701 1762 ἀπόφασιν
2726 1695 2894 1750 αὐτοῦ
2907 1697 2993 1750 διὰ
3016 1695 3124 1750 τῶν
3147 1697 3407 1768 ῥημάτων
3435 1696 3646 1749 τούτων
3661 1695 3764 1763 ἁρ-

489 1767 769 1822 meliorem
822 1782 1026 1826 sortem
1080 1776 1390 1846 meliusque
1447 1777 1766 1850 suﬂraginm
1815 1783 2064 1840 obtinea-

482 1874 624 1914 mus.
658 1859 792 1916 Nam
852 1864 960 1920 illis
1017 1867 1107 1936 qui
1157 1880 1381 1941 propter
1419 1888 1615 1928 vanam
1671 1877 1925 1946 gloriam,
1960 1895 2066 1933 non

484 1964 708 2021 propter
748 1958 926 2025 ipsum
960 1962 1173 2024 vivunt.
1209 1966 1436 2021 vocibus
1473 1983 1645 2037 nuper
1695 1971 1942 2039 probatis
1974 1973 2060 2026 lo-

484 2046 671 2114 quitur
706 2064 722 2102 :
755 2051 1001 2120 Accipite
1030 2057 1336 2112 mercedem
1367 2070 1603 2115 vestram
1638 2063 1692 2117 in
1719 2064 1827 2117 vita
1859 2076 2067 2134 vestra,

482 2139 623 2193 sicut
662 2140 939 2198 Abraham
993 2147 1061 2201 ad
1098 2148 1245 2203 illum
1279 2152 1332 2204 in
1366 2151 1604 2209 ﬂammis
1647 2156 1873 2211 divitem
1915 2158 2069 2213 dice«

482 2228 576 2283 bat
606 2247 623 2283 :
654 2250 672 2283 ι
708 2233 979 2305 Accepisti
1009 2238 1149 2293 bona
1187 2240 1239 2294 in
1272 2243 1383 2295 vita
1410 2251 1499 2297 tua
1527 2245 1569 2299 ³.
1607 2263 1627 2297 ι
1660 2245 1730 2302 lis
1762 2259 1943 2303 autem
1972 2251 2065 2320 qui

482 2322 546 2374 ad
579 2338 704 2378 eum
734 2326 787 2380 in
824 2330 1131 2385 exercenda
1165 2333 1367 2390 virtute
1395 2337 1692 2404 aspiciunt,
1723 2341 1935 2407 reddet,
1969 2343 2065 2405 ait,

480 2416 535 2467 in
568 2416 880 2485 manifesto,
915 2423 966 2476 id
997 2433 1082 2477 est
1121 2424 1173 2478 in
1211 2427 1505 2484 universali
1563 2430 1661 2485 illo
1694 2431 1935 2497 theatro,
1968 2435 2061 2489 be-

482 2510 849 2566 nedictionem
878 2522 934 2568 et
989 2515 1366 2574 ltaareditatem
1415 2532 1471 2576 et
1501 2524 1755 2593 gaudium
1794 2527 1981 2581 reddet
2011 2538 2066 2581 et

480 2599 709 2654 delicias
743 2619 906 2670 puras
941 2616 1106 2676 atque
1158 2624 1451 2678 perennes,
1515 2629 1544 2667 a
1599 2615 1795 2685 quibus
1834 2617 1927 2672 ille
1972 2618 2080 2683 qui

482 2688 691 2743 nullum
724 2692 835 2746 vult
866 2693 1145 2764 decidere,
1177 2713 1365 2753 verum
1404 2702 1518 2757 vult
1549 2718 1741 2759 onmes
1776 2706 1978 2759 salvari
2011 2714 2066 2761 et

479 2786 547 2834 ad
578 2784 908 2853 agnitionem
953 2790 1205 2845 veritatis
1235 2793 1442 2861 venire,
1474 2811 1640 2863 nunc,
1681 2808 1736 2851 ut
1768 2798 1930 2862 dixit,
1968 2814 2059 2853 os-

478 2876 649 2928 tendit
674 2875 819 2930 illam
857 2878 1239 2936 intcmeratam
1278 2894 1334 2938 et
1389 2887 1785 2942 immutabilem
1812 2888 2065 2956 ,harredi-

479 2973 643 3020 tatem
671 2968 957 3026 declarans
993 2971 1066 3026 ibi
1099 2973 1243 3031 solos
1276 2989 1400 3032 esse
1423 2977 1519 3032 Dei
1551 2979 1716 3045 lilios,
1740 2979 2068 3035 humanam-

476 3075 582 3124 que
613 3059 840 3131 gloriam
873 3064 1265 3136 despicientes.
1298 3067 1600 3140 Propterea
1634 3088 1945 3129 sermonem
1985 3075 2064 3129 si-

2102 1789 2306 1892 Βτείως
2366 1791 2499 1860 ημῖν
2532 1791 2560 1841 6
2611 1788 2819 1860 Κύριος
2872 1789 3243 1860 ἐφανέρωσεν,
3307 1787 3377 1841 ἶν’
3436 1790 3601 1859 ἡμεῖς
3655 1789 3760 1857 τῆς

2174 1881 2487 1949 κρείττονος
2514 1881 2700 1952 ψήψου
2743 1898 2803 1933 τε
2833 1882 2930 1934 καὶ
2965 1882 3164 1952 μοίρας
3194 1881 3451 1935 ἐντεῦθεν
3481 1879 3767 1934 ἐπιλαδώο

2174 1975 2337 2045 μεθα.
2377 1976 2522 2045 Πρὸς
2559 1976 2659 2045 μὲν
2690 1975 2799 2046 γὰρ
2845 1976 2975 2038 τοὺς
3026 1977 3173 2029 κατὰ
3216 1973 3524 2042 κενοδοξίαν
3555 1973 3653 2027 καὶ
3684 1976 3768 2045 μὴ

2169 2069 2295 2123 κατ’
2324 2067 2489 2120 αὑτὸν
2520 2067 2728 2131 ζῶντας
2764 2069 2880 2135 ἐρεῖ
2921 2067 3043 2120 τότε
3082 2068 3300 2130 πάντως
3338 2069 3451 2130 τοῖς
3477 2065 3572 2120 νῦν
3603 2068 3762 2139 εἰρη-

2174 2160 2356 2230 μένοις
2385 2159 2701 2223 ἀκολούθοις
2724 2174 2740 2189 ·
2790 2157 3127 2211 Ἀπολάϐετε
3162 2157 3252 2212 τὸν
3290 2158 3486 2228 μισθὸν
3516 2156 3676 2226 ὑμῶν
3699 2160 3775 2210 ἐν-

2168 2254 2233 2321 τῇ
2273 2249 2387 2321 ζωῇ
2439 2250 2618 2318 ὑμῶν,
2666 2250 2741 2312 ὡς
2795 2250 2891 2302 καὶ
2920 2251 2947 2302 6
3011 2248 3266 2319 Ἀϐραὰμ
3312 2248 3447 2318 πρὸς
3477 2249 3570 2299 τὸν
3601 2249 3660 2301 ἐν
3692 2249 3769 2319 τῇι

2171 2344 2333 2412 φλογὶ
2397 2343 2655 2398 πλούσιον
2707 2345 2918 2397 ἐκεῖνον
2970 2343 3197 2411 ἔλεγεν⁹
3253 2360 3272 2394 ι
3330 2341 3635 2403 Ἀπέλαϐες
3689 2342 3762 2395 τὰ

2128 2440 2129 2443 “
2168 2437 2351 2504 ἁγαθὰ
2383 2453 2478 2489 σου
2530 2436 2587 2488 ἐν
2635 2438 2698 2504 τῇ
2742 2434 2856 2506 ζωῇ
2901 2452 3017 2489 σου.
3083 2454 3102 2487 ι
3158 2435 3285 2497 Τοῖς
3316 2435 3373 2489 δέ
3426 2435 3562 2503 πρὸς
3588 2435 3763 2487 αὑτὶν

2172 2529 2466 2595 βλέπουσιν
2503 2530 2559 2580 ἐν
2594 2528 2671 2597 τῷ
2716 2528 2852 2598 πρὸς
2897 2530 3102 2598 ἀρετὴν
3152 2529 3344 2581 ἀσκεῖν
3391 2528 3665 2581 ἀποδώσει
3704 2530 3764 2581 ἐν

2171 2620 2249 2690 τῷ
2274 2619 2517 2691 φανερῷ,
2543 2620 2698 2690 φησὶ,
2728 2620 3014 2674 τουτέστιν
3035 2624 3092 2675 ἐν
3111 2620 3190 2689 τῷ
3207 2620 3540 2690 παγκοσμίῳ
3563 2622 3767 2691 ἐκείνῳ

2172 2712 2412 2783 θεάτρῳ,
2450 2711 2706 2779 εὐλογίαν
2756 2713 2851 2766 καὶ
2882 2712 3246 2783 κληρονομίαν
3292 2713 3387 2765 καὶ
3421 2713 3633 2781 τρυφὴν
3659 2713 3765 2766 ἀν-

2166 2806 2404 2872 τιδώσει,
2440 2808 2535 2859 καί
2578 2805 2886 2861 ἀπόλαυσιν
2936 2807 3214 2879 ἀκήρατον
3262 2807 3357 2860 καὶ
3411 2806 3761 2868 διαιωνίζου-

2169 2915 2269 2951 σαν
2292 2915 2304 2927 ο
2355 2892 2425 2968 ἧς
2479 2897 2685 2968 μηδένα
2722 2896 2895 2952 θέλων
2949 2900 3249 2968 ἀποτυχεῖν
3279 2901 3308 2951 6
3339 2898 3509 2951 θέλων
3546 2899 3766 2961 πάντας

2169 2989 2410 3061 σωθῆναι
2434 2992 2528 3043 καὶ
2562 2992 2643 3054 είς
2667 2990 2966 3060 ἐπίγνωσιν
2996 2990 3256 3062 ἀληθείας
3292 2991 3494 3059 ἐλθεῖν,
3530 3009 3663 3059 φανε
3676 2993 3765 3062 ροῖ

2168 3077 2284 3144 νῦν,
2328 3077 2405 3142 ὡς
2436 3081 2597 3148 ἔφην,
2641 3080 2741 3147 τὴν
2785 3080 3085 3135 ἀδέκαστον
3127 3080 3334 3152 ταύτην
3362 3083 3457 3136 καὶ
3483 3083 3767 3150 ἁμετὰοες

476 3155 590 3205 mnl
620 3154 687 3207 de
711 3158 958 3226 utrisque
991 3160 1269 3228 produxit,
1305 3162 1494 3220 dicens
1522 3183 1537 3219 :
1573 3182 1593 3217 ι
1624 3165 1787 3221 Pater
1819 3176 1944 3223 tuus
1969 3169 2057 3236 qui

2167 3190 2254 3226 τον
2281 3172 2485 3243 ψῆφον,
2517 3174 2669 3236 υἱοὺς
2701 3169 2842 3227 εἶναι
2869 3172 3008 3226 Θεοῦ
3044 3172 3242 3243 μόνους
3271 3172 3510 3228 ἐνταῦθα
3537 3173 3765 3236 δεικνὺς

474 3248 626 3302 videt
658 3248 713 3302 in
740 3248 1063 3307 abscondito
1102 3253 1291 3308 reddet
1329 3253 1426 3310 tibi
1477 3256 1530 3311 in
1594 3257 1911 3326 manifesto,
1955 3279 1975 3313 ι
2012 3271 2064 3317 ιιι

2167 3265 2293 3327 τοὺς
2322 3264 2425 3334 τῆς
2449 3265 2800 3336 ἀνθρωπίνης
2834 3265 2995 3334 δόξης
3031 3264 3445 3337 ὑπερορῶντας.
3469 3266 3569 3318 Διὰ
3592 3263 3763 3320 τοῦτο

476 3339 657 3397 inanis
706 3343 925 3414 quidem
974 3354 1031 3401 et
1086 3346 1338 3404 humana:
1393 3350 1582 3420 gloria:
1638 3363 2064 3423 comtemptores

2167 3359 2278 3428 γὰρ
2306 3358 2400 3411 καὶ
2428 3358 2521 3411 τὸν
2543 3358 2702 3426 λόγον
2724 3357 2922 3423 ἑνικῶς
2940 3360 3261 3429 προήγαγεν
3287 3358 3377 3411 ἐπ’
3400 3359 3759 3428 ἀμφοτέρων.

475 3435 580 3490 sibi
640 3435 780 3491 lilios
805 3447 861 3493 et
914 3439 1163 3497 haeredes
1195 3443 1453 3499 ostendat
1488 3455 1655 3515 atque
1706 3447 1890 3513 iaciat,
1930 3448 2064 3506 alios

2167 3450 2337 3503 εἰπών
2366 3465 2381 3481 ·
2421 3469 2441 3502 ι
2493 3450 2550 3504 Ὀ
2584 3452 2778 3521 Πατήρ
2820 3468 2919 3505 σου
2971 3453 3000 3505 6
3050 3450 3266 3523 βλέπων
3310 3453 3370 3506 ἐν
3413 3451 3494 3522 τῷ
3524 3451 3761 3521 κρυπτῷ

477 3544 608 3583 vero
636 3544 741 3584 non
775 3531 910 3588 tales
936 3548 965 3588 a
995 3533 1230 3590 ﬁliorum
1259 3537 1542 3610 dignitate,
1574 3539 1677 3593 ntsi
1713 3540 2065 3611 resipiscam,

478 3625 686 3693 ejicial.

2165 3540 2440 3596 ἀποδώσει
2477 3558 2561 3595 σοι
2593 3544 2651 3597 ἐν
2678 3544 2759 3615 τῷ
2793 3542 3036 3615 φανερῷ·
3089 3563 3110 3596 ι
3157 3543 3246 3597 ἴνα
3283 3544 3410 3607 τοὺς
3452 3543 3551 3613 μέν
3580 3560 3760 3596 κατα-

2165 3636 2443 3707 φρονητάς
2471 3635 2572 3704 τῆς
2607 3636 2772 3705 κενῆς
2803 3636 2899 3689 καὶ
2927 3635 3282 3707 ἀνθρωπίνης
3311 3635 3471 3707 δόξης
3497 3636 3758 3707 utor:th-

466 3715 607 3784 τούς
645 3738 704 3774 τε
753 3723 847 3775 καὶ
884 3723 1364 3816 συγκλῃρονύμους
1398 3727 1490 3781 ...⁵.
1535 3727 1688 3799 δείξῃ
1727 3727 1822 3781 καὶ
1857 3728 2064 3798 ποίηση
2103 3725 2285 3797 ἐαυτῷ
2309 3744 2322 3757 ο
2368 3727 2494 3789 τοὺς
2529 3727 2586 3780 δὲ
2617 3726 2693 3799 μὴ
2712 3725 2992 3791 τοιούτους
3039 3726 3285 3799 ἐκϐάλλῃ
3315 3727 3413 3798 τῆς
3453 3726 3757 3790 υἱοθεσίαςι

477 3820 527 3871 εί
572 3819 646 3889 μὴ
681 3836 819 3889 μετα
827 3821 1133 3892 μεληθεῖεν.

549 3912 703 3968 Talia
732 3924 912 3969 autem
947 3916 1083 3971 dixit
1110 3919 1403 3984 Dominus,
1456 3935 1526 3975 ne
1559 3921 1614 3975 in
1663 3921 1853 3976 orulos
1890 3921 2067 3976 homi-

480 4022 608 4059 num
641 4008 991 4065 intcndentes
1020 4012 1148 4065 dum
1183 4026 1410 4069 oramus
1437 4023 1492 4068 et
1522 4012 1860 4083 jejunamus,
1884 4029 1915 4069 a
1941 4016 2064 4085 qui-

481 4100 582 4155 bus
610 4103 757 4156 nulla
804 4103 855 4156 in
884 4104 1002 4159 istis
1040 4105 1268 4172 utilitas,
1297 4107 1489 4175 jejunii
1518 4107 1743 4177 quidem
1776 4118 1831 4162 et
1857 4108 2066 4174 oratio-

483 4195 570 4248 nis
589 4194 829 4250 laborem
856 4197 1149 4264 patiamur,
1178 4200 1428 4253 mercede
1452 4213 1578 4252 vero
1608 4198 1928 4267 spolientur.
1948 4197 2063 4267 .Ca-

482 4296 575 4355 put
605 4296 782 4341 autem
818 4305 1042 4357 ungere,
1087 4300 1145 4344 ut
1174 4289 1333 4355 dixit,
1368 4301 1422 4345 et
1461 4290 1657 4345 faciem
1691 4293 1876 4343 lavare
1927 4289 2064 4344 nihil

483 4377 628 4431 aliud
654 4388 922 4447 estquam
948 4381 1207 4450 pallorem
1236 4380 1518 4449 praeferre,
1545 4397 1752 4436 necnon
1781 4381 2062 4435 sordidum

485 4480 537 4522 et
569 4484 824 4537 spurcum
875 4482 1038 4540 caput
1095 4473 1318 4538 habere,
1373 4483 1429 4525 ut
1464 4488 1528 4526 ex
1578 4473 1829 4527 instituto
1859 4472 2064 4542 jejunio

485 4578 692 4617 necnon
717 4581 778 4618 ex
815 4566 1062 4634 corporis
1093 4566 1355 4635 despectu
1393 4568 1496 4620 ista
1533 4567 1739 4635 perpeti
1773 4566 2062 4637 videantur

2239 3915 2481 3972 Τοιαῦτα
2514 3916 2572 3970 δέ
2607 3932 2777 3987 φησιν
2821 3915 2852 3969 6
2903 3915 3132 3984 Κύριος,
3168 3914 3256 3968 ἴνα
3304 3912 3379 3984 μὴ
3442 3913 3579 3984 πρὸς
3629 3912 3762 3977 τοὺς

2167 4010 2279 4065 τῶν
2326 4009 2632 4082 ἀνθρώπων
2675 4009 2991 4080 ὀφθαλμοὺς
3020 4009 3259 4081 δρῶντος
3292 4009 3343 4061 oi
3380 4008 3761 4081 προσευχόμε-

2173 4122 2257 4159 νοι
2289 4105 2386 4158 καὶ
2429 4105 2481 4157 οἱ
2517 4102 2895 4175 νηστεύοντες,
2928 4103 3062 4174 παρ’
3114 4099 3192 4157 ὧν
3241 4101 3393 4156 οὐδὲν
3422 4101 3517 4154 ἐπὶ
3544 4099 3761 4163 τούτοις

2175 4198 2394 4265 δφελος,
2425 4196 2518 4249 τὸν
2560 4196 2661 4265 μὲν
2696 4198 2798 4267 τῆς
2828 4196 3088 4265 νηστείας
3140 4196 3238 4249 καὶ
3286 4194 3388 4265 τῆς
3443 4194 3760 4264 προσευχῆς

2171 4291 2343 4344 κόπον
2370 4289 2758 4359 ὑπομένωμεν,
2784 4305 2879 4342 του
2902 4289 2958 4342 δὲ
2984 4288 3181 4359 μισθοῦ
3210 4287 3552 4358 περώμεθα.
3581 4288 3758 4341 Ἀλεί-

2173 4399 2297 4451 φειν
2341 4382 2399 4436 δὲ
2446 4383 2550 4454 τὴν
2592 4383 2840 4451 κεφαλήν
2874 4399 3009 4452 φησι
3064 4384 3160 4435 καὶ
3202 4382 3411 4435 νίπτειν
3442 4382 3505 4434 τὸ
3538 4381 3761 4450 πρόσω-

2170 4490 2296 4539 πον,
2330 4474 2581 4528 τουτέστι
2616 4474 2692 4544 μὴ
2721 4473 2936 4545 ὼχριᾷν
2966 4474 3336 4543 ἐπιτηδεύειν,
3375 4472 3509 4542 μηδὲ
3532 4473 3760 4541 ἀὐχμη-

2174 4567 2271 4635 ρὸν
2306 4564 2446 4619 εἶναι
2493 4566 2588 4619 καὶ
2638 4565 2952 4636 κατάξηρον
2980 4567 3078 4635 τὴν
3109 4564 3376 4635 κεφαλὴν,
3419 4564 3494 4627 ὡς
3543 4563 3604 4629 ἐξ
3637 4566 3760 4617 ἐπι-

480 4666 535 4711 et
553 4659 631 4712 sic
659 4659 725 4712 ab
748 4658 1059 4713 hominibus
1087 4659 1298 4713 Iaudem
1320 4669 1745 4725 consectentur;
1765 4659 1891 4713 talia
1915 4660 2060 4713 enim

2170 4660 2479 4730 τεταμένης
2529 4659 2784 4728 νηστείας
2830 4660 2922 4711 καὶ
2983 4661 3084 4729 τῆς
3133 4660 3227 4711 ἐπὶ
3276 4658 3338 4710 τὸ
3391 4657 3550 4727 σῶμα
3581 4674 3758 4711 natat-

485 4761 830 4806 ostentantes
858 4753 1131 4806 faciebant
1154 4753 1411 4807 Phariszei
1436 4768 1452 4818 ;
1486 4753 1609 4806 ideo
1633 4753 1758 4821 jure
1785 4752 1854 4807 ab
1879 4752 2065 4808 Eccle-

483 4845 559 4899 sia
595 4844 799 4900 Christi
844 4845 1009 4899 alieni
1047 4844 1173 4900 facti
1209 4856 1363 4909 sunt,
1400 4845 1600 4913 quibus
1632 4859 1698 4898 ne
1724 4844 1932 4900 similes
1964 4848 2060 4901 lia-

487 4952 606 4992 mus
634 4939 884 5007 prohibet
912 4937 1194 4992 Dominus.
1232 4937 1337 4992 Sed
1373 4940 1416 4992 si
1455 4946 1618 5006 caput
1644 4939 1838 4991 anima:
1857 4953 2061 5007 anago—

487 5032 607 5100 gico
640 5048 803 5087 sensu
840 5032 965 5102 quis
993 5032 1141 5086 dicat
1168 5040 1401 5086 mentem
1437 5044 1491 5085 ut
1526 5032 1717 5084 ducent
1749 5043 1801 5085 et
1834 5031 1954 5100 ejus
1983 5030 2064 5084 ia-

483 5110 621 5177 ciem
650 5124 1116 5193 imaginationem,
1148 5122 1200 5175 in
1225 5138 1331 5192 qua
1361 5123 1731 5192 potentiorum
1755 5123 1902 5175 circa
1940 5130 2065 5191 p‘er-

483 5219 765 5285 ceptiones
797 5230 1057 5269 sensuum
1088 5216 1426 5269 versantium
1474 5216 1577 5268 lixa
1630 5215 1851 5270 sistitur
1877 5217 2059 5278 sedes.

488 5307 642 5360 decet
675 5323 772 5361 nos
823 5305 1141 5373 jejunautes
1201 5308 1323 5361 olco
1364 5317 1525 5376 caput
1562 5324 1791 5377 ungere,
1852 5309 2065 5364 scilicet

487 5399 896 5452 misericordem
956 5398 1136 5452 facere
1171 5412 1406 5452 mentem
1443 5412 1707 5465 nostram,
1760 5410 1814 5456 et
1867 5401 2063 5457 faciem

495 5506 589 5545 seu
624 5494 729 5543 vim
767 5493 1173 5559 imaginativatn
1226 5497 1407 5549 lavare
1450 5512 1475 5547 a
1509 5496 1723 5564 spurcis
1752 5507 1801 5547 et
1836 5498 2067 5565 impuris

488 5587 932 5655 cogitationibus,
983 5597 1037 5641 et
1080 5589 1160 5642 ira
1225 5599 1278 5642 et
1310 5589 1378 5642 ab
1432 5590 1580 5643 omni
1618 5591 1877 5660 nequitia.
1934 5590 2069 5645 Tale

490 5680 636 5733 enim
661 5692 715 5733 ct
744 5681 816 5732 ita
853 5679 1153 5748 perfectum
1191 5679 1459 5753 jejunium
1489 5697 1596 5736 non
1630 5697 1817 5739 omnes
1852 5693 2063 5738 tantum

596 5859 615 5893 ¹
644 5859 791 5914 Ρείιι.
826 5877 953 5929 LXII,
990 5860 1044 5915 7.
1157 5866 1175 5894 ³
1209 5860 1401 5920 Matth.
1424 5878 1501 5930 Vt,
1528 5862 1712 5918 ili-18.

2172 4755 2489 4822 φρονήσεως
2512 4751 2690 4805 δοκεῖν
2714 4750 2944 4804 τοιαῦτα
2969 4751 3184 4815 παθεῖν,
3205 4753 3298 4803 καὶ
3321 4749 3468 4803 οὕτω
3488 4750 3580 4803 τὸν
3601 4753 3760 4820 παρὰ

2169 4842 2281 4895 τῶν
2314 4842 2622 4914 ἀνθρώπων
2655 4841 2876 4897 ἔπαινον
2904 4842 3177 4912 θηρᾶσθαι
3203 4857 3218 4873 ο
3260 4842 3488 4895 τοιαῦτα
3519 4843 3630 4912 γὰρ
3652 4858 3759 4909 φας

2170 4934 2468 5003 νητιῶντες
2494 4935 2723 4987 ἐποίουν
2764 4936 2812 4987 οί
2862 4936 3156 5005 Φαρισαῖοι
3187 4949 3201 4964 ⁶
3232 4934 3317 4987 διὸ
3349 4936 3442 4987 καὶ
3481 4935 3583 5004 τῆς
3613 4934 3760 4987 κατὰ
3826 4974 3833 4977 .

2172 5028 2409 5098 Χριστὸν
2476 5026 2805 5096 Ἐκκλησίας
2872 5028 3095 5090 δικαίως
3144 5026 3617 5098 ὴλλοτριὼθησαν,
3672 5021 3756 5089 οἷς

2171 5121 2321 5191 ἡμᾶς
2358 5118 2755 5190 ἀφομοιοῦσθαι
2789 5119 3046 5186 καθάπαξ
3081 5121 3420 5193 ἀπαγορεύει
3462 5123 3491 5173 6
3526 5123 3754 5192 Κύριος.

2172 5214 2232 5265 Ei
2271 5213 2328 5268 δέ
2359 5214 2452 5267 καὶ
2497 5213 2741 5284 κεφαλὴν
2780 5215 2881 5284 τῆς
2932 5214 3110 5284 ψυχῆς
3141 5215 3505 5285 ἁναγωγικῶς
3526 5232 3611 5277 τις
3640 5218 3761 5286 ἐρεῖ

2169 5306 2262 5360 τὸν
2292 5308 2418 5360 νοῦν
2446 5308 2522 5371 ὠς
2568 5307 2924 5377 ἡγεμονικὸν,
2970 5308 3067 5361 καὶ
3102 5308 3397 5377 πρόσωπον
3441 5306 3504 5360 τὸ
3549 5304 3756 5373 ταύτης

2170 5400 2554 5468 φανταστικὸν,
2577 5400 2636 5452 ἐν
2663 5394 2706 5468 ᾧ
2732 5398 2839 5452 τῶν
2866 5399 3006 5453 κατᾶ
3037 5400 3138 5463 τὰς
3165 5401 3447 5471 αἰσθήσεις
3462 5398 3760 5469 ἐνεργειῶν

2170 5490 2408 5560 ἔμμονὸς
2446 5493 2597 5545 ἐστιν
2654 5494 2688 5562 ἡ
2747 5491 2904 5560 ἕδρα,
2964 5492 3131 5546 καλὸν
3186 5492 3551 5562 νηστεύοντας
3605 5491 3757 5561 ἡμᾶς

2171 5582 2420 5651 ἀλείφειν
2467 5584 2634 5655 ἐλαίῳ
2680 5585 2780 5654 τὴν
2832 5585 3103 5655 κεφαλὴν,
3149 5586 3430 5643 τουτέστιν
3484 5584 3757 5654 ἐλεήμονα

2167 5680 2345 5730 ποιεῖν
2380 5677 2472 5732 τδν
2527 5679 2801 5752 ήμετέρον
2834 5678 2961 5735 νοῦν
2992 5684 3088 5736 καὶ
3140 5680 3196 5733 τὸ
3238 5680 3538 5753 πρόσωπον
3566 5674 3757 5750 ἡμῶν»

1812 5865 1832 5895 ³
1854 5863 1982 5920 Luc.
2022 5879 2133 5931 xu,
2156 5865 2248 5921 ‘25.
