4090 6486
352 353 425 420 97
1733 347 2064 424 bonum
2108 358 2276 422 rm.
3568 363 3644 430 98

343 477 526 544 σοφὸς,
559 475 791 541 δειξάτω
846 478 911 530 ἐκ
941 469 1040 545 τῆς
1074 477 1247 548 καλῆς
1280 464 1632 549 ἀναστροφῆς
1683 481 1748 532 τὰ
1791 479 1926 549 ἔργα

2045 476 2208 544 Igitur
2232 476 2276 529 si
2307 473 2415 527 Deo
2445 473 2668 542 quidem
2693 487 2827 528 vere
2857 472 3157 540 credimus,
3190 475 3240 531 id
3272 487 3381 543 est,
3413 481 3457 534 si
3483 497 3645 537 veras

344 568 532 623 αὑτοῦ.
579 587 598 621 ι
660 569 784 623 Ὀτι
830 569 948 642 ,μὲν
1012 565 1106 623 οὖν
1175 571 1398 640 ἀληθῶς
1449 571 1789 640 πιστεύομεν
1849 570 1928 640 τῷ

346 663 485 731 Θεῷ,
516 664 798 718 τουτέστιν
825 664 1047 734 ἀληθεῖς
1082 647 1179 717 irai.
1211 665 1456 736 βεϐαίας,
1490 669 1580 718 καὶ
1609 667 1732 718 ὅσον
1775 665 1930 718 οὔπω

350 757 729 828 παρεσομένας
750 756 1094 827 γινώσκομεν
1116 759 1216 820 τὰς
1243 759 1408 812 αὑτοῦ
1433 759 1569 830 πρὸς
1593 761 1738 830 ἡμᾶς
1761 762 1934 828 ἐπαγ-

350 851 534 916 γελίας
583 849 742 920 ﬁxa!
797 851 1050 914 ἀπειλὰς,
1087 851 1172 906 διὰ
1218 853 1327 904 τῶν
1375 852 1663 922 ἡμετέρων
1709 851 1932 919 ἀγαθῶν

351 941 528 1011 ἔργων
561 941 836 994 δείκνυται
878 941 973 994 καὶ
1003 942 1105 1007 τῆς
1148 943 1254 996 τῶν
1282 943 1446 996 θείων
1497 943 1728 996 ἐντολῶν
1756 946 1930 1014 τηρή-

353 1051 510 1097 σεως.
543 1035 662 1087 Ὀτι
701 1033 754 1087 δὲ
783 1032 955 1104 ὀρθῶς
983 1035 1314 1103 πιστεύομεν
1343 1037 1422 1095 είς
1467 1036 1558 1088 τὸν
1585 1036 1740 1099 Θεὸν,
1775 1053 1933 1091 τουτ-

354 1127 470 1180 έστι
519 1125 702 1188 καλῶς
755 1128 852 1179 καὶ¹
904 1127 1162 1196 ἀσφαλῶς
1191 1129 1287 1181 καὶ
1331 1129 1575 1192 εὐσεϐῶς
1620 1129 1932 1199 φρονοῦμεν

355 1224 484 1290 περὶ
541 1221 728 1284 αὑτοῦ,
764 1221 928 1275 πόθεν
977 1223 1113 1292 ἡμῖν
1149 1225 1180 1292 ἡ
1235 1223 1624 1292 παράστασιςς
1660 1223 1794 1277 Ἀπὸ
1827 1223 1932 1294 τῆς

356 1316 491 1386 πρὶς
555 1317 673 1377 τοὺς
729 1316 1022 1387 θεοφόρους
1086 1319 1334 1386 Πατέρας
1397 1317 1554 1387 ἡμῶν
1615 1317 1930 1388 ὁμολογίας.

354 1407 568 1476 Ὠσπερ
597 1407 652 1459 δὲ
699 1407 759 1458 τὸ
803 1407 1054 1477 ἀψευδῶς
1087 1409 1366 1462 πιστεύειν
1405 1410 1482 1478 τῷ
1513 1410 1631 1479 Θεῷ
1662 1411 1722 1463 οὐ
1771 1411 1934 1481 μόνον

352 1499 465 1566 ἔχει
492 1498 591 1566 τὴν
619 1498 729 1551 ἀπὸ
770 1498 878 1551 τῶν
921 1501 1021 1569 τῆς
1077 1501 1280 1571 σαρκὸς
1325 1503 1514 1555 παθῶν
1563 1505 1657 1557 καὶ
1690 1503 1791 1574 τὴν
1823 1503 1934 1557 ἀπὸ

349 1591 459 1645 τῦν
484 1591 576 1643 τοῦ
609 1591 845 1660 πονηροῦ
878 1592 1124 1658 παγίδων
1160 1594 1499 1660 ἐναντίωσιν,
1533 1595 1671 1648 ἀλλά
1701 1598 1795 1648 καὶ
1833 1595 1934 1666 τὴν

352 1686 461 1737 ἀπὸ
492 1685 596 1737 τῶν
635 1685 898 1753 ἐμπαοῶν
931 1688 1260 1757 ἀνθρῦπων.
1314 1688 1622 1755 θελγόντων
1655 1691 1751 1744 καὶ
1801 1707 1937 1760 συγ-

351 1775 728 1828 καθελκόντων
759 1779 839 1841 είς
866 1777 964 1840 τὰς
1007 1783 1067 1831 οὐ
1102 1779 1276 1843 καλὰς
1305 1781 1524 1852 ἡδονὰς,
1555 1781 1699 1835 οὕτω
1731 1784 1826 1835 καὶ
1874 1782 1934 1836 τὸ

2041 578 2097 623 et
2139 571 2322 622 lirmas
2351 576 2402 621 et
2435 583 2714 636 nunquam
2745 567 2996 637 lapsuras
3026 569 3146 640 ejus
3181 574 3246 623 ad
3275 586 3376 627 nos
3403 575 3644 642 promis-

2045 662 2229 717 siones
2271 661 2353 714 vel
2385 663 2562 715 minas
2594 662 3002 728 cognoscimus,
3049 677 3146 731 per
3178 667 3318 718 bona
3347 680 3509 734 Opera
3543 685 3644 722 no-

2046 763 2158 807 stra
2191 761 2243 805 et
2275 767 2371 820 per
2405 753 2845 807 observationem
2878 754 3190 809 divinorum
3246 769 3642 825 prtcccptorum

2043 846 2421 900 ostendemus.
2457 844 2510 898 Si
2551 860 2682 900 vero
2716 857 2862 901 recte
2895 848 2945 900 in
2984 846 3152 902 Deum
3203 850 3503 914 credimus,
3541 867 3639 906 seu

2045 937 2088 992 si
2121 939 2345 1005 pulchre
2379 947 2432 990 et
2462 947 2578 991 tute
2606 946 2660 991 et
2691 938 2776 1006 pie
2807 938 2872 991 de
2901 952 2966 991 eo
2992 942 3322 1006 cegitantus,
3361 943 3505 994 unde
3538 959 3638 995 no-

2043 1029 2130 1084 bis
2155 1031 2426 1100 probatio?
2450 1031 2526 1085 Ex
2552 1040 2736 1085 nostra
2762 1032 2826 1085 ad
2853 1031 3007 1086 divos
3033 1032 3226 1086 Patres
3241 1034 3645 1088 convenientia.

2046 1124 2518 1192 Quemadmodum
2553 1140 2683 1179 vero
2718 1123 2872 1179 ﬁrme
2899 1125 3010 1178 Deo
3049 1127 3295 1189 credere,
3324 1142 3430 1179 non
3461 1129 3638 1182 solum

2047 1231 2148 1271 nos
2189 1233 2216 1269 a
2253 1218 2397 1271 vitiis
2425 1217 2740 1271 carnalibus
2767 1227 2817 1270 et
2853 1233 2881 1269 a
2915 1217 3119 1272 retibus
3165 1217 3385 1288 maligni
3422 1219 3641 1284 avertit,

2046 1312 2139 1366 sed
2166 1313 2329 1365 etiam
2357 1329 2382 1361 a
2411 1311 2826 1380 corruptoribus
2848 1322 2894 1366 el
2928 1311 3264 1365 illecebrosis
3296 1313 3426 1366 viris
3451 1313 3504 1365 in
3538 1327 3637 1367 vo—

2048 1405 2283 1473 luptates
2305 1405 2657 1473 turpissimus
2682 1405 3054 1471 trahentibus,
3088 1405 3161 1458 ita
3188 1405 3238 1458 in
3268 1407 3441 1460 solum
3474 1407 3643 1461 Deum

2048 1515 2236 1552 verum
2282 1507 2428 1552 recte
2468 1499 2698 1553 credere
2728 1514 2838 1553 non
2880 1503 3054 1553 solum
3095 1514 3197 1553 nos
3231 1499 3300 1553 ab
3331 1500 3641 1571 ignorantia

2052 1606 2106 1649 et
2138 1593 2586 1663 snggestionibns
2619 1594 2828 1649 inimici
2871 1596 3090 1658 avertit,
3135 1612 3322 1651 verum
3360 1597 3526 1650 etiam
3573 1597 3644 1651 ab

2049 1687 2234 1757 impiis
2285 1697 2338 1741 et
2388 1685 2678 1741 fallacibus
2712 1689 2847 1741 viris
2902 1688 2953 1740 in
3008 1690 3288 1759 propriam
3338 1689 3641 1759 perniciem

2048 1780 2506 1850 proripientibus.
2557 1779 2853 1835 Maximum
2909 1792 3090 1836 autem
3149 1783 3202 1836 in
3253 1790 3485 1852 utraque
3539 1783 3646 1838 ﬁde

353 1865 633 1918 πιστεύειν
662 1866 838 1938 ὀρθῶς
872 1868 951 1932 είς
984 1869 1075 1923 τὸν
1111 1871 1272 1939 μόνον
1309 1872 1484 1943 ἀληθῆ
1512 1873 1646 1926 Θεὸν
1679 1873 1738 1926 οὐ
1771 1873 1934 1943 μόνον

2045 1873 2206 1926 datur
2231 1873 2562 1941 adjutorium
2595 1887 2704 1927 non
2738 1873 3086 1928 solummodo
3119 1875 3186 1926 ab
3211 1874 3329 1945 ipso
3357 1875 3465 1929 Deo
3489 1883 3542 1929 et
3579 1873 3648 1930 ab

349 1958 465 2028 ἔχει
490 1959 589 2030 τὴν
619 1960 726 2014 ἀπὸ
750 1961 852 2032 τῆς
876 1963 1098 2030 ἀγνοίας
1130 1967 1226 2018 καὶ
1256 1966 1355 2036 τὴν
1380 1967 1487 2019 ἀπὸ
1515 1967 1623 2019 τῶν
1649 1967 1934 2021 ὕποϐολῶν

349 2052 443 2105 τοῦ
479 2055 857 2124 ἀντικειμένου
890 2059 1234 2123 ἐναντίωσιν,
1263 2059 1398 2113 ἀλλὰ
1430 2065 1523 2113 καὶ
1551 2061 1650 2131 τὴν
1679 2060 1789 2115 ἀπὸ
1823 2061 1934 2114 τῶν

345 2143 623 2197 δυσσεΰῶν
654 2145 956 2216 ἀνθρώπων
991 2148 1338 2202 κλεπτόντων
1367 2151 1463 2203 καὶ
1498 2150 1937 2218 συγκατασπών-

2043 1966 2158 2034 ipsa
2195 1967 2352 2019 nobis
2389 1966 2593 2019 tributa
2636 1967 2998 2035 cognoscendi
3030 1967 3298 2036 potentia,
3331 1966 3426 2021 sed
3472 1966 3642 2020 etiam

2041 2059 2110 2111 ab
2156 2057 2367 2126 angelis
2396 2057 2555 2112 bonis
2577 2065 2634 2111 et
2667 2058 2771 2126 piis
2795 2057 3110 2111 hominibus
3134 2058 3434 2112 secundum
3469 2057 3641 2113 Deum

2040 2151 2370 2206 viventibus.

344 2259 457 2296 των
489 2243 567 2306 είς
610 2244 707 2314 τὴν
739 2244 948 2298 οἰκείαν
983 2247 1288 2302 ἀπώλειαν.
1342 2249 1451 2301 Καὶ
1483 2248 1712 2318 βοήθεια
1793 2249 1852 2302 δὲ
1923 2250 2160 2320 μεγίστη
2228 2249 2524 2320 πρόσεστιν
2575 2248 2663 2318 ἐφ’
2727 2249 3002 2318 ἑκατέρας
3053 2249 3316 2309 πίστεως,
3363 2247 3426 2300 οὐ
3483 2247 3647 2327 μόνον

347 2336 480 2405 παρ’
511 2335 674 2388 αὐτοῦ
709 2353 766 2388 τε
798 2337 890 2388 τοῦ
923 2337 1058 2390 Θεοῦ
1093 2341 1186 2391 καὶ
1219 2339 1319 2410 τῆς
1345 2340 1405 2406 ἐξ
1436 2340 1604 2394 αὑτοῦ
1637 2341 1934 2413 δεδομένης
1973 2345 2106 2412 ἡμῖν
2135 2342 2451 2412 γνωστικῆς
2482 2342 2789 2412 δυνάμεως,
2823 2341 2966 2394 ἀλλά
2990 2340 3085 2393 καὶ
3118 2339 3270 2408 παρά
3335 2340 3444 2394 τῶν
3504 2341 3647 2408 ἀγα-

348 2431 457 2485 Θῶν
486 2434 752 2502 ἀγγέλων,
783 2435 880 2488 καὶ
916 2436 1028 2488 τῶν
1073 2437 1346 2492 θεοσεϐὦν
1397 2441 1492 2494 καὶ
1527 2437 1751 2504 ζώντων
1796 2441 1938 2494 κατὰ
1973 2439 2106 2494 Θεὸν
2146 2439 2477 2510 ἀνθρώπων.

417 2529 521 2600 41
558 2531 656 2582 Διά
681 2531 840 2584 τοῦτο
867 2536 957 2586 καὶ
986 2535 1019 2604 ἡ
1049 2537 1399 2605 πνευματικὴ
1435 2538 1530 2589 καὶ
1555 2539 1709 2608 κοινὴ
1743 2541 1936 2608 μήτηρ

350 2626 442 2675 καὶ
478 2624 677 2693 τροξὸς
709 2625 948 2698 ήμῶν,ὴ
1005 2627 1302 2697 Ἐκκλησία
1347 2631 1440 2682 τοῦ
1474 2632 1738 2702 Χριστοῦ,
1769 2634 1942 2700 σήμε-

358 2732 449 2784 ρον
483 2715 871 2787 ἀριδηλότερον
895 2717 1012 2785 ἅμα
1041 2721 1134 2771 καὶ
1171 2722 1482 2790 κοινότερον
1509 2725 1612 2792 τήν
1637 2741 1693 2774 τε
1733 2725 1942 2793 ἀνακή·

353 2808 505 2874 ρνξιν
535 2812 769 2864 ποιεῖται
796 2813 904 2865 τῶν
937 2813 1024 2864 ἐπ’
1067 2815 1320 2885 εὐσεϐείᾳ
1350 2817 1445 2869 καὶ
1485 2818 1654 2887 ἀρετῇ
1693 2817 1944 2886 λαμψάν-

345 2917 477 2966 των,
522 2904 756 2957 καὶτῶν
795 2907 1071 2976 πανιέρων
1122 2907 1243 2960 κατ’
1277 2909 1477 2971 αὐτοὺς
1526 2911 1787 2977 συνόδων,
1829 2913 1931 2965 καὶ

349 2996 459 3046 τῶν
491 2998 612 3047 κατ’
642 2998 812 3059 αὑτὰς
844 2997 1005 3052 θείων
1032 3000 1344 3067 δογμάτων,
1377 3000 1472 3052 καὶ
1503 3001 1598 3069 τὴν
1639 3004 1931 3073 ἀιποκήρυ⁹

354 3087 438 3152 ξιν
467 3089 1003 3162 κειραλαιωδέστερον
1049 3093 1158 3145 τῶν
1197 3094 1552 3147 σπουδαστῶν
1601 3095 1698 3163 τῆς
1743 3095 1936 3148 δυσσε-

2118 2535 2408 2604 Proptcrea
2440 2537 2741 2606 spiritualis
2761 2581 2773 2590 .
2795 2535 3214 2604 comn'tunisque
3242 2545 3419 2589 muter
3448 2545 3502 2590 et
3545 2553 3644 2591 nu-

2033 2632 2142 2685 trix
2173 2642 2356 2685 nostra
2394 2631 2596 2686 Christi
2634 2632 2879 2686 Ecclesia
2919 2631 3149 2686 clariore
3184 2633 3453 2700 siumlque
3498 2649 3637 2688 nova

2035 2724 2428 2793 praedicatione
2485 2723 2645 2775 hodie
2709 2725 3056 2776 commendat
3112 2738 3210 2776 eos
3267 2723 3357 2788 qui
3441 2721 3642 2788 pietate

2039 2829 2094 2872 ct
2128 2819 2332 2872 virtute
2375 2817 2697 2872 cliulsernnt
2727 2856 2742 2878 ,
2801 2832 3008 2870 necnon
3048 2817 3398 2870 sanctissima
3439 2817 3642 2868 borum

2043 2913 2274 2967 consilia
2313 2912 2608 2978 divinaque
2659 2911 2908 2979 dogmata
2951 2909 3002 2962 in
3050 2909 3169 2962 istis
3204 2908 3554 2978 pret-laniata,
3591 2913 3648 2960 et;

2044 3006 2359 3060 summatim
2392 3005 2624 3073 abnegat
2658 3019 2753 3058 eos
2793 3005 2883 3071 qui
2926 3001 3191 3070 impietati
3245 3001 3589 3054 inlulserunt
3619 3036 3636 3060 ,

2046 3117 2318 3170 pravaqne
2353 3115 2542 3152 eorum
2579 3098 2754 3153 studia
2797 3106 2852 3151 et
2901 3095 3154 3159 consilia,
3187 3103 3245 3148 ut
3277 3110 3375 3147 nos
3425 3092 3492 3145 ab
3526 3092 3647 3146 istis

347 3184 523 3250 εείαέ,
563 3187 659 3239 καὶ
688 3187 796 3239 τῶν
826 3187 1080 3258 πονηρῶν
1110 3185 1233 3240 κατ’
1264 3188 1463 3251 αὐτοὺς
1493 3191 1935 3260 σπουδασμάτων

2045 3198 2246 3256 aversi,
2297 3195 2574 3248 doctrinas
2624 3207 2754 3246 vero
2784 3207 2906 3260 quae
2940 3199 3064 3242 sunt
3118 3188 3416 3242 secmidum
3476 3183 3644 3238 Deum

348 3296 406 3331 τε
454 3279 548 3332 καὶ
583 3281 970 3350 φρονημάτων,
1025 3280 1114 3334 ἵνα
1153 3281 1379 3344 τούτους
1440 3282 1538 3353 μὲν
1595 3284 1754 3352 ἡμεῖς
1800 3285 1936 3336 ἀπο-

350 3371 697 3440 τρεπόμενοι,
730 3374 843 3434 τοῖς
889 3372 947 3425 δὲ
980 3373 1125 3429 κατὰ
1167 3373 1302 3426 Θεὸν
1339 3376 1680 3445 φρονήσασιν
1731 3377 1934 3444 ἑπόμε-

349 3481 428 3516 νοι
480 3464 828 3535 πιστεύωμεν
869 3466 950 3529 είς
1018 3465 1113 3520 ἕνα
1161 3467 1316 3534 Θεὸν,
1353 3469 1594 3539 Πατέρα,
1661 3471 1787 3524 Υἱὸν
1841 3472 1937 3524 καὶ

350 3557 574 3628 Πνεῦμα
607 3560 784 3626 ἆγιον,
819 3558 878 3623 ἐξ
914 3553 974 3613 οὗ
1007 3561 1102 3612 καὶ
1131 3559 1198 3610 δι’
1233 3552 1297 3612 οὗ
1332 3560 1428 3613 καὶ
1471 3563 1527 3613 ὲν
1559 3556 1602 3629 ᾧ
1641 3561 1709 3614 τὰ
1758 3565 1953 3616 πάντα

348 3654 592 3718 γέγονεν,
621 3653 681 3715 ὃς
737 3654 852 3704 ἐστι
895 3652 1001 3721 πρὸ
1046 3653 1266 3704 πάντων
1319 3655 1413 3706 καὶ
1447 3655 1542 3706 ἐπὶ
1594 3657 1813 3708 πάντων
1841 3658 1939 3709 καὶ

347 3748 408 3796 ἐν
450 3747 582 3798 πᾶσι
639 3747 735 3798 καὶ
779 3746 919 3816 ὑπὲρ
973 3745 1032 3798 τὸ
1067 3749 1196 3810 πᾶν,
1242 3749 1429 3811 Μονὰς
1485 3751 1543 3799 ἐν
1570 3751 1788 3818 Τριὰδι,
1842 3752 1937 3802 καὶ

350 3841 519 3909 Τριὰς
547 3841 604 3892 ἐν
635 3841 864 3906 Μονάδι,
899 3842 1225 3911 ἀσυγχύτως
1273 3843 1563 3913 ἑνουμένη,
1612 3844 1708 3898 καὶ
1742 3844 1939 3913 ἁμερί-

351 3948 490 3996 στως
520 3934 898 4004 διαιρουμένη.
934 3936 1119 3998 Μονὰς
1152 3939 1184 4006 ἡ
1221 3936 1363 4005 αὐτὴ
1397 3938 1494 3988 καὶ
1526 3937 1699 4006 Τριάς
1731 3954 1936 3990 παντο-

348 4025 582 4095 δύναμος
615 4028 851 4099 ’Πατὴρ
905 4027 1135 4098 ἀχρονος
1163 4032 1260 4082 καὶ
1312 4031 1550 4101 ἄναρχος
1599 4031 1694 4084 καὶ
1741 4030 1934 4098 ἀΐδιος,

353 4121 514 4188 μόνος
545 4121 692 4174 αἰτία
718 4122 812 4173 καὶ
847 4121 972 4192 ῥίζα
995 4124 1094 4193 τῆς
1128 4125 1185 4175 ἐν
1213 4123 1325 4194 Υἱῷ
1355 4127 1450 4177 καὶ
1481 4126 1624 4196 ἁγίῳ
1655 4125 1938 4196 Πνεύματι

353 4217 736 4285 θεωρουμένης
771 4216 1062 4286 θεότητοςο
1113 4220 1173 4271 οὐ
1206 4221 1366 4287 μόνος
1418 4221 1771 4290 δημιουργὸς,
1801 4220 1939 4273 ἀλλὰ

358 4309 515 4379 μόνος
552 4310 667 4372 ἑνὸς
698 4309 829 4364 Υἱοῦ
862 4311 1073 4381 Πατὴρ,
1108 4313 1203 4366 καὶ
1245 4311 1564 4382 Πνεῦματος
1605 4313 1767 4380 ἁγίου
1804 4329 1941 4382 προ-

351 4406 540 4469 εολεύς
565 4423 580 4438 ο
623 4406 711 4459 ἀεὶ
737 4404 834 4469 ὢν,
869 4407 964 4459 καὶ
997 4409 1083 4460 ἀεὶ
1110 4408 1186 4459 ὢν
1214 4406 1428 4476 Πατὴρ,
1465 4411 1559 4460 καὶ
1586 4409 1676 4460 ἀεὶ
1706 4405 1780 4460 ὢν
1821 4408 1934 4460 [Ia-

350 4504 455 4570 τήρ
486 4519 544 4553 τε
576 4502 668 4554 καὶ
719 4501 1014 4570 προϐολεύς
1034 4517 1048 4531 ·
1081 4495 1142 4553 οὗ
1195 4500 1321 4564 Υἱὸς
1352 4497 1432 4564 εἷς
1466 4501 1740 4563 συναῖδιος
1786 4498 1936 4570 αὐτῷ

2039 3289 2235 3351 scenti,
2270 3289 2559 3340 credamus
2591 3284 2642 3338 in
2679 3300 2852 3337 unum
2893 3283 3083 3342 Deum,
3116 3277 3330 3332 Patrem
3362 3286 3415 3331 et
3445 3274 3644 3330 Filium

2038 3391 2092 3437 et.
2124 3380 2386 3450 Spiritum
2416 3389 2691 3441 sanctum,
2719 3394 2779 3430 ex
2813 3394 2944 3445 qtto,
2984 3391 3075 3442 per
3103 3388 3288 3443 quem,
3316 3371 3368 3423 in
3392 3386 3500 3440 quo
3529 3384 3648 3422 om-

2041 3479 2127 3530 nia
2163 3476 2302 3530 facta
2341 3481 2491 3533 sunt,
2527 3472 2725 3542 quiest
2757 3487 2920 3538 super
2949 3467 3157 3533 omnia,
3183 3475 3307 3520 ante
3337 3463 3544 3526 omnia,
3588 3472 3646 3519 et

2040 3569 2092 3625 in
2132 3571 2410 3629 on'inibns,
2439 3565 2633 3622 Unitas
2663 3566 2715 3617 in
2741 3563 2774 3617 Ἱ
2793 3562 3291 3626 rinitatc,’l‘rinitas
3317 3559 3368 3611 in
3395 3555 3640 3620 Unitate,

2039 3664 2158 3718 sine
2190 3658 2513 3714 confusione
2535 3659 2796 3718 ndomita,
2825 3669 2879 3708 ct
2906 3657 3025 3710 sine
3059 3656 3327 3709 divisione
3351 3654 3639 3706 distincta.

2039 3753 2237 3810 Unitas
2269 3752 2457 3803 eadem
2497 3758 2553 3803 et
2589 3747 2835 3802 Trinitas
2863 3749 3237 3816 on‘tnipolens.
3274 3747 3440 3799 Pater
3481 3755 3643 3800 reter-

2041 3867 2164 3914 nns,
2215 3849 2336 3902 sine
2386 3856 2650 3914 tempore.
2707 3844 2824 3899 sine
2857 3843 3151 3911 principio,
3197 3843 3348 3895 solus
3392 3856 3555 3895 causa
3588 3847 3645 3892 et

2039 3943 2195 3996 radix
2228 3938 2536 3993 divinitatis
2567 3940 2616 3992 in
2650 3936 2791 3992 Filio
2821 3945 3120 4003 Sancteque
3162 3935 3368 4004 Spiritu
3421 3932 3645 3986 inhabio

2043 4035 2249 4099 tantis;
2289 4049 2392 4087 non
2426 4032 2574 4086 solus
2600 4039 2820 4084 creator
2871 4029 3095 4091 mundi,
3150 4031 3240 4081 sed
3289 4025 3440 4081 solus
3477 4023 3645 4078 unius

2041 4126 2162 4181 Filii
2197 4124 2378 4189 Pater,
2413 4133 2468 4178 et
2496 4123 2735 4191 Spiritus
2766 4121 2938 4175 sancti
2974 4120 3330 4188 principium,
3373 4117 3465 4187 qui
3498 4130 3648 4171 scm-

2040 4236 2137 4291 per
2166 4231 2270 4284 εει,
2305 4230 2635 4286 semperque
2666 4223 2750 4268 est
2793 4214 2976 4272 Pater.
3010 4225 3340 4280 semperque
3364 4219 3447 4263 est
3479 4209 3642 4262 Pater

2041 4323 2097 4367 et
2142 4311 2507 4382 principium;
2555 4309 2710 4379 cujus
2778 4323 2919 4360 unus
2969 4305 3137 4358 Filius
3183 4303 3283 4372 ipsi
3335 4315 3648 4358 comlernus

2041 4407 2130 4477 qni
2157 4405 2222 4458 ad
2263 4405 2438 4458 instar
2477 4401 2654 4455 Patris
2695 4399 3023 4469 principiqu
3076 4396 3374 4450 secundum
3433 4394 3646 4462 tempus

2043 4516 2149 4553 non
2209 4498 2409 4558 habet,
2463 4494 2560 4551 sed
2617 4492 2957 4564 principium
3027 4488 3220 4554 habet,
3280 4496 3441 4555 prout
3494 4487 3651 4555 geni-

351 4599 447 4651 καὶ
486 4598 626 4650 κατὰ
659 4597 852 4666 χρόνον
897 4596 1233 4665 συνάναρχος
1259 4611 1274 4625 ·
1308 4597 1409 4648 οὐκ
1447 4597 1686 4666 ἄναρχος
1727 4593 1808 4656 δὲ,
1862 4592 1935 4656 ὡς

2048 4601 2218 4645 torem
2273 4599 2324 4644 et
2391 4587 2630 4642 radicem
2665 4597 2715 4639 et
2757 4585 3042 4639 fomento:
3100 4581 3429 4651 principium
3486 4581 3652 4632 habct

348 4693 650 4762 γεννήτορα
674 4692 770 4744 καὶ
804 4689 963 4762 ῥίζαν
995 4691 1089 4742 καὶ
1120 4689 1306 4759 πηγὴν
1337 4691 1435 4742 καὶ
1473 4691 1650 4757 ἀρχὴν
1676 4688 1816 4757 ἔχων
1847 4688 1938 4739 τὸν

351 4785 592 4855 Πατέρα,
625 4785 686 4849 ὲξ
713 4779 774 4839 οὗ
807 4784 971 4852 μόνον
1006 4783 1113 4854 πρὸ
1145 4786 1367 4836 πάντων
1398 4785 1506 4835 τῶν
1535 4783 1751 4836 αἰώνων
1793 4783 1940 4834 ἀσω-

355 4881 563 4950 μάτως,
622 4877 877 4941 ἀπαθῶς,
924 4877 1266 4950 ὰρῤεύστως,
1319 4879 1597 4944 γεννητῶς
1641 4875 1935 4945 προῆλθεν,

354 4971 472 5026 ἀλλ’
501 4973 562 5024 οὐ
590 4971 817 5042 διῃρέθη
841 4987 857 5002 ο
891 4970 1022 5034 Θεὸς
1067 4969 1144 5022 ὢν
1177 4973 1242 5024 ἐκ
1276 4969 1436 5029 Θεοῦ,
1475 4971 1576 5022 οὐκ
1623 4969 1780 5032 ἄλλος
1817 4969 1936 5038 μὲν,

353 5063 491 5117 καθὸ
513 5064 669 5127 Θεὸς,
693 5063 853 5133 ἄλλος
876 5061 933 5115 δὲ
961 5062 1100 5116 καθὸ
1141 5061 1269 5124 Υἱός
1295 5077 1310 5091 ο
1338 5062 1425 5113 ἀεὶ
1461 5059 1558 5124 ὢν,
1604 5061 1698 5112 καὶ
1748 5061 1834 5112 ἀεὶ
1863 5060 1940 5113 ὢν

355 5160 504 5221 Υἱὸς,
548 5160 646 5212 καὶ
670 5157 757 5210 ἀεὶ
799 5156 936 5226 πρὸς
974 5156 1066 5209 τὸν
1101 5155 1237 5209 Θεὸν
1267 5155 1593 5225 ἀσυγχύτως
1639 5151 1748 5206 ῶνα
1782 5155 1941 5220 λόγος

325 5236 488 5318 ζῶν,
522 5253 642 5320 φῶς
672 5249 947 5313 ἀληθινὸν,
1003 5249 1378 5310 ὲνυπόστατος
1430 5249 1615 5316 σοφία,
1655 5248 1806 5300 αἰτία
1842 5248 1938 5300 καὶ

357 5348 503 5417 ἁρχὴ
530 5347 638 5398 τῶν
668 5344 972 5413 γεγονότων
1021 5344 1272 5406 navem»),
1310 5342 1384 5404 ὡς
1417 5341 1484 5394 δι’
1517 5341 1685 5394 αὐτοῦ
1722 5342 1943 5394 πάντων

355 5439 660 5507 γεγονότων
683 5452 698 5465 ·
735 5437 796 5499 ὃς
828 5436 920 5488 ἐπὶ
946 5436 1233 5506 συντελείᾳ
1263 5435 1372 5488 τῶν
1417 5435 1654 5495 αἰώνων,
1687 5433 1942 5502 καθάπερ

355 5535 404 5585 οἱ
438 5531 716 5602 προφῆται
767 5529 1208 5600 προηγόρευσαν,
1253 5527 1450 5582 ἑαυτὸν
1497 5526 1758 5590 ὲκείνωσε,
1809 5544 1944 5595 μορ-

359 5627 467 5695 φὴν
497 5627 597 5695 τὴν
629 5624 752 5676 καθ’
780 5625 928 5694 ἡμᾶς
958 5623 1026 5678 δι’
1061 5624 1212 5694 ἡμᾶς
1243 5623 1450 5687 λαϐὼν,
1493 5621 1593 5674 καὶ
1620 5623 1682 5673 ὲκ
1711 5623 1945 5690 ἀειπαρ-

361 5720 514 5772 θένου
563 5719 788 5789 Μαρίας
837 5716 1053 5788 εὐδοκία
1093 5718 1188 5770 τοῦ
1229 5717 1467 5786 Πατρὸς,
1503 5717 1599 5768 καὶ
1649 5714 1943 5784 συνεργείᾳ

356 5813 450 5864 τοῦ
487 5811 645 5879 ἁγίου
679 5809 997 5880 Πνεύματος
1033 5810 1256 5881 κυηθεὶς
1284 5813 1377 5862 καὶ
1407 5808 1714 5879 γεννηθεὶς.
1749 5808 1844 5860 καὶ
1867 5807 1940 5868 ὡς

356 5905 575 5976 ἀληθῶς
635 5904 1068 5967 ενα-,θοωπὺσας
1109 5904 1337 5973 γέγονεν
1372 5904 1560 5974 ὅμοιος
1610 5903 1743 5955 ἡμῖν
1801 5903 1942 5955 κατά

2047 4684 2290 4746 Patrem,
2322 4696 2387 4734 ex
2429 4696 2537 4750 quo
2572 4680 2689 4733 solo
2738 4687 2865 4731 ante
2893 4677 3077 4731 omnia
3106 4675 3303 4730 szt-cula
3359 4676 3477 4728 sine
3527 4689 3656 4730 cor-

2050 4791 2202 4847 pore,
2274 4775 2394 4829 sine
2448 4773 2670 4838 labore,
2723 4772 3006 4836 continuo,
3057 4786 3150 4838 per
3209 4769 3428 4826 modum
3485 4783 3656 4832 gene-

2051 4868 2280 4924 rationis
2346 4867 2651 4937 processit,
2688 4866 2781 4918 sed
2842 4878 2948 4916 non
2984 4864 3294 4916 abstracms
3352 4869 3458 4914 est.
3508 4861 3654 4912 Deus

2051 4967 2118 5021 de
2169 4963 2302 5026 Deo,
2335 4942 2467 5016 ἰιοη
2522 4960 2662 5013 alius
2712 4959 2933 5024 (ιιιίιιιιιι
2987 4965 3257 5024 quatenus
3292 4954 3451 5017 Dens,
3514 4953 3656 5007 alius

2050 5067 2231 5110 autem
2299 5061 2570 5122 quatenus
2622 5049 2848 5114 Filius;
2905 5049 2996 5116 qui
3048 5061 3266 5116 semper
3329 5057 3448 5109 εει,
3505 5061 3652 5098 seir-

2053 5163 2255 5220 perque
2285 5157 2370 5200 est
2401 5145 2595 5207 Filius,
2621 5155 2950 5211 semperque
2973 5150 3056 5194 est
3089 5140 3230 5207 apud
3269 5140 3434 5192 Deum
3464 5136 3660 5190 inccn-

2050 5243 2380 5306 fusihiliter;
2416 5238 2652 5292 Verbum
2691 5237 2902 5297 vivum,
2929 5234 3111 5287 lumen
3138 5247 3348 5296 verum,
3381 5229 3649 5298 sapientia

2051 5333 2450 5398 substantialis,
2475 5345 2639 5386 causa
2663 5341 2717 5383 et
2741 5328 3068 5397 principium
3093 5326 3338 5380 omnium
3365 5339 3482 5391 quas
3510 5322 3650 5373 facta

2051 5442 2200 5497 sunt,
2234 5433 2363 5501 quia
2395 5445 2491 5499 per
2523 5429 2701 5495 ipsum
2743 5428 2883 5480 facta
2925 5437 3050 5479 sunt
3081 5424 3263 5476 noinia
3291 5438 3304 5483 ;
3351 5420 3466 5489 qui,
3499 5436 3652 5473 com-

2053 5526 2213 5596 pletis
2248 5525 2481 5588 smculis,
2516 5516 2658 5577 sicut
2700 5521 2977 5590 pmphcta:
3026 5518 3411 5594 praedixerant.
3451 5523 3655 5566 semet—

2054 5620 2230 5687 ipsum
2263 5617 2585 5677 exinaniv.t,
2619 5616 2849 5669 {urinam
2881 5619 3129 5664 nostram
3163 5619 3385 5676 prapter
3425 5621 3526 5660 nos
3561 5621 3653 5662 ac-

2051 5713 2285 5780 cipiens,
2321 5724 2530 5764 necnon
2578 5723 2642 5762 ex
2691 5705 2860 5760 Maria
2914 5717 3131 5770 semper
3183 5700 3411 5766 virgine,
3476 5697 3656 5750 Patris

2055 5803 2423 5874 bencplacito,
2450 5809 2508 5855 et
2535 5799 2924 5869 cooperationc
2953 5795 3192 5863 Spiritus
3224 5792 3420 5856 sancti,
3447 5805 3654 5850 conre-

2055 5907 2178 5968 ptus
2209 5907 2261 5954 ct
2294 5895 2537 5966 genitus,
2572 5902 2627 5948 ct
2653 5890 2783 5962 quia
2815 5902 2945 5944 vere
2982 5889 3145 5943 homo
3195 5884 3374 5940 lactus
3400 5925 3415 5953 ,
3457 5881 3656 5948 similia
