4090 6460
397 342 493 406 101

1771 339 2103 403 HOMlLlA
2147 341 2310 402 Vlll.

3557 345 3576 407 ι
3589 345 3656 410 Ρ2

397 461 507 531 γὰρ
542 459 755 530 ἑκάστῳ
807 459 1012 515 τούτων
1054 460 1352 532 ήέκᾱιστου
1401 461 1720 525 ὑπόστασις,
1774 463 1869 514 καὶ
1900 461 1966 513 τὰ

2079 449 2686 512 et'incommnnicabilis
2714 444 2778 510 'el
2805 466 2968 526 sopor
3002 467 3162 512 omne
3195 472 3392 514 nomen
3424 471 3617 518 natura
3641 504 3656 529 ,
3729 521 3732 530 ὲ

397 553 523 621 περὶ
575 550 746 620 αὐτὴν
807 551 1190 615 ύποστατικῶς
1231 551 1627 623 θεωρούμενα·
1697 553 1852 606 κοινὰ
1913 553 1969 604 δὲ

396 643 577 695 αὐτῶν
610 643 709 712 οὐχ
747 644 780 714 ἡ
813 645 1149 713 ἀνὲκφαντος
1188 647 1281 698 καὶ⁸
1314 645 1672 714 ὑπερώνυμος
1707 646 1803 699 καὶ
1835 646 1973 715 ὁ.μὲ-

398 735 590 798 θεκτος
607 736 765 789 οὐσία
797 738 981 804 μόνον,
1012 736 1151 790 ἀλλὰ
1175 731 1323 808 καὶὴ
1351 738 1514 808 χάρις
1543 739 1637 791 καὶ
1658 743 1691 808 ἠ
1713 737 1964 807 δύναμις,

400 831 495 880 καὶ
526 829 558 896 ἡ
589 829 864 898 ἐνέργεια,
900 829 996 881 καὶ
1026 829 1060 900 ή
1091 829 1436 900 λαμπρότης,
1474 830 1570 884 καὶ
1607 831 1639 898 ἡ
1668 829 1968 898 ἀφθαρσία,

398 920 495 971 καὶ
525 921 557 988 ἠ
592 918 838 987 βασιλεία
877 921 967 972 καὶ
997 921 1195 984 πάντα,
1227 921 1370 973 καθὰ
1407 924 1679 985 κοινωνεῖ,
1712 923 1803 974 καῖ
1830 921 1973 974 κατὰ

398 1012 558 1078 χάριν
582 1011 798 1064 ἑνοῦται
825 1015 938 1074 τοῖς
963 1013 1140 1079 ἁγίοις
1168 1013 1423 1080 ἀγγέλοις
1449 1030 1506 1064 τε
1537 1015 1629 1065 καὶ
1659 1011 1974 1084 ἀνθρώποις

398 1105 426 1156 6
463 1103 632 1166 Θεός·
690 1106 829 1174 μήτε
884 1105 972 1158 διὰ
1005 1105 1064 1158 16
1115 1106 1372 1174 μεριστὸν
1423 1107 1518 1173 καὶ
1567 1106 1826 1175 διάφορον
1861 1105 1974 1156 τῶν

399 1192 770 1258 ύποστάσεων,
838 1197 974 1263 μήτε
1027 1195 1117 1248 διὰ
1149 1196 1208 1247 τὸ
1258 1195 1515 1264 μεριστὸν
1579 1197 1671 1249 καὶ
1725 1196 1973 1247 ποικίλον

397 1285 508 1338 τῶν
537 1285 696 1338 θείων
745 1286 1032 1356 δυνάμεὼν
1069 1306 1128 1340 τε
1165 1288 1259 1340 καὶ
1294 1287 1588 1355 ἐνεργειῶν
1621 1287 1714 1340 τοῦ
1766 1287 1972 1340 ἐνιαίου

398 1379 492 1430 καὶ
518 1380 615 1445 τῆς
645 1378 946 1448 ἁπλότητος
976 1379 1279 1434 ἐκπίπτων.
1318 1381 1478 1433 Οὕτω
1515 1380 1866 1449 πιστεύωμεν
1894 1382 1975 1442 είς

397 1467 496 1520 ἕνα
526 1469 658 1522 Θεὸν
708 1471 767 1520 ἐν
805 1473 904 1542 μιᾷ
957 1473 1376 1542 τρισυποστάτῳ
1431 1475 1526 1526 καὶ
1575 1472 1972 1539 παντοδυνὰμῳ

397 1559 635 1626 θεότητι,
675 1563 770 1614 καὶ¹
798 1564 930 1626 τοὺς
959 1564 1018 1614 ἐν
1057 1563 1282 1634 τοιαύτῃ
1321 1565 1504 1616 πίστει
1531 1565 1608 1635 τῷ
1634 1564 1752 1632 Θεῷ
1779 1565 1975 1634 εὐαρε-

401 1651 704 1719 στήσαντας
747 1652 1240 1723 ἀνακηρύττωμεν.
1301 1655 1442 1716 Τοὺς
1497 1654 1553 1706 δὲ
1587 1654 1660 1724 μὴ
1709 1654 1852 1707 οὕτω
1885 1672 1976 1707 πι-

401 1744 710 1807 στεύοντας,
773 1746 887 1798 ἀλλ’
926 1747 1062 1809 ιδίας
1116 1747 1382 1814 αἱρέσεως
1429 1747 1723 1816 ἄρξαντας,
1770 1749 1804 1819 ἢ
1862 1749 1977 1810 τοῖς

2077 551 2172 604 sed
2203 559 2257 604 et
2282 549 2474 620 gratia,
2510 558 2566 603 et
2594 549 2786 612 virtus,
2821 556 2876 603 et
2918 550 3186 619 operatio,
3217 560 3267 605 et
3301 553 3575 622 splendor,
3608 567 3658 612 et

2078 645 2584 714 incorruptibilitas,
2636 654 2690 698 et
2745 660 2968 711 regnum
3017 655 3070 698 et
3116 655 3310 699 caetera
3350 648 3532 701 omnia
3567 664 3660 717 per

2076 752 2197 806 qua:
2233 737 2670 790 communicatur
2700 742 2754 788 et
2797 735 3148 804 conjungitur
3190 734 3336 788 Deus
3372 737 3579 805 angelis
3610 748 3661 792 et

2079 827 2416 889 hominibus,
2450 827 2540 892 qui
2580 841 2756 893 neque
2785 841 3015 878 munero
3054 835 3108 879 ct
3155 827 3502 882 distinctione
3540 844 3662 896 per-

2077 934 2355 982 sonarum,
2394 934 2569 985 neque
2614 931 2842 970 numero
2889 929 2942 971 et
2988 917 3304 973 diversitate
3358 921 3663 972 divinarqu

2078 1011 2438 1079 potentiarum
2481 1020 2536 1063 et
2577 1010 2955 1076 Operationnm
3003 1011 3070 1063 al)
3109 1012 3318 1064 ttuilale
3347 1023 3399 1064 et
3433 1011 3663 1080 plenitu.

2079 1104 2206 1157 dine
2237 1119 2329 1156 sua
2366 1102 2564 1155 delicit.
2615 1101 2692 1153 lta
2732 1103 3016 1155 credamus
3053 1104 3104 1154 in
3159 1119 3323 1155 uiuum
3391 1103 3556 1156 Deum
3611 1104 3663 1157 in

2079 1211 2182 1247 una
2214 1194 2569 1260 omnipotenti
2603 1194 2798 1246 deitate
2833 1194 3005 1247 trilms
3032 1195 3280 1260 personis
3307 1196 3664 1260 subsistente,

2078 1294 2130 1337 ct
2160 1300 2251 1338 eos
2283 1286 2374 1353 qui
2405 1284 2512 1338 Deo
2541 1300 2637 1353 per
2664 1285 2820 1338 talem
2856 1283 3011 1337 ﬁdem
3043 1285 3364 1353 placuerunt
3397 1286 3504 1338 alta
3532 1303 3665 1342 voce

2082 1376 2389 1430 laudemus.
2426 1375 2498 1428 lla
2535 1386 2712 1428 autem
2748 1390 2853 1427 non
2885 1375 3177 1429 credentes
3198 1385 3251 1430 et
3286 1389 3380 1429 eos
3418 1377 3507 1445 qui
3541 1393 3664 1446 pro-

2081 1469 2230 1532 prias
2269 1470 2501 1522 haereses
2538 1467 2824 1536 proferunt
2879 1483 2974 1522 seu
3025 1469 3363 1537 proferentcs
3409 1484 3665 1538 persevc-

2078 1574 2264 1618 ranter
2293 1573 2728 1633 consequuntur,
2761 1564 3097 1627 rejiciamus.
3134 1563 3246 1620 Hoc
3281 1581 3412 1619 vero
3437 1567 3664 1633 scitote,

2079 1657 2294 1719 fratres,
2323 1658 2578 1724 quoniam
2611 1657 2892 1721 passiones
2929 1672 3108 1725 prava:
3138 1668 3193 1712 et
3223 1659 3382 1727 impia
3412 1663 3665 1726 dogmata

2079 1749 2183 1800 alia
2239 1749 2308 1802 ab
2340 1748 2462 1802 aliis
2516 1747 2821 1802 inferuntur
2861 1751 3038 1803 locum
3075 1751 3400 1820 accipientis
3431 1766 3495 1806 ex
3525 1751 3666 1817 iusta

398 1835 630 1904 ἄρξασιν
681 1839 760 1899 είς
818 1837 971 1901 τέλος
1022 1839 1596 1911 ἐπακολουθήσαντας,
1651 1839 1973 1893 ἁποϐαλλώ-

2083 1839 2176 1894 Dei
2215 1839 2542 1894 defectione.

399 1930 566 1997 μεθα.
597 1930 765 1984 Τοῦτο
797 1931 852 1984 δέ
887 1933 1012 1985 ἐστε
1061 1933 1446 2000 γινώσκοντες,
1490 1935 1734 2003 ἀδελφοὶ,
1791 1935 1872 1986 ὅτι
1907 1937 1977 1986 τὰ
2015 1935 2231 2003 πονηρὰ
2267 1935 2415 2004 πάθη
2445 1943 2538 1986 καὶ
2573 1935 2640 1988 τὰ
2677 1934 2917 2005 δυσσεϐῆ
3000 1934 3250 2005 δόγματα
3317 1937 3387 1990 δι’
3422 1935 3668 2008 ἀλλήλων

397 2021 698 2091 εἰσάγεται,
730 2025 963 2079 λαϐόντα
1000 2027 1186 2096 χώραν
1211 2030 1315 2080 ὑπὸ
1342 2028 1445 2098 τῆς
1467 2029 1559 2082 τοῦ
1584 2028 1720 2081 Θεοῦ
1754 2028 1972 2092 δικαίας
2006 2028 2472 2099 ἐγκαταλείψεως.

474 2141 596 2194 Ὅτι
631 2141 726 2212 μὲν
771 2142 863 2196 οὖν
911 2143 996 2197 διὰ
1046 2144 1146 2214 τῆς
1176 2146 1498 2210 δυσσεϐείας
1546 2150 1572 2200 6
1626 2147 1979 2217 πολυπληθὴς

400 2235 568 2303 ἐσμὸς
593 2235 692 2303 τῆς
721 2236 996 2305 ἁμαρτίας
1030 2236 1299 2307 λαμϐάνει
1327 2239 1533 2308 χώραν,
1562 2239 1590 2292 6
1620 2241 1793 2312 μέγας
1829 2239 1980 2292 Παύ-

395 2318 490 2390 ’λος
541 2329 687 2396 ἡμᾶς
744 2328 973 2394 ἐδίδαξε,
1024 2329 1253 2397 γράφων
1310 2333 1440 2401 περὶ
1493 2333 1600 2385 τῶν
1663 2333 1975 2404 Ἑλλήνων*

405 2440 423 2472 ι
463 2420 655 2483 Καθὼς
692 2423 789 2473 οὐκ
816 2423 1150 2490 ἐδοκίμασαν
1182 2425 1273 2478 τὸν
1303 2427 1436 2479 Θεὸν
1471 2429 1615 2496 ἐχειν
1645 2428 1704 2478 ἐν
1740 2429 1976 2496 ἐπιγνώ-

408 2531 514 2575 σει,
544 2514 679 2566 ἁλλὰ
715 2516 936 2582 γνόντες
969 2516 1059 2567 τὸν
1091 2517 1245 2579 Θεὸν,
1283 2517 1380 2588 οὐχ
1418 2519 1492 2580 ὼς
1523 2519 1655 2572 Θεὸν
1692 2520 1971 2586 ἐδόξασαν,

401 2605 437 2674 ἢ
477 2605 910 2675 ηὐχαρίστησαν,
944 2607 1262 2676 παρέδωκεν
1297 2610 1498 2672 αὐτοὺς
1523 2611 1550 2662 6
1579 2609 1714 2673 Θεὸς
1747 2615 1826 2672 εἰς
1856 2612 1976 2664 ἁδό-

405 2713 566 2765 κιμον
590 2697 712 2749 νοῦν
742 2700 918 2751 ποιεῖν
941 2700 1008 2750 τὰ
1034 2700 1109 2769 μὴ
1137 2701 1469 2770 καθήκοντα,
1503 2702 1974 2772 πεπληρωμένους

403 2788 551 2858 πάσῃ
576 2787 780 2858 ἀδικίᾳ,
833 2791 1082 2860 πορνείᾳ,
1142 2788 1447 2861 πλεονεξίᾳ,
1495 2792 1590 2844 καὶ
1633 2795 1744 2855 τοῖς
1769 2793 1916 2860 ἑξῆς.
1948 2813 1966 2845 ι

403 2877 528 2933 ’Ὁτι
565 2879 620 2931 δὲ
646 2878 732 2931 διὰ
764 2879 862 2947 τῆς
907 2881 1180 2950 ἁμαρτίας
1216 2883 1248 2951 ἠ
1282 2881 1570 2935 δυσσέϐεια
1606 2884 1770 2937 πάλιν
1805 2887 1959 2937 εἰσά-

397 2979 579 3036 γεται,
607 2969 696 3023 διὰ
727 2971 940 3023 πολλῶν
975 2970 1080 3024 τῶν
1102 2971 1261 3024 τοῦτο
1286 2972 1566 3026 παθόντων
1592 2975 1791 3037 ἀθλίως
1825 2976 1972 3027 ἐστὶν

401 3064 433 3129 ἡ
470 3065 840 3130 παράστασις.
873 3063 1127 3132 Σολομῶν
1165 3066 1370 3127 ἐκεῖνος
1397 3065 1586 3128 ἐκδοὺς
1625 3067 1819 3118 ἑαυτὸν
1853 3070 1970 3128 ταῖς

401 3158 692 3221 σαρκικαῖς
739 3157 974 3226 ἡδοναῖς,
1027 3160 1108 3218 εἰς
1153 3157 1601 3228 είδωλολατρείαν
1653 3159 1968 3224 ὲξώλισθεν.

410 3245 695 3317 Ἱεροϐοὰμ
723 3252 842 3301 κατ’
868 3250 1043 3319 ἄκρας
1071 3249 1328 3320 ἡττηθεὶς
1358 3251 1655 3322 φιλαρχίας
1688 3256 1806 3311 ταῖς
1840 3271 1971 3323 χρυ-

402 3340 521 3398 σαῖς
572 3339 870 3408 δαμάλεσιν
922 3341 1136 3395 ἔθυσεν.
1195 3343 1254 3393 ’0
1307 3343 1576 3412 προδότης
1628 3344 1832 3408 Ἰούδας
1885 3363 1973 3412 φι-

397 3425 706 3499 λαργυρίαν
759 3431 994 3501 νοσήσας
1044 3435 1343 3504 περιέπεσε
1400 3438 1464 3506 τῇ
1521 3436 1825 3506 θεοκτονίᾳ.
1869 3427 2038 3489 Διὰίει

398 3523 571 3575 ταῦτα
609 3525 807 3586 τοίνυν,
844 3526 966 3580 ἐπεὶ
999 3529 1092 3580 καὶ
1139 3531 1170 3598 ἡ
1207 3530 1390 3588 πίστις
1431 3532 1597 3600 χωρὶς
1633 3531 1741 3581 τῶν
1792 3533 1972 3600 ἔργων

398 3616 569 3684 νεκρὰ
603 3617 695 3668 καὶ
724 3618 1045 3683 ἀσύστατος,
1085 3621 1180 3672 καὶ
1227 3620 1294 3673 τὰ
1338 3620 1474 3688 ἔργα
1525 3619 1694 3690 χωρὶς
1747 3625 1844 3690 τῆς
1887 3622 1975 3673 πί-

406 3723 576 3770 στεως
612 3707 740 3776 μάτ.
766 3727 818 3762 ια
853 3712 945 3762 καὶ
975 3712 1228 3780 ἀνόνητα.
1260 3713 1495 3782 συνῆψεν
1525 3715 1556 3784 ή
1589 3715 1680 3766 τοῦ
1715 3715 1854 3765 Πνεύ
1865 3733 1973 3780 μα-

397 3811 488 3856 1o;
527 3805 682 3867 χᾶρις
715 3802 956 3869 σήμερον
979 3803 1036 3852 ὲν
1061 3801 1138 3871 τῷ
1167 3802 1350 3873 σεπτῷ
1379 3804 1474 3872 τῆς
1505 3805 1759 3872 νηστείας
1795 3804 1972 3872 καιρῷ

401 3888 498 3939 καὶ
522 3889 618 3957 τῆς
644 3887 764 3941 κατ’
799 3892 1002 3959 ἀρετὴν
1038 3892 1327 3960 ἀσκήσεως
1371 3892 1469 3960 τὴν
1495 3894 1835 3961 ἁιιακήρυξιν
1863 3897 1972 3948 τῶν

393 3978 840 4048 ὐρθοτεμούντων
878 3983 967 4035 τὸν
1017 3983 1175 4052 λόγον
1225 3987 1328 4054 τῆς
1383 3985 1687 4048 εὐσεϐείας,
1736 3987 1832 4039 καὶ
1872 3987 1973 4055 τὴν

398 4073 737 4141 ἀποκήρυξιν
788 4075 896 4128 τῶν
943 4077 1017 4146 μὴ
1075 4075 1399 4148 ὀρθοτομεῖν
1447 4074 1740 4145 ἑλομένων,
1774 4079 1846 4142 ὡς
1907 4078 1974 4132 ἂν

2157 2145 2373 2199 Peccati
2402 2145 2620 2214 quidem
2660 2143 3004 2197 innumerum
3039 2155 3264 2195 examen
3295 2157 3360 2196 cx
3393 2142 3668 2213 impietate

2080 2237 2257 2291 locum
2285 2239 2555 2304 accipere,
2592 2251 2820 2304 magnus
2847 2235 3048 2290 Paulus
3086 2249 3185 2288 nos
3219 2235 3404 2289 docuit
3435 2236 3500 2289 de
3525 2235 3668 2292 Cra:-

2081 2330 2158 2384 cis
2194 2331 2439 2383 scribens
2477 2345 2489 2380 :
2533 2347 2551 2380 ι
2602 2327 2757 2382 Sicut
2788 2344 2890 2380 non
2946 2329 3317 2397 probaverunt
3349 2327 3510 2382 Deum
3564 2330 3666 2382 lia-

2080 2424 2209 2477 liere
2244 2425 2297 2476 in
2338 2424 2552 2484 notitia,
2586 2422 2678 2474 s-d
2726 2437 2845 2474 cum
2881 2422 3270 2489 cognovissent
3307 2420 3471 2474 Deum
3505 2460 3521 2482 ,
3557 2437 3667 2477 non

2078 2517 2214 2567 sicut
2253 2515 2416 2567 Deum
2444 2513 2910 2578 gloriﬁcaverunt,
2938 2524 3029 2567 aut
3057 2513 3260 2581 gratias
3287 2504 3533 2582 egerunt,
3563 2524 3670 2566 tra-

2077 2599 2214 2660 didit
2254 2607 2373 2658 illos
2407 2605 2545 2658 Deus
2578 2605 2628 2657 in
2669 2606 2959 2671 reprobum
2997 2620 3243 2664 sensum,
3281 2616 3336 2656 ut
3372 2605 3571 2658 faciant
3601 2621 3666 2660 ea

2077 2715 2197 2768 qua:
2227 2715 2335 2750 non
2369 2698 2713 2760 coniveniant,
2744 2697 2979 2765 repletos
3016 2698 3161 2750 omni
3215 2697 3527 2767 iniquitate,
3561 2697 3671 2752 for-

2077 2793 2374 2852 nicatione,
2408 2791 2662 2853 avaritia,
2691 2798 2745 2842 et
2777 2792 2991 2844 caeteris
3016 2790 3058 2844 ’.
3101 2808 3120 2842 ι
3159 2789 3495 2860 Ιιιιρίθιειειιι
3536 2805 3666 2845 vero

2079 2883 2314 2936 vicissim
2345 2899 2439 2951 per
2472 2893 2754 2952 peccatum
2783 2882 2986 2945 induci,
3024 2897 3127 2935 non
3167 2884 3320 2950 pauci
3373 2881 3516 2937 istud
3565 2898 3665 2935 ex-

2077 2977 2212 3045 perti
2252 2978 2450 3029 misere
2483 2975 2865 3039 probaverunt.
2905 2974 3158 3028 Salomon
3189 2975 3277 3027 ille
3306 2975 3487 3028 carnis
3515 2976 3668 3028 volu-

2077 3071 2314 3138 ptatibus
2338 3071 2622 3134 indulgens
2650 3069 2702 3120 in
2726 3068 3086 3122 idololatriam
3119 3068 3356 3136 irrepsit.
3375 3066 3665 3121 .Ieroboann

2075 3169 2284 3215 summa
2313 3163 2486 3214 vietus
2506 3165 2730 3213 avaritia
2750 3162 2931 3214 aureis
2950 3160 3281 3214 sacriﬁcavit
3301 3160 3506 3232 vitulis.
3530 3158 3667 3211 Tra-

2074 3253 2403 3307 ditorJudns
2423 3255 2738 3307 divitiarum
2760 3269 2948 3307 amore
2980 3263 3259 3331 aegrotans.
3289 3253 3342 3305 in
3373 3252 3664 3305 deit-idium

2076 3346 2872 3416 illapsusest.PI-opterea,cum
2896 3346 3026 3400 ﬁdes
3043 3346 3430 3415 sineoperilius
3451 3353 3660 3397 mortua

2079 3441 2146 3492 sit
2175 3452 2223 3492 et
2249 3443 2906 3508 dissentanea,opt-raque
2934 3441 3050 3492 sine
3075 3440 3179 3492 Iide
3210 3455 3345 3492 vana
3377 3449 3429 3492 et
3469 3439 3667 3492 nullius

2087 3534 2245 3599 pretii
2285 3535 2441 3601 digna
2472 3571 2486 3594 ,
2530 3533 2818 3599 conjunxit
2868 3533 3040 3600 gratia
3077 3532 3314 3600 Spiritus
3367 3537 3464 3584 hac
3499 3533 3582 3584 die
3613 3533 3664 3584 iu

2081 3640 2238 3678 Sacro
2264 3626 2456 3694 jejnnii
2509 3633 2750 3694 tempore
2788 3640 2896 3690 quo
2936 3625 3002 3677 ad
3034 3626 3287 3677 virtutem
3321 3635 3662 3684 exercentur,

2080 3724 2131 3768 et
2166 3715 2611 3782 prmdiuationem
2647 3733 2832 3768 comm
2869 3717 2956 3783 qui
3001 3727 3203 3768 rectam
3237 3715 3454 3782 pietatis
3500 3716 3668 3767 ratio-

2085 3822 2204 3859 nem
2243 3818 2567 3875 acceperunt
2617 3817 2672 3859 et
2720 3807 3066 3872 rejectionem
3120 3819 3309 3857 eorum
3343 3805 3431 3871 qui
3463 3805 3528 3857 ab
3576 3805 3663 3858 illa

2080 3899 2370 3952 deﬂectere
2399 3898 2726 3958 maluerunt,
2772 3909 2829 3950 ut
2886 3914 2984 3952 nos
3029 3897 3293 3951 ambobus
3330 3905 3511 3950 mente
3550 3908 3667 3950 stu-

2081 3991 2295 4052 dentes,
2323 4002 2376 4044 et
2407 3991 2565 4044 tidem
2592 3990 2846 4057 Operibus
2873 3990 3310 4060 comprobemus,
3333 4001 3386 4044 et
3419 3988 3664 4042 laborum

2093 4081 2245 4135 lucra
2279 4099 2371 4150 per
2407 4084 2565 4135 ﬁdem
2601 4082 2923 4138 referamus.

399 4171 558 4239 ἡμεῖς
600 4174 962 4242 συνημμένω;
1011 4173 1098 4226 ἐπ’
1155 4174 1323 4245 ἄμφω
1368 4177 1715 4242 σπεύδοντες,
1753 4180 1848 4231 καὶ
1893 4180 1992 4250 τὴν
2035 4179 2221 4234 πίστιν
2267 4181 2355 4234 διὰ
2397 4180 2506 4234 τῶν
2541 4181 2722 4250 ἔργων
2771 4180 2879 4251 43
2933 4179 3354 4252 ἑπιδειξὼμεθα,
3402 4182 3497 4235 καὶ
3559 4181 3670 4234 τῶν

398 4290 584 4344 πόνων
615 4293 674 4344 16
714 4292 902 4363 κέρδος
935 4294 1020 4347 διὰ
1060 4296 1156 4365 τῆς
1188 4294 1422 4359 πίστεως
1460 4298 1841 4366 κομισώμεθα.

471 4385 559 4455 Μὴ
606 4385 768 4454 μόνον
812 4386 867 4438 δὲ
908 4383 976 4440 δι’
1024 4388 1270 4454 ἀλλήλων
1316 4389 1595 4456 εἰσάγεται
1646 4391 1715 4442 τὰ
1759 4392 1977 4462 πονηρὰ

398 4476 546 4547 πάθη
579 4480 670 4531 καὶ
763 4480 1071 4544 δυσσέϐεια,
1119 4483 1253 4535 ἀλλὰ
1288 4485 1384 4536 καὶ
1433 4484 1686 4555 ἀλλήλοις
1733 4487 1971 4540 ἐοίκασι·

401 4574 495 4624 καὶ
523 4574 607 4625 ἴνα
645 4573 817 4643 βραχύ
847 4591 897 4627 τι
952 4577 1086 4645 πρὸς
1125 4575 1224 4646 τὴν
1253 4575 1526 4646 ὑμετέραν
1562 4578 1783 4645 ἀγάπην
1810 4579 1972 4644 εἴπω,

399 4666 527 4728 περὶ
573 4671 677 4715 τῶν
717 4665 804 4733 ἐφ’
851 4665 1006 4734 ἡμῶν
1052 4668 1438 4732 ἁναφανέντων
1484 4668 1829 4738 ἑτεροδόξων,
1869 4687 1972 4722 και

2157 4385 2354 4440 \’erutn
2377 4401 2480 4439 non
2505 4393 2711 4436 tantum
2739 4383 2855 4436 alia:
2876 4383 3078 4438 alialiis
3107 4384 3434 4437 inducuntur
3457 4371 3669 4452 cupidi-

2087 4488 2226 4532 tates
2256 4492 2439 4545 prava:
2464 4486 2518 4529 et
2545 4476 2814 4545 impietas,
2842 4477 2935 4529 sed
2962 4477 3125 4529 etiam
3156 4475 3256 4528 sibi
3293 4475 3520 4529 invicem
3543 4487 3666 4530 sunt

2085 4570 2312 4632 similes,
2351 4567 2500 4638 quod
2530 4568 2677 4622 brevi
2705 4582 2958 4621 sermone
2983 4569 3048 4620 ad
3079 4553 3665 4621 \eStram‘charitatem

2087 4665 2287 4724 (liram,
2327 4667 2391 4715 de
2417 4663 2496 4716 eis
2522 4661 2612 4729 qui
2641 4676 2667 4712 a
2703 4662 2803 4712 llde
2831 4659 2968 4727 apud
2999 4674 3097 4712 nos
3128 4669 3483 4723 erraverunt;
3529 4659 3667 4714 sicut

399 4753 577 4822 θάπερ
603 4756 628 4806 ὁ
663 4755 836 4823 Ἀδὰμ
882 4757 988 4808 ἀπὸ
1021 4755 1220 4818 παντὸς
1253 4757 1456 4810 ἐσθίειν
1489 4757 1650 4824 ξύλου
1682 4759 1776 4812 τοῦ
1810 4762 1866 4813 ἐν
1898 4761 1973 4832 τῷ

2086 4753 2281 4813 Adam,
2318 4727 2587 4804 licentiara
2623 4749 2732 4803 Deo
2760 4759 2979 4817 accepta
3014 4747 3211 4800 edendi
3243 4747 3311 4800 de
3337 4747 3482 4800 omni
3516 4746 3666 4816 ligno

400 4846 715 4915 παραδείσῳ
739 4847 888 4915 παρὰ
912 4845 1004 4898 τεῦ
1042 4847 1178 4900 Θεοῦ
1213 4847 1396 4900 λαϐὼν
1429 4848 1701 4915 ἐξουσίαν,
1736 4850 1835 4902 οὐκ
1867 4852 1971 4920 ἡρ-

399 4940 570 5010 κέσθη
597 4943 760 4995 πᾶσιν
785 4942 1034 5005 ἐκείνοις,
1068 4941 1202 4996 ἀλλὰ
1234 4944 1297 5012 τῇ
1335 4941 1427 4996 τοῦ
1455 4944 1766 5013 ἀρχεκάκου
1797 4945 1974 5013 ὄφεως

397 5033 680 5102 συμϐουλῇ
706 5033 969 5094 πεισθεὶς,
1005 5033 1112 5084 ἀπὸ
1146 5033 1237 5084 τού
1265 5033 1424 5096 ξύλου
1454 5033 1682 5100 ἔφαγεν,
1711 5025 1772 5086 οὗ
1805 5033 1971 5101 μόνου

396 5125 743 5195 προσετάχθη
776 5125 850 5194 μὴ
890 5123 1130 5194 ἅψασθαι
1155 5142 1168 5154 ·
1208 5125 1348 5177 οὕτω
1379 5127 1472 5176 καὶ
1512 5125 1620 5177 τῶν
1665 5127 1721 5175 ἐν
1745 5125 1820 5194 τῷ
1857 5125 1974 5194 Θεῷ

395 5218 639 5283 ἁγαθων.
681 5217 772 5268 καὶ
799 5214 970 5279 ὅντως
1005 5216 1419 5285 ἁγαθοπρεπῶν
1449 5216 1689 5286 δωρεῶν,
1720 5218 1798 5279 εἰς
1837 5215 1972 5285 μέθ-

393 5310 508 5374 εξιν
531 5307 624 5360 ὑπ’
656 5306 821 5359 αὐτοῦ
866 5309 1246 5376 προκειμένων
1273 5311 1387 5371 τοῖς
1428 5308 1799 5378 βουλομένοις,
1833 5309 1976 5360 κατὰ

395 5405 483 5454 τὸν
513 5401 772 5453 εἰπόντα·
813 5401 995 5452 Πάντα
1027 5401 1126 5452 ὅσα
1161 5401 1188 5451 6
1222 5399 1350 5464 Θεὸς
1397 5401 1490 5453 καὶ
1529 5404 1556 5452 6
1585 5400 1673 5452 διὰ
1693 5399 1792 5469 τῆς
1822 5398 1977 5469 χάρι-

394 5510 478 5555 τος
506 5491 848 5561 τεθεωμένος
878 5491 1051 5554 ἔσται,
1086 5494 1256 5561 χωρὶς
1280 5492 1378 5560 τῆς
1414 5493 1534 5544 κατ’
1562 5492 1751 5544 οὐσίαν
1781 5493 1976 5563 ταυτό-

394 5605 576 5656 τητος.
612 5588 766 5640 Εἰσὶν
809 5585 860 5637 οἳ
909 5585 1002 5638 καὶ
1055 5586 1226 5656 αὐτῆς
1277 5588 1376 5658 τῆς
1421 5587 1752 5657 ὑπερουσίου
1786 5586 1975 5649 οὐσίας

465 5827 486 5855 ⁹
519 5825 682 5880 “om.
723 5841 759 5888 I,
789 5822 880 5887 91,
908 5823 998 5877 ἳϐ.

2085 4845 2230 4912 quod
2265 4853 2384 4894 erat
2417 4843 2471 4896 in
2506 4840 2786 4911 paradiso,
2836 4840 2916 4892 his
2947 4840 3202 4893 omnibus
3235 4854 3340 4891 non
3381 4847 3668 4892 contentus

2079 4935 2199 5000 fuit,
2219 4934 2312 4988 sed
2346 4932 2619 4988 vaferrimi
2647 4932 2914 5000 serpentis
2947 4930 3176 4984 consilio
3196 4944 3492 4998 persuasus
3513 4945 3580 4982 ex
3606 4930 3667 4982 li-

2078 5044 2186 5096 gno
2212 5027 2557 5079 manducavit
2582 5027 2726 5094 quod
2757 5023 2930 5077 solum
2957 5035 3022 5075 ne
3054 5030 3298 5090 tangeret
3333 5022 3663 5089 prohibitum

2077 5131 2226 5186 erat;
2265 5122 2336 5171 ita
2374 5118 2440 5171 de
2495 5120 2648 5170 bonis
2701 5115 2789 5168 Dei
2847 5127 3080 5182 vereque
3133 5112 3366 5180 egregiis
3417 5115 3572 5167 donis
3613 5113 3663 5164 in

2078 5229 2304 5280 quorum
2338 5222 2546 5280 partem
2595 5223 2786 5262 omnes
2829 5208 2918 5273 qui
2951 5205 3141 5258 Volunt
3177 5205 3360 5256 venire
3397 5214 3624 5272 possunt
3648 5259 3662 5280 ν

2075 5303 2373 5360 secundum
2409 5318 2531 5355 eum
2562 5302 2651 5368 qui
2685 5300 2818 5353 dixit
2849 5315 2862 5350 :
2896 5296 3091 5352 Omnia
3125 5311 3247 5366 quae
3281 5296 3371 5349 Dei
3401 5304 3527 5348 sunt
3567 5309 3662 5362 per

2075 5397 2301 5467 gratiam
2336 5395 2453 5464 ejus
2483 5395 2977 5449 cumntunicantnr.
3014 5400 3211 5458 pra-ter
3237 5389 3355 5457 ejus
3405 5388 3652 5441 substan-

2076 5492 2255 5544 tialem
2275 5489 2673 5544 exsistentiam.
2693 5486 2829 5540 Sunt
2863 5495 3040 5538 autem
3067 5485 3155 5552 qui
3190 5497 3286 5536 nos
3308 5485 3468 5536 etiam
3501 5481 3661 5548 hujus

2077 5580 2615 5651 supersubstantialis
2664 5579 2914 5634 essentiae
2949 5575 3149 5629 docent
3182 5588 3300 5629 esse
3332 5572 3660 5643 participes,
