4090 6464
551 447 655 514 107

1776 451 2163 510 GREGORII
2208 450 2540 509 PALAMRE
2598 519 2603 524 ⁸

3695 452 3805 519 1(“8

549 565 916 634 sumptioucm
946 564 1010 617 ¹⁰.
1055 582 1072 613 ι
1139 561 1611 631 Coucupisecntim
1650 575 1997 617 mtnumeuta
2059 563 2093 616 it

2225 560 2464 627 ἐγένετο.
2502 578 2522 612 ι
2568 560 2676 612 Καί
2729 558 2794 613 τὰ
2849 560 2906 613 ἐν
2956 560 3150 632 ἐκείνῳ
3194 560 3269 633 τῷ
3323 561 3471 634 τόπῳ
3530 562 3801 635 λεγόμενα

540 659 644 713 hoc
685 660 803 713 loco
835 665 1055 710 narrata
1091 654 1466 709 excitaverunt
1498 654 1735 708 divinam
1771 655 1826 708 in
1873 670 1968 708 eos
2001 656 2111 709 ira-

545 748 818 810 cundiam,
852 761 1014 813 quant
1040 744 1461 812 conspicientes,
1488 743 1755 815 fugiamus
1782 744 2109 813 ingluviem;

542 840 1013 909 appreliendamus
1051 837 1491 904 temperantiam,
1536 835 1933 906 amplectamur
1975 836 2109 891 istos

530 932 859 1003 jejuniorum
918 930 1058 993 dies,
1116 928 1311 997 quibus
1373 929 1568 983 anima:
1621 927 1880 981 obedicns
1912 942 2111 994 corpus

535 1024 790 1085 t-liieitur,
846 1038 942 1077 cor
995 1036 1124 1076 vero
1175 1021 1241 1073 ad
1293 1020 1457 1074 Deum
1494 1019 1796 1074 ascendens
1826 1020 2108 1076 alluvatur.

531 1113 771 1169 Joannes
803 1113 988 1183 gratia:
1026 1127 1329 1181 prmcursor
1358 1111 1578 1166 locustis
1600 1120 1652 1165 et
1680 1110 1838 1163 melle
1870 1108 2108 1164 silvestri

531 1221 629 1275 per
659 1207 829 1260 vitam
868 1204 1209 1260 vescebatur.
1247 1203 1442 1259 Petrus
1474 1202 1691 1267 sallitis,
1736 1201 1918 1265 olivis,
1969 1200 2109 1270 lupi-

532 1300 620 1354 nis
650 1300 951 1367 paucisque
985 1298 1238 1352 utebatur
1268 1297 1529 1351 oleribus.
1563 1296 1705 1362 Quid
1733 1294 2107 1349 necessarium

529 1397 615 1442 est
657 1386 881 1441 Paulum
924 1401 1267 1451 memorare,
1317 1387 1408 1456 qui
1463 1387 1527 1440 de
1566 1386 1748 1455 seipso
1778 1384 1915 1439 dixit
1947 1404 1960 1439 :
1999 1402 2017 1434 ι
2054 1384 2105 1436 lu

528 1477 676 1534 fame
709 1487 760 1533 ct
789 1478 878 1533 siti
910 1488 967 1533 et
990 1472 1214 1548 jejuniis'
1245 1477 1428 1533 multis
1458 1477 1526 1532 ".
1562 1496 1581 1529 ι
1629 1475 1748 1530 Tibi
1781 1485 1963 1531 autem
1998 1491 2105 1528 non

527 1578 644 1623 tota
676 1570 782 1622 vita
818 1579 901 1624 est
933 1569 1292 1639 quadraginta
1332 1567 1527 1636 jejunii
1588 1567 1800 1623 dierum
1847 1567 2107 1621 interval-

529 1662 638 1714 lum
667 1676 682 1725 ;
713 1670 769 1715 et
807 1659 1034 1730 singulis
1065 1659 1253 1715 diebus
1303 1659 1383 1714 sol
1411 1661 1477 1714 ad
1508 1674 1763 1715 occasum
1798 1656 1971 1713 flexus
2007 1658 2103 1711 tibi

520 1752 717 1822 jejunii
753 1752 913 1807 finem
948 1752 1213 1823 assignat.
1257 1750 1447 1806 Nonne
1484 1750 1599 1807 fere
1634 1751 1889 1806 omnibus
1930 1750 2107 1807 facilis

528 1852 582 1895 et
611 1843 1027 1898 accommodata
1090 1845 1203 1898 haec
1232 1842 1602 1898 abstinentia?
1651 1842 1812 1897 modo
1840 1842 1910 1898 sit
1938 1843 2102 1897 etiam

2218 651 2477 720 μνήματα
2501 651 2599 720 τῆς
2646 650 2946 722 ἐπιθυμίας
3005 654 3380 724 ἀναστήλωσίς
3410 658 3528 710 ἐστι
3575 660 3675 727 τῆς
3705 661 3797 710 ἐπ’

2220 741 2463 804 ἐκείνους
2497 740 2652 803 θείας
2687 742 2872 812 ὀργῆς,
2913 743 3047 813 πρὸς
3099 745 3165 813 ἢν
3198 744 3504 814 βλέποντες,
3533 747 3795 817 φύγωμεν

2214 834 2314 903 τὴν
2346 833 2808 901 γαστριμαργίαν,
2849 835 3223 904 ἀσπασώμεθκ
3288 839 3387 908 τὴν
3441 840 3791 907 ἐγκράτειαν.

2215 921 2681 993 περιπτυξώμεθα
2736 926 2832 987 τὰς
2855 926 3151 995 νηστίμους
3203 929 3414 998 ἡμέρας
3449 930 3674 994 ταύτας,
3714 932 3789 994 ὡς

2214 1015 2444 1085 εύήκοον
2478 1018 2542 1085 τῇ
2577 1013 2721 1084 ψυχῇ
2774 1015 3033 1075 ποιούσας
3063 1015 3122 1068 τὸ
3172 1018 3356 1085 σῶμα,
3394 1019 3488 1071 καὶ
3531 1020 3625 1072 τὸν
3663 1021 3791 1073 vo?“

2215 1090 2583 1174 κουφιζούσας
2650 1106 2787 1175 πρὸς
2841 1106 2977 1159 Θεὸν
3037 1107 3429 1178 ἀνατρέχοντα.
3468 1107 3723 1181 Ἰωάννης
3762 1112 3792 1161 ὁ

2211 1200 2309 1268 τῆς
2362 1198 2585 1269 χάριτος
2627 1200 2945 1268 ῐιρόδρομος
2990 1198 3181 1269 ἀκρίσι
3230 1200 3325 1254 καὶ
3386 1201 3565 1269 μέλιτι
3610 1204 3791 1273 ἀγρίῳ

2210 1289 2299 1343 διὰ
2332 1289 2445 1359 βίου
2492 1290 2737 1359 ήρκείτο.
2769 1290 2973 1359 Πέτρος
3006 1291 3265 1359 ἀλμᾶσιν,
3296 1291 3503 1353 ἐλαίαις
3548 1293 3640 1345 καὶ
3665 1294 3789 1360 θέρ-

2213 1398 2339 1450 μοις
2373 1381 2466 1434 καὶ
2495 1381 2714 1443 λεπτοῖς
2748 1380 3003 1449 λαχάνοις
3026 1381 3226 1450 εχρῆτο
3256 1383 3464 1449 μόνοις.
3498 1381 3563 1435 Τί
3593 1383 3677 1436 δεῖ
3718 1384 3790 1435 τὰ

2214 1471 2308 1525 τοῦ
2336 1471 2549 1525 Παύλου
2583 1472 2798 1538 λέγειν;
2832 1472 2889 1534 ὃς
2924 1472 3050 1541 περὶ
3076 1472 3272 1525 ἑαυτοῦ
3302 1473 3397 1525 καὶ
3423 1473 3579 1527 τοῦτό
3599 1490 3791 1544 φησιν,

2207 1564 2282 1627 ὡς
2317 1581 2336 1615 ι
2360 1564 2448 1617 Ἑν
2476 1564 2621 1634 λιμῷ
2644 1565 2736 1618 καὶ
2764 1564 2890 1637 δίψῃ
2924 1567 2980 1618 ἐν
3008 1567 3281 1635 νηστείαις
3321 1566 3604 1629 πολλάκις.
3640 1585 3659 1618 ι
3696 1569 3790 1620 Σοὶ

2208 1656 2265 1710 δὲ
2289 1657 2349 1710 ού
2391 1656 2500 1726 βίος
2523 1657 2642 1720 ὅλος
2693 1657 2817 1710 τῶν
2851 1657 3260 1729 τεσσαράκοντα
3303 1658 3527 1730 ήμερῶν
3554 1659 3692 1718 ,ἐστι
3727 1662 3789 1712 τὸ

2208 1749 2307 1816 τῆς
2357 1748 2610 1819 νηστείας
2642 1748 2951 1819 διάστημας
3002 1750 3096 1803 καὶ
3130 1750 3466 1821 περιγράφει
3523 1768 3607 1805 σοι
3662 1751 3789 1805 καθ’

2208 1840 2446 1911 ἑκάστην
2487 1840 2700 1911 ἡμέραν
2746 1841 2848 1910 τὴν
2882 1843 2975 1894 ἐπὶ
3017 1841 3188 1912 ταύτῃ
3219 1843 3475 1911 νηστείαν
3513 1845 3546 1912 ή
3589 1844 3683 1897 τοῦ
3721 1845 3791 1913 ή-

523 1947 831 2000 congruens
860 1946 1054 1997 creua;
1111 1946 1235 1985 nam
1267 1935 1347 1987 sic
1377 1929 1654 1985 moderate
1699 1929 1992 1985 abstinens
2045 1938 2095 1984 et

2204 1929 2320 1983 λίου
2349 1930 2484 2000 πρὸς
2509 1928 2661 1984 δύσιν
2689 1930 2989 1993 ὲπίνευσις.
3015 1926 3143 2002 'Ap'
3163 1932 3223 1984 ού
3257 1931 3413 2002 ῥᾳδία
3439 1931 3625 2001 σχεδὸν
3648 1933 3789 1988 πᾶσι

525 2020 803 2072 moderate
829 2020 1117 2073 comedens
1146 2032 1250 2070 non
1287 2020 1512 2071 multum
1550 2015 1754 2086 jejunis
1794 2018 1966 2071 cedet.
2004 2014 2102 2069 Ti-

524 2124 637 2164 mes
669 2109 848 2163 carnis
877 2108 1115 2175 dolores,
1150 2107 1527 2178 jejuniumque
1558 2107 1701 2181 fugis
1730 2110 1886 2179 quasi
1918 2108 2095 2163 tabem

522 2200 835 2262 adducens;
869 2198 962 2252 sed
996 2199 1334 2253 contrarium
1380 2207 1501 2264 est;
1565 2213 1685 2251 nam
1716 2199 1969 2252 saturitas
2004 2214 2097 2267 po-

521 2292 744 2358 dagram
773 2330 788 2354 ,
821 2292 1140 2345 obesitatem
1173 2291 1415 2361 aliosque
1454 2291 1673 2345 morbos
1724 2291 1899 2358 magis
1958 2290 2097 2346 solet

518 2396 822 2451 generare;
883 2382 1149 2452 jejunium
1200 2398 1328 2440 vero
1367 2383 1654 2440 Sanitatem
1686 2382 1899 2453 gignit;
1955 2382 2096 2437 unde

520 2490 626 2527 non
664 2483 869 2529 tantum
903 2475 1201 2531 fornicator
1232 2477 1283 2530 in
1336 2476 1609 2545 proprium
1650 2490 1848 2543 corpus
1881 2486 2093 2545 peccat,

517 2569 613 2621 sed
664 2568 843 2622 helluo
872 2583 1089 2638 quoque
1121 2568 1173 2622 in
1204 2583 1361 2623 suum
1406 2583 1608 2638 corpus
1640 2567 1906 2638 delinquit
1947 2568 2095 2638 quod

518 2659 891 2714 caelteeticum
938 2671 992 2716 et
1036 2661 1345 2716 morbidum
1379 2661 1579 2717 reddit.

2200 2017 2295 2072 καὶ
2330 2017 2643 2089 σύμμετρος
2682 2018 2717 2090 ὴ
2749 2019 2841 2072 ἐπὶ
2882 2018 3136 2072 τοσοῦτον
3175 2019 3362 2073 ἀσιτία
3404 2021 3565 2087 ὲστί;
3621 2023 3788 2091 μόνον

2200 2109 2342 2165 ἔστω
2376 2113 2470 2164 καὶ
2500 2113 2532 2180 ή
2564 2111 2773 2181 σίτησις
2803 2110 3124 2182 σύμμετρος
3152 2127 3164 2140 ·
3208 2110 3353 2166 οὔτω
3392 2113 3502 2182 γὰρ
3538 2097 3788 2184 μετρίως

2197 2201 2404 2257 ἀσιτῶν
2428 2203 2528 2255 καὶ
2573 2203 2817 2273 μετρίως
2860 2201 3199 2272 σιτούμενος,
3233 2204 3294 2256 ού
3335 2204 3478 2257 κατά
3505 2203 3639 2257 πολὺ
3676 2204 3788 2258 τῶν

2198 2294 2583 2366 ἀτροφούντων
2622 2294 3028 2365 ἀπολειφθήσῃ.
3065 2296 3254 2349 Φείδου
3302 2297 3467 2367 τυχὸν
3506 2295 3609 2365 τῆς
3649 2312 3788 2368 σαρ-

2204 2386 2449 2452 κὸς,“καὶ
2500 2385 2728 2455 φεύγεις
2762 2389 2861 2456 τὴν
2914 2388 3197 2456 νηστείαν,
3242 2388 3320 2451 ὼς
3363 2388 3631 2458 τηκεδόνα
3694 2392 3787 2458 φέ-

2206 2495 2430 2548 ρουσαν,
2465 2476 2601 2529 ἀλλά
2647 2476 2960 2530 τούναντίον
2992 2478 3140 2532 ἐστίν
3162 2494 3175 2509 ·
3206 2479 3234 2531 6
3263 2479 3423 2549 κόρος
3458 2480 3569 2548 γὰρ
3620 2481 3786 2534 ποδά-

2203 2586 2343 2639 γρας
2377 2571 2471 2622 καὶ⁸
2528 2568 2873 2641 καρηϐαρίας
2938 2570 3033 2622 καὶ
3095 2570 3286 2635 νόσους
3338 2572 3533 2642 ἑτέρας
3583 2575 3783 2644 γεννᾷν

2207 2661 2407 2731 μᾶλλον
2436 2661 2699 2729 πέφυκενυ
2732 2662 2766 2729 ἡ
2806 2659 2862 2711 δὲ
2893 2661 3115 2730 νηστεία
3162 2663 3348 2733 μήτηρ
3383 2665 3531 2718 ἐστὶν
3555 2664 3786 2731 ύγείαςυ

515 2752 613 2803 καὶ
651 2751 727 2815 ὡς
773 2752 974 2819 ἔοικεν,
1013 2752 1074 2805 ού
1104 2752 1266 2823 μόνον
1312 2752 1341 2805 ὁ
1396 2750 1681 2821 πορνεύων
1751 2752 1831 2815 εἰς
1886 2751 1945 2805 τὸ
1987 2752 2122 2806 ἴδιον
2183 2750 2339 2819 σῶμα
2388 2749 2718 2819 ἁμαρτάνει,
2763 2748 2901 2803 ἀλλά
2952 2749 3045 2802 καὶ
3110 2751 3138 2803 ὁ
3209 2750 3650 2822 γαστριμαργῶν
3700 2757 3778 2816 εἰς

514 2846 577 2897 τὸ
608 2845 740 2899 ἴδιον
788 2844 1107 2916 πλημμελεῖ
1141 2844 1326 2913 σῶμα,
1359 2845 1690 2915 καχεκτικδν
1730 2847 1864 2900 αὐτὸ
1891 2847 1986 2900 καὶ
2003 2845 2228 2917 νοσερὸν
2258 2842 2653 2914 ἐργαζόμενος.

588 2935 789 2993 Verum
855 2950 984 2992 cum
1051 2935 1304 2993 omnibus
1368 2935 1621 2992 sensibus
1674 2936 2094 3008 intemperantia

519 3031 928 3092 committatur,
979 3029 1237 3085 omnibus
1288 3028 1629 3098 imponamus
1676 3029 2094 3085 continentiam.

519 3120 578 3177 Si
638 3120 781 3176 escis
825 3118 1043 3190 quidem
1092 3119 1357 3185 abstines,
1399 3121 1587 3176 oculos
1619 3129 1800 3175 autem
1830 3119 1997 3175 babes
2029 3119 2095 3172 ad

519 3210 797 3291 luxuriam
830 3211 883 3265 in
917 3211 1290 3280 penetralibus
1320 3211 1516 3265 anima:
1544 3212 1984 3281 perpetrandam,
2030 3208 2096 3261 ad

475 3370 481 3379 .
519 3320 715 3360 vanam
753 3302 1159 3365 curiositatem,
1207 3306 1272 3358 ad
1304 3302 1514 3359 fascina
1540 3316 1839 3373 propensos
1868 3317 1884 3368 ;
1921 3300 1965 3356 si
1996 3313 2095 3353 au-

2286 2935 2441 2987 Ἐπεὶ
2467 2933 2524 2986 δὲ
2550 2934 2639 2987 διὰ
2664 2932 2852 2986 πασῶν
2884 2933 2993 2986 τῶν
3014 2933 3321 3005 αἰσθήσεων
3349 2936 3381 3006 ή
3414 2935 3656 3005 ἀκρασία
3694 2955 3782 2990 τε·

2202 3026 2401 3091 λείται,
2433 3025 2634 3087 πάσαις
2662 3026 3050 3095 ὲπιστήσωμεν
3084 3025 3183 3096 τήν
3232 3026 3584 3098 ἐγκράτειαν.
3622 3027 3690 3082 Εί
3723 3030 3779 3083 δὲ

2200 3117 2484 3187 νηστεύεις
2534 3114 2635 3185 μὲν
2669 3115 2997 3187 βρωμάτων,
3031 3116 3131 3187 τὴν
3178 3115 3236 3169 δὲ
3278 3117 3399 3187 ὄψιν
3424 3117 3567 3187 ἔχεις
3609 3138 3781 3191 προαο

2199 3208 2381 3278 γωγὸν
2404 3210 2483 3270 είς
2503 3192 2611 3278 τήν
2627 3209 2686 3259 ὲν
2705 3208 2783 3277 τῷ
2806 3208 3021 3278 ταμείῳ
3048 3206 3145 3278 τῆς
3168 3208 3346 3279 ψυχῆς
3374 3227 3468 3263 σου
3502 3214 3776 3282 μοιχείαν,

2201 3301 2297 3352 καὶ
2343 3300 2693 3369 περιεργίαν,
2747 3300 2845 3352 καὶ
2891 3299 3232 3368 βασκανίαν·
3268 3300 3369 3371 τὴν
3409 3301 3466 3355 δὲ
3497 3301 3669 3371 ἀκοὴν
3696 3303 3776 3356 δε-

520 3410 637 3450 rem
670 3394 1011 3467 opprobriis,
1044 3394 1267 3449 lascivis
1305 3393 1666 3474 carminibus,
1701 3391 1968 3461 malisque
2000 3405 2094 3444 su-

2200 3393 2396 3463 κτικὴν
2439 3392 2673 3465 ὕϐρεων,
2722 3392 2817 3447 καὶ
2847 3392 3123 3464 πορνικῶν
3164 3392 3455 3464 ᾀσμάτων,
3483 3395 3577 3448 καὶ
3618 3395 3784 3465 ψιθυ-

516 3487 689 3542 surris
743 3486 1003 3557 plenam;
1056 3486 1104 3540 si
1161 3485 1297 3542 alios
1357 3499 1552 3541 sensus
1590 3484 1857 3539 similibus
1914 3482 2089 3537 noxiis

519 3585 701 3646 lmsos,
733 3578 861 3651 quid
900 3579 997 3634 tibi
1029 3578 1273 3649 proderit
1294 3576 1611 3648 jejunium?
1647 3575 1796 3630 Niltil
1827 3575 2086 3640 onmiuo;

517 3689 641 3729 nam
678 3673 822 3727 aliud
878 3681 1103 3742 propter
1153 3670 1383 3725 alterum
1441 3668 1585 3739 fugis
1619 3668 1834 3732 vitium,
1870 3667 1954 3721 cui
1994 3680 2091 3737 per

509 3766 669 3834 'prius
700 3765 903 3820 aditum
926 3763 982 3818 in
1012 3763 1193 3819 anima
1229 3761 1515 3833 patefacis.
1540 3761 1673 3816 Cum
1704 3760 1849 3815 enim
1877 3766 2091 3814 conste-

514 3870 636 3910 mus
674 3871 773 3911 nos
812 3869 881 3909 ex
915 3854 1099 3911 anima
1141 3863 1195 3907 et
1225 3868 1454 3923 corpore
1481 3851 1793 3920 compositi,
1822 3865 1927 3905 non
1959 3863 2087 3903 cor-

513 3961 646 4015 pore
688 3956 897 4003 tantum
950 3946 1046 4002 sed
1079 3955 1136 4001 et
1161 3952 1340 3999 mente
1374 3944 1530 4014 (qute
1576 3943 1691 4012 ipsa
1727 3941 1883 4011 quasi
1933 3940 2087 4010 plura

514 4039 674 4092 habet
709 4040 948 4094 membra
977 4038 1202 4093 alterius
1236 4036 1407 4104 modi,
1442 4036 1650 4091 scilicet
1682 4034 1791 4089 vim
1822 4031 2091 4102 vegetati-

516 4146 684 4194 vam,
749 4131 1226 4200 eoncupiscibilem
1284 4139 1341 4184 et
1402 4128 1733 4185 irascibilem
1792 4124 2086 4196 appetitum

510 4231 674 4291 atque
700 4221 1020 4288 rationem),
1052 4220 1182 4274 illud
1209 4233 1397 4274 verum
1428 4227 1512 4273 est
1542 4217 1807 4288 jejunium
1847 4216 1990 4284 quod
2022 4215 2088 4268 ad

509 4326 700 4366 omnes
737 4314 1007 4381 p0tentias
1036 4311 1376 4376 extenditur,
1402 4324 1594 4365 omnes
1624 4317 1843 4379 purgat,
1875 4321 2092 4362 omnes~

514 4416 624 4466 que
655 4412 812 4456 sanat
838 4418 852 4467 ;
886 4403 1058 4456 dulcis
1087 4400 1255 4465 enim,
1293 4400 1514 4463 fratres,
1550 4408 1604 4454 et
1632 4398 1862 4467 benigna
1891 4397 2088 4450 anima:

509 4509 606 4564 per
647 4493 914 4561 jejunium
946 4492 1212 4559 curatio;
1259 4500 1316 4544 et
1349 4498 1634 4560 propterea
1689 4486 1879 4543 Patres
1913 4487 2092 4550 nosui

509 4587 563 4641 in
591 4586 782 4642 diebus
814 4585 931 4641 istis
966 4583 1095 4639 illud
1133 4581 1289 4637 nobis
1318 4589 1725 4653 praeceperunt.

579 4764 752 4836 igitur
777 4762 823 4818 si
850 4760 996 4817 istud
1030 4758 1196 4815 stulte
1224 4757 1573 4828 effugiamus,
1608 4756 1853 4813 vindices
1884 4771 2080 4826 poenae,
2115 4771 2160 4828 ι)

503 4858 819 4921 scissioues,
851 4852 1163 4908 adustioues
1182 4849 1789 4920 noscontprebeudeut,
1817 4850 2078 4919 quoniam

503 4949 758 5003 Christus
812 4945 1117 4999 membrum
1157 4943 1435 5013 pntiitlum
1490 4940 1817 5014 amputabit,
1863 4943 2082 5012 ignique

509 5040 688 5095 tradet
719 5036 1155 5106 inexstinguibili
1186 5036 1478 5091 vindictam
1506 5037 1755 5091 daturam
1797 5046 2080 5091 mternam.

502 5132 639 5187 Nam
674 5132 838 5194 sicut,
869 5130 995 5199 quia
1044 5145 1149 5185 non
1176 5127 1613 5197 jeiuueveramus
1647 5128 1700 5183 in
1721 5128 1995 5199 paradiso,
2028 5127 2084 5181 in

505 5229 645 5280 banc
679 5224 845 5277 vitam
875 5221 1065 5277 multis
1093 5221 1274 5294 pcenis
1311 5221 1566 5277 refertam
1599 5236 1790 5278 sumus
1823 5219 2079 5287 immissi,

512 5320 611 5384 ita,
645 5319 750 5370 nisi
777 5317 865 5370 hic
889 5314 1219 5387 jejuncmus,
1264 5325 1319 5369 et
1352 5313 1533 5370 sobrie
1564 5330 1662 5385 pro
1693 5314 1899 5382 viribus
1934 5315 2086 5367 viva-

503 5425 648 5472 mus,
704 5410 757 5463 iu
811 5407 1330 5479 iuexstinguibilcm‘
1362 5416 1417 5462 et
1476 5407 1875 5463 intolerabilem
1932 5408 2083 5462 illum

502 5496 809 5555 incidemus
843 5498 1141 5557 infernum.
1180 5496 1284 5553 Sed
1315 5496 1722 5562 convertimini,
1771 5497 1862 5551 lilii
1900 5511 2087 5551 rever-

503 5600 703 5656 tentes,
749 5592 1126 5663 aitpropltetia
1154 5593 1201 5623 “
1240 5609 1253 5646 :
1294 5588 1441 5644 Nihil
1478 5598 1587 5643 tam
1633 5588 1818 5644 efficax
1869 5592 1934 5644 ad
1980 5592 2085 5645 mi-

502 5684 855 5739 sericordiam
900 5686 968 5741 ab
1002 5685 1082 5741 eis
1114 5683 1204 5755 qui
1250 5690 1654 5739 convertuntur
1680 5686 2075 5752 assequemlam

572 5871 617 5903 “
645 5871 802 5928 Num.
841 5889 913 5935 Si.
944 5872 1034 5930 20.
1115 5873 1154 5905 "
1180 5870 1221 5927 ll
1250 5870 1487 5937 Const,
1537 5870 1626 5926 27.

2197 3488 2409 3557 ρισμῶν
2440 3485 2501 3540 οὐ
2530 3484 2732 3553 καλῶν,
2759 3486 2857 3540 κα)⁸
2882 3486 2979 3550 τὰς
3008 3485 3174 3550 ἄλλας
3218 3487 3501 3558 αἰσθήσεις
3534 3487 3649 3540 τῶν
3680 3507 3780 3541 κα-

2191 3576 2475 3646 ταλλήλως
2517 3576 2883 3647 βλαπτόντων,
2916 3577 2971 3630 τί
2995 3579 3057 3630 τὸ
3100 3576 3293 3648 ὄφελος
3330 3577 3430 3649 τῆς
3471 3580 3730 3651 νηστείας
3758 3601 3780 3645 ;

2192 3668 2415 3732 πάντως
2470 3668 2626 3722 οὐδέν
2652 3684 2667 3699 °
2703 3671 2770 3740 ἢν
2819 3668 2927 3740 γὰρ
2977 3669 3044 3723 δι’
3072 3670 3266 3741 ἐτέρας
3301 3670 3522 3739 φεύγεις
3549 3673 3771 3734 κακίαν,

2191 3761 2421 3815 κάθοδον
2458 3763 2598 3835 αὐτῇ
2621 3762 2779 3826 δίδως
2800 3762 2869 3815 δι’
2903 3762 3070 3834 ἄλλης
3095 3764 3174 3826 είς
3202 3762 3301 3833 τὴν
3327 3764 3504 3834 ψυχήν
3531 3779 3547 3795 ο
3579 3764 3774 3819 σιινθέ⁴

2188 3871 2299 3908 των
2335 3855 2442 3925 γὰρ
2481 3856 2653 3909 ὄντων
2687 3854 2846 3927 ήμῶν
2886 3856 2948 3907 ὲκ
2971 3854 3150 3925 ψυχῆς
3178 3854 3324 3923 λέγω
3358 3858 3455 3909 καὶ
3490 3856 3780 3927 σώματος,

2189 3948 2250 4001 οὐ
2287 3945 2383 4000 τοῦ
2436 3946 2691 4018 σώματος
2724 3948 2908 4018 μόνον,
2949 3947 3085 4000 ἀλλὰ
3120 3952 3217 4002 καὶ
3248 3949 3345 4016 τῆς
3392 3947 3572 4019 ψυχῆς
3603 3951 3772 4005 πολυ-

2194 4038 2392 4109 μελοῦς
2431 4038 2599 4109 οὔσης
2639 4037 2851 4111 (ἕτερον
2886 4042 3087 4111 τρόπον
3113 4040 3224 4110 ἔχει
3253 4041 3362 4109 γὰρ
3383 4044 3477 4095 καὶ
3503 4039 3649 4114 αὕτη
3676 4062 3773 4098 και⁸

2192 4127 2367 4198 θάπερ
2395 4129 2532 4201 μέλη
2561 4129 2621 4183 τὸ
2651 4128 2965 4200 θρεπτικὸν,
3006 4131 3065 4184 τὸ
3093 4130 3518 4203 ἐπιθυμητικὸν,
3551 4135 3614 4187 τδ
3678 4135 3772 4190 θυ-

2194 4216 2354 4286 μικόν
2391 4235 2451 4272 τε
2481 4220 2575 4273 καὶ
2605 4219 2963 4292 λογιστικὸν),
3021 4219 3206 4293 ἐκείνη
3246 4222 3397 4277 ἐστὶν
3440 4223 3648 4296 ἀληθὴς
3684 4243 3771 4296 νη-

2191 4309 2364 4373 στεία,
2391 4311 2426 4381 ή
2446 4310 2536 4363 διὰ
2566 4312 2785 4366 πάντων
2806 4311 3075 4380 διήκουσα
3103 4313 3200 4366 καὶ
3227 4314 3403 4367 πάντα
3430 4314 3777 4386 καθαίρουσὰ

2189 4418 2249 4455 τε
2281 4403 2377 4456 καὶ
2401 4403 2811 4474 θεραπεύουσα’
2842 4408 3048 4477 πραεῖα
3078 4407 3188 4478 γάρ
3210 4408 3380 4473 ἐστιν,
3411 4408 3657 4479 ἀδελφοὶ,
3676 4412 3773 4464 καὶ

2190 4495 2572 4568 φιλάνθρωπος
2624 4497 2658 4567 ή
2708 4497 2795 4551 διὰ
2859 4500 3117 4569 νηστείας
3155 4499 3257 4570 τῆς
3303 4500 3485 4570 ψυχῆς
3522 4502 3768 4573 ἰατρεία·

2189 4589 2281 4641 καὶ
2308 4588 2397 4643 διὰ
2426 4589 2585 4643 τοῦτο
2623 4591 2719 4643 καὶ
2751 4591 2803 4643 οι
2835 4591 3076 4662 Πατίρες
3109 4593 3268 4664 ήμῶν
3297 4593 3389 4648 διὰ
3408 4594 3516 4649 τῶν
3544 4594 3772 4668 ἡμερῶν

2189 4680 2398 4733 τούτων
2428 4681 2636 4752 ταύτην
2666 4683 2801 4751 ήμϊν
2829 4684 3133 4753 ἐπέθηκαν.
3502 4682 3509 4685 ⁷

2222 4832 2227 4835 _
2288 4771 2399 4826 Εάν
2456 4772 2549 4826 οὖν
2594 4772 2801 4844 ταύτην
2847 4776 3009 4845 ήμείς
3036 4778 3293 4848 ἀφρόνως
3321 4778 3682 4851 ἐκφύγωμεν,
3714 4781 3779 4834 αἱ

2189 4862 2514 4918 κολαστικαὶ
2564 4865 2767 4931 ποιναὶ,
2833 4867 2925 4920 καὶ
2960 4872 3148 4937 τομαὶ,
3204 4870 3299 4924 καὶ
3346 4873 3573 4936 καύσεις
3620 4874 3774 4943 ἡμᾶς

2190 4955 2525 5023 ὲκδὲξονται,
2561 4958 2653 5011 ὅτε
2688 4959 2923 5027 Χριστὸς
2951 4961 3013 5014 τὸ
3055 4961 3434 5032 ἀθεράπευτον
3480 4964 3779 5035 διχοτομή-

2194 5063 2294 5111 σει,
2328 5050 2422 5101 καὶ
2462 5049 2541 5119 τῷ
2574 5050 2827 5119 ἀσϐέστῳ
2848 5053 2983 5124 πυρὶ
3021 5053 3337 5121 παραδώσει
3379 5054 3537 5126 δίκην
3576 5056 3764 5127 ύιρὲξοι

2192 5136 2433 5195 αἰώνιον.
2466 5140 2556 5203 Ὠς
2578 5143 2685 5213 γὰρ
2721 5143 2797 5215 μή
2837 5144 3236 5213 νηστεύσαντες
3266 5147 3323 5200 ὲν
3352 5146 3429 5218 τῷ
3455 5147 3779 5219 παραδείσῳ

2191 5231 2270 5293 είς
2300 5232 2390 5285 τὸν
2404 5232 2747 5287 πολυώδυνον
2770 5236 2959 5289 τοῦτον
2987 5237 3102 5306 βίον
3115 5238 3348 5311 septem;
3359 5257 3478 5310 μεν,
3500 5240 3672 5304 οὕτως
3687 5242 3773 5296 ὲν-

2189 5321 2361 5375 ταῦοα
2381 5322 2490 5395 46
2510 5324 2584 5398 μὴ
2599 5327 3014 5398 νηστεύσαντες,
3040 5330 3173 5400 μηδὲ
3197 5332 3479 5403 ἐγκρατῶς
3502 5331 3768 5404 ζήσαντες

2192 5414 2334 5466 κατὰ
2363 5415 2618 5485 δύναμιν,
2656 5419 2737 5480 είς
2767 5417 2865 5488 τὴν
2898 5419 3162 5472 ἄσϐεστον
3193 5424 3287 5474 καὶ
3311 5422 3585 5493 ἀφόρητον
3627 5422 3770 5475 ὲκεί-

2190 5520 2289 5574 νην
2337 5506 2725 5578 ὲμττεςούμεθα
2766 5509 3011 5578 γέενναν.
3057 5513 3196 5565 Ἀλλ’
3238 5513 3599 5584 ἐπιστρέψατε
3659 5514 3768 5566 υἱοὶ

2191 5597 2587 5667 ἀφεστηκότες,
2640 5601 2672 5669 ή
2707 5602 3016 5671 προφητεία
3069 5604 3233 5673 φησίν
3259 5619 3271 5633 ο
3295 5605 3447 5657 οὐδὲν
3476 5604 3617 5658 οὕτω
3645 5619 3773 5656 συν-

2191 5690 2353 5759 εργὸν
2408 5690 2544 5761 πρὸς
2571 5692 2864 5763 ἐξιλασμδν
2895 5697 3004 5759 ταῖς
3037 5694 3464 5766 ἐπιστρέφουσιν
3500 5695 3573 5763 ὡς
3599 5697 3634 5765 ἡ
3666 5711 3771 5764 νηο

1703 5872 1746 5902 ²²
1781 5870 1980 5929 Jcrem.
2009 5888 2087 5942 nt,
2134 5872 2217 5929 l4.
