4090 6450
353 415 460 480 109

1724 409 2059 471 HUMILIA
2086 409 2186 471 IX.

3507 406 3613 468 110

361 528 511 582 στεία
539 528 712 592 ἐστὶν,
743 525 818 591 ὡς
876 528 939 581 ἐκ
968 527 1066 598 τῆς
1112 527 1223 581 τῶν
1251 522 1551 582 Νινευῖτῶν
1590 525 1933 597 ἐπιστροφῆς
1963 574 1967 587 ,

2068 539 2202 593 Luam
2237 531 2323 578 est
2362 509 2654 592 jcjttntum,
2708 531 2766 577 ttt
2814 523 3111 578 didicimus
3143 538 3206 576 ex
3257 522 3618 575 Ninivitarum

362 619 717 689 ἐδιδάχθημεν
738 635 755 652 ο
791 620 945 674 οὐδὲν
978 619 1122 673 οὕτω
1157 618 1479 689 νεκροποιὸν
1511 618 1588 681 ὡς
1640 619 1673 688 ή
1705 633 1939 686 γαστρι-

370 714 577 784 μαργία
606 714 758 767 ἐστί·
795 716 891 768 καὶ
917 714 1193 768 δείκνυσιν
1225 716 1253 768 6
1293 715 1424 785 περὶ
1455 712 1550 766 τοῦ
1575 713 1788 765 ἀσώτου
1819 713 1940 765 ἑπι-

364 806 687 877 στρέψαντος
727 806 899 860 εἰπών
923 824 938 840 ’
976 826 996 859 ‹
1033 800 1201 870 Οὗτος
1242 810 1269 861 6
1315 807 1431 869 υίὸς
1463 823 1565 875 μου
1604 803 1797 871 νεκρὸς
1847 798 1939 874 ἦν,

360 902 455 954 καὶ
493 899 778 967 ἀνέζησεν,
820 898 1115 963 ἀπολωλὼς
1159 896 1249 970 ἦν,
1295 899 1391 951 καὶ
1434 898 1671 968 εύρέθηο
1703 915 1721 948 ι
1760 896 1942 967 συώδη

363 992 471 1061 γὰρ
507 991 618 1060 βίον
641 992 949 1060 ἠσπάσατο,
978 977 1071 1046 καὶ
1097 993 1240 1045 συῶν
1268 992 1426 1063 ἦδετο
1462 990 1731 1063 βορὸόρῳ,
1762 1005 1943 1061 παρα-

365 1084 665 1153 συνεϐλήθη
693 1084 924 1149 τούτοις,
973 1084 1067 1139 καὶ
1119 1083 1381 1155 ὡμοιώθη
1419 1084 1625 1147 αὐτοῖς,
1660 1084 1761 1147 τὴν
1800 1081 1942 1151 πρὸς

365 1175 496 1227 Θεὸν
525 1176 782 1245 ὁμοίωσιν
805 1177 1165 1246 ἀποθέμενος.
1196 1177 1352 1229 Κατά
1390 1177 1447 1230 δὲ
1482 1177 1573 1229 τὸν
1612 1177 1785 1245 μέγαν
1821 1175 1941 1230 ’ὶὼό

365 1268 426 1319 οὐ
458 1269 711 1337 κτήνεσιν
743 1266 1002 1338 ὡμοιώθη
1042 1268 1221 1339 μόνον,
1256 1268 1391 1323 ἀλλά
1422 1269 1652 1332 καὶτοῖς
1692 1270 1750 1321 ὲν
1780 1268 1944 1338 ὑδρη-

367 1359 477 1422 λοῖς
505 1359 725 1430 χωρίοις
756 1360 1037 1424 παντελῶς
1065 1361 1436 1431 ἀναισθήτοις,
1471 1360 1725 1433 βουτόμῳ
1757 1378 1815 1413 τε
1848 1361 1943 1414 καὶ

365 1453 604 1523 παπύρῳ
643 1454 735 1506 καὶ
769 1453 849 1522 τῷ
904 1454 1165 1523 καλάμῳ,
1226 1455 1285 1508 ὲν
1336 1449 1418 1517 οἷς
1454 1455 1549 1508 καὶ
1605 1456 1871 1525 κοιμᾶται
1917 1455 1946 1507 6

367 1545 663 1613 παμφάγος
696 1544 992 1600 Λευῖαθάν.
1029 1545 1117 1597 Ἐν
1149 1546 1258 1615 γὰρ
1295 1547 1407 1609 τοῖς
1440 1546 1718 1616 ὑθίροῦίοις
1741 1546 1803 1600 τὸ
1824 1562 1949 1617 νοη-

368 1634 458 1685 τὸν
510 1631 669 1686 τοῦτο
710 1636 874 1702 κῆτος
919 1630 1360 1688 ὲπαναπαύεται.
1413 1635 1519 1687 ’Ἦν
1585 1634 1861 1703 ὑγρότητα
1919 1634 1948 1685 6

367 1724 529 1777 Δαΰὶδ
568 1724 889 1778 ἀπελαύνων
932 1724 1020 1778 διὰ
1065 1726 1166 1795 τῆς
1210 1726 1543 1797 ἐγκρατείας
1595 1725 1697 1796 τῆς
1739 1724 1950 1787 οἰκείας

371 1818 536 1887 ζωῆς,
589 1836 608 1870 t
654 1818 986 1889 Ἑξηράνθη,
1041 1819 1229 1888 φησὶν,
1275 1820 1350 1880 ώς
1392 1819 1664 1890 ὄστρακον
1711 1820 1744 1883 ἠ
1794 1817 1948 1888 ίσχύς

372 1926 498 1977 μου,
536 1909 631 1962 καὶ
651 1908 719 1961 τὰ
752 1909 887 1962 ὀστᾶ
917 1924 1022 1978 μου
1053 1908 1188 1962 ὡσεὶ
1238 1910 1470 1979 φρύγιον
1500 1908 1946 1979 συνεφρύγησαν,
1976 1895 2024 1955 Β

366 2001 437 2053 τὰ
462 2000 662 2069 γόνατά
697 2016 798 2070 μου
829 2000 1141 2070 ἠσθένησαν
1175 2001 1285 2055 ἀπὸ
1316 2001 1593 2070 νηστείας,
1627 2003 1723 2054 καὶ
1754 2002 1787 2069 ἠ
1810 2000 1950 2070 σάρξ

373 2111 473 2163 μου
514 2094 776 2164 ἠλλοιώθη
804 2093 872 2146 δι’
911 2092 1116 2149 ἔλαιον.
1164 2110 1184 2143 ι
1227 2092 1320 2147 Διὸ
1347 2094 1442 2148 καὶ
1474 2094 1573 2163 τὴν
1623 2094 1724 2163 τῆς
1766 2092 1950 2160 δεξιᾶς

367 2182 731 2252 σοῦ’Υψίστου
761 2182 1043 2253 ἠλλοιοῦτο
1073 2182 1384 2249 ἀλλοίωσιν,
1419 2184 1570 2253 αὐτῷ
1610 2182 1807 2236 ἑαυτὸν
1826 2184 1951 2237 ὅλον

371 2276 724 2346 ἀναθέμενος,
757 2276 852 2331 καὶ
898 2276 1095 2330 ἑαυτὸν
1136 2276 1227 2331 διὰ
1271 2277 1475 2341 παντὸς
1506 2274 1742 2331 ἐνώπιον
1786 2275 1951 2330 αὐτοῦ

373 2367 760 2440 προορώμενος
780 2369 875 2422 καὶ
904 2368 1003 2440 τὴν
1028 2371 1127 2440 τῆς
1155 2368 1366 2433 οἰκείας
1409 2369 1639 2441 καρδίας
1694 2369 1951 2439 μελέτην,

372 2462 578 2515 ἐκεῖνον
601 2461 688 2515 διὰ
717 2461 917 2525 παντὸς
939 2462 1075 2532 ἔχων
1101 2460 1205 2515 ὲνώ
1219 2479 1359 2516 πιον.

448 2551 617 2605 Τοῦτο
646 2552 710 2621 δὴ
760 2550 857 2607 καὶ
881 2553 1064 2623 ἡμεῖς,
1095 2551 1392 2621 ἀγαπητοὶ,
1431 2551 1830 2622 μιμησώμεθα,
1861 2554 1955 2608 καὶ

377 2644 456 2715 μὴ
482 2644 641 2714 μόνον
670 2645 768 2714 τῆς
799 2644 976 2714 ὑγρᾶς
998 2645 1091 2698 καὶ
1123 2644 1527 2715 διακεχυμένης
1553 2643 1701 2711 ζωῆς
1722 2645 1957 2711 ἑαυτοὺς

378 2738 801 2805 ἀποστήσωμεν,
838 2737 978 2790 ἀλλὰ
1009 2736 1102 2791 καὶ
1133 2738 1235 2806 τὴν
1271 2737 1552 2808 ἡμετέραν
1581 2738 1837 2803 νηστείαν
1861 2737 1959 2791 καὶ

375 2830 696 2901 ψαλμῳδίαν
724 2830 820 2883 καὶ
861 2830 1194 2901 προσευχὴν,
1220 2830 1297 2894 ὡς
1330 2828 1498 2884 αὑτοῦ
1534 2831 1804 2901 παρόντος
1853 2832 1952 2885 καὶ

376 2920 682 2989 ἐφορῶντος
733 2918 827 2974 τοῦ
865 2919 1001 2973 Θεοῦ
1055 2920 1384 2989 ποιώμεθα·
1440 2921 1665 2984 εἰδότες,
1714 2922 1792 2981 ὡς
1832 2920 1959 2976 οὔτε

380 3011 620 3082 νηστεία,
646 3010 767 3066 οὔτε
792 3012 1106 3083 ψαλμῳδία,
1132 3012 1257 3067 οὕτε
1294 3015 1572 3085 προσευχὴ
1598 3014 1794 3079 σώζειν
1812 3017 1963 3085 ἡμᾶς

383 3105 504 3159 καθ’
552 3106 721 3160 ἑαυτά
769 3106 1017 3169 δύναται,
1056 3105 1197 3159 ἀλλὰ
1241 3106 1302 3159 το
1348 3106 1581 3161 ἐνώπιον
1623 3108 1962 3162 ἐκτελεῖσθαι

382 3198 553 3251 ταῦτα
581 3198 675 3251 τοῦ
705 3197 841 3252 Θεοῦ
868 3214 881 3227 °
913 3197 1056 3252 οὕτω
1084 3198 1193 3268 γὰρ
1221 3200 1271 3252 οἱ
1291 3199 1566 3271 ὀφθαλμοὶ
1600 3201 1809 3269 Κυρίου
1842 3202 1965 3265 ἑπι-

374 3293 673 3356 6λὲποντες
710 3293 1035 3363 ἀγιάζουσιν
1083 3295 1259 3365 ἡμᾶς,
1296 3294 1374 3359 ὼς
1421 3295 1451 3348 6
1489 3295 1642 3367 ἥλιος
1681 3296 1968 3368 θερμαίνει

384 3389 453 3440 τά
486 3386 577 3440 ὑπ’
627 3387 795 3441 αὐτοῦ
839 3388 1338 3458 καταλαμπόμενα.
1378 3388 1642 3444 Ἑνώπιον
1682 3389 1744 3443 δὲ
1792 3390 1967 3445 ταῦτα

384 3477 593 3544 γίνεται
626 3472 786 3541 Θέοῦ,
818 3478 949 3532 ὅταν
976 3476 1185 3541 ἀτενῶς
1217 3479 1249 3549 ἡ
1300 3478 1512 3533 διάνοια
1555 3479 1752 3550 ἐκείνῳ
1783 3481 1969 3552 ἐνορᾷ,

386 3571 479 3623 καὶ
508 3570 596 3624 διὰ
624 3573 682 3624 τὸ
712 3570 852 3641 πρὸς
895 3572 1061 3625 αὐτὸν
1096 3574 1229 3643 δρᾷν
1259 3573 1355 3625 καὶ
1391 3571 1631 3644 νηστεύῃ
1665 3575 1760 3627 καὶ
1789 3574 1973 3647 eam

390 3666 486 3718 καὶ
543 3664 948 3737 προσεύχηται·
978 3665 1105 3719 ὅταν
1154 3667 1266 3736 γὰρ
1318 3665 1389 3718 ἄν’
1433 3667 1500 3735 τῇ
1548 3670 1825 3737 προσευχῇ
1876 3672 1975 3721 καὶ

384 3756 675 3828 ψαλμῳδίᾳ
701 3756 831 3809 ποτὲ
856 3755 959 3826 μὲν
978 3758 1006 3810 6
1030 3754 1157 3819 νοῦς
1176 3754 1529 3827 συντείνηται
1548 3756 1685 3826 πρὸς
1709 3757 1799 3810 τὸν
1819 3757 1976 3823 Θεὸν,

387 3851 519 3903 ποτὲ
550 3850 605 3903 δὲ
645 3849 917 3921 διαπίπτῃ
959 3850 1052 3903 καὶ
1098 3847 1521 3919 μετεωρίζηται,
1580 3849 1665 3902 δεῖ
1700 3851 1861 3916 νοεῖν,
1900 3849 1977 3916 ὡς

386 3942 541 3995 οὔπω
563 3942 911 4013 ἀνεθήκαμεν
939 3942 1166 4006 ἑαυτοὺς
1198 3941 1353 4006 ὅλους
1382 3940 1460 4012 τῷ
1481 3940 1626 4011 Θεῷ,
1658 3942 1784 3996 οὐδὲ
1814 3942 1872 3994 ὲν
1897 3942 1976 4012 τῷ

391 4035 543 4105 νόμῳ
586 4033 790 4105 Κυρίου
832 4035 943 4097 πᾶς
976 4035 1004 4087 6
1055 4033 1258 4098 σκοπὸς
1300 4032 1410 4086 τῶν
1445 4032 1841 4103 πραττομένων
1888 4030 1976 4102 ἐφ’

392 4126 549 4195 ἡμῶν
574 4126 689 4180 ἐστι
712 4141 726 4155 ·
754 4124 843 4179 διὰ
874 4123 1032 4179 τοῦτο
1055 4124 1177 4178 καθ’
1208 4125 1333 4179 ὅσον
1361 4124 1472 4179 τῶν
1497 4125 1598 4195 τῆς
1627 4123 1978 4191 δικαιοσύνης

392 4218 570 4286 ἔργων
617 4215 1028 4286 ἀποπίπτομεν,
1068 4214 1212 4269 κατά
1256 4213 1515 4269 τοσοῦτον
1572 4213 1809 4268 ἐνώπιον
1864 4212 1975 4267 τῶν

392 4308 486 4362 τοῦ
514 4308 649 4362 Θεοῦ
681 4307 981 4379 ὀφθαλμῶν
1014 4307 1359 4380 παραμένειν
1392 4306 1453 4360 ού
1489 4305 1769 4378 δυνάμεθα
1796 4321 1809 4336 ·
1846 4324 1865 4359 ι
1901 4306 1974 4360 Οὐ

2042 614 2457 677 conversione;
2510 614 2645 669 nihil
2700 615 2773 669 ita
2828 626 3059 671 mortem
3114 626 3376 684 operatur
3422 624 3480 665 ut
3539 614 3621 666 in-

2044 706 2275 775 gluvies,
2311 716 2371 761 ut
2400 707 2639 761 ostendit
2670 707 2763 778 qui
2810 708 2877 763 de
2911 708 3021 763 ﬁlio
3053 708 3280 778 prodigo
3314 716 3626 761 revertentc

2045 798 2229 856 dixit:
2268 817 2287 851 ι
2324 799 2436 854 lste
2484 800 2628 855 ﬁlius
2654 816 2805 857 meus
2846 810 3100 855 mortuus
3146 809 3287 867 erat,
3339 810 3393 855 et
3445 814 3629 853 resur-

2044 892 2213 959 rexit;
2256 893 2516 963 perierat,
2553 903 2606 949 et
2634 894 2883 950 inventus
2911 906 2993 950 est
3019 896 3139 962 ¹³;›
3171 894 3453 965 porcinam
3481 892 3627 946 enim

2048 986 2212 1039 vitam
2247 986 2539 1056 amplexus
2581 997 2719 1051 erat,
2747 998 2808 1042 et
2853 1003 3141 1058 porcorum
3175 988 3286 1043 luto
3312 986 3584 1057 gaudebat
3609 1024 3624 1046 ,

2047 1077 2247 1146 quibus
2281 1089 2606 1148 aggregatus
2639 1090 2725 1134 est
2755 1088 2810 1134 et
2845 1081 3200 1147 assimilatns,
3238 1096 3333 1136 sua
3359 1082 3423 1135 ad
3459 1081 3624 1133 Deum

2048 1172 2255 1225 amissa
2305 1172 2685 1227 similitudine.
2724 1172 3033 1228 Secundum
3080 1190 3335 1245 magnum
3367 1171 3490 1237 Job,
3520 1189 3628 1226 non

2048 1266 2221 1319 solum
2256 1274 2603 1333 comparatus
2635 1274 2720 1321 est
2764 1266 3027 1336 jumentis
3074 1266 3482 1336 insipientibus,
3535 1265 3631 1319 sed

2048 1357 2215 1409 etiam
2270 1356 2404 1411 locis
2460 1357 2818 1412 humentibus
2869 1359 3017 1412 omni
3077 1374 3239 1414 sensu
3293 1356 3630 1419 carentibus,

2048 1445 2239 1517 junco,
2273 1449 2506 1515 calamo,
2540 1451 2819 1515 arundini,
2865 1452 2916 1504 in
2952 1451 3154 1520 quibus
3188 1466 3356 1504 vorax
3403 1450 3639 1519 quiescit

2049 1537 2473 1615 Leviatltan..Et
2504 1557 2632 1597 vero
2664 1544 2718 1597 in
2753 1544 2873 1599 istis
2900 1543 3251 1598 humentibus
3287 1543 3419 1598 locis
3452 1544 3636 1598 ﬁctum

2053 1632 2195 1687 istud
2238 1641 2355 1688 ccte
2393 1632 2683 1688 inhabitat.
2718 1634 2891 1701 Quem
2942 1634 3190 1689 mollitiei
3224 1635 3507 1689 humorem
3544 1648 3641 1703 per

2052 1741 2205 1782 suam
2246 1726 2370 1781 vita:
2412 1728 2829 1797 temperantiam
2859 1727 3124 1783 damnans
3156 1726 3322 1782 David
3357 1743 3371 1779 :
3402 1744 3421 1778 ι
3458 1727 3639 1791 Aruit,

2056 1819 2255 1888 inquit,
2294 1813 2556 1888 tanquam
2588 1828 2725 1875 testa
2763 1820 2939 1875 virtus
2980 1834 3096 1875 mea
3121 1859 3137 1885 ,
3187 1820 3330 1875 sicut
3377 1818 3639 1873 cremium

2053 1920 2354 1979 aruerunt;
2389 1929 2561 1982 genua
2613 1928 2735 1968 mea
2772 1913 3043 1968 inﬁrmata
3080 1921 3208 1967 sunt
3248 1929 3277 1967 a
3314 1914 3549 1984 jejunio,
3590 1923 3644 1965 ct

2054 2015 2185 2056 caro
2216 2015 2337 2056 mea
2365 2004 2654 2060 immutata
2683 2013 2767 2060 est
2797 2015 3019 2076 prepter
3048 2006 3228 2061 oleum
3253 2006 3350 2061 ⁸⁸.»
3384 2005 3508 2061 ldeo
3533 2007 3641 2060 im-

2052 2092 2284 2147 mutavit
2304 2094 2663 2151 mutationem
2693 2096 2915 2153 dextera
2943 2097 3179 2161 Excelsi,
3203 2097 3444 2167 seipsum
3471 2105 3641 2151 totum

2053 2184 2120 2237 ad
2157 2199 2280 2238 eum
2326 2185 2625 2255 applicans,
2673 2187 2728 2242 in
2755 2189 3009 2244 omnibus
3040 2200 3096 2245 et
3128 2187 3378 2244 etiamin
3413 2191 3647 2243 medita-

2055 2276 2201 2330 tione
2228 2277 2412 2332 cordis
2446 2278 2498 2332 in
2531 2289 2826 2349 conspectu
2870 2281 3014 2335 illius
3044 2280 3350 2346 ambulans,
3383 2280 3649 2351 illumque

2055 2364 2264 2421 habens
2292 2376 2417 2422 ante
2448 2367 2635 2423 oculos
2670 2370 2723 2424 in
2754 2370 3008 2427 omnibus
3036 2370 3289 2441 operibus
3318 2372 3452 2426 suis.

2126 2545 2285 2602 Hunc
2319 2559 2448 2619 ergo
2478 2563 2600 2617 nos,
2653 2548 2853 2613 dilecti,
2884 2550 3181 2615 imitemur,
3225 2558 3281 2607 et
3306 2566 3411 2606 non
3438 2559 3645 2606 tantum

2058 2654 2090 2695 a
2120 2640 2269 2695 molli
2315 2640 2543 2711 laxaque
2586 2642 2695 2697 vita
2722 2657 2822 2698 nos
2850 2656 3157 2709 arceamus,
3219 2645 3315 2699 sed
3371 2646 3533 2700 etiam
3572 2645 3655 2714 je-

2057 2731 2293 2803 junium,
2325 2733 2680 2803 psalmodiam
2708 2745 2763 2789 et
2803 2735 3110 2791 orationem
3148 2740 3302 2808 quasi
3340 2739 3445 2795 sub
3484 2739 3656 2795 oculis

2062 2833 2117 2879 et
2148 2824 2202 2879 in
2244 2833 2541 2895 conspectu
2574 2825 2668 2880 Dei
2700 2841 3076 2894 exerceamus,
3117 2829 3355 2885 scientes
3396 2831 3656 2899 quoniam

2064 2917 2597 2989 necjejunium,nec
2637 2919 2960 2989 psalmodia,
2992 2936 3094 2976 nec
3122 2922 3299 2977 oratio
3332 2938 3427 2977 sua
3460 2923 3662 2977 virtute

2064 3023 2169 3064 nos
2221 3011 2439 3066 salvare
2491 3022 2735 3081 possunt,
2791 3018 2887 3069 sed
2935 3017 3061 3084 quia
3113 3014 3166 3068 in
3221 3024 3514 3085 conspectu
3567 3015 3663 3071 Dei

2065 3101 2309 3173 perfecta
2339 3102 2573 3171 fuerint;
2612 3105 2684 3159 ita
2716 3106 2861 3161 enim
2900 3107 3043 3162 oculi
3070 3106 3286 3163 Domini
3308 3109 3665 3177 inspicientes

2073 3211 2174 3252 nos
2212 3199 2585 3264 sanctiﬁcant,
2639 3201 2782 3256 sicut
2828 3202 2912 3259 sol
2962 3218 3052 3260 res
3100 3206 3169 3259 ah
3215 3219 3281 3260 eo
3331 3204 3666 3260 illuminatas

2073 3289 2348 3347 calefacit.
2386 3291 2515 3349 llaec
2565 3304 2745 3349 autem
2789 3294 2927 3352 ﬁunt
2972 3296 3027 3352 in
3075 3306 3374 3368 conspectu
3412 3295 3507 3353 Dei
3542 3312 3667 3352 cum

2076 3392 2399 3440 constanter
2432 3401 2591 3441 mens
2624 3397 2813 3443 nostra
2849 3387 2917 3443 ad
2970 3404 3093 3445 eum
3145 3400 3377 3463 spectat,
3428 3392 3671 3461 dumth

2077 3490 2203 3531 eum
2235 3475 2453 3547 aspicit,
2480 3477 2715 3548 jejunat,
2745 3480 2929 3549 psallit
2964 3490 3020 3535 et
3046 3492 3189 3537 orat.
3235 3481 3373 3536 Nam
3406 3484 3489 3550 si,
3537 3486 3666 3538 dum

2076 3568 2137 3623 in
2191 3571 2444 3626 oratione
2495 3581 2551 3626 et
2583 3571 2790 3643 jejunio
2827 3572 2895 3627 ad
2944 3574 3112 3629 Deum
3148 3574 3493 3642 intendatur,
3540 3586 3672 3631 tunc

2080 3661 2292 3716 incerta
2325 3660 2623 3727 dilabatur,
2677 3674 2874 3734 putare
2920 3676 3138 3734 oportet
3184 3682 3288 3721 nos
3334 3668 3515 3723 adhuc
3563 3683 3671 3721 non

2085 3761 2230 3809 totos
2256 3753 2323 3807 ad
2363 3752 2529 3809 Deum
2577 3755 2779 3820 attolli,
2830 3770 2936 3811 nec
2990 3758 3043 3811 in
3080 3757 3206 3828 lege
3252 3758 3465 3813 Domini
3498 3769 3671 3814 totum

2078 3858 2205 3901 esse
2232 3853 2552 3899 nostrorum
2601 3862 2825 3916 operum
2873 3849 3075 3915 ﬁnem;
3128 3848 3248 3906 ideo
3293 3861 3556 3922 quantum
3605 3853 3676 3906 ab

2080 3935 2341 4005 operibus
2390 3935 2620 4004 justitia:
2669 3937 2995 4004 decidimus,
3052 3947 3260 3994 tantum
3310 3950 3436 3996 ante
3486 3942 3677 3997 oculos

2082 4026 2178 4082 Dei
2212 4042 2541 4097 permanere
2575 4043 2683 4084 non
2717 4046 3028 4101 possumus.
3062 4049 3081 4083 ι
3120 4031 3244 4089 Non
3273 4034 3441 4102 enim,
3476 4036 3676 4105 inquit,

2085 4121 2494 4192 permanebunt
2536 4121 2725 4192 injuin
2774 4134 2905 4182 ante
2946 4126 3134 4181 oculos
3162 4137 3286 4184 tuos
3308 4129 3379 4185 ".
3415 4149 3435 4183 ι
3476 4132 3676 4188 Verum

2090 4212 2261 4268 saucii
2295 4213 2547 4283 jacentes
2580 4229 2703 4271 eum
2727 4216 2821 4286 qui
2855 4224 3036 4287 potest
3067 4219 3423 4276 delinimenta
3460 4232 3517 4279 et
3549 4224 3683 4296 liga-

2090 4312 2244 4361 turas
2276 4306 2451 4380 plagis
2488 4307 2789 4380 imponere,
2840 4311 3160 4369 invocemus
3193 4315 3501 4373 Dominum.

394 4404 504 4475 γὰρ
553 4398 897 4473 διαμενοῦσι,
981 4401 1138 4471 φησὶ,
1189 4399 1503 4471 παράνομοι
1561 4399 1856 4453 κατέναντι
1914 4397 2024 4452 τῶν
2098 4396 2402 4471 ὀφθαλμῶν
2450 4416 2567 4455 σου.
2605 4418 2625 4453 ι
2668 4401 2857 4472 Ὅμως
2914 4405 3100 4474 μέντοι
3150 4410 3688 4480 τετραυματισμένοι

397 4500 661 4568 κείμενοι,
693 4495 786 4550 τὸν
818 4494 1115 4566 δυνάμενον
1162 4494 1432 4566 μάλαγμα
1467 4495 1562 4548 καὶ
1624 4492 2005 4566 καταδέσμους
2081 4492 2360 4548 ἐπιθεῖναι
2414 4496 2528 4559 τοῖς
2580 4496 2997 4567 συντρίμμασιν
3065 4499 3226 4571 ἡμῶν
3282 4502 3687 4574 ἐπικαλώμεθα

393 4594 620 4666 Κύριον.

472 4687 564 4758 Μὴ
600 4686 781 4740 τοίνυν
822 4684 1139 4756 ἀνήσωμεν,
1183 4683 1510 4754 παρακαλῶ,
1561 4684 1843 4777 νηστείαις
1894 4683 1990 4777 καὶ
2014 4715 2069 4777 D

2169 4674 2358 4748 Neque
2382 4676 2745 4745 dimittamus,
2782 4678 3041 4746 obsecro,
3081 4679 3241 4745 illum
3268 4679 3524 4751 jejuniis,
3561 4694 3688 4752 pre-

397 4782 582 4851 εὐχαῖς
612 4781 708 4833 καὶ
749 4778 1005 4849 δάκρυσι,
1039 4778 1133 4831 καὶ
1165 4779 1305 4832 πᾶσι
1335 4778 1562 4849 τρόποις
1590 4776 1758 4832 αὑτὸν
1791 4776 1967 4830 ὲπιὸο⁴

2092 4772 2275 4839 cibus,
2300 4771 2557 4844 lacryinis
2580 4772 2944 4843 omnibusque
2972 4773 3146 4831 modis
3167 4772 3489 4839 clamantes,
3515 4777 3691 4832 donec

399 4870 619 4940 ὡμενοι,
652 4870 844 4941 μέχρις
883 4870 951 4923 ἂν
979 4869 1178 4941 ἐγγίσῃ
1205 4869 1300 4924 καὶ
1326 4870 1547 4941 ἰάσηται
1575 4869 1729 4939 ἡμᾶς
1752 4885 1768 4899 ο
1798 4867 1967 4933 δείξω

2092 4865 2353 4922 adveniat
2401 4880 2611 4937 nosque
2643 4873 2833 4933 sanet;
2869 4866 3129 4937 operibus
3174 4878 3549 4926 monstremus
3584 4884 3685 4925 nos

403 4980 503 5033 μεν
528 4964 621 5015 καὶ
647 4962 715 5016 δι’
743 4961 923 5031 ἔργων
954 4962 1189 5032 νυμφίον
1214 4961 1573 5025 πλουτοῦντες
1594 4960 1855 5028 Χριστὸν,
1890 4960 1967 5014 κα

2093 4959 2264 5015 divite
2298 4973 2505 5030 sponso
2560 4960 2799 5029 gaudere
2848 4959 3091 5027 Christo,
3150 4961 3412 5034 illumque
3456 4979 3602 5019 nunc
3650 4978 3683 5019 a

401 5057 593 5112 τοῦτον
641 5054 1030 5126 ἀποδημοῦντα
1070 5056 1163 5109 νῦν
1214 5055 1308 5124 ἀφ’
1348 5055 1529 5126 ἡμῶν,
1566 5056 1662 5110 καὶ
1694 5056 1754 5108 ὲν
1782 5057 1896 5119 τοῖς
1928 5054 1985 5108 ἂ-

370 5208 373 5215 ,
406 5148 730 5220 πουρανίοις
752 5146 1132 5220 κρυπτόμενον
1156 5147 1225 5201 δι’
1256 5147 1476 5210 ἐλπίδος
1516 5146 1984 5218 ἀπεκδεχόμενοι’

334 5258 339 5261 Α
412 5262 432 5296 ⁸
470 5243 643 5300 cum,
677 5240 808 5311 γὰρ,
856 5240 1050 5310 φησὶν,
1079 5239 1301 5313 ἀπαρθῇ
1328 5239 1422 5293 ἀπ’
1457 5240 1638 5293 αὐτῶν
1667 5240 1697 5291 6
1725 5237 1985 5307 νυμφίος.

410 5337 531 5390 τότε
567 5333 980 5406 νηστεύσουσιν.
1018 5351 1038 5386 ι
1075 5332 1240 5387 Ὅθεν
1294 5332 1453 5403 δῆλον
1486 5331 1560 5397 ὡς
1604 5332 1663 5385 ὲν
1690 5331 1991 5401 ἐγκρατείᾳ

408 5445 465 5480 τε
491 5428 587 5481 καὶ
616 5424 840 5497 νηστεία
871 5423 1075 5487 παντὸς
1126 5419 1267 5477 εἷναι
1294 5422 1390 5476 τοῦ
1430 5422 1547 5493 βίου
1576 5420 1682 5493 χρὴ
1729 5423 1855 5484 τοὺς
1885 5421 1994 5475 ἀπὸ

414 5519 659 5591 Χριστοῦ
692 5518 1087 5589 καλουμένους,
1117 5518 1234 5588 μετ’
1273 5515 1488 5585 ἀγαθῆς
1519 5516 1735 5579 ἐλπίδος
1771 5515 1871 5584 τὴν
1897 5516 1996 5569 αὐ-

412 5611 509 5666 τοῦ
567 5608 988 5681 προσδοκῶντας
1022 5607 1260 5679 φρικτὴν
1297 5608 1626 5678 παρουσίαν.
1659 5607 1999 5676 Νηστεύσω·

415 5719 516 5773 μεν
551 5701 609 5755 δὲ
659 5700 865 5773 μᾶλλον
912 5699 970 5753 ὲν
1010 5698 1234 5761 ταύταις
1273 5701 1396 5762 ταῖς
1427 5695 1686 5770 ἡμέραις,
1723 5698 1818 5750 καὶ
1865 5715 1999 5753 παν-

482 5906 525 5936 ⁸³
553 5903 686 5959 Luc.
722 5918 813 5970 xv,
842 5904 933 5960 94.
1010 5901 1057 5936 "
1087 5904 1231 5960 Psal.
1273 5914 1399 5963 cvtt,
1442 5896 1526 5953 16.
1604 5896 1659 5928 ³⁵
1706 5894 1852 5953 [‘saJ.
1884 5909 1939 5964 v,
1964 5897 2016 5953 5.

2099 5050 2262 5106 nobis
2296 5066 2529 5123 peregre
2553 5050 2893 5121 profectum,
2926 5063 2980 5109 et
3025 5054 3343 5111 coelestibus
3392 5054 3690 5113 abscondi-

2100 5155 2219 5202 tum
2246 5160 2344 5216 spe
2366 5145 2526 5201 ﬁrma
2554 5145 2814 5216 opperiri.
2840 5146 2932 5200 Ait
2950 5146 3098 5203 enim
3133 5164 3147 5202 :
3185 5165 3206 5201 ι
3240 5148 3379 5209 Cum
3408 5148 3692 5205 auferetur

2094 5253 2332 5307 sponsus
2366 5238 2434 5294 ab
2470 5237 2589 5304 eis,
2652 5247 2783 5294 tunc
2821 5238 3240 5308 jejunabunt".
3278 5257 3297 5291 ι
3339 5239 3496 5298 Unde
3542 5245 3693 5309 patet

2101 5331 2155 5388 in
2186 5330 2517 5387 abstinentia
2544 5341 2599 5387 et
2619 5330 2828 5402 jejunio
2864 5340 3033 5388 totam
3069 5333 3269 5390 debere
3296 5335 3463 5391 vitam
3496 5331 3695 5389 transi-

2106 5439 2234 5496 gere
2262 5434 2486 5481 vocatos
2531 5438 2561 5478 a
2611 5424 2855 5494 Christo,
2912 5440 3036 5482 cum
3093 5426 3233 5482 bona
3281 5441 3378 5497 spe
3425 5424 3699 5482 horrendo

2107 5518 2226 5590 ejus
2250 5518 2635 5588 praestolantes
2661 5517 2888 5588 judicio.
2924 5517 3032 5575 Sed
3064 5520 3363 5590 prtesertim
3386 5516 3698 5586 jejunemus

2111 5615 2165 5668 iu
2201 5610 2288 5667 bis
2318 5611 2534 5678 diebus,
2568 5621 2622 5681 ςι
2653 5610 2878 5668 omnino
2907 5626 3008 5669 nos
3028 5612 3096 5666 ad
3124 5612 3299 5668 bonos
3319 5624 3502 5666 mores
3522 5607 3700 5666 infor-

2115 5716 2349 5768 memus,
2402 5711 2791 5772 exspectantes
2836 5701 3273 5761 anniversariam
3317 5703 3463 5762 diem
3516 5715 3704 5763 resur—

2098 5898 2140 5929 ν
2177 5895 2366 5951 .\l.tth.
2413 5912 2490 5961 ιι,
2540 5893 2624 5951 15.
