4090 6440
405 209 516 286 113,

398 421 504 474 τῶν
524 423 747 494 ἡμερῶν
763 429 925 503 αὕτη.
959 436 1017 489 El
1038 437 1092 489 δὲ
1117 440 1206 492 καὶ
1230 443 1337 505 πᾶς
1355 444 1381 495 6
1400 445 1507 496 τῶν
1529 446 1625 499 άνθ
1637 447 1834 518 ρώπων
1859 450 1972 520 βίος

398 513 532 580 πρὸς
559 519 834 588 σωτηρίας
882 532 1156 595 πορισμόν
1190 531 1346 585 ἐστιν
1387 535 1699 607 ἐπιτήδειος
1725 579 1738 600 ,
1784 540 1968 610 πολλῷ

401 604 600 669 μᾶλλον
627 609 656 660 6
691 612 882 682 καιρὸς
908 610 1064 682 οὗτος
1100 622 1200 690 τῆς
1218 627 1474 691 νηστείας
1521 604 1669 682 ἐστίν
1692 646 1708 661 ο
1737 631 1858 683 ἐπεὶ
1880 604 1972 684 καὶ

396 695 426 746 6
458 697 700 766 ἀρχηγὸς
735 705 829 756 καὶ
865 711 1103 779 χορηγὸς
1151 715 1252 782 τῆς
1298 719 1574 788 σωτηρίας
1625 721 1784 791 ήμῶν
1840 723 1973 787 Χρι-

397 788 522 851 στὸς
575 791 684 847 ἀπὸ
723 801 980 867 νηστείας
1028 806 1326 877 ἐποιήσατο
1369 812 1471 882 τὴν
1527 788 1703 885 ἀρχὴν
1728 858 1743 880 ,
1780 819 1872 871 καὶ
1914 820 1972 870 ἐν

397 881 476 949 τῷ
535 887 734 958 σταδίῳ
784 893 989 963 ταύτης
1033 898 1127 950 τὸν
1179 901 1522 974 δημιουργδν
1584 907 1692 959 τῶν
1754 911 1966 978 παθῶν,

397 976 672 1040 παντοίως
729 985 1153 1056 προσϐαλόντα,
1216 998 1589 1051 κατεπάλαισε
1647 1003 1742 1054 καὶ
1795 1006 1968 1076 κατῄ-

395 1081 556 1133 σχυνε
605 1069 851 1128 διάϐολον
876 1092 890 1107 ·
923 1078 1114 1152 ὥσπερ
1148 1087 1256 1156 γάρ
1303 1088 1336 1156 ὴ
1372 1089 1475 1152 τῆς
1513 1094 1754 1162 γαστρὸς
1795 1069 1968 1168 amp-5‘

391 1157 484 1211 σία
545 1163 655 1218 τῶν
705 1169 917 1237 ἀρετῶν
969 1175 1247 1245 άναιρέτις
1319 1177 1454 1234 οὖσα
1512 1187 1810 1258 γεννήτρια
1865 1191 1968 1261 τῆς

391 1249 696 1320 ὲμπαθείας
755 1265 924 1326 ἐστὶν,
953 1266 1096 1320 οὕτω
1145 1271 1237 1324 καὶ
1293 1274 1326 1343 ἡ
1381 1274 1681 1346 ἐγκράτεια
1729 1284 1854 1346 τοὺς
1902 1287 1967 1338 ἐκ

389 1343 484 1411 τῆς
515 1346 783 1417 ἀκρασίας
845 1359 1159 1428 μολυσμοὺς
1199 1343 1504 1436 ἀναιροῦσα
1532 1343 1848 1443 γεννήτριά
1866 1377 1968 1445 τῆς

386 1433 654 1534 ἀπαθείας
689 1442 860 1502 ἐστίν.
891 1448 953 1501 Εἰ
999 1451 1056 1502 δὲ
1089 1455 1257 1524 μήπω
1293 1433 1361 1511 τά
1399 1433 1555 1530 πάθη.
1586 1463 1644 1514 ἐν
1674 1433 1807 1534 ημῖν
1835 1433 1967 1520 ὄντα

387 1527 637 1593 προξενεῖ
661 1551 718 1586 τε
743 1539 834 1590 καὶ
865 1542 1231 1614 προεξένησεν
1260 1550 1292 1620 ἡ
1340 1551 1583 1618 ἀκρασία
1605 1595 1622 1620 ,
1661 1556 1779 1621 πῶς
1836 1559 1966 1613 ὄντα

384 1617 483 1672 οὐκ
504 1623 725 1694 αὐξήσει
753 1646 810 1682 τε
827 1635 921 1686 καὶ
940 1638 1205 1707 στηρίξει,
1225 1641 1467 1716 ὥσπερὴ
1493 1648 1719 1715 νηστεία
1740 1651 1966 1720 μειώσει

385 1713 554 1767 ταῦτα
587 1722 680 1772 καὶ
705 1725 958 1792 άφανίσει
986 1747 1001 1796 ;

386 1810 622 1875 συνετῶς
654 1818 935 1882 μετιοῦσιν
971 1823 1247 1897 εὐκαίρως
1281 1831 1604 1905 πλεονεκτῇ.

455 1898 674 2002 Ταύτας
729 1901 822 1960 οὖν
871 1911 969 1964 καὶ
1015 1915 1179 1984 ἡμεῖς
1214 1920 1418 1990 ἀρτίως
1453 1898 1697 1998 ἁλλιίιλων
1741 1929 1816 2001 μὴ
1845 1932 1960 1984 δια·
1995 1942 2034 1996 Β
2090 2008 2093 2010 _
2136 1938 2244 1994 Ista

384 1988 684 2061 ζεύξωμεν,
721 1999 858 2054 ἀλλὰ
891 2005 954 2074 τῇ
998 2008 1099 2076 μὲν
1135 2015 1307 2082 σεπτῇ
1351 2017 1556 2084 μεταξὺ
1594 2024 1816 2077 πεντάδι
1851 2027 1962 2080 τῶν

381 2079 482 2149 τῆς
544 2086 836 2188 εϐδομάδος
888 2096 1112 2166 ἡμερῶν
1182 2079 1386 2173 μᾶλλον
1446 2079 1804 2182 ἀντεχώμεθα
1861 2118 1961 2188 τῆς

382 2177 658 2241 νηστείας,
694 2182 974 2242 Σαϐϐάτου
1000 2189 1056 2243 δὲ
1091 2195 1186 2248 καὶ
1235 2198 1528 2271 Κυριακῆς
1665 2177 1962 2280 inputet-at

385 2266 586 2332 μᾶλλον
627 2272 659 2340 ἢ
708 2277 771 2344 τῇ
817 2281 1042 2352 νηστείᾳ
1086 2288 1472 2360 προσέχωμεν,
1510 2293 1585 2356 ὡς
1616 2295 1681 2348 ἂν
1723 2300 1961 2363 συνετῶς

379 2358 708 2430 ἀκροὼμεθα
741 2369 847 2421 τῶν
881 2373 1264 2445 εὑαγγελικῶν
1300 2387 1588 2453 ῥημάτων,
1630 2389 1665 2444 ἃ
1702 2394 1955 2465 σήμερῢν

381 2455 688 2524 ἀπαγγελεῖ
726 2463 824 2530 τὴν
861 2468 952 2521 τοῦ
990 2474 1307 2544 παραλύτου
1335 2463 1664 2553 θαυμαστὴν
1699 2484 1866 2552 ἴασιν,
1898 2489 1959 2541 οὑ

386 2546 486 2650 τὴν
533 2553 590 2602 ἐν
649 2552 1090 2631 Ἱεροσολύμοις,
1126 2567 1264 2622 ἀλλὰ
1317 2571 1417 2641 τὴν
1445 2546 1523 2626 ⁷ἐν
1577 2546 1959 2650 Καπερναοὺμ

381 2637 484 2692 ὑπὸ
514 2642 608 2696 τοῦ
652 2647 861 2718 Κυρίου
896 2661 1296 2730 γεγενημένην;
1333 2637 1425 2734 Τνῴ
1459 2666 1568 2734 γάρ
1608 2637 1786 2740 καιρῷ
1816 2637 1960 2725 ὲκεί-

488 2737 649 2828 φτγσὶν
696 2741 723 2792 6
766 2740 1026 2816 θεηγόρος
1071 2751 1301 2822 Μάρκος
1331 2797 1342 2819 ,
1399 2774 1418 2807 ι
1462 2737 1892 2828 Είσῆλθε-πάλιν
1932 2768 1960 2818 6

395 2821 606 2924 ’ίησοΰς
658 2831 737 2894 είς
773 2821 1264 2911 Καπ;ρναοὺμίδι’
1301 2848 1548 2918 ἡμερῶν.
1649 2853 1871 2924 Ταύτην
1904 2857 1960 2910 δὲ

379 2915 480 2984 τὴν
539 2920 911 2999 Καπερναοὺμ
963 2930 1100 2987 ἰδίαν
1161 2937 1316 2991 πόλιν
1363 2942 1456 2995 τοῦ
1488 2945 1698 3015 Κυρίου
1747 2948 1774 2999 6
1807 2950 1962 3002 Ματ-

384 3006 533 3072 θαῖός
589 3030 724 3084 φησι
752 3034 766 3049 ο
820 3022 889 3075 τά
921 3025 1032 3095 γάρ
1080 3029 1222 3082 κατὰ
1264 3031 1358 3085 τὸν
1419 3006 1735 3106 παράλυτον
1769 3040 1957 3094 τοῦτον

381 3102 626 3167 κάκεῖνος
663 3110 909 3182 ἱστορῶν,
942 3135 961 3168 t
994 3114 1190 3181 Ἦλθε,
1229 3125 1414 3193 φησὶν,
1443 3130 1468 3180 6
1507 3129 1715 3199 Ἰησοῦς
1748 3133 1828 3196 είς
1859 3135 1958 3205 τὴν

385 3194 520 3247 ἰδίαν
551 3199 727 3253 πόλιν·
763 3222 782 3255 ›
820 3207 959 3274 μετά
988 3210 1097 3281 γάρ
1127 3213 1188 3266 τὸ
1217 3194 1586 3290 βαπτισθῆναι
1618 3223 1677 3276 ὲν
1705 3223 1782 3296 τῷ
1810 3194 1954 3298 ῨΊορ-

381 3381 541 3435 αὐτὸν
575 3391 941 3462 καταπτῇ-και,
976 3399 1058 3461 είς
1101 3402 1199 3472 τὴν
1246 3404 1456 3475 ἔρημον
1509 3409 1613 3462 ὑπ’)
1654 3411 1747 3465 τοῦ
1782 3415 1956 3466 Πνεῦ-

385 3493 550 3543 ματος
597 3483 732 3552 πρὸς
771 3490 969 3558 πεῖραν
1001 3493 1280 3562 ἐξάγεται,
1319 3502 1410 3554 καὶ
1454 3504 1595 3571 μετά
1635 3507 1694 3557 τὸ
1735 3509 1958 3577 νικῆσαι

382 3570 470 3621 τὸν
501 3581 800 3646 πειραστὴν
849 3584 1161 3640 ἐπανελθὼν
1212 3591 1382 3659 ἐγγὺς
1428 3594 1693 3667 Ἰορδάνου
1742 3601 1956 3670 περιῄει

378 3659 662 3732 διδάσκων,
703 3672 798 3723 καὶ
844 3673 948 3727 ὑπὸ
991 3679 1088 3731 τοῦ
1135 3681 1445 3738 Βαπτιστοῦ
1483 3689 1768 3759 πολλαχῶς
1816 3710 1959 3763 μαρ-

377 3757 748 3826 τυροῦμενος,
782 3766 974 3836 μέχρις
1007 3772 1129 3828 ὅτου
1179 3774 1208 3826 6
1256 3775 1512 3848 Ἰωάννης
1561 3781 1666 3834 ὑπὸ
1715 3782 1956 3852 Ἡρώδου

1799 243 2132 308 IIOMILIA
2175 251 2245 309 X.

395 326 520 400 διῆςι
546 333 766 403 ἡμερῶν
781 337 1054 410 480616;
1078 348 1224 402 ἐστιν
1240 351 1266 402 6
1290 352 1500 421 καιρὸς,
1520 356 1552 423 ἡ
1574 361 1982 432 τεσσαρακοστὴ

1068 1734 1331 1805 Συζυγεῖς
1393 1739 1446 1792 δὲ
1505 1743 1764 1816 ἀλλήλαις
1804 1747 1944 1802 είσὶν
1981 1752 2015 1822 ἦ
2041 1771 2100 1806 τε
2149 1757 2374 1826 νηστεία
2412 1760 2503 1812 καὶ
2543 1763 2575 1832 ή
2614 1761 2937 1835 ἐγκράτεια,
2982 1767 3083 1821 κᾶν
3120 1771 3311 1824 ἄλλοτε

3565 275 3665 341 ιιι

2016 371 2056 421 Α
2093 361 2217 417 illud
2241 375 2476 438 tempus,
2507 372 2622 441 ipsa
2645 373 2852 430 dierum
2875 382 3308 450 quadragesima.
3333 387 3386 440 Si
3413 403 3542 444 vero
3563 400 3668 446 tota

2078 452 2358 512 hominum
2388 463 2492 515 vita
2519 466 2585 518 ad
2615 467 2846 522 salutem
2873 477 3269 542 assequendam
3305 490 3634 550 estopportu
3653 515 3668 524 -

2076 564 2168 610 na,
2186 563 2386 616 quanto
2408 558 2578 627 magis
2605 559 2747 615 istud
2773 561 2960 630 jejunii
2993 573 3246 638 tempus?
3271 573 3392 628 Ideo
3417 576 3665 644 princeps

2077 647 2129 690 et
2151 639 2254 692 dux
2277 641 2466 700 salutis
2493 657 2694 704 nostrae
2711 652 2964 709 Christus
2989 673 3015 709 a
3036 658 3244 727 jejunio
3270 662 3415 718 illam
3444 666 3668 721 inchoa~

2075 730 2174 794 vit,
2200 742 2253 786 et
2287 736 2694 804 dumjejunium
2731 747 3347 816 transigeret,vitiorum
3368 757 3656 825 artiﬁcem,

2075 825 2220 877 omni
2248 829 2405 882 modo
2436 828 2755 900 irruentem,
2795 837 2996 893 devixit
3025 851 3078 895 et
3111 843 3403 912 ignominia
3435 848 3660 904 suffudit

2075 916 2391 983 diabolum;
2440 937 2559 974 nam
2611 924 2755 979 sicut
2799 932 3000 985 ventris
3033 933 3486 1005 intemperantia,
3536 944 3657 996 dnn‘

2074 1010 2300 1066 virtutes
2329 1015 2546 1076 evertit,
2590 1030 2761 1073 muter
2791 1032 2874 1076 est
2907 1027 3351 1094 perturbationis,
3399 1036 3470 1088 ita
3525 1045 3658 1090 tem-

2074 1103 2318 1168 perantia
2348 1103 2470 1156 dum
2505 1106 2914 1168 incontinentiae
2950 1120 3142 1175 sordes
3177 1124 3661 1194 abstergit,mater

2072 1205 2156 1250 est
2182 1201 2608 1268 tranquillitatis.
2633 1203 2685 1257 Si
2714 1221 2838 1261 vero
2856 1209 2985 1264 dum
3005 1212 3132 1266 vitia
3158 1217 3398 1272 nondum
3416 1221 3658 1276 animam

2071 1299 2362 1357 occupant,
2407 1291 2523 1348 haec
2578 1295 2788 1352 inducit
2836 1309 2890 1354 et
2940 1303 3161 1360 inducet
3209 1308 3660 1380 intemperantia,

2070 1382 2370 1449 quomodo,
2398 1386 2570 1456 sijam
2595 1405 2950 1460 occmiarnnt,
2979 1413 3082 1451 non
3111 1401 3332 1466 augebit
3352 1413 3406 1455 et
3437 1408 3664 1458 robora-

2070 1470 2170 1536 bit,
2202 1474 2627 1546 sicutjejunium
2669 1499 2731 1538 ea
2771 1486 3035 1544 diminuta
3069 1491 3240 1546 tollet.
3277 1492 3472 1547 Verum
3518 1499 3662 1552 inter

2070 1575 2128 1616 se
2157 1567 2485 1622 conveniunt
2511 1571 2777 1640 jejunium
2804 1586 2855 1630 et
2879 1583 3258 1649 temperantia,
3283 1585 3386 1639 etsi
3420 1587 3664 1642 alterum-

2069 1655 2202 1714 alias
2228 1660 2306 1714 eis
2338 1661 2428 1730 qui
2463 1676 2618 1718 caute
2652 1681 3057 1738 prosequuntur
3093 1677 3409 1732 antecellat.

3361 1774 3499 1845 ἄλλη
3549 1777 3662 1840 τοῖς

2274 1942 2440 2014 igitur
2469 1962 2569 2003 nos
2597 1964 2627 2004 a
2654 1964 2714 2005 se
2748 1950 2982 2006 invicem
3021 1969 3087 2010 ne
3115 1969 3443 2026 separemus
3470 1976 3662 2016 cavea-

2067 2047 2210 2099 mus,
2243 2037 2337 2090 sed
2373 2053 2471 2108 per
2504 2056 2693 2098 sacros
2742 2045 3102 2104 hebdomadis
3147 2053 3347 2119 quinos
3394 2055 3530 2115 dies,
3561 2071 3660 2109 nos

2059 2123 2268 2194 jejunio
2303 2132 2628 2196 muniamus.
2660 2136 2901 2193 Sabbato
2927 2148 3107 2195 autem
3133 2153 3187 2195 et
3223 2141 3495 2200 UoutiniCu
3529 2157 3662 2200 tem-

2066 2221 2329 2286 perantite
2369 2225 2542 2294 magis
2574 2242 2736 2296 quam
2765 2229 2975 2298 jejunio
3028 2231 3432 2300 incumbamus,
3469 2247 3524 2291 ut
3571 2239 3658 2291 in-

2067 2309 2372 2382 telligentes
2415 2318 2702 2374 audiamus
2737 2322 3052 2392 evangelica
3102 2324 3270 2390 dicta,
3325 2343 3447 2396 quae
3498 2330 3662 2384 hodie

2063 2414 2372 2456 memorant
2419 2406 2722 2462 mirabilem
2768 2412 3055 2481 paralytiei
3086 2417 3427 2470 sanationem
3461 2435 3568 2471 non
3605 2421 3656 2474 in

2062 2480 2363 2547 Jerusalem
2393 2497 2488 2550 sed
2521 2498 2574 2550 in
2608 2480 2992 2568 Capltarnaum
3024 2518 3054 2556 a
3093 2503 3324 2558 Domino
3349 2520 3654 2574 peractam.

2061 2579 2119 2634 In
2149 2581 2240 2635 illo
2264 2586 2408 2640 enim
2443 2596 2709 2657 tempore,
2735 2590 2812 2643 ait
2838 2592 2994 2647 divus
3029 2596 3366 2662 evangelista
3397 2598 3613 2654 Marcus
3633 2618 3663 2668 :j

2068 2692 2087 2725 ι
2124 2671 2329 2730 iterum
2366 2677 2586 2733 intravit
2629 2681 3012 2751 Capharnaum
3061 2695 3181 2755 post
3227 2687 3341 2743 dies
3366 2690 3596 2760 aliquot.
3633 2714 3665 2745 »-

2060 2762 2232 2830 Quam
2253 2767 2630 2836 Capharnaum
2648 2773 2836 2826 urbem
2853 2773 3065 2828 Domini
3084 2776 3355 2832 civitatem
3375 2779 3658 2838 Mattiacas

2062 2853 2199 2906 dixit
2227 2871 2240 2918 ;
2275 2872 2400 2909 nam
2430 2859 2544 2926 ipse
2568 2876 2784 2931 quoque
2813 2863 2880 2917 de
2907 2864 2998 2918 illo
3025 2867 3323 2939 paralytico
3346 2886 3612 2928 enarrans
3633 2893 3650 2928 :

2069 2965 2084 2996 ι
2127 2945 2308 3014 Venit,
2345 2949 2542 3019 inquit,
2596 2951 2758 3008 Jesus
2809 2956 2864 3010 in
2908 2959 3186 3013 civitatem
3231 2977 3382 3016 suam
3413 2965 3476 3018 δι.
3516 2985 3534 3017 ι
3591 2966 3658 3022 Et

2061 3056 2191 3094 vero
2247 3053 2536 3111 postquam
2591 3061 2619 3100 a
2676 3047 2890 3102 Joanne
2946 3051 3000 3104 in
3055 3051 3291 3108 Jordane
3348 3055 3654 3124 baptizatus

2060 3144 2228 3196 esset,
2256 3142 2309 3188 et
2343 3135 2584 3206 Spiritus
2612 3153 2640 3192 a
2672 3141 2809 3196 coelo
2847 3142 2898 3197 in
2925 3159 3048 3199 eum
3082 3147 3314 3202 volitans
3351 3153 3650 3219 requievit;—

2010 3284 2026 3302 η
2062 3238 2166 3290 set,
2199 3227 2252 3280 in
2293 3229 2565 3282 desertum
2604 3246 2631 3284 a
2677 3231 2879 3301 spiritu
2935 3238 3002 3290 ad
3053 3240 3407 3293 lentationem
3456 3243 3652 3297 ductus

380 3289 510 3358 δάνῃ
546 3293 648 3348 ὑπὸ
695 3297 967 3372 Ἰωάννου,
1022 3309 1116 3361 καὶ
1162 3310 1221 3363 τὸ
1269 3313 1494 3384 Πνεῦμα
1530 3318 1824 3389 οὐρανόθεν
1869 3323 1956 3376 ἐπ’
1986 3285 2028 3340 (³

2064 3328 2169 3382 est,
2227 3328 2300 3382 et,
2350 3320 2495 3374 victo
2541 3331 2835 3391 tentatore,
2881 3342 3135 3384 reversus
3170 3333 3315 3384 circa
3359 3331 3650 3388 Jordanem

2065 3408 2437 3465 inau.bulabat
2493 3410 2719 3474 docens,
2772 3416 3088 3471 testimonio
3119 3439 3145 3472 a
3173 3422 3413 3491 Baptista
3448 3425 3654 3492 pluries

2063 3513 2308 3570 accepto,
2339 3504 2642 3571 usquedum
2675 3505 2912 3562 Joannes
2940 3511 3008 3565 ab
3048 3513 3259 3567 lit-rode
3288 3517 3337 3568 iu
3367 3531 3645 3572 canerem

2063 3592 2340 3662 eoujeetus
2362 3592 2582 3649 fuisset.
2618 3595 2796 3665 Tune,
2822 3599 2964 3653 sicut
2987 3603 3120 3657 dixit
3148 3603 3434 3661 Matthaeus
3471 3624 3484 3659 :
3523 3628 3540 3658 ι
3568 3607 3658 3662 Se-

2063 3687 2228 3740 eessit
2277 3685 2330 3738 in
2385 3685 2686 3753 Galilaeam,
2745 3700 2798 3744 et
2851 3693 3038 3746 relicta
3094 3697 3312 3751 civitate
3357 3699 3653 3766 Nazaretb,

2067 3779 2220 3833 venit
2245 3787 2298 3832 et
2329 3777 2597 3834 habitavit
2634 3781 2685 3834 in
2721 3781 3105 3851 Capharnaum
3147 3791 3413 3844 ntaritima
3445 3793 3509 3846 “.
3543 3813 3564 3843 ι

377 3847 763 3916 κατάκλειστος
811 3857 1021 3924 γέγονε.
1065 3864 1196 3917 Τότε
1225 3864 1302 3933 δὲ,
1338 3847 1473 3932 ὼςδ
1517 3871 1796 3937 Ματθειτός
1837 3890 2024 3943 φησιν,
2073 3887 2092 3923 ι
2144 3868 2524 3941 Ἀνεχώρησεν
2576 3872 2656 3934 εἰς
2711 3872 2810 3944 τὴν
2854 3875 3163 3945 Γαλιλαίαν,
3199 3898 3291 3934 και
3333 3883 3653 3941 καταλιπὼν

373 3944 474 4011 τὴν
511 3943 800 4015 Ναζαρὲτ,
845 3949 1017 4006 ἐλθὼν
1065 3957 1383 4030 κατῴκησεν
1444 3965 1522 4028 είς
1573 3968 1948 4036 Καπερναοὺμ
1983 3967 2081 4036 τὴν
2121 3961 2593 4033 παραθαλασσίαν.
2645 3987 2664 4020 ι

460 4034 750 4107 Ἐξήρχετο
800 4043 894 4098 οὖν
958 4048 1053 4102 ἀπ’
1108 4054 1279 4125 αὐτῆς
1335 4058 1425 4120 εἷς,
1461 4076 1520 4111 τε
1579 4061 1676 4125 τάς
1710 4063 1952 4133 ἐρήμους

376 4132 685 4200 προσευχῆς
717 4136 896 4205 χάριν,
927 4141 1020 4193 καὶ
1049 4143 1127 4206 είς
1145 4145 1243 4210 τὰς
1271 4148 1377 4201 τῶν
1402 4152 1658 4218 γειτόνων
1695 4155 1954 4222 κωμοπό-

374 4218 489 4282 λεις
523 4223 836 4292 κηρύσσων,
872 4231 966 4284 καὶ
1012 4235 1176 4289 πάλιν
1209 4240 1554 4312 ἐπανήρχετο
1585 4245 1722 4316 πρὶς
1753 4246 1949 4316 αὑτήν.

371 4311 470 4367 Διά
503 4315 658 4368 τοῦτο
692 4319 967 4387 Ματθαῖος
997 4326 1096 4393 μὲν
1129 4329 1156 4380 6
1203 4330 1599 4403 εὐαγγελιστὴς
1657 4336 1794 4391 ίδίαν
1833 4331 1953 4390 εἷπε

370 4405 575 4480 ταύτην
605 4411 758 4464 πόλιν
799 4417 961 4470 αὑτοῦ
987 4434 1002 4450 ⁸
1042 4422 1070 4473 6
1098 4421 1153 4473 δὲ
1180 4423 1424 4493 Μάρκος,
1461 4446 1478 4478 ι
1509 4427 1764 4491 Εἰσῆλθε,
1794 4431 1951 4498 φησὶ,

373 4502 541 4562 πάλιν
610 4505 689 4567 είς
724 4507 1100 4583 Καπερναοὺμ
1147 4513 1213 4566 δι’
1244 4516 1490 4587 ἡμερῶν.
1540 4521 1650 4574 Καὶ
1713 4521 1954 4591 ἤκουσαν

377 4593 461 4644 ὅτι
501 4594 599 4656 είς·
629 4592 778 4650 οἶκόν
803 4600 939 4663 ἐστι,
981 4607 1074 4658 καὶ
1123 4605 1329 4670 εὐθέως
1363 4609 1710 4680 συνήχθησαν
1745 4611 1950 4679 πολλοὶ,

2133 4061 2304 4130 Igitur
2329 4063 2398 4118 ab
2423 4061 2527 4118 ista
2561 4064 2785 4120 civitate
2829 4065 2882 4120 in
2921 4067 3216 4130 desertum?
3242 4073 3433 4126 orandi
3474 4075 3656 4145 gratia

2063 4169 2316 4223 egressus
2343 4166 2449 4220 est,
2482 4156 2804 4227 vicinosque
2838 4157 2991 4214 vicos
3017 4161 3285 4216 circuibat
3328 4167 3654 4234 prtedicans,

2062 4258 2116 4302 et
2148 4265 2334 4304 rursus
2367 4251 2435 4304 ad
2475 4250 2650 4320 ipsam
2694 4252 2875 4306 rediit.
2928 4253 3057 4308 Ideo
3092 4255 3384 4311 Matth-dens
3429 4259 3652 4325 quidem

2064 4341 2398 4410 evangelista
2425 4343 2565 4396 hanc
2599 4344 2872 4400 civitatem
2901 4347 3114 4401 Domini
3147 4349 3403 4415 vocavit;
3434 4350 3653 4408 Marcus

2066 4441 2250 4487 autem
2303 4433 2488 4488 dixit:
2529 4451 2547 4485 ι
2605 4437 2806 4490 lterum
2849 4437 3072 4492 intravit
3100 4438 3486 4508 Capharnaum
3530 4454 3654 4512 past

2065 4524 2204 4578 dies.
2243 4523 2307 4577 Et
2354 4527 2603 4581 auditum
2637 4536 2721 4583 est
2750 4529 2895 4598 quod
2924 4531 2976 4583 in
3003 4531 3165 4586 domo
3193 4543 3359 4597 esset,
3387 4542 3439 4588 et
3468 4537 3650 4590 statim

2065 4627 2441 4672 convenerunt
2493 4620 2670 4686 tnulti,
2720 4621 2796 4674 ita
2855 4632 2910 4676 ut
2955 4638 3062 4676 non
3115 4635 3334 4691 caperet
3379 4633 3650 4696 nequead

377 4681 520 4735 ὥστε
561 4688 755 4757 μηκέτι
787 4696 985 4761 χωρεῖν
1020 4695 1153 4765 μηδὲ
1186 4697 1254 4751 τά
1283 4702 1421 4772 πρὸς
1447 4701 1545 4771 τὴν
1578 4703 1772 4772 θύραν·
1810 4723 1828 4755 ι
1856 4706 1955 4774 τὴν

2063 4705 2319 4777 ianuam;
2358 4726 2376 4759 ι
2410 4724 2534 4763 nam
2569 4725 2695 4764 eum
2733 4710 2805 4764 ibi
2844 4711 3179 4781 frequentius
3215 4715 3652 4788 habilaret..per

305 4788 309 4795 '
375 4774 486 4844 γάρ
510 4775 791 4850 διατριϐὴν
832 4783 904 4846 ὡς
934 4786 1024 4839 ἐπὶ
1064 4787 1316 4845 πλεῖστον
1364 4795 1482 4846 ἐκεῖ
1513 4795 1838 4862 ποιούμενος
1864 4797 1953 4850 διά

377 4865 590 4920 πολλῶν
664 4874 756 4926 καὶ
815 4875 1067 4942 μεγάλων
1123 4880 1219 4934 καὶ
1275 4881 1572 4954 θαυμάτων
1631 4890 1727 4938 καὶ
1777 4887 1953 4956 λόγων

373 4957 692 5031 ἐπεγνώσθη
737 4962 1026 5033 μειζόνως,
1057 4970 1138 5022 διὸ
1168 4973 1262 5024 καὶ
1293 4973 1538 5028 ἐποθεῖτο
1558 4975 1949 5046 διαφερόντως.

384 5048 473 5111 Ὠς
492 5049 585 5102 οὖν
611 5053 846 5121 ἥκουσαν
877 5058 958 5112 ὅτι
987 5063 1120 5131 πάρι
1132 5079 1218 5116 στι
1256 5065 1438 5132 πάλιν,
1465 5069 1636 5138 πανδη
1648 5072 1737 5138 μελ
1760 5072 1954 5142 συνέρ-

373 5143 610 5203 ῥευσαψ
645 5146 718 5208 ὡς
752 5148 808 5200 δὲ
838 5151 864 5202 6
904 5153 1123 5217 Λουκᾶς
1169 5175 1326 5226 φησι,
1371 5160 1461 5211 καὶ
1503 5159 1610 5213 ἀπὸ
1642 5159 1822 5230 πάσης
1855 5165 1952 5215 πύ-

369 5232 507 5296 >εως
553 5231 692 5307 ἦσαν
733 5241 782 5291 οἱ
820 5243 1183 5310 συνελθόντες,
1231 5251 1286 5300 ἐν
1322 5247 1403 5304 οἷς
1453 5253 1548 5305 καὶ
1599 5253 1954 5324 Γραμματεῖς

371 5323 518 5397 ἦσαν
550 5333 638 5384 καὶ
672 5334 958 5404 Φαρισαῖοι
994 5340 1089 5392 καὶ
1125 5345 1602 5410 νομοδιδάσκαλοι,
1635 5349 1728 5401 καὶ
1771 5351 1953 5404 ἐλάλει

372 5421 558 5484 αὐτοῖς
586 5461 600 5486 ,
645 5424 802 5493 φησὶ,
847 5427 937 5478 τὸν
980 5429 1158 5496 λόγον’
1188 5426 1338 5497 οὗτος
1367 5435 1476 5507 γάρ
1505 5433 1570 5507 ἦν
1598 5438 1744 5505 αὐτῷ
1778 5457 1955 5510 προη-

369 5512 638 5584 γούμενον
666 5516 898 5589 ἔργον,”ὂ
921 5523 1013 5574 καὶ
1045 5525 1426 5593 παράϐολικῶς
1460 5529 1732 5599 ἐδήλωσεν
1756 5533 1950 5587 εἰπών·

427 5693 467 5724 ³¹
503 5691 694 5748 Matth.
735 5709 810 5762 tx,
845 5696 895 5751 ~l.
974 5698 1018 5729 ³³
1049 5697 1237 5755 Matth.
1272 5717 1344 5768 tv,
1387 5702 1472 5758 12.

1555 5707 1598 5738 ³³
1636 5704 1768 5762 Luc.
1807 5724 1922 5775 vtu,
1957 5709 2008 5764 3.

2066 4799 2328 4854 miracula
2361 4816 2561 4872 magna
2592 4811 2647 4855 ct
2674 4801 2847 4856 multa
2893 4818 3098 4874 perque
3130 4821 3414 4863 sermones
3456 4810 3654 4865 melius

2065 4893 2416 4956 noscebatur,
2485 4893 2717 4962 ideoque
2781 4895 2852 4949 ibi
2894 4897 3166 4966 praecipue
3216 4898 3650 4958 desiderabatur.

2061 4980 2194 5036 Cum
2231 4998 2360 5052 ergo
2419 4985 2705 5041 audissent
2761 4988 3022 5055 quoniam
3066 4989 3264 5044 iterum
3308 4994 3552 5058 adesset,
3583 5010 3649 5050 ex

2063 5073 2212 5128 omni
2246 5085 2401 5144 parte
2433 5077 2835 5132 conﬂuxerunt.
2866 5079 3039 5134 Erant
3071 5093 3278 5150 autem,
3325 5086 3501 5155 inquit
3537 5085 3650 5139 Lu-

2061 5180 2176 5232 cas,
2211 5182 2278 5221 ex
2305 5169 2452 5222 omni
2498 5170 2721 5224 civitate
2761 5174 3170 5236 convenientes.
3202 5177 3473 5246 inquibus
3504 5179 3651 5234 Scri-

2059 5259 2178 5324 baa,
2225 5257 2508 5326 Pharismi,
2545 5262 2783 5333 legisque
2813 5267 3084 5334 doctores,
3131 5280 3188 5323 et
3213 5269 3540 5340 loquebatur
3567 5273 3649 5328 eis

2060 5350 2324 5417 verbum;
2351 5353 2469 5422 ipse
2501 5355 2644 5408 enim
2675 5372 2769 5422 per
2797 5357 3178 5414 excellentiam
3208 5369 3327 5414 erat
3370 5360 3457 5414 ille
3485 5377 3646 5431 quem

2062 5456 2158 5512 per
2217 5445 2536 5512 parabolam
2591 5449 2966 5504 manifestavit
3022 5452 3258 5508 dicens:
3297 5471 3318 5505 ι
3357 5453 3503 5508 Exiit
3551 5453 3648 5524 qui

2062 5536 2294 5591 seminat
2323 5538 2592 5595 seminare
2623 5556 2804 5598 semen
2842 5559 3000 5600 suum
3029 5543 3097 5612 ³³,
3128 5564 3148 5598 ο
3173 5545 3223 5599 id
3247 5553 3350 5612 est,
3385 5545 3648 5608 doctrina:
