4090 6438
342 287 439 354 117

1745 295 1906 355 110M
1924 297 2077 356 ΗΑΛ
2125 296 2198 358 Χ.

3503 268 3603 346 "ne

406 398 634 462 Ἄλλους
659 398 715 452 δὲ
752 399 922 453 πάλιν
961 399 1125 469 ἀγροὶ
1166 402 1264 454 καὶ
1299 401 1472 472 γάμοι
1501 402 1598 455 καὶ
1642 401 1911 473 βιωτικῶν

2095 405 2296 461 Verum
2331 405 2470 460 alios
2523 405 2637 475 agri
2661 403 2692 470 ,έ
2727 402 2969 475 nuptiae,
3022 400 3148 454 vitae
3207 393 3614 453 sollieitndined

335 491 618 563 φροντίδες
673 494 856 562 ἔργων
922 493 1189 563 ἀπεῖργον
1245 491 1344 562 τῆς
1401 493 1844 564 προσελεύσεως,
1877 493 1913 548 ἃ.

333 585 507 639 πάντα
531 584 840 658 παρέλυσεν
867 581 978 638 οἷον
1012 587 1105 640 καὶ
1125 586 1315 656 ἀφεῖλε
1347 585 1456 639 τῶν
1485 587 1908 659 τοῦπαραλύτου

333 679 604 748 λογισμῶν
639 681 671 750 ἡ
726 679 822 732 τοῦ
857 678 1114 748 σώματος
1151 681 1384 751 πάρεσις
1416 696 1431 712 ·
1471 683 1567 734 καὶ
1607 682 1696 736 διὰ
1736 680 1897 735 τοῦτο

334 771 445 832 τοῖς
484 769 891 840 ἁμαρτάνουσιν
927 771 956 841 ἡ
1004 769 1158 834 νόσος
1185 772 1334 824 ἐστιν
1369 771 1460 824 ὅτε
1500 770 1772 840 κρείττων
1811 771 1914 840 τῆς

336 863 731 936 ὑγείαςηέστιν
770 863 858 917 ὅτε
909 867 1165 934 συνεργεῖ
1194 864 1410 930 τούτοις
1425 865 1575 937 πρὸς
1608 865 1911 936 σωτηρίαν.

335 955 445 1010 Καὶ
476 954 573 1018 τὰς
624 955 726 1022 μὲν
777 955 1058 1024 ἐμφύτους
1097 954 1234 1026 πρὸς
1261 955 1461 1010 κακίαν
1496 957 1672 1028 όρμὰς
1705 956 1918 1027 ἀμϐλύ-

334 1063 438 1110 νει,
474 1046 533 1099 τὸ
579 1046 634 1100 δὲ
672 1047 834 1117 χρέος
865 1047 970 1100 τῶν
1013 1049 1432 1118 ἡμαρτημένων
1465 1047 1551 1102 διὰ
1591 1049 1690 1118 τῆς
1722 1049 1914 1103 κακῶ-

334 1155 470 1201 σεως
502 1133 612 1192 οἷον
661 1138 993 1192 ἀποδιδοῦσα
1025 1139 1311 1203 δεκτικοὺς
1345 1143 1494 1194 ποιεῖ
1551 1141 1770 1212 πρῶτον
1815 1141 1916 1214 μὲν

329 1231 432 1299 τῆς
475 1231 615 1284 κατὰ
647 1230 829 1302 ψυχὴν
875 1232 1144 1304 ἰατρείας,
1180 1233 1371 1286 ἔπειτα
1421 1232 1649 1304 καὶτῆς
1673 1234 1768 1288 τοῦ
1812 1234 1917 1288 σώ-

340 1339 532 1392 ματος,
564 1323 660 1374 καὶ
697 1323 915 1392 μάλισθ’
947 1324 1077 1378 ὅταν
1125 1327 1152 1378 6
1198 1325 1372 1380 νοσῶν
1427 1327 1606 1391 συνεὶς
1657 1328 1916 1399 ἰατρείαν

330 1407 496 1466 οὖσαν
548 1415 700 1484 παρὰ
738 1415 875 1468 Θεοῦ
921 1417 1022 1486 τὴν
1083 1418 1303 1489 πληγὴν
1345 1419 1487 1490 φέρῃ
1523 1419 1788 1486 γενναίως
1822 1421 1916 1474 καὶ

335 1503 474 1571 μετὰ
514 1504 750 1569 πίστεως
789 1507 1117 1580 προσπίπτῃ
1156 1507 1296 1578 Θεῷ,
1334 1511 1431 1562 καὶ
1460 1509 1528 1562 δι’
1562 1508 1744 1580 ἔργων
1767 1511 1917 1574 ὅπως

331 1595 401 1647 ἂν
428 1595 526 1668 ἔχῃ
569 1598 855 1668 δυνάμεως
887 1601 1220 1670 ἐπικαλῆται
1261 1600 1354 1670 τον
1409 1602 1656 1673 ἱλασμόν·
1696 1602 1724 1656 6
1761 1603 1858 1657 καὶ
1890 1603 1918 1656 6

334 1690 647 1758 παραλυτος
704 1693 774 1744 δι’
835 1691 1014 1762 ἔργων
1069 1695 1144 1758 ὡς
1200 1692 1349 1765 εῖχεν
1400 1695 1676 1761 ὑπέδειξε,
1737 1695 1833 1750 καὶ
1887 1697 1914 1750 6

2023 501 2092 554 ab
2145 500 2456 554 accedendo
2501 508 2756 553 avertunt
2789 513 2910 566 quae
2961 495 3146 550 omnia
3177 493 3411 563 quodam
3449 490 3609 542 modo

2021 591 2184 646 solvit
2216 601 2270 645 et
2308 591 2510 644 amovit
2558 607 2588 646 a
2623 591 2908 662 paralytici
2946 599 3129 643 mente
3175 583 3428 653 corporis
3453 577 3609 638 debl-

2020 683 2167 749 litas,
2204 691 2261 737 et
2291 683 2413 738 ideo
2442 685 2824 752 peccatoribus
2875 685 3101 738 morbus
3145 678 3383 734 sanitate
3419 674 3621 735 rnolqu

2018 785 2124 844 est,
2150 790 2357 842 eosque
2391 755 2470 830 ad.
2490 777 2723 830 salutem
2761 775 3006 844 adjuvat.
3057 769 3334 824 Naturalis
3390 765 3608 855 quidem

2021 868 2088 922 ad
2139 867 2402 922 malitiam
2441 868 2682 938 impetus
2712 869 2967 931 hebetat,
3003 873 3461 935 peccatorumque
3493 858 3613 911 vin-

2019 960 2141 1015 culo
2186 974 2281 1030 per
2313 960 2615 1030 nequitiam
2656 961 2882 1016 inducto
2912 957 3069 1028 quasi
3102 955 3307 1026 reiecto
3356 951 3422 1006 ad
3467 948 3611 1004 acci-

2018 1052 2275 1122 piendam
2330 1053 2507 1122 primo
2544 1052 2775 1115 animre,
2832 1052 3032 1106 deinde
3076 1047 3331 1118 corporis
3379 1043 3607 1098 salutem

2019 1143 2284 1213 disponit,
2307 1145 2583 1215 praecipue
2613 1146 2658 1200 si
2683 1152 2960 1213 aegrotans
2985 1140 3295 1212 intelligens
3319 1138 3610 1193 sanitatem

2020 1249 2050 1287 a
2077 1231 2190 1288 Deo
2219 1248 2343 1289 esse
2377 1234 2569 1305 plagas
2597 1249 2868 1305 generose
2901 1231 3150 1296 sufferat,
3181 1245 3304 1284 cum
3351 1228 3454 1282 [ide
3483 1235 3613 1280 ante

2019 1327 2188 1382 Deum
2236 1328 2583 1398 procumbat,
2613 1335 2668 1383 et
2713 1328 2878 1382 bonis
2911 1327 3147 1395 open-bus
3176 1320 3611 1380 misericordiam

2018 1418 2305 1490 imploret;
2340 1421 2486 1490 quod
2531 1420 2856 1492 paralyticus
2883 1419 3162 1488 operibus,
3198 1415 3394 1486 quibus
3415 1412 3610 1482 potuit,

2016 1514 2284 1580 ostendit;
2327 1523 2383 1570 et
2429 1514 2691 1570 Dominus
2757 1515 2940 1570 verbis
3008 1511 3340 1582 operibusve
3415 1505 3610 1569 adfuit,

2015 1606 2120 1662 etsi
2155 1606 2439 1675 Pharisaei,
2485 1623 2612 1665 eum
2659 1608 2763 1663 ista
2795 1606 2996 1662 mentis
3042 1605 3201 1660 oculo
3235 1617 3463 1658 cernere
3505 1615 3611 1653 non

2019 1709 2269 1767 possent,
2335 1701 2780 1771 blasphemantes
2835 1705 3265 1755 murmurarent.
3321 1696 3412 1758 Ait
3466 1694 3612 1748 enim

336 1781 539 1853 Κύριος
571 1783 754 1854 ἔργοις
784 1802 843 1838 τε
882 1786 976 1838 καὶ
1003 1785 1186 1854 λόγοις
1227 1788 1414 1849 αὐτοῖς
1449 1788 1829 1857 παρέστησεν,
1866 1791 1911 1841 εἰ

2024 1763 2376 1860 Ἑνεηςθίὶεισ
2413 1763 2488 1846 ι’(
2525 1793 2660 1848 Cum
2701 1793 2929 1848 vidisset
2973 1789 3134 1846 Jesus
3169 1789 3328 1844 [idem
3376 1787 3612 1850 illorum,

333 1875 426 1926 καὶ
461 1875 510 1927 oi
545 1877 825 1944 Φαρισαῖοι
859 1878 934 1948 μὴ
967 1880 1194 1933 συνιδεῖν
1236 1880 1578 1950 δυνηθέντες,
1603 1881 1712 1952 50
1732 1882 1924 1936 ἐϐλασ-

328 1967 546 2037 φήμουν
592 1971 685 2021 καὶ
741 1969 1119 2039 διεγόγγυζον
1177 1992 1196 2025 ι
1251 1972 1396 2026 Ἰδὼν
1450 1974 1602 2044 γὰρ,
1668 1974 1856 2044 φησὶν,
1892 1977 1920 2030 6

343 2058 555 2130 Ἰησοῦς
583 2061 681 2128 τὴν
719 2061 899 2115 πίστιν
945 2065 1150 2131 αὐτῶν,
1181 2065 1276 2117 τοῦ
1324 2083 1383 2118 τε
1423 2065 1776 2129 κλινοπετοῢς
1814 2084 1917 2120 κα-

332 2153 731 2222 ταφερομένου,
789 2154 887 2208 καὶ
925 2155 1034 2207 τῶν
1087 2157 1150 2210 ἐκ
1192 2157 1284 2210 τοῦ
1321 2158 1554 2226 στέγους
1597 2155 1914 2226 χαλώντων,

329 2243 584 2314 λέγειτῷ
636 2245 998 2317 παραλυτικῷ
1023 2264 1038 2278 ο
1083 2268 1102 2300 ι
1139 2250 1366 2314 Τέκνον,
1408 2250 1689 2319 ἀφέωνταί
1723 2268 1805 2304 σοι
1850 2252 1909 2304 αι

331 2337 603 2408 ἁμαρτίαι
637 2356 750 2391 σου.
789 2357 807 2389 ι
861 2340 925 2392 Ὦ
955 2342 1236 2411 μακαρίας
1277 2343 1655 2414 προσηγορίας
1681 2345 1694 2397 l
1717 2343 1910 2398 τέκνον

330 2429 518 2482 ἀκούει
547 2434 638 2482 καὶ
668 2431 992 2486 υίοποιεῖται
1017 2433 1092 2503 τῷ
1116 2435 1352 2504 οὐρανίῳ
1385 2436 1560 2504 Πατρὶ
1583 2476 1597 2499 ,
1627 2437 1722 2488 καὶ
1745 2451 1915 2503 προσ-

337 2519 598 2572 κολλᾰται
625 2521 701 2589 τῷ
730 2522 1103 2594 ἀναμαρτήτῳ
1131 2523 1272 2593 Θεῷ,
1307 2506 1697 2596 ἀναμάρτητος
1738 2543 1915 2595 παρα-

333 2611 529 2680 χρῆμα
574 2615 666 2665 καὶ
707 2614 866 2677 αὐτὸς
906 2615 1149 2683 γεγονὼς
1203 2617 1292 2670 διὰ
1341 2617 1443 2684 τῆς
1493 2617 1605 2671 τῶν
1661 2619 1916 2687 ἡμαρτη-

2031 1896 2138 1939 tam
2179 1884 2299 1954 ejus
2343 1887 2436 1954 qui
2471 1885 2662 1955 jacens
2713 1887 3009 1948 ferebatur,
3043 1898 3205 1953 quam
3252 1896 3281 1934 a
3334 1889 3476 1935 tecto
3525 1879 3614 1930 di-

2027 1973 2390 2041 mittentium,
2439 1977 2576 2031 dixit
2623 1976 2970 2047 paralytico:
3007 1994 3023 2026 ι
3063 1974 3209 2040 Fili,
3261 1973 3616 2026 remittuntur

2023 2065 2118 2119 tibi
2164 2079 2388 2135 peccata
2427 2075 2543 2122 tua.
2583 2087 2601 2122 ι
2641 2068 2685 2124 Ο
2723 2070 2881 2122 beata
2911 2067 3208 2122 allocutio!
3248 2065 3412 2127 ﬁlius,
3440 2061 3612 2126 audit,

2021 2165 2076 2210 et
2126 2157 2270 2212 inter
2307 2158 2449 2214 ﬁlios
2484 2174 2515 2212 a
2548 2160 2708 2216 Patre
2737 2159 2946 2215 cmlesti
2981 2158 3271 2227 accipitur,
3313 2165 3366 2210 et
3399 2154 3510 2208 Deo
3558 2153 3614 2206 in

2017 2265 2126 2321 quo
2152 2261 2434 2320 peccatum
2472 2269 2580 2307 non
2614 2263 2721 2319 est,
2752 2253 3014 2318 adhaeret,
3054 2252 3172 2320 ipse
3213 2249 3368 2304 illico
3393 2262 3490 2318 per
3535 2261 3616 2308 re.

2019 2343 2338 2398 missionem
2367 2355 2715 2414 peccatorum
2745 2345 2868 2401 sine
2893 2351 3120 2413 peccato
3149 2342 3420 2406 eﬂicitur;
3448 2348 3612 2407 atque

2024 2440 2082 2486 ut
2114 2444 2379 2500 sequatur
2410 2434 2661 2500 corporis
2712 2435 3018 2500 renovatio,
3058 2434 3210 2502 prius
3258 2433 3438 2488 anima
3491 2445 3617 2500 pec-

2025 2535 2151 2578 cato
2183 2525 2375 2579 vitiata
2402 2535 2699 2580 renovatur
2727 2527 2792 2579 ab
2814 2540 2880 2581 eo
2908 2527 3001 2596 qui
3034 2526 3238 2594 Optime
3272 2528 3450 2582 noscit
3483 2542 3617 2595 quo-

2031 2616 2176 2668 niam
2219 2617 2402 2669 anima
2435 2633 2464 2670 a
2502 2616 2772 2687 principio
2821 2617 2874 2670 in
2912 2616 3118 2672 retibus
3149 2618 3356 2687 peccati
3398 2617 3614 2689 illapsa,

338 2703 517 2770 μένων
554 2704 800 2773 ἀφέσεως
828 2747 842 2771 ,
903 2707 999 2760 καὶ
1055 2709 1130 2774 ὡς
1181 2711 1245 2760 ἂν
1291 2708 1715 2781 ὲπακολουθήσῃ
1749 2708 1844 2762 καὶ
1883 2709 1911 2778 ή

2028 2710 2206 2764 morbi
2263 2709 2532 2779 corporis,
2589 2724 2842 2778 morsque
2881 2708 3184 2764 secundum
3234 2709 3437 2778 justam
3497 2710 3614 2779 ejus

330 2796 424 2848 τοῦ
455 2795 701 2866 σώματος
724 2799 1089 2868 ἀνακαίνισις,
1125 2800 1223 2870 τὴν
1251 2800 1428 2870 ψυχὴν
1457 2801 1730 2872 πρότερον
1769 2802 1911 2854 ἀνω-

2023 2802 2350 2856 seutentiam
2395 2811 2856 2871 supervenerunt.

329 2889 500 2958 τέραν
529 2889 798 2961 λαμϐάνει
837 2893 933 2962 τῆς
984 2893 1263 2962 ἁμαρτίας
1289 2894 1442 2963 παρὰ
1483 2892 1577 2948 τοῦ
1653 2893 2064 2962 γινώσκοντος,
2137 2893 2221 2947 ὃτι
2267 2895 2367 2964 τὴν
2413 2891 2587 2964 ἀρχὴν
2645 2895 2747 2963 τῆς
2820 2892 3000 2962 ψυχῆς
3047 2893 3432 2972 ἅποπεσούσης
3497 2897 3612 2958 τοῖς

332 2991 550 3061 βρόχοις
594 2993 696 3062 τῆς
749 2991 1050 3062 ἁμαρτίας,
1087 2993 1148 3048 αῖ
1181 3010 1240 3047 τε
1276 2994 1422 3047 νόσοι
1452 2993 1530 3064 τῷ
1574 2992 1788 3063 σώματι
1821 2994 1915 3046 καὶ
1953 2994 1981 3045 6
2018 2993 2249 3056 θάνατος
2279 2989 2699 3062 ἐπηκολούθησε
2788 2994 2931 3047 κατὰ
2989 2992 3092 3072 τὴν
3145 2993 3312 3048 αὐτοῦ
3399 2995 3612 3048 δικαιο-

331 3087 576 3158 κρισίαν.

415 3183 553 3236 ’Δλλ’
577 3183 626 3236 oi
659 3184 1020 3256 Γραμματεῖς
1052 3184 1411 3248 ἀκούσαντες,
1446 3204 1463 3237 ι
1508 3186 1905 3254 Διελογίςοντο,

2086 3180 2300 3249 Quibus
2345 3180 2547 3236 auditis
2585 3197 2601 3235 :
2645 3199 2665 3233 ι
2715 3155 3110 3250 Cogitaverurit
3150 3177 3375 3239 Scribat.
3414 3180 3612 3250 inquit.

335 3277 524 3344 Φησὶν,
557 3277 612 3328 ὲν
644 3277 885 3340 ἑαυτοῖς,
925 3277 980 3330 τί
1016 3271 1174 3340 οὗτος
1205 3279 1358 3332 λαλεῖ
1399 3277 1752 3348 βλασφημίας
1781 3296 1797 3344 ;
1824 3279 1904 3342 τίς

327 3368 550 3420 δύναται
587 3368 812 3436 ἀφιέναι
843 3369 1138 3440 ἁμαρτίας,
1169 3371 1215 3422 εί
1249 3371 1324 3440 μὴ
1365 3366 1447 3434 εἷς
1505 3372 1533 3423 ό
1572 3370 1746 3437 Θεός;
1789 3390 1806 3421 ι
1847 3370 1905 3424 Ὀ

325 3457 387 3511 δὲ
424 3459 627 3528 Κύριος
673 3459 748 3521 ὡς
778 3459 1007 3529 ποιητὴς
1038 3459 1146 3511 τῶν
1176 3458 1440 3529 καρδιῶν,
1475 3460 1572 3511 καὶ
1605 3459 1731 3521 τοὺς
1765 3459 1908 3526 ἁφα-

330 3552 443 3612 νεῖς
474 3549 582 3602 τῶν
613 3549 856 3620 καρδιῶν
904 3549 1204 3620 λογισμοὺς
1227 3551 1338 3604 τῶν
1369 3549 1758 3622 Γραμματέων
1790 3550 1910 3601 ἐπι-

333 3640 627 3706 στάμενος,
674 3640 810 3708 πρὸς
858 3641 1056 3704 αὐτούς
1111 3657 1264 3710 φησι·
1303 3661 1321 3696 ι
1356 3642 1421 3695 Τί
1451 3641 1623 3696 ταῦτα
1673 3641 1910 3707 διαλογί-

330 3731 493 3794 ζεσθε
530 3732 590 3783 ὲν
624 3733 741 3796 ταῖς
791 3731 1047 3802 καρδίαις
1080 3731 1274 3800 ὑμῶν;
1313 3731 1366 3784 τί
1405 3733 1555 3786 ἐστιν
1598 3729 1911 3786 εὐκοπώτε-

1341 3825 1646 3893 Ἀφέωνταί
1721 3841 1802 3877 σοι
1852 3825 1910 3878 αι

323 3916 611 3985 ἁμαρτίαι,
645 3917 678 3986 ἢ
709 3919 904 3982 εἰπεῖν,
939 3919 1234 3988 Ἐγειραι,
1273 3920 1368 3970 καί
1399 3913 1534 3988 ἆρον
1589 3918 1682 3970 τὸν
1726 3918 1902 3987 x956-

329 4004 498 4057 ϐατόν
557 4022 649 4057 σου
692 4006 784 4058 καὶ
851 4007 1192 4077 περιεπάτεις
1233 4024 1253 4058 ι
1301 4006 1428 4067 Τοῖς
1479 4005 1911 4074 Γραμρ.ατεῦσιν

329 4098 506 4149 ἐδόκει
559 4095 632 4158 ὡς
665 4097 945 4150 ἀδυνατῶν
999 4100 1027 4151 6
1077 4097 1288 4168 Κύριος
1327 4097 1583 4151 ἰάσασθαι
1612 4099 1706 4150 τὸν
1737 4099 1916 4171 παρά-

326 4187 508 4253 λυτον,
546 4189 677 4259 πρὸς
737 4190 796 4242 τὸ
843 4190 1046 4256 ἀφανὲς
1085 4192 1364 4260 κατέφυγε
1394 4231 1409 4256 ,
1444 4193 1545 4261 τὴν
1588 4192 1698 4245 τῶν
1734 4193 1914 4262 ἁμαρ-

331 4281 593 4349 τημάτων
625 4279 843 4348 ἄφεσιν,
892 4283 958 4354 ἢν
1007 4282 1154 4354 λόγῳ
1193 4283 1342 4355 μόνῳ
1373 4285 1570 4346 εἰπεῖν,
1619 4288 1712 4337 καὶ
1741 4283 1914 4337 ταῦτα

326 4373 662 4437 δεσποτικῶς
693 4374 833 4427 οὕτω
871 4378 968 4429 καὶ
995 4377 1424 4466 προστακτικῶς
1461 4376 1912 4448 βλάσφημονμὲν,

328 4464 448 4518 ἀλλ’
483 4465 700 4518 εὔκολον
752 4468 845 4520 καὶ
906 4467 999 4521 τοῦ
1036 4468 1367 4538 βουλομένου
1396 4464 1645 4534 παντός.
1689 4470 1780 4523 Διὸ
1816 4474 1910 4523 καὶ

341 3842 435 3894 ρον
492 3825 666 3886 εἰπεῖν
733 3824 811 3894 τῷ
872 3825 1277 3896 παραλυτικῷ,

327 4558 468 4628 πρὸς
503 4559 704 4624 αὐτοὺς
738 4561 764 4612 6
789 4561 1014 4630 Κύριος·
1053 4563 1118 4614 Εί
1161 4562 1355 4630 λόγους
1402 4563 1707 4634 ἐϐουλόμην
1732 4563 1924 4632 λέγειν-

329 4653 595 4718 καινοὺς,
650 4652 725 4723 μὴ
790 4654 888 4723 τὴν
946 4653 1056 4706 ἀπὸ
1101 4653 1211 4706 τῶν
1268 4655 1616 4725 πραγμάτων
1680 4655 1910 4709 ἔκϐασιν

334 4746 580 4814 ἔχοντας,
619 4745 812 4814 ἐπίσης
857 4744 1080 4798 εὔκολον
1112 4742 1177 4820 ἦν
1211 4747 1475 4817 ἑκάτερον
1519 4747 1682 4817 ἔργου
1740 4751 1908 4818 φάναι

333 4836 502 4905 χωρὶς
538 4837 636 4888 καὶ
683 4835 782 4906 τὴν
831 4837 1052 4907 ἔγερσιν
1083 4837 1179 4890 τοῦ
1214 4837 1615 4909 παραλυτικοῦ,
1665 4841 1760 4892 καὶ
1808 4841 1908 4908 τὴν

332 4930 526 4997 ἄφεσιν
554 4930 660 4982 τῶν
697 4930 1109 5000 ἡμαρτημένων
1167 4931 1350 5002 αὐτῷ’
1408 4931 1496 4985 ἵνα
1541 4931 1594 4983 δὲ
1627 4930 1804 4998 γνῶτε
1831 4931 1905 4993 ῶς

329 5021 434 5074 οὐκ
459 5021 742 5092 ἄπρακτός
771 5024 922 5076 ἐστιν
967 5027 987 5076 3
1021 5023 1151 5094 ego;
1183 5023 1364 5092 λόγος,
1391 5023 1500 5078 οὐδ’
1529 5023 1604 5084 ὡς
1630 5022 1909 5077 ἀδυνατῶν

331 5111 435 5180 τῆς
485 5112 642 5165 νόσου
699 5112 798 5171 τὴν
849 5115 992 5168 ἴασιν
1039 5118 1380 5184 παρασχεῖν,
1434 5117 1514 5176 είς
1567 5115 1662 5184 τὴν
1716 5116 1909 5182 ἄφεσιν

329 5203 430 5272 τῆς
467 5204 742 5275 ἁμαρτίας
775 5207 1110 5274 κατέφυγον,
1150 5207 1265 5261 ἀλλ’
1300 5206 1550 5272 ἐξουσίαν
1583 5207 1690 5277 ἔχω
1717 5208 1908 5276 θεῖκὴν

332 5295 431 5346 ἐπὶ
466 5293 564 5364 τῆς
602 5295 728 5366 γῆς,
760 5298 836 5360 ὡς
879 5297 1007 5362 Υἱὸς
1043 5299 1335 5366 ὀμοούσιος
1365 5299 1444 5370 τῷ
1493 5302 1549 5352 ἐν
1590 5303 1702 5360 τοῖς
1743 5301 1912 5370 οὐρα-

328 5388 439 5450 νοῖς
479 5389 674 5460 Πατρὶ,
707 5389 756 5441 εί
808 5390 901 5442 καὶ
951 5391 1233 5461 ὀμοιύσιος
1271 5395 1401 5462 ὑμῖν
1446 5395 1558 5454 τοῖς
1593 5393 1910 5464 ἀχαρίστοις

327 5479 471 5534 κατὰ
523 5483 705 5552 σάρκα
763 5481 1000 5548 γέγονα,
1052 5489 1174 5538 τότε
1214 5486 1362 5553 λέγει
1392 5487 1468 5558 τῷ
1511 5485 1904 5555 παραλυτικῷ·

2010 3274 2063 3328 in
2098 3274 2356 3330 cordibus
2381 3273 2494 3330 suis
2529 3290 2544 3328 :
2571 3272 2708 3338 Quid
2736 3271 2825 3330 hic
2845 3274 2926 3328 sic
2949 3271 3225 3342 loquitur?
3251 3272 3611 3340 blasphemat.

2009 3365 2142 3434 Quis
2169 3374 2350 3436 potest
2381 3364 2654 3419 dimittere
2674 3372 2916 3432 peccata,
2945 3363 3046 3418 nisi
3070 3365 3222 3419 solus
3246 3363 3387 3418 Deus
3407 3363 3436 3417 ?
3454 3383 3472 3415 ι
3505 3363 3614 3417 Do-

2010 3459 2192 3514 minus
2209 3467 2392 3512 autem
2411 3455 2733 3511 utconditor
2747 3455 2991 3510 cordium
3004 3495 3018 3519 ,
3037 3463 3091 3509 et
3110 3454 3358 3509 occultas
3379 3454 3430 3506 in
3451 3455 3615 3509 corde

2011 3549 2411 3606 Pharisaeorum
2436 3548 2794 3619 cogitationes
2815 3562 3182 3619 cognoscens,
3203 3548 3269 3602 ad
3304 3562 3398 3602 eos
3430 3547 3567 3600 dixit
3595 3563 3609 3600 :

2020 3662 2038 3694 ι
2079 3641 2220 3708 Quid
2256 3642 2358 3696 ista
2391 3633 2646 3710 cogitatis
2685 3641 2738 3693 in
2797 3640 3055 3695 cordibus
3084 3640 3324 3694 vestris?
3361 3641 3491 3709 quid
3527 3649 3612 3692 est

2015 3733 2236 3789 {acilius
2256 3733 2440 3788 dicere
2472 3731 2808 3802 paralytico:
2840 3729 3200 3786 Dimittuntur
3229 3731 3327 3786 tibi
3363 3741 3610 3800 peccata,

2015 3840 2084 3881 an
2117 3825 2304 3880 dicere
2329 3842 2342 3880 :
2367 3821 2560 3893 Surge,
2586 3822 2716 3877 tolle
2737 3822 3023 3891 grabatum
3049 3831 3201 3876 tnmn
3227 3832 3282 3876 et
3303 3823 3519 3876 ambula
3539 3823 3564 3877 ‘i
3587 3844 3606 3875 ρ

2013 3918 2284 3973 Putabant
2313 3917 2516 3972 Scriba:
2567 3915 2883 3979 Dominum,
2919 3930 3042 3969 cum
3069 3932 3175 3970 non
3231 3926 3414 3984 posset
3446 3932 3607 3985 para-

2018 4011 2247 4082 lyticum
2291 4022 2512 4072 sanare,
2546 4007 2669 4062 ideo
2705 4009 2771 4060 ad
2801 4006 3014 4062 occulta
3040 4007 3371 4076 confugisse,
3413 4010 3608 4061 remis-

2018 4102 2228 4157 sionem
2279 4101 2493 4157 scilicet
2539 4108 2915 4170 peccatorum,
2961 4115 3122 4169 qnam
3148 4115 3255 4155 uno
3288 4102 3451 4156 verbo
3487 4117 3614 4171 pro-

2019 4195 2161 4250 ferre
2207 4194 2420 4251 Domini
2467 4193 2800 4250 auctoritate
2850 4208 2957 4247 non
2999 4203 3212 4248 tantum
3263 4193 3614 4260 blasphema-

2020 4288 2219 4343 torium
2244 4288 2337 4343 sed
2360 4287 2525 4343 etiam
2553 4285 2876 4353 cuicunque,
2901 4285 2945 4338 si
2991 4285 3241 4349 voluerit,
3271 4283 3613 4341 facillimum.

2018 4377 2312 4447 Propterea
2357 4375 2422 4428 ad
2455 4389 2549 4430 eos
2589 4374 2850 4428 Dominus
2882 4389 2898 4428 :
2932 4373 2986 4427 Si
3035 4372 3198 4427 verba
3227 4372 3421 4428 vellem
3475 4390 3614 4428 nova

2019 4470 2225 4533 dicere,
2249 4483 2370 4538 quae
2400 4465 2467 4521 ab
2491 4466 2843 4521 exsecutione
2871 4481 2978 4520 non
3005 4465 3336 4521 sortirentur
3359 4465 3616 4521 clIectnm

2023 4561 2168 4632 paris
2195 4570 2315 4618 erat
2340 4561 2608 4616 commodi
2638 4569 2744 4614 tam
2775 4559 3058 4628 paralytici
3078 4559 3422 4614 sanationem
3449 4575 3612 4628 quam

2021 4653 2265 4724 ejusdem
2296 4663 2647 4723 peccatorum
2676 4651 3058 4707 remissionem
3080 4652 3360 4706 declarare
3387 4668 3403 4716 ;
3435 4653 3529 4707 sed
3558 4661 3616 4704 nt

2021 4746 2206 4800 sciatis
2230 4745 2454 4800 verbum
2475 4759 2652 4798 meum
2672 4760 2777 4799 non
2809 4759 3043 4798 vacuum
3076 4759 3324 4808 manere,
3369 4759 3469 4797 nec
3504 4758 3612 4809 me,

2019 4836 2144 4906 quia
2169 4835 2499 4904 impossibile
2516 4834 2772 4902 esttegris
2804 4834 3091 4886 sanitatem
3139 4833 3386 4897 reddere,
3417 4832 3486 4884 ad
3527 4847 3586 4884 rc

2017 4929 2340 4983 missionem
2389 4938 2732 4996 peccatorum
2781 4925 3113 4994 confugisse,
3145 4926 3238 4980 sed
3257 4925 3491 4978 divinam
3524 4925 3617 4978 ita-

2017 5021 2146 5077 bere
2168 5030 2486 5090 potestatem
2511 5036 2673 5090 super
2696 5030 2917 5086 terram,
2933 5030 2990 5074 nt
3009 5017 3203 5074 Filium
3233 5017 3377 5074 Patri
3405 5017 3614 5074 caelesti

2018 5115 2567 5178 consubstantialem,
2599 5115 2730 5169 licet
2759 5113 2916 5168 vobis
2948 5114 3115 5169 etiam
3155 5113 3388 5182 ingratis
3411 5127 3612 5165 secun-

2021 5211 2149 5264 dum
2186 5224 2408 5263 carnem
2442 5207 2644 5262 factum
2701 5205 3246 5268 consubstantialem,
3304 5212 3432 5258 tunc
3475 5203 3614 5256 dixit

2019 5300 2356 5372 paralytico:
2389 5320 2405 5351 ι
2440 5288 2555 5356 Tibi
2582 5299 2725 5367 dico,
2753 5316 2931 5370 surge,
2964 5299 3400 5368 tollegrabatum
3435 5306 3610 5361 tuum,

2022 5403 2076 5445 et
2124 5396 2261 5446 vade
2306 5394 2358 5446 in
2415 5393 2634 5447 domum
2677 5401 2844 5446 tuam.
2887 5393 2949 5446 Et
2985 5391 3167 5446 statim
3205 5389 3444 5445 surrexit
3500 5387 3609 5451 ille,

2025 5495 2079 5540 et
2115 5485 2329 5540 sublato
2363 5486 2608 5554 grabato,
2649 5485 2785 5540 abiit
2812 5501 2995 5539 coram
3028 5485 3302 5538 omnibus.
3344 5503 3361 5534 ι

329 5592 350 5627 ι
389 5574 477 5628 Σοί
521 5575 690 5644 λέγω,
731 5574 946 5645 ἕγειραι
994 5578 1089 5631 καὶ
1131 5573 1264 5650 ἆρον
1313 5582 1404 5632 τὸν
1437 5578 1750 5648 κράϐϐατόν
1787 5595 1904 5645 σου,
1950 5579 2045 5632 καὶ
2077 5576 2254 5648 ὕπαγε
2288 5582 2368 5642 εἰς
2421 5579 2514 5632 τὸν
2560 5573 2709 5634 οἶκόν
2748 5597 2842 5631 σου
2869 5595 2882 5608 ·
2920 5577 3018 5630 καὶ
3088 5576 3304 5647 ἠγέρθη
3374 5575 3608 5640 εὐθέως,

323 5671 416 5722 καὶ
473 5670 613 5742 ἄρας
667 5667 767 5721 τὸν
825 5669 1154 5737 κράὅϐατον,
1200 5670 1426 5741 ἐξῆλθεν
1486 5671 1730 5724 ἐναντίον
1767 5672 2009 5727 πάντων.
2052 5695 2068 5723 ι

396 5766 742 5822 ’Λνῑικειται
791 5761 886 5814 καὶ
914 5763 940 5814 6
971 5763 1129 5832 λόγος
1175 5766 1266 5818 καὶ
1301 5764 1358 5818 τὸ
1392 5764 1577 5836 θαῦμα
1611 5763 1768 5818 τοῦτο
1802 5768 1913 5829 τοῖς

2100 5766 2229 5831 Quae
2261 5765 2422 5822 verba
2460 5775 2511 5821 et
2540 5766 2800 5822 n'tiracula
2833 5763 2994 5821 simul
3029 5780 3149 5819 cum
3184 5763 3486 5821 scribarum
3514 5778 3610 5820 co-
