4090 6482
430 325 528 391 119

1654 331 2036 393 GREGORII
2080 332 2407 396 ΡΑΙΑΜιΕ

3579 333 3689 398 Ῑὲἰῐ

424 442 777 511 gitationibus
811 455 1096 511 consonat,
1122 453 1174 503 et
1210 447 1277 501 ab
1305 446 1382 502 cis
1414 446 1715 514 discrepat;
1746 464 1868 502 nam
1900 462 1994 502 ne-

2115 451 2210 505 ιῶν
2258 453 2639 524 Γραμματέων
2686 453 3099 523 διαλογισμοῖς,
3174 453 3291 506 ἐστι
3362 451 3417 506 δ’
3457 450 3533 515 ὣς
3585 451 3682 504 καὶ

428 534 627 588 minem
678 535 820 590 inter
861 537 1107 593 homines
1147 553 1175 592 a
1212 538 1507 608 semetipso
1562 554 1723 608 posse
1778 551 1994 609 peccata

426 626 703 683 dimittere
754 644 943 685 verum
1005 645 1129 686 esse
1188 631 1544 687 demonstrat.
1613 633 1756 688 lstud
1818 646 1994 692 autem

423 715 821 774 Phan-imorum
852 720 1042 776 falsum
1066 728 1123 776 et
1147 723 1445 779 absurdum
1474 766 1489 791 ,
1527 724 1798 793 inﬁrmum
1827 725 2001 779 homi-

427 825 546 866 nem
573 826 693 867 esse
736 810 1039 880 Christum,
1081 823 1275 870 etnon
1327 815 1493 870 Deum
1545 818 1996 885 omnipotentem.

424 902 575 968 Quod
611 904 756 959 enim
794 919 952 960 nemo
976 906 1135 972 vidit,
1173 921 1274 961 nec
1307 907 1538 971 audivit,
1574 923 1718 963 nunc
1746 911 1996 978 apparuit

425 992 525 1045 iste
575 992 714 1048 Deus
758 1003 813 1049 et
866 994 1052 1064 homo,
1088 996 1369 1066 [duplicem
1412 1000 1616 1053 habens
1657 1009 1902 1053 naturam
1945 1007 2001 1052 et

424 1086 820 1153 operationem,
868 1096 924 1142 et
966 1088 1193 1159 loquens
1229 1091 1522 1145 secundum
1573 1105 1670 1147 nos
1723 1102 1780 1145 ut
1817 1092 1996 1155 homo,

426 1177 631 1232 faciens
679 1193 811 1234 vero
864 1194 986 1249 qua:
1043 1182 1279 1235 voluerit
1336 1181 1453 1237 solo
1509 1182 1716 1245 verbo,
1780 1197 1996 1251 unoque

419 1268 575 1333 iussu
609 1282 665 1324 ut
694 1272 856 1337 Deus,
887 1282 939 1329 et
970 1274 1268 1329 testificaris
1292 1289 1388 1345 per
1407 1289 1572 1345 opera
1602 1275 1860 1345 quoniam
1886 1275 2003 1341 ipsc

423 1373 506 1415 est
535 1377 564 1416 a
605 1365 886 1431 principio,
924 1382 1020 1433 per
1044 1382 1201 1434 quem
1235 1367 1415 1420 omnia
1442 1369 1736 1421 secundum
1775 1365 2003 1421 Psalmi-

425 1460 604 1505 stam:
637 1471 655 1503 ι
686 1452 829 1506 Dixit
856 1463 909 1509 et
933 1453 1074 1509 facta
1108 1455 1385 1523 sunt.ipse
1417 1454 1714 1521 mandavit,
1748 1466 1801 1509 et
1820 1464 1998 1509 creata

427 1553 555 1594 sunt
578 1543 632 1575 ’³⁸
663 1558 732 1607 ς’»
774 1544 898 1617 ideo
931 1545 1154 1599 verbum
1186 1546 1303 1614 ejus
1348 1546 1530 1599 statim
1570 1544 1891 1601 subsecutus
1921 1555 2004 1600 est

424 1633 672 1689 edoctus.
699 1635 833 1689 Nam
860 1639 1136 1703 extemplo
1188 1639 1426 1693 surrexit
1473 1639 1807 1711 paralyticos
1854 1660 1873 1688 ι
1919 1647 1997 1705 et,

425 1724 639 1780 sublato
673 1728 920 1797 grabato,
954 1728 1088 1783 abiit
1115 1745 1298 1784 coram
1333 1731 1606 1791 omnibus.
1643 1733 1717 1784 ita
1748 1741 1807 1785 ut
1838 1733 2003 1784 mira-

427 1828 615 1870 rentur
635 1834 881 1875 omnes.»
919 1820 1181 1888 Equidem
1205 1820 1535 1875 oﬂ‘cnsarum
1566 1822 1814 1876 dimissio
1834 1824 1998 1876 etiam
2033 1801 2075 1856 Β

428 1909 501 1961 ab
524 1910 835 1966 hominibus
863 1922 1053 1966 contra
1085 1928 1222 1982 quos
1248 1912 1449 1968 oﬂ’eusa
1479 1912 1640 1967 fuerit
1665 1922 2001 1984 perpetrata,

428 2000 598 2057 verbo
643 2004 842 2072 sa’pins
874 2004 1193 2073 perﬁcitur;
1236 2007 1487 2061 morbum
1516 2020 1666 2070 vero,
1695 2016 1748 2060 et
1774 2010 2004 2070 {tantum

422 2092 578 2160 jussu
602 2095 837 2166 soloque
863 2097 1030 2151 verbo
1051 2097 1238 2166 fugare
1268 2098 1439 2154 solius
1460 2109 1543 2154 est
1562 2099 1679 2153 Dei.
1716 2097 2005 2166 Propterea

431 2187 771 2258 Evangciista
806 2189 1195 2245 animadvertit
1231 2192 1419 2246 dicens

429 2280 645 2347 mirari,
687 2280 965 2351 Deumque
1013 2282 1413 2350 homoriiicare,
1448 2285 1684 2353 portenti
1717 2283 1876 2345 hujus
1907 2297 2009 2334 au-

430 2386 666 2439 cmrem,
687 2387 781 2427 seu
801 2375 980 2442 potius
1006 2376 1267 2443 praeclara
1294 2383 1348 2428 et
1388 2374 1656 2429 mirabilia
1714 2372 2005 2428 facientem

429 2479 660 2533 quorum
683 2481 796 2520 non
813 2476 891 2521 est
916 2481 1194 2532 numerus,
1220 2468 1494 2521 dicentes:
1523 2484 1542 2518 ι
1573 2465 1708 2532 Quia
1731 2479 2007 2535 nunquam

431 2557 514 2613 sic
539 2558 793 2613 vidimus.
828 2578 847 2611 ι
894 2558 959 2613 Hi
999 2560 1220 2629 quidem
1253 2559 1326 2614 ita
1358 2573 1610 2614 sermone
1653 2558 1868 2612 laudem
1907 2559 2008 2612 tri-

433 2650 691 2716 buentes,
725 2659 779 2704 et
811 2651 1132 2705 miraculum
1163 2651 1337 2721 majus
1356 2650 1799 2706 antecedentibus
1826 2660 2012 2705 osten-

431 2740 646 2803 dentes,
677 2741 930 2795 dicebant
955 2741 1146 2812 :rgh'os
1167 2757 1443 2811 nunquam
1465 2741 1547 2796 sic
1574 2739 1825 2795 vidimus.
1855 2760 1874 2793 ι
1902 2738 2010 2796 Nos

434 2848 565 2889 vero
606 2834 699 2905 qui
749 2834 875 2888 talia
928 2834 1029 2889 l‘ari
1056 2849 1162 2888 non
1205 2849 1533 2905 possumus:
1573 2833 1806 2890 vidimus
1861 2835 2008 2889 enim

436 2926 604 2980 multa
670 2925 1011 2996 multumque
1075 2927 1181 2982 hoc
1230 2925 1498 2980 miraculo
1554 2925 1785 2995 majora,
1843 2940 1946 2981 non
1980 2938 2011 2979 a

435 3018 657 3073 Christo
684 3026 914 3084 tantum,
944 3017 1039 3074 sed
1066 3017 1231 3091 etiam
1255 3018 1323 3071 ab
1353 3017 1469 3088 ejus
1494 3016 1799 3088 discipulis,
1831 3024 2013 3088 poste-

440 3111 627 3179 risque
657 3108 1068 3166 successoribus
1098 3110 1213 3165 sola
1264 3109 1498 3163 nominis
1533 3109 1737 3166 Christi
1782 3112 2009 3165 invoca-

438 3205 586 3261 tione
611 3201 854 3273 pcrl‘ecta
875 3218 901 3267 ;-
916 3216 1016 3258 nos
1043 3216 1195 3272 ergo,
1227 3202 1444 3268 fratres,
1467 3216 1591 3258 eum
1624 3204 1879 3273 Operibus
1898 3206 2010 3274 jam

443 3312 585 3352 nunc
611 3294 1055 3358 bonorit'icemus,
1102 3282 1506 3352 hortamentum
1533 3296 1601 3351 ad
1638 3296 1895 3352 virtutem
1937 3299 2008 3352 ab

437 3392 542 3446 hoc
578 3389 844 3444 miraculo
889 3388 974 3458 pia
1036 3396 1220 3443 mente
1263 3391 1667 3459 percipientcs;
1708 3392 2019 3462 quicunque

437 3486 583 3541 enim
615 3481 1255 3552 voluptatibusindulget.
1277 3483 1607 3552 paralyticus
1629 3492 1737 3549 est,
1778 3486 1834 3538 in
1876 3486 2015 3540 iecto

440 3576 683 3632 libidinis
726 3574 936 3643 iacens,
977 3588 1191 3629 necnon
1228 3575 1522 3631 debilitatis
1557 3591 1662 3646 qua
1701 3576 1751 3631 io
1789 3592 1855 3633 eo
1885 3594 2017 3635 caro

445 3671 699 3725 afﬁcitur.
741 3668 796 3723 Si
823 3683 957 3723 vero
977 3682 1170 3723 suasus
1195 3667 1524 3739 cvangelicis
1545 3669 2016 3727 adhortationibus

441 3763 660 3831 propria
713 3770 933 3830 peccata
969 3760 1256 3815 confessus
1296 3760 1638 3830 superaverit
1678 3760 2015 3817 debilitatem

441 3855 635 3909 exinde
667 3854 861 3909 anima:
890 3853 1384 3924 supervenientcm,
1410 3868 1439 3907 ο
1474 3864 1708 3924 quatuor
1737 3858 2020 3926 sequenti-

440 3948 544 4004 hns
601 3950 666 4002 ad
725 3947 1017 4003 Dominum
1069 3946 1243 4002 fertur
1292 3947 1554 4018 suiipsius
1586 3948 2014 4018 vituperatione,

446 4023 792 4110 peccatorum
811 4038 1174 4103 confessione,
1199 4039 1588 4108 pollicitatione
1613 4055 1643 4094 a
1666 4041 1809 4095 malo
1830 4053 2032 4113 postea

445 4132 774 4196 abstinendi,
808 4141 863 4186 et
893 4131 1140 4186 oratione
1168 4132 1233 4185 ad
1265 4131 1432 4185 Deum
1474 4129 1639 4186 facta.
1687 4129 1883 4186 Verum
1917 4133 2018 4187 ista

447 4223 513 4278 ad
539 4222 707 4277 Deum
751 4230 1027 4291 nequeunt
1061 4219 1373 4286 admovere,
1415 4221 1520 4277 nisi
1558 4230 1756 4276 tectum
1795 4223 2017 4288 nudent,

448 4315 657 4386 tegulas
700 4323 754 4368 et
803 4313 973 4367 lutum
1018 4313 1288 4382 aliamque
1342 4313 1627 4368 materiam
1687 4314 2021 4385 dejicientes.

448 4408 616 4462 Porro
644 4415 846 4462 tectum
880 4404 931 4460 in
960 4404 1115 4460 nobis
1144 4411 1231 4459 est
1253 4404 1452 4460 mentis
1479 4402 1856 4475 intelligentia,
1891 4408 2019 4480 quia

2107 549 2409 613 συμφωνεῖ·
2439 546 2520 599 δτι
2565 547 2662 617 μέν
2690 546 2801 618 γᾶρ
2835 547 3013 608 οὐδεὶς
3046 544 3355 616 ἀνθρώπων
3386 544 3518 613 παρ’
3549 545 3685 594 ἐαυ-

2103 638 2198 691 τοῦ
2256 638 2485 692 δύναται
2531 640 2750 708 ἀφιέναι
2805 638 3104 709 ἁμαρτίας,
3150 636 3351 708 ἀληθὲς
3401 631 3545 689 εἶναι
3576 634 3680 687 δεί-

2105 747 2313 784 κνυσιν.
2359 729 2566 783 Ἑκεῖνο
2602 731 2659 783 δὲ
2692 731 2799 783 τῶν
2829 732 3138 800 Φαρισαίων
3170 729 3365 799 ψευδές
3395 728 3490 780 καὶ
3520 728 3687 779 ἀσύν-

2105 837 2247 879 ετον.
2290 822 2370 873 δτι
2408 821 2563 888 ψιλός
2615 824 2762 874 ἐστιν
2793 821 3081 890 ἄνθρωπος
3114 822 3141 873 δ
3178 819 3433 891 Χριστὸς.
3467 817 3581 871 ἀλλ’
3620 817 3681 870 ού

2105 912 2237 975 Θεὸς
2275 912 2707 982 παντοδύναμοςο
2747 912 2774 964 δ
2806 912 2915 983 γὰρ
2944 912 3202 966 οὐδέποτέ
3233 928 3320 974 τις
3367 907 3529 971 εἶδεν,
3560 909 3684 961 ούδέ

2106 1003 2333 1071 ἤκουσε,
2360 1003 2456 1057 νῦν
2483 1004 2721 1075 ἀνεφάνη
2758 1005 2891 1067 Θεὸς
2915 1004 3010 1057 καὶ
3032 1004 3322 1074 ἄνθρωπος
3354 1003 3537 1067 αὐτὸς,
3571 1004 3687 1057 διτ-

2106 1096 2205 1156 τὴν
2248 1097 2343 1148 καὶ
2397 1098 2496 1165 τὴν
2535 1095 2695 1163 φύσιν
2733 1095 2873 1165 ἔχων
2919 1097 3017 1150 καὶ
3066 1097 3166 1164 τὴν
3222 1097 3539 1165 ἐνέργειαν,
3588 1094 3684 1145 καὶ

2105 1187 2283 1239 λαλῶν
2319 1186 2416 1256 μέν
2459 1186 2589 1240 καθ’
2623 1187 2770 1254 ἡμᾶς
2819 1187 2894 1251 ὡς
2927 1187 3218 1257 ἄνθρωπος
3241 1225 3258 1251 ,
3289 1185 3458 1239 ποιῶν
3492 1185 3547 1237 δὲ
3580 1186 3684 1237 ὅσα

2108 1277 2257 1331 θέλει
2302 1278 2446 1349 λόγῳ
2501 1278 2595 1330 καὶ
2636 1279 3021 1347 προστάγματι
3067 1278 3212 1348 μόνῳ
3266 1277 3341 1338 ὡς
3373 1276 3539 1339 Θεός·
3589 1276 3687 1329 καὶ

2106 1370 2194 1423 διὰ
2219 1371 2327 1425 τῶν
2363 1369 2541 1441 ἔργων
2579 1371 2962 1439 πιστούμενος,
3004 1371 3087 1424 δτι
3129 1371 3220 1423 καὶ
3251 1369 3349 1439 τὴν
3376 1368 3550 1440 ἀρχὴν
3581 1367 3688 1420 αύ-

2107 1462 2197 1523 τδς
2233 1464 2300 1514 τὶ
2340 1463 2517 1515 πάντα
2568 1463 2711 1517 κατά
2739 1463 2800 1515 τὸ
2835 1463 3146 1533 ψαλμικόν·
3190 1481 3208 1513 ι
3244 1458 3403 1529 Eine,
3437 1461 3530 1515 καὶ
3563 1461 3692 1527 ἐγε-

2108 1552 2351 1621 γήθησαν
2377 1595 2391 1617 ,
2432 1554 2592 1616 αύτδς
2646 1555 2970 1619 ἐνετείλατο,
3006 1555 3101 1609 καὶ
3144 1553 3504 1622 ἐκτίσθησαν·
3551 1570 3569 1603 ο
3605 1550 3691 1605 διὸ

2110 1648 2206 1697 καί¹
2243 1645 2338 1698 νῦν
2367 1646 2444 1716 τῷ
2472 1647 2616 1715 λόγῳ
2663 1649 2856 1701 τούτου
2888 1646 3235 1716 παραχρῆμα
3262 1645 3324 1698 τὸ
3352 1644 3515 1714 ἔργον
3548 1645 3694 1713 ἐπη-

2111 1735 2462 1807 κολούθησεν·
2494 1738 2705 1809 ἠγέρθη
2733 1740 2842 1809 γὰρ
2869 1740 3033 1802 εὐθὺς
3055 1741 3082 1792 ό
3104 1736 3494 1806 παραλυτικὸς,
3529 1755 3547 1787 ι
3574 1738 3690 1790 Καὶ

2106 1834 2245 1900 ἄρας
2298 1833 2390 1884 τὸν
2447 1833 2759 1902 κράδδατον
2832 1833 3058 1903 ἐξῆλθεν
3124 1831 3366 1884 ἐναντίον
3426 1831 3686 1883 πάντων·

2106 1922 2249 1975 ὥστε
2290 1921 2605 1987 ἐξίστασθαι
2660 1924 2891 1986 πάντας.
2932 1940 2952 1974 ι
2999 1921 3067 1975 'H
3104 1922 3205 1992 μὲν
3237 1919 3345 1990 γὰρ
3380 1919 3488 1972 τῶν
3518 1936 3689 1972 πται-

2108 2014 2331 2083 σμάτων
2388 2015 2584 2081 ἄφεσις
2634 2015 2727 2067 καὶ
2773 2014 2925 2083 παρὰ
2976 2012 3085 2065 τῶν
3134 2011 3440 2078 ἀνθρώπων
3475 2011 3556 2073 εἰς
3592 2008 3690 2072 et);

2108 2105 2173 2160 ἄν
2228 2123 2312 2169 τις
2362 2108 2568 2174 πταίσῃ
2604 2106 2867 2169 πολλάκις
2895 2105 2986 2158 διὰ
3021 2103 3185 2172 λόγου
3227 2103 3488 2162 τελεῖται,
3525 2100 3690 2153 νόσον

1470 2210 1485 2247 ε
1537 2206 1731 2245 omnes
1758 2191 2004 2243 νῖιίθηῐθε
2105 2198 2187 2261 δέ,
2246 2197 2544 2250 καὶταῦτα
2583 2198 2841 2267 τοιαύτην
2898 2195 3241 2267 φυγαδεῦσαι
3299 2194 3693 2266 προστάγματι

2109 2293 2203 2344 καὶ
2234 2283 2570 2361 λόγῳ’μόνῳ
2605 2290 2768 2360 μόνου
2800 2288 2963 2344 Θεοῦ.
2993 2288 3094 2342 Διὰ
3130 2287 3291 2341 τοῦτο
3320 2287 3414 2340 καὶ
3440 2287 3469 2339 ό
3508 2285 3695 2351 Εὐαγ-

2109 2382 2366 2450 γελιστὴς
2422 2380 2845 2450 ἐπισημαίνεται
2906 2379 3083 2448 λέγων
3139 2380 3403 2448 ἐκστῆναι
3477 2379 3692 2438 πάντας

2108 2477 2235 2537 τοὺς
2272 2473 2500 2535 ἰδόντας,
2531 2473 2626 2526 καὶ
2657 2471 2904 2536 δοξάζειν
2939 2471 3032 2524 τὸν
3081 2469 3236 2523 Θεόν·
3268 2467 3432 2522 αὐτὸν
3466 2468 3691 2529 πάντως

2111 2563 2213 2635 51
2260 2564 2352 2616 τὸν
2394 2563 2488 2616 τοῦ
2524 2561 2832 2632 παραδόξου
2879 2561 3070 2615 τούτου
3120 2558 3369 2628 ποιητὴν,
3401 2558 3601 2628 μᾶλλον
3629 2556 3689 2609 δὲ

2111 2658 2203 2708 τὶν
2256 2653 2444 2719 ἔνδοξα
2494 2651 2757 2706 ποιοῦντα
2813 2652 2910 2704 καὶ
2965 2649 3216 2715 ἐξαίσια,
3250 2644 3344 2721 ὧν
3398 2649 3500 2701 ούκ
3538 2647 3691 2700 ἐστιν

2111 2746 2367 2820 ἀριθμὸς,
2411 2745 2711 2813 λέγονταςο
2753 2762 2772 2795 ι
2830 2742 2955 2797 Ὀτι
3011 2742 3268 2797 οὐδέποτε
3327 2738 3501 2801 οὕτως
3552 2738 3692 2790 είδο-

2114 2860 2234 2910 μεν.
2260 2861 2278 2893 ›
2310 2837 2449 2896 Ἀλλ’
2480 2840 2678 2892 ἐκεῖνοι
2710 2838 2808 2908 μὲν
2841 2836 2986 2890 οὕτω
3007 2835 3154 2904 λόγῳ
3180 2835 3278 2903 τὴν
3307 2832 3471 2897 δόξαν
3498 2830 3689 2883 ἀποδι-

2112 2936 2316 2998 δόντες,
2344 2933 2437 2985 καὶ
2464 2932 2524 2984 τὸ
2550 2928 2734 3000 θαῦμα
2770 2930 2955 2999 μεῖζον
2983 2928 3092 2981 τῶν
3122 2926 3533 2999 προγεγονότων
3562 2926 3689 2977 ἐπι-

2110 3024 2440 3088 δεικνύντες,
2466 3022 2672 3089 ἐλεγον,
2711 3020 2985 3074 Ούδέποτε
3018 3018 3190 3081 οὕτως
3224 3018 3456 3086 εἴδομεν.
3493 3017 3690 3085 Ἡμεῖς

2116 3119 2173 3171 δέ
2207 3118 2257 3170 οἰ
2310 3116 2384 3186 μὴ
2413 3113 2570 3167 τοῦτο
2623 3113 2803 3180 λέγειν
2865 3111 3082 3179 ἔχοντες
3145 3110 3260 3165 νῦν’
3317 3111 3533 3179 εἴδομεν
3578 3109 3695 3177 γὰρ

2120 3209 2292 3265 πολλὰ
2323 3209 2418 3261 καὶ
2464 3206 2636 3276 μείζω
2668 3204 2862 3258 τούτου
2913 3203 3119 3273 πολλῷ,
3158 3203 3219 3256 ού
3264 3202 3411 3272 παρὰ
3448 3201 3688 3272 Χριστοῦ

2121 3303 2301 3369 μόνον,
2347 3301 2484 3355 ἀλλὰ
2513 3302 2609 3352 καὶ
2638 3298 2748 3351 τῶν
2779 3295 2942 3349 αὐτοῦ
2985 3295 3266 3365 μαθητῶν,
3298 3294 3393 3347 καὶ
3424 3294 3530 3346 τῶν
3562 3293 3691 3364 ἑξῆς

2116 3394 2419 3463 διαδόχων,
2477 3393 2574 3445 καὶ
2622 3391 2763 3463 μόνῃ
2817 3388 2914 3443 τοῦ
2971 3388 3237 3457 ὀνόματος
3301 3385 3394 3439 τοῦ
3450 3384 3692 3453 Χριστοῦ

2119 3484 2405 3553 ἐπικλήσει
2437 3482 2735 3552 τελούμενα
2762 3496 2777 3511 ·
2817 3483 2977 3552 ἡμεῖς
2998 3476 3112 3544 οὖν,
3144 3476 3383 3547 ἀδελφοὶ,
3415 3476 3483 3529 δι’
3512 3476 3692 3546 ἔργων

2120 3577 2280 3632 αὐτὸν
2315 3573 2519 3646 ἀρτίως
2568 3572 2903 3641 δοξάσωμεν,
2949 3571 3258 3638 ὑπόδειγμα
3298 3568 3433 3638 πρὸς
3481 3566 3689 3636 ἀρετὴν

2122 3666 2491 3736 ἀναγωγικῶς
2519 3669 2613 3719 καὶ
2644 3668 2704 3719 τὸ
2733 3664 2919 3732 θαῦμα
2946 3661 3105 3716 τοῦτο
3140 3659 3529 3730 λαμϐάνοντες·
3563 3657 3696 3710 ἐκα-

2124 3779 2248 3824 στος
2279 3761 2351 3829 γά
2359 3778 2389 3830 ρ
2416 3760 2524 3812 τῶν
2553 3759 2671 3822 ταῖς
2703 3759 2916 3829 ἡδοναῖς
2942 3755 3355 3827 προσκειμένων
3382 3749 3692 3822 παράλυτός

2121 3856 2239 3908 ἐστι
2275 3854 2373 3923 τῆν
2401 3852 2583 3924 ψυχὴν
2623 3851 2718 3903 ἐπὶ
2748 3850 2935 3919 κλίνης
2964 3848 3062 3916 τῆς
3094 3845 3429 3916 ἡδυπαθείας
3462 3843 3557 3896 καὶ
3594 3842 3693 3910 τῆς

2123 3950 2182 4001 ἐν
2212 3945 2384 4018 ταύτῃ
2425 3945 2567 3998 κατὰ
2613 3943 2791 4012 σάρκα
2833 3939 3099 4010 δοκούσης
3130 3939 3367 4000 ἀνέσεως
3410 3936 3690 4005 κείμενος.

2133 4039 2276 4093 Ἀλλ’
2315 4040 2443 4092 ὅταν
2481 4034 2725 4098 πεισθεὶς
2757 4035 2876 4096 ταῖς
2929 4031 3315 4100 εύαγγελικαϊς
3356 4025 3695 4098 παραινέσε-

2127 4149 2232 4195 σιν,
2270 4124 2763 4198 ἐξομολογούμενος
2809 4121 3119 4194 θριαμϐεύῃ
3148 4121 3248 4184 τὰς
3281 4117 3476 4172 ἑαυτοῦ
3517 4117 3699 4187 ἁμαρ-

2124 4223 2265 4287 τίας,
2301 4221 2398 4274 καὶ
2432 4219 2531 4289 τὴν
2578 4216 2828 4271 ἐντεῦθεν
2859 4219 2955 4281 τῆς
2982 4214 3163 4284 ψυχῆς
3214 4211 3364 4281 αὐτῷ
3392 4211 3697 4281 γενομένην

2127 4314 2468 4385 παράλυσιν,
2507 4312 2612 4364 ὑπὸ
2653 4309 2763 4363 τῶν
2817 4308 3099 4376 τεσσάρων
3152 4306 3357 4359 τούτων
3409 4304 3699 4373 αἰρόμενος

2127 4406 2351 4477 φέρεται
2385 4403 2522 4475 πρὸς
2544 4403 2636 4456 τὸν
2664 4401 2890 4471 Κύριον,
2916 4402 3014 4468 τῆς
3035 4397 3244 4460 οἰκείας
3277 4394 3695 4464 καταγνώσεως,

450 4500 706 4555 omnibus
736 4503 801 4554 in
822 4498 982 4554 nobis
1008 4499 1266 4570 'praeest;
1298 4497 1404 4552 hoc
1433 4511 1564 4552 vero
1597 4498 1821 4553 multam
1856 4500 2011 4557 habet

2123 4498 2224 4565 τῆς
2260 4496 2367 4550 τῶν
2423 4494 2936 4565 προημαρτημένων
2991 4488 3438 4558 ἐξαγορεύσεως,
3489 4487 3587 4556 τῆς
3617 4488 3700 4549 εἰς

449 4592 844 4663 superpositam
868 4591 1022 4662 quasi
1054 4589 1358 4651 materiam,
1392 4589 1601 4643 scilicet
1629 4590 1697 4644 ad
1723 4590 1849 4645 vitia
1871 4601 1924 4647 et
1955 4592 2024 4649 ad

449 4686 736 4742 terrestria
766 4686 1207 4756 propensionem.
1236 4680 1404 4750 Igitur
1420 4681 1639 4751 quando
1662 4682 1765 4737 ista
1793 4699 2029 4752 propen-

452 4780 535 4833 sio
564 4793 593 4831 a
622 4785 856 4846 quatuor
876 4774 1151 4845 prmlictis
1184 4773 1499 4837 ferentibus,
1529 4773 1704 4826 soluta
1729 4774 2023 4841 excutitur,

454 4879 583 4922 tunc
606 4880 732 4922 vere
749 4879 1040 4936 possumus
1068 4861 1304 4925 dimitti,
1337 4862 1389 4916 id
1420 4871 1529 4927 est,
1569 4877 1694 4915 vere
1725 4863 2022 4928 humiliari,

451 4968 508 5014 et
542 4958 808 5027 provolvi,
842 4966 898 5013 et
941 4956 1008 5011 ad
1056 4954 1226 5009 Deum
1279 4953 1558 5019 accedere,
1595 4968 1802 5009 necnon
1855 4954 1922 5010 ab
1947 4956 2028 5027 :eo

452 5041 696 5122 ﬂagitare
723 5049 1058 5117 et‘couseqni
1081 5045 1401 5101 sanitatem.

2121 4590 2182 4644 τὸ
2213 4588 2340 4657 ἐξῆς
2395 4588 2530 4657 apo;
2581 4584 2794 4656 ἁποχὴν
2830 4585 2939 4637 τῶν
2987 4583 3172 4636 κακῶν
3202 4581 3570 4650 ὑποσχέσεως,
3605 4579 3701 4632 καὶ

2123 4681 2226 4751 τῆς
2252 4679 2390 4751 πρὸς
2414 4680 2507 4733 τὸν
2540 4678 2675 4731 Θεὸν
2710 4676 2969 4744 δεήσεως.
3011 4674 3157 4728 Ἀλλ’
3188 4674 3248 4726 ού
3278 4673 3500 4726 δύναται
3529 4669 3703 4723 ταῦτα

2126 4774 2493 4846 προσεγγίσαι
2542 4770 2620 4838 τῷ
2652 4768 2794 4838 Θεῷ,
2839 4768 2904 4822 ἂν
2944 4767 3020 4839 μὴ
3046 4766 3136 4820 τδν
3166 4765 3360 4836 δροφον
3394 4761 3704 4827 ἀποστεγά-

2128 4883 2290 4930 σωσι,
2325 4863 2426 4927 τὰς
2477 4863 2758 4932 κεράμους
2814 4861 2911 4913 καὶ
2953 4860 3045 4912 τὸν
3093 4855 3225 4928 χοῦν
3280 4855 3374 4909 καὶ
3406 4851 3704 4922 τὴνζᾶὶλην

2136 4959 2270 5027 ὓλην
2298 4955 2704 5028 διαρρίψαντες.
2734 4954 2972 5022 Ὀροφος
3004 4949 3064 5004 δέ
3101 4952 3246 5003 ἐστιν
3280 4951 3339 5003 ἐν
3368 4948 3499 5016 ἡμῖν
3526 4946 3589 4999 τὸ
3617 4945 3707 4995 λο-

2136 5049 2385 5118 γιστικὸν
2418 5046 2518 5115 τῆς
2544 5045 2745 5116 ψυχῆς,
2790 5045 2865 5107 ὡς
2898 5042 3006 5098 τῶν
3037 5043 3094 5096 ἐν
3123 5043 3256 5111 ἡμῖν
3290 5040 3508 5094 πάντων
3532 5036 3707 5106 ὑπερ-

453 5147 731 5215 κείμενον
762 5143 876 5213 ἔχει
913 5138 1154 5194 δέτοῦτο
1191 5137 1395 5206 πολλὴν
1460 5137 1649 5210 ὥσπερ
1720 5137 1857 5209 ὓλην
1922 5141 2282 5212 ἐπικειμένην
2329 5140 2428 5211 τὴν
2477 5141 2613 5209 πρὸς
2675 5139 2747 5193 τὰ
2800 5138 2949 5205 πάοη
3001 5134 3100 5190 καὶ
3142 5134 3208 5188 τὰ
3262 5134 3428 5202 γήϊνα
3495 5131 3704 5198 σχέσιν.

461 5244 634 5296 Ὅταν
658 5235 755 5291 οὖν
798 5237 833 5308 ἡ
885 5234 1070 5305 σχέσις
1126 5232 1264 5303 αὓτη
1318 5232 1408 5286 διά
1456 5233 1567 5287 τῶν
1617 5235 2035 5304 προειρημένων
2071 5235 2358 5305 τεσσάρων
2393 5233 2527 5304 λυθῇ
2580 5234 2674 5288 καὶ
2724 5229 3082 5299 ἄποτιναχθῇ,
3128 5227 3251 5280 τότε
3337 5223 3413 5287 ὥς
3492 5219 3708 5291 ἀληθῶς

459 5333 740 5403 δυνάμεθα
788 5329 1146 5403 χαλασθῆναι,
1179 5328 1459 5382 τουτέστιν
1500 5328 1718 5401 ἀληθῶς
1751 5329 2160 5400 ταπεινωθῆναι
2230 5330 2322 5384 καὶ
2361 5330 2695 5401 προσπεσεῦι
2746 5327 2838 5379 καὶ
2915 5321 3277 5394 προσεγγίσαι
3341 5317 3417 5387 τῷ
3489 5313 3704 5384 Κυρίῳ,

461 5427 560 5482 καὶ
590 5426 812 5495 αἰτῆσαι
844 5423 942 5476 καὶ
985 5422 1171 5476 λαϐεῖν
1202 5423 1530 5493 παρ”αύτοῦ
1573 5422 1676 5493 τὴν
1716 5423 1881 5477 ἴασιν.

536 5523 642 5576 Sed
670 5522 886 5591 quando
935 5518 1074 5572 iacta
1110 5528 1236 5573 sunt
1283 5520 1387 5576 ista
1438 5519 1771 5590 pauitantia:
1823 5520 2032 5587 opera?

461 5611 842 5682 qttandolvenit
864 5607 1021 5666 J’esus
1046 5610 1096 5664 in
1120 5611 1394 5669 civitatem
1418 5627 1592 5679 suam,
1621 5613 1671 5666 id
1694 5621 1797 5681 est,
1818 5614 2034 5681 quando

536 5791 593 5824 ’⁸
628 5790 769 5846 Pani.
807 5809 974 5848 χχχιι.
1004 5794 1057 5848 εὶ

2209 5513 2508 5569 Γίνεταιδέ
2539 5510 2708 5564 ταῦτα
2758 5508 2827 5561 τὰ
2872 5507 2970 5571 τῆς
3019 5503 3307 5575 μετανοίας
3341 5500 3479 5572 ἔργα
3530 5497 3700 5564 πότε;

2140 5611 2226 5665 ὅτε
2251 5603 2411 5678 ἦλθεν
2444 5606 2471 5659 ὁ
2517 5602 2728 5673 Ἰησοῦς
2779 5601 2871 5655 ἐπὶ
2900 5597 2999 5669 τὴν
3053 5597 3186 5652 ἰδίαν
3233 5594 3409 5659 πόλιν,
3458 5591 3708 5647 τουτέστι
