4090 6464
345 359 442 423 1-21
1631 335 1635 338 ’
1761 361 1917 423 non

2024 363 2093 424 [Α
2133 365 2208 425 x.
3509 333 3606 422 re

344 472 478 540 μεθὸ
531 473 616 526 διὰ
662 474 861 542 σαρκὸς
909 475 1220 544 ἐπεδήμησε
1274 473 1350 544 τῷ
1399 475 1612 544 κόσμῳ,
1655 474 1712 540 ὃς
1740 476 1907 528 αὐτοῦ

2024 491 2112 547 per
2158 491 2381 530 carnem
2419 473 2469 528 in
2512 471 2770 529 mundum
2815 472 3203 542 peregrinatus
3234 480 3316 525 est
3356 471 3445 540 qui
3485 486 3609 539 pm-

341 564 491 614 έστιν
537 564 667 626 ίδιος
700 565 774 628 ὠς
810 565 900 618 ὑπ’
947 565 1114 618 αὑτοῦ
1164 565 1425 628 κτισθεὶς,
1475 566 1728 637 καθάπερ
1764 570 1855 620 καὶ
1883 571 1911 618 ὁ

344 653 750 724 Εύαγγελιστὴς
783 658 910 725 περὶ
941 658 1106 710 αὑτοῦ
1137 676 1324 728 φησιν,
1359 660 1476 712 ὅτιο
1517 678 1534 710 ι
1580 660 1674 721 Εἰς
1705 660 1771 711 τὰ
1811 661 1914 713 Eata

341 743 496 819 ἦλθε,
527 751 619 802 καὶ
644 752 691 802 oi
725 750 846 804 ίδιοι
870 752 1033 804 αὑτὸν
1065 755 1126 805 οὗ
1162 753 1506 824 παρέλαϐον·
1547 759 1662 808 ὅσοι
1698 755 1754 808 δὲ
1789 756 1910 807 ξλα-

344 842 437 895 σον
457 843 639 908 αὑτὸν,
672 842 871 897 ἔδωκεν
901 845 1085 907 αὐτοῖς
1115 845 1366 910 ἐξουσίαν
1397 849 1562 902 τέκνα
1597 848 1732 901 Θεοῦ
1765 848 1916 916 γενέ-

343 936 490 996 σθαι,
521 937 632 998 τοῖς
682 938 1034 990 πιστεύουσιν
1084 941 1164 1002 είς
1216 940 1277 993 τὸ
1323 941 1495 1011 ὄνομα
1536 941 1724 995 αὑτοῦ.
1767 961 1786 994 ι
1826 943 1915 994 Διὸ

343 1028 436 1079 καὶ
461 1029 488 1080 ὁ
520 1027 890 1098 παραλυτικὸς
921 1031 1042 1094 νοῦς
1071 1033 1208 1102 μετὰ
1240 1033 1473 1098 πίστεως
1502 1033 1650 1088 οὕτω
1672 1052 1918 1100 προσπε-

346 1119 476 1181 σὼν,
505 1121 691 1172 τέκνον
723 1120 886 1184 εὐθὺς
919 1122 1105 1176 ἀκούει
1140 1125 1272 1194 παρ’
1307 1124 1492 1188 αὐτοῦ,
1529 1127 1621 1179 καὶ
1649 1127 1747 1195 τὴν
1778 1127 1914 1194 ἄφε-

345 1225 430 1260 σιν
462 1210 555 1262 καὶ
600 1211 700 1279 τὴν
760 1212 904 1263 ίασιν
955 1213 1260 1282 λαμϐάνειο
1297 1216 1388 1268 καὶ
1434 1217 1494 1268 ού
1528 1219 1698 1269 ταῦτα
1731 1217 1914 1286 μόνον,

345 1299 478 1352 ἀλλὰ
529 1302 620 1353 καὶ
677 1301 908 1370 δύναμιν
981 1304 1392 1375 προσλαμδάνει
1452 1306 1545 1359 τὸν
1601 1307 1916 1375 κράὸὅατον

345 1392 542 1460 αἴρειν,
571 1393 664 1445 καὶ
693 1395 879 1460 φέρειν
927 1395 1016 1464 ἐφ’
1059 1389 1102 1464 ᾧ
1151 1399 1454 1454 κατέκειτο.
1505 1397 1830 1471 Κρὰϐὅατον
1858 1401 1916 1454 δὲ

344 1484 558 1553 νοήσεις
583 1485 643 1537 τὸ
694 1486 854 1556 σῶμα
883 1480 925 1555 ᾧ
954 1490 1299 1558 πρόσκειται,
1341 1492 1437 1546 καὶ
1479 1492 1548 1546 δι’
1588 1485 1648 1545 οὗ
1683 1494 1794 1546 τῶν
1824 1493 1916 1564 ἕρ-

345 1589 458 1640 γων
491 1573 778 1643 ἀντέχεται
813 1575 910 1644 τῆς
938 1575 1230 1646 ἁμαρτίας,
1261 1580 1288 1630 ὁ
1308 1582 1430 1642 ταῖς
1469 1584 1759 1650 σαρκικαῖς
1787 1585 1916 1654 ὀρέ-

348 1664 493 1728 ξεσιν
519 1665 781 1734 ἑπόμενος
818 1667 960 1731 νοῦς.
1000 1670 1153 1722 Μετὰ
1199 1670 1256 1722 δὲ
1286 1671 1385 1740 τὴν
1415 1672 1561 1724 ἴασιν
1593 1672 1742 1740 ἄγων
1798 1675 1917 1729 ἐστὶ

346 1753 407 1807 τὸ
435 1755 590 1823 σῶμα
615 1762 708 1814 καὶ
751 1759 932 1830 φέρων
958 1760 1032 1822 ὡς
1063 1762 1382 1832 ὑποχείριον
1411 1767 1436 1816 ὁ
1468 1765 1737 1835 ἡμέτερος
1768 1767 1912 1834 νοῦς,

346 1845 442 1898 καὶ
473 1845 542 1899 δι’
578 1847 743 1900 αὐτοῦ
768 1851 896 1913 τοὺς
939 1851 1187 1922 καρποὺς
1219 1853 1310 1905 καὶ
1341 1854 1407 1906 τὲ
1440 1853 1574 1924 ἔργα
1611 1857 1711 1926 τῆς
1745 1875 1914 1925 μετα-
1946 1841 1990 1898 Β

347 1937 494 2002 νοίας
515 1940 979 2010 ἐπιδεικνύμενος,
1013 1944 1088 2005 ὡς
1117 1945 1210 1997 καὶ
1243 1946 1369 2009 τοὺς
1398 1947 1640 2017 ὁρῶντας
1671 1948 1915 2014 δοξάζειν

345 2032 438 2082 τὸν
467 2031 618 2098 θεὸν,
648 2032 947 2103 βλέποντας
977 2036 1370 2107 εύαγγελιστὴν
1402 2041 1647 2110 σήμερον
1675 2042 1764 2093 τὸν
1788 2041 1918 2112 χθὲς

344 2123 603 2194 τελώνην,
643 2127 936 2179 ἀπόστολον
965 2128 1057 2181 τὸν
1089 2129 1346 2201 διώκτην,
1381 2130 1629 2199 θεολόγον
1682 2135 1770 2187 τὸν
1823 2135 1918 2206 λῃ-

348 2218 505 2285 στὴν,
554 2220 667 2272 υίδν
721 2220 817 2272 τοῦ
864 2221 1117 2292 οὐρανίου
1173 2224 1387 2294 Πατρὸς
1435 2225 1527 2278 τὸν
1575 2226 1768 2297 πρώην
1804 2231 1917 2292 τοῖς

345 2308 550 2378 χοίροις
598 2310 1044 2381 ἐνδιαιτώμενον·
1077 2315 1124 2365 εί
1158 2315 1214 2367 δὲ
1251 2313 1452 2384 βούλει,
1485 2317 1580 2369 καὶ
1622 2319 1918 2383 ἀναϐάσεις

347 2404 406 2452 ὲν
444 2402 637 2471 καρδία
665 2403 1054 2474 διατιθέμενον,
1093 2406 1184 2458 καὶ
1221 2408 1590 2477 πορευόμενον
1626 2409 1730 2462 ἀπὸ
1759 2409 1915 2480 δόξης

345 2495 427 2554 εἰς
457 2493 632 2558 δόξαν,
686 2494 746 2546 τὸ
803 2496 1134 2563 προκόπτειν
1181 2499 1420 2568 ἑκάστης
1473 2502 1680 2571 ἡμέρας
1729 2503 1822 2554 ἐπὶ
1857 2503 1918 2555 τὸ

345 2586 614 2651 κρεῖττον,
674 2585 763 2637 Διὸ
823 2589 916 2641 καὶ
959 2587 987 2639 ὁ
1047 2587 1251 2658 Κύριος
1313 2591 1450 2662 πρὸς
1501 2593 1631 2656 τοὺς
1679 2595 1917 2657 οἰκείους

346 2677 513 2744 φησίν
538 2693 551 2708 ο
609 2696 626 2728 ι
663 2676 815 2732 Οῦτω
846 2679 1114 2750 λαμψάτω
1145 2681 1202 2733 τὸ
1245 2682 1360 2750 φῶς
1401 2683 1558 2753 ἡμῶν
1599 2685 1913 2754 ἔμπροσθεν

344 2769 454 2821 τῶν
499 2771 820 2840 ἀνθρώπιον,
866 2772 1014 2835 ὅπως
1047 2774 1229 2828 ἴδωσιν
1269 2775 1425 2846 ὑμῶν
1466 2776 1536 2830 τὰ
1573 2778 1716 2830 καλὰ
1756 2779 1915 2848 ἔργα,

346 2863 441 2914 καὶ
466 2861 728 2927 δοξάσωσι
761 2863 852 2916 τὸν
899 2864 1115 2936 Πατέρα
1146 2866 1299 2934 ὑμῶν
1353 2867 1442 2921 τὸν
1490 2869 1548 2920 ἐν
1583 2871 1698 2932 τοῖς
1752 2869 1917 2939 ούρα-

343 2955 479 3015 νοῖς.
520 2971 538 3004 ι
577 2954 746 3008 Τοῦτο
767 2955 824 3008 δέ
852 2973 1038 3026 φησιν,
1079 2957 1178 3011 οὐκ
1215 2958 1624 3013 ἐπιδείκνυσθαι
1649 2961 1914 3026 κελεύων,

343 3048 480 3101 ἀλλὰ
515 3047 772 3116 θεοφιλῶς
824 3049 1246 3104 πολιτεύεσθαι·
1301 3051 1554 3122 καθάπερ
1601 3053 1658 3106 δὲ
1705 3054 1766 3108 τὸ
1799 3054 1918 3124 φῶς

344 3139 825 3208 ἀπραγματεύτως
883 3142 1169 3210 ἐφέλκεται
1234 3142 1372 3206 τοὺς
1423 3144 1743 3214 ὀφθαλμοὺς
1802 3145 1913 3198 τῶν

343 3231 615 3300 ὁρώντων,
660 3232 764 3304 52
797 3233 970 3298 οὕτως
1009 3237 1042 3306 ή
1070 3235 1323 3307 θεοφιλὴς
1351 3237 1597 3292 πολιτείά
1627 3239 1768 3309 μετὰ
1811 3239 1920 3293 τῶν

344 3323 640 3392 ὀφθαλμῶν
684 3326 982 3378 ἐπισπᾶται
1022 3328 1112 3379 καὶ
1147 3328 1246 3398 τὴν
1292 3329 1550 3384 διάνοιαν.
1590 3330 1700 3383 Καὶ
1740 3331 1916 3386 καθά·

348 3432 454 3484 περ
490 3417 648 3468 πάλιν
682 3418 774 3470 ἐπὶ
799 3418 892 3470 τοῦ
921 3419 1148 3489 ἡλιακοῦ
1176 3421 1352 3486 φωτὸς
1391 3424 1448 3474 ού
1473 3423 1565 3476 τὸν
1613 3427 1911 3495 μετέχοντα

344 3509 440 3576 τῆς
471 3508 856 3580 λαμπρότητος
879 3511 1212 3580 ἐπαινοῦμεν
1241 3513 1400 3584 ἀέρα,
1437 3514 1574 3567 ἀλλὰ
1607 3515 1699 3568 τὸν
1728 3515 1919 3586 ἔχοντα

349 3603 443 3653 καὶ
476 3601 780 3671 παρέχοντα
810 3603 908 3673 τὴν
945 3603 1123 3674 αύγὴν
1168 3605 1267 3674 τῆς
1314 3592 1698 3680 λαμπρότητος
1741 3609 1917 3681 ἥλιον,

346 3696 448 3747 κᾶν
473 3693 562 3745 τὸν
593 3695 730 3764 ἀέρα
763 3693 834 3756 ὡς
869 3697 1135 3764 φωτεινον
1158 3698 1553 3769 ἐπαινέσωμεν,
1592 3701 1746 3772 πόσῳ
1780 3701 1918 3770 μᾶλ-

345 3789 439 3840 λον
463 3789 552 3841 τον
580 3790 758 3859 ἥλιον;
792 3789 933 3844 οὕτω
969 3794 1065 3846 καὶ
1093 3794 1184 3847 ἐπὶ
1216 3795 1310 3848 τοῦ
1341 3796 1430 3850 διὰ
1462 3798 1571 3852 τῶν
1612 3797 1794 3869 ἔργων
1821 3801 1921 3870 τῆς

342 3883 547 3952 ἀρετῆς
579 3883 1025 3955 ἐπιδεικνυμένου
1062 3887 1159 3958 τὴν
1190 3888 1283 3940 τοῦ
1314 3889 1464 3959 ἡλίου
1493 3890 1596 3960 τῆς
1634 3890 1917 3944 δικαιοσύ-

342 3993 441 4043 νης
465 3975 824 4047 λαμπρότητα
845 3994 860 4009 ο
893 3979 1080 4048 ἐνάγει
1109 3981 1217 4054 γὰρ
1247 3973 1400 4045 οὗτος
1435 3982 1598 4047 εὐθὺς
1636 3983 1918 4055 ὁρώμενος

347 4067 483 4136 πρδς
515 4067 610 4138 τὴν
639 4068 794 4132 δόξαν
837 4068 931 4123 τοῦ
964 4072 1019 4122 ὲν
1058 4071 1307 4142 ούρανοίς
1343 4073 1576 4144 Πατρδς,
1613 4075 1707 4128 τοῦ
1765 4076 1917 4148 ἡλίου

342 4158 444 4225 τῆς
477 4157 826 4230 δικαιοσύνης
851 4162 1109 4233 Χριστοῦ.
1142 4165 1253 4218 Καὶ
1288 4165 1372 4218 ἵνα
1405 4167 1505 4230 τὰς
1547 4167 1770 4238 μείζους
1808 4170 1918 4223 τῶν

345 4250 555 4320 ἀρετῶν
603 4253 926 4322 παραλείπω
965 4255 1060 4309 νῦν
1098 4255 1240 4325 ἐγὼ,
1295 4259 1423 4311 ὃταν
1472 4261 1565 4312 ἐπὶ
1612 4261 1716 4331 τῆς
1766 4263 1920 4331 ἱερᾶς

344 4342 640 4413 ἐκκλησίας
664 4347 760 4399 σὺν
784 4346 912 4414 ὑμῖν
942 4347 1018 4417 τῷ
1043 4348 1165 4419 Θεῷ
1192 4352 1622 4422 παριστάμενος,
1657 4357 1920 4426 στραφεὶς

345 4437 443 4488 ἴδω
472 4435 594 4498 τοὺς
628 4438 763 4504 μετὰ
787 4439 1050 4504 συνέσεώς
1077 4458 1138 4494 τε
1170 4443 1264 4495 καὶ
1296 4445 1642 4509 κατανύξεως
1668 4446 1921 4517 ἀναπέμ-

2025 572 2201 639 prium
2235 570 2406 638 ipsius
2437 579 2521 625 est
2554 571 2816 638 praedium
2859 569 2984 638 quia
3023 568 3090 621 ad
3141 568 3255 636 ipso
3288 565 3466 619 factus
3498 577 3606 626 est,

2023 673 2190 730 prout
2223 662 2564 733 Evangelista
2595 663 2662 716 de
2695 663 2812 730 ipso
2840 661 2974 715 dixit
3012 677 3026 714 :
3068 679 3084 710 ι
3127 660 3180 713 In
3215 660 3430 729 propria
3463 660 3610 709 venit

2023 765 2077 810 et
2112 756 2192 810 sui
2227 770 2349 809 eum
2401 770 2507 808 non
2548 763 2870 822 receperunt
2900 770 2914 819 ;
2954 760 3220 820 quotquot
3246 763 3426 804 autem
3457 767 3600 803 γουρ-

2023 857 2215 917 perunt
2254 863 2400 908 enin,
2448 846 2594 900 dedit
2642 848 2721 900 eis
2761 854 3081 913 potestatem
3135 844 3274 898 lilios
3318 843 3410 896 Dei
3470 843 3608 907 ﬁeri,

2025 939 2110 994 his
2152 941 2243 1006 qui
2288 940 2510 994 credunt
2548 939 2599 992 in
2647 940 2861 992 nomine
2903 939 3017 1008 ejus
3039 939 3105 992 ³⁷.
3150 957 3168 989 ›
3209 937 3336 992 Ideo
3374 947 3427 992 et
3456 951 3614 989 mens

2024 1031 2320 1102 paralytica
2348 1031 2421 1086 ita
2454 1047 2576 1086 eum
2610 1031 2712 1086 ﬁde
2747 1033 3114 1100 procumbens
3147 1033 3331 1086 statim
3367 1031 3519 1085 audit
3548 1046 3608 1083 se

2025 1126 2242 1178 nomine
2276 1125 2366 1177 lilii
2399 1124 2684 1194 appellari,
2720 1126 3044 1192 veniamque
3072 1123 3234 1178 simul
3276 1139 3396 1177 cum
3458 1122 3609 1176 sani—

2024 1224 2136 1272 tate
2166 1219 2384 1288 accipit,
2416 1231 2468 1272 et
2494 1218 2713 1287 insuper
2753 1219 2898 1291 vires
2948 1233 3168 1288 quoque
3214 1219 3359 1287 capit
3414 1218 3612 1285 grana-

2026 1321 2135 1363 tum
2169 1295 2414 1374 tolleudi,
2445 1321 2499 1364 et
2526 1309 2805 1364 auferendi
2835 1311 2885 1364 in
2912 1327 3017 1379 quo
3038 1311 3276 1379 jacebat.
3301 1308 3601 1362 Gtabatnrn

2026 1417 2152 1456 vero
2183 1402 2471 1470 intelliges,
2506 1417 2702 1470 corpus
2771 1404 2823 1456 in
2863 1419 2968 1471 quo
3019 1403 3184 1469 jacet,
3221 1410 3274 1455 et
3333 1416 3429 1469 per
3460 1399 3606 1468 quod

2024 1507 2190 1561 Opera
2219 1491 2426 1560 peccati
2459 1501 2732 1560 perpetrat
2759 1494 2849 1562 qni
2884 1492 3066 1547 carnis
3101 1492 3333 1561 impetus
3358 1491 3610 1560 sequitur

2025 1585 2263 1639 animus.
2300 1583 2405 1638 Sed
2453 1593 2574 1654 p05t
2616 1583 2983 1648 sanationem,
3035 1598 3142 1637 non
3195 1583 3344 1637 ducit
3395 1591 3608 1636 tantum

2024 1677 2115 1730 sed
2143 1677 2307 1731 etiam
2338 1677 2476 1730 tollit
2510 1691 2712 1744 corpus
2754 1675 2907 1744 quasi
2959 1675 3383 1728 instrumentum
3427 1673 3609 1725 anima

2025 1778 2232 1832 n0stra,
2265 1778 2318 1822 et
2348 1768 2466 1837 eius
2485 1784 2585 1836 ope
2613 1767 2826 1822 fructus
2855 1778 2909 1820 et
2941 1782 3108 1836 opera
3142 1767 3478 1833 pmnitentite
3509 1781 3610 1817 ex-

2021 1863 2220 1933 proruit
2269 1863 2340 1915 ita
2382 1869 2439 1916 ut
2473 1861 2722 1916 videntes
2786 1860 2956 1916 Deum
3008 1860 3336 1930 gloriﬁcent,
3386 1860 3610 1926 consimi-

2020 1955 2228 2008 cienles
2285 1953 2449 2008 hodie
2495 1953 2893 2022 evangelistam
2960 1953 3051 2022 qui
3088 1952 3202 2005 heri
3259 1949 3608 2011 Puldicanus,

2020 2047 2328 2117 apostolum
2369 2047 2456 2114 qui
2494 2057 2832 2114 persecutor,
2859 2045 3169 2113 theologum
3195 2045 3286 2113 qui
3317 2043 3608 2111 praedator,

2022 2141 2188 2194 lilium
2221 2137 2399 2193 Patris
2431 2138 2673 2193 caelestis
2705 2138 2794 2205 qui
2822 2139 2995 2205 pridie
3027 2152 3147 2191 cum
3173 2135 3357 2204 porcis
3380 2150 3612 2189 conver-

2021 2232 2265 2296 sabatnr,
2315 2232 2548 2300 denique
2577 2231 2621 2285 si
2680 2231 2965 2299 placuerit,
3005 2239 3297 2284 cernentes
3343 2243 3609 2282 ascensus

2021 2323 2072 2377 in
2105 2324 2268 2378 corde
2307 2324 2704 2392 disponentem,
2743 2330 2960 2376 euntem
2993 2336 3020 2372 a
3055 2321 3226 2390 gloria
3272 2319 3323 2372 in
3349 2319 3605 2388 gloriam,

2019 2416 2246 2486 singulis
2274 2416 2466 2469 diehtts
2500 2415 2550 2468 in
2593 2414 2787 2468 melius
2826 2413 3190 2481 procedendo.
3225 2410 3605 2481 PrOpterquod

2023 2505 2280 2560 Dominus
2313 2505 2382 2558 ad
2409 2504 2702 2572 discipulos
2729 2502 2864 2557 dixit
2898 2519 2911 2555 :
2951 2520 2968 2552 ι
3013 2501 3104 2554 Sic
3157 2501 3335 2553 luceat
3378 2499 3465 2552 lux
3520 2514 3611 2551 ve-

2019 2609 2131 2653 stra
2162 2613 2344 2653 coram
2384 2597 2715 2662 hominibus,
2752 2605 2810 2649 ut
2841 2594 3056 2650 videant
3076 2608 3240 2662 opera
3262 2605 3439 2646 veStra
3465 2592 3610 2647 bona

2019 2701 2073 2746 et
2121 2691 2424 2763 gloriﬁcent
2459 2690 2672 2744 Patrem
2705 2698 2945 2743 vestrum
2978 2687 3069 2758 qui
3102 2687 3153 2740 in
3187 2685 3342 2740 caelis
3371 2694 3474 2738 est.
3504 2682 3548 2715 ⁸⁸
3581 2701 3601 2735 ι

2020 2784 2149 2849 Quae
2185 2783 2343 2847 dixit,
2369 2796 2476 2835 non
2503 2780 2657 2850 quasi
2680 2779 2896 2849 julteret
2924 2792 3022 2832 nos
3060 2777 3352 2840 instanter,
3395 2774 3488 2828 sed
3526 2773 3611 2840 pie

2020 2872 2335 2929 conversari
2366 2887 2379 2937 ;
2409 2871 2552 2925 sicut
2590 2869 2679 2923 lux
2703 2868 2822 2924 sine
2851 2867 3037 2922 labore
3061 2858 3248 2920 oculos
3273 2863 3606 2918 intuentium

2021 2963 2274 3024 inﬂectit,
2307 2963 2379 3016 ita
2414 2959 2499 3028 ρίιι
2530 2957 2879 3015 conversatio
2908 2957 3070 3012 simul
3096 2971 3218 3009 cum
3247 2954 3419 3009 oculis
3451 2968 3612 3006 men-

2023 3065 2128 3108 tcm
2163 3053 2391 3122 pellicit.
2424 3050 2646 3105 Rursus
2670 3049 3127 3120 quemadmodum
3163 3044 3382 3109 de'solis
3405 3043 3612 3097 lmnine

2028 3160 2132 3199 non
2209 3158 2392 3198 aerem
2445 3141 2757 3211 splendoris
2799 3139 3118 3209 participem
3152 3137 3456 3198 laudamus,
3497 3135 3610 3191 imo

1973 3221 1989 3242 ⁴
2024 3253 2150 3293 eum
2193 3235 2284 3306 qui
2329 3234 2560 3304 fulgoris
2589 3233 2748 3303 jubar
2779 3229 2944 3286 habet
2971 3239 3025 3286 et
3063 3229 3301 3299 partitur
3327 3229 3517 3291 solem,
3550 3235 3606 3281 et

2023 3330 2067 3383 si
2101 3343 2280 3383 aerem
2315 3326 2440 3396 quia
2481 3325 2695 3380 lucidus
2724 3322 3151 3387 laudaverimus,
3186 3328 3393 3392 quanto
3435 3319 3608 3389 magis

2022 3418 2234 3473 solem?
2267 3418 2340 3470 ita
2385 3417 2448 3468 de
2482 3431 2546 3470 eo
2579 3405 2669 3484 qni
2709 3428 2806 3483 per
2830 3428 2992 3482 opera
3031 3413 3250 3466 virtutis
3293 3409 3613 3464 manifestat

2023 3511 2156 3566 solis
2195 3510 2422 3581 justitiac
2475 3509 2869 3578 splendorem;
2927 3505 3032 3560 iste
3071 3505 3242 3568 enim,
3300 3504 3482 3560 statim
3539 3518 3606 3555 ac

2023 3612 2350 3672 conSpcctus
2381 3603 2504 3668 fuit,
2547 3603 2768 3656 adducit
2805 3602 2871 3656 ad
2912 3602 3142 3671 gloriam
3176 3599 3354 3654 Patris
3387 3599 3481 3668 qui
3520 3605 3604 3650 est

2023 3698 2075 3753 in
2109 3697 2282 3761 ccelis,
2320 3694 2687 3765 solisjustitia:
2719 3694 2948 3750 Christi.
2995 3695 3061 3748 Et
3092 3706 3149 3746 ut
3177 3693 3414 3761 majores
3448 3692 3610 3745 omit-

2025 3802 2130 3846 tam
2162 3791 2414 3852 virtutes,
2467 3787 2686 3856 quando
2715 3787 2768 3840 in
2819 3793 3007 3840 sancta
3050 3785 3292 3839 Ecclesia
3326 3784 3607 3838 vuhiscunt

2025 3883 2135 3939 Deo
2163 3883 2407 3944 adstans,
2459 3894 2757 3935 coaversus
2798 3879 2956 3934 video
2987 3893 3080 3933 eos
3106 3879 3198 3949 qui
3237 3893 3357 3933 cum
3393 3878 3603 3932 intelli-

2023 3979 2204 4050 gentia
2252 3987 2308 4032 et
2341 3975 2765 4045 compnnctione
2816 3974 3051 4043 hymnos
3104 3971 3490 4039 orationesque
3539 3970 3605 4022 ad

2025 4073 2194 4126 Deum
2247 4069 2490 4132 mittunt,
2528 4067 2613 4122 vel
2639 4067 2927 4137 quemdam
2965 4065 3018 4119 in
3045 4064 3395 4119 meditatione
3427 4063 3608 4117 cordis

2022 4173 2281 4228 stantem,
2332 4175 2538 4216 necnon
2565 4160 2616 4214 in
2651 4158 2868 4214 silentio
2901 4157 3236 4220 audientem,
3287 4155 3353 4209 ad
3384 4156 3485 4210 hoc
3515 4169 3609 4208 so-

2023 4256 2132 4310 lum
2158 4252 2529 4326 spectaculum
2566 4250 2732 4305 veluti
2771 4249 2972 4319 spiritu
3007 4247 3098 4303 Dei
3130 4247 3361 4310 alllatus,
3395 4247 3609 4300 animo-

2025 4363 2128 4418 que
2169 4347 2431 4417 repletus,
2466 4343 2712 4414 glorifico
2771 4343 2867 4411 qui
2934 4342 2986 4395 in
3021 4340 3176 4397 ccelis
3209 4351 3291 4394 cst
3323 4341 3604 4395 Christum

2025 4441 2266 4506 Patrem,
2309 4440 2427 4493 sine
2458 4452 2564 4507 quo
2588 4450 2747 4490 nemo
2773 4435 3065 4503 quidquam
3103 4432 3229 4487 boni
3265 4439 3440 4500 potest
3479 4445 3610 4499 apo-

345 4541 547 4588 ποντας
576 4526 700 4588 τοὺς
733 4527 867 4597 πρὸς
915 4528 1049 4582 Θεὸν
1085 4529 1290 4600 ὕμνους
1321 4533 1414 4585 καὶ
1457 4534 1558 4595 τὰς
1600 4534 1838 4606 δεήσεις,
1886 4534 1917 4606 ἢ

2034 4533 2166 4599 rari,
2203 4543 2257 4588 et
2292 4547 2385 4601 per
2417 4544 2579 4600 quem
2615 4525 2933 4583 hominibus
2964 4525 3146 4581 omnia
3196 4533 3344 4580 recta
3381 4538 3608 4594 prospe-

347 4617 634 4670 σιωπῶντα
655 4635 773 4671 τινα
805 4618 898 4670 καὶ
923 4619 1146 4675 σύννουν
1175 4623 1387 4677 ἑστῶτα
1415 4627 1507 4679 καὶ
1534 4626 1912 4698 ἀκροώμενον,

2031 4639 2198 4694 raque
2226 4621 2556 4678 adveniunt.

347 4713 441 4762 καὶ
475 4709 577 4762 ὑπὸ
615 4713 780 4782 μόνης
810 4713 909 4781 τῆς
948 4715 1072 4780 Θέας
1099 4717 1261 4781 εὐθὺς
1293 4719 1480 4783 ἔνθους
1513 4720 1760 4792 γίνομαι,
1789 4723 1889 4775 καὶ,¹
1917 4721 2188 4792 θυμηδίας
2230 4715 2571 4788 πληροῦμαῑ,
2601 4715 2700 4769 καῖ
2735 4714 2946 4779 δοξάζω
2994 4711 3086 4766 τδν
3129 4713 3188 4766 ἒν
3219 4710 3469 4783 οὐρανοῖς
3500 4727 3607 4764 πα-

346 4797 483 4867 τέρα
517 4800 768 4868 Χριστὸν,
790 4793 850 4853 οὗ
868 4805 1040 4873 χωρὶς
1058 4805 1212 4859 οὐδὲν
1244 4807 1418 4872 οὐδεὶς
1449 4810 1675 4864 δύναται
1699 4815 1875 4866 ποιεῖν
1907 4812 2026 4866 τῶν
2045 4810 2256 4876 καλῶν,
2277 4813 2370 4862 καὶ
2403 4807 2471 4860 δι’
2495 4803 2556 4859 οὗ
2575 4807 2684 4860 πᾶν
2717 4805 3030 4877 ἀνθρώποις
3057 4803 3118 4859 τὸ
3145 4801 3604 4875 κατορθούμενον.
3677 4831 3680 4833 λ

431 4891 587 4944 Ἀ).λά
613 4892 664 4944 τί
699 4893 794 4947 νῦν
821 4895 1052 4965 ἐροῦμεν
1081 4899 1218 4968 πρὸς
1255 4903 1383 4966 τοὺς
1427 4906 1566 4974 μήτε
1595 4907 1921 4971 σιωπῶντας

348 4982 611 5047 ἑστῶτας,
645 4985 778 5056 μήτε
805 4986 1242 5058 συμψάλλοντας,
1274 4993 1410 5046 ἀλλὰ
1446 4998 1919 5068 συντυγχάνοντας

345 5075 619 5145 ἀλλήλοις,
672 5079 768 5131 καὶ
823 5079 921 5151 τὴν
961 5081 1188 5154 λογικὴν
1249 5085 1408 5156 ἡμῶν
1462 5090 1604 5159 πρὶς
1636 5090 1726 5142 τὸν
1779 5090 1917 5144 Θεὸν

343 5167 596 5238 λατρείαν
669 5174 906 5243 κοσμικῇ
953 5190 1058 5226 τινι
1109 5173 1425 5248 λογολεσςίίᾳ
1504 5179 1912 5250 συμφύροντας,

342 5261 440 5314 καὶ
475 5263 612 5331 μήτε
647 5265 844 5328 animo;
865 5265 1165 5330 ἀκούοντας
1190 5269 1300 5321 τῶν
1334 5269 1494 5340 ἱερῶν
1530 5273 1624 5324 καὶ
1655 5271 1918 5325 θεοπνεύ-

343 5371 484 5406 σῖων
522 5354 720 5421 λόγων,
752 5355 847 5429 καί
875 5358 1000 5418 τοὺς
1027 5357 1284 5423 θέλοντας
1314 5360 1534 5414 ἀκούειν
1570 5362 1914 5431 κωλύοντας;

323 5447 487 5527 Δ’Έως
522 5450 670 5511 πότε,
713 5443 757 5502 ὦ
788 5444 957 5512 οὗτοι,
985 5454 1275 5521 χωλανείτε
1311 5455 1396 5506 ἐπ’
1422 5456 1768 5526 ἀμφοτέραις
1799 5461 1918 5521 ταῖς

343 5540 580 5609 ίγνύαις,
617 5541 645 5593 ὁ
676 5540 944 5612 Θεσὸίτης
977 5544 1042 5596 ἂν
1072 5539 1229 5598 εἶπεν
1264 5545 1471 5611 Ἠλίας,
1509 5549 1627 5616 ἅμα
1670 5547 1920 5613 θέλοντες

337 5636 434 5696 ἐπὶ
463 5633 776 5703 προσευχὴν
829 5637 1086 5699 συνεῖναι,
1145 5639 1238 5691 καὶ
1284 5638 1479 5706 λόγους
1533 5639 1799 5711 ἀκαίρους
1854 5658 1912 5695 τε

402 5817 447 5848 ³⁷
483 5814 642 5872 Lttn.
675 5833 711 5882 t,
749 5815 828 5869 ll.
935 5815 977 5847 ³⁸
1004 5815 1188 5871 Matth.
1223 5832 1271 5882 ν,
1321 5818 1402 5872 16.

2102 4903 2207 4958 Sed
2237 4903 2366 4974 quid
2401 4902 2636 4957 dicimus
2683 4902 2747 4955 ad
2780 4914 2876 4954 cos
2922 4900 3014 4968 qui
3053 4913 3229 4968 neque
3277 4898 3332 4951 in
3388 4895 3607 4951 silentio
3655 4938 3670 4947 .

2030 4994 2272 5062 adstant,
2300 5009 2472 5065 neque
2495 4993 2758 5065 psalltmt,
2795 4992 2888 5047 sed
2917 4991 3061 5046 inter
3082 5005 3142 5044 se
3162 4987 3607 5056 contabulantur,
3657 5011 3670 5018 -

2026 5098 2080 5144 et
2110 5087 2372 5159 spirituali
2410 5095 2610 5142 nostrae
2641 5087 2705 5141 ad
2729 5085 2899 5140 Deum
2935 5082 3239 5139 adorationi
3277 5081 3608 5138 mundanam

2023 5181 2378 5236 commiscent
2426 5178 2808 5248 loquacitatem
2838 5195 2853 5243 ;
2891 5177 2978 5246 qni
3009 5190 3114 5229 non
3149 5175 3320 5229 solum
3367 5188 3472 5228 non
3508 5188 3608 5226 au-

2027 5274 2386 5328 diuetsacros
2414 5287 2695 5327 sermones
2727 5271 2914 5326 divino
2947 5269 3136 5340 spiritu
3161 5267 3480 5336 inspiratus,
3511 5265 3606 5318 sed

2028 5366 2191 5418 etiam
2220 5381 2313 5421 eos
2358 5365 2676 5434 quivaudire
2722 5361 2908 5417 volunt
2953 5360 3248 5416 cohibent?
3282 5357 3612 5426 Usquequo,

2027 5457 2116 5527 qni
2154 5457 2285 5511 tales
2309 5458 2461 5522 estis,
2483 5455 2804 5510 claudicatis
2834 5454 2885 5508 in
2911 5454 3046 5508 duas
3077 5451 3305 5521 partes?
3340 5446 3630 5502 Thes-bitat~

2028 5549 2254 5603 dixisset
2285 5547 2489 5614 Helias,
2530 5549 2620 5616 qui
2650 5547 2811 5603 simul
2852 5545 3014 5600 vultis
3043 5543 3276 5599 orationi
3311 5539 3614 5607 et'impotn

2033 5641 2176 5696 tuuis
2208 5639 2923 5711 terrenisquesermonibus
2947 5638 3245 5707 indulgere,
3280 5633 3372 5706 qui
3405 5632 3639 5706 nedum
