4090 6470
499 317 601 381 1‘23

1719 325 1764 385 G
1779 329 1821 386 lt
1837 327 2038 386 EGOR
2053 329 2069 386 ἰ
2087 328 2110 386 Ι
2151 328 2341 388 I’ALA
2355 331 2402 388 Ill
2417 327 2478 386 ,Ε

3559 349 3562 351 λ
3647 324 3764 392 ιρι

489 435 746 497 alterum,
771 441 831 487 ut
859 430 942 487 fas
977 441 1081 497 est,
1107 433 1406 500 mdiﬁcetis,
1447 435 1548 490 alia
1571 435 1639 491 ab
1661 438 1781 492 aliis
1800 441 2064 508 evertitis,

2181 443 2266 495 καὶ
2295 441 2539 509 γηῒνους,
2565 440 2659 493 καὶ
2683 439 2806 510 μηδ’
2827 439 3013 510 ἕτερον
3045 439 3120 502 ώς
3146 439 3294 503 εἰκὸς
3322 437 3723 510 κατορθοῦντες
3741 484 3758 506 ,

493 536 589 576 seu
620 523 800 590 potius
831 523 1060 577 invicem
1112 525 1418 578 evertimini
1444 526 1467 579 ?
1497 525 1789 596 Usquequo
1835 531 1904 582 ab
1950 531 2071 586 istis

494 614 753 668 vanitatis
784 615 966 671 verbis
1008 629 1113 669 non
1151 617 1518 683 abstinebitis,
1548 619 1642 673 sed
1673 620 1892 674 domum
1939 639 2070 676 ora-

496 707 663 759 tionis
724 705 945 760 domum
1000 709 1386 772 ntercationis,
1447 719 1502 764 et
1557 713 1846 768 turbarutn
1905 712 2074 768 facie-

496 796 607 849 tis?
651 795 872 850 domum
917 797 972 850 in
1017 814 1122 866 qua
1178 801 1341 853 verba
1388 800 1510 855 vitze
1563 811 1780 856 aeternae
1834 801 2068 856 audiun-

499 896 586 937 tttr
625 897 735 938 tum
772 901 834 940 ex
868 887 1025 941 nobis
1078 889 1169 958 qui
1209 903 1239 942 a
1265 889 1377 943 Deo
1400 905 1521 944 cum
1558 906 1654 962 spe
1696 892 2070 948 inconl’usibili

493 977 659 1030 vitam
691 979 963 1045 poscimus
987 989 1267 1046 mteruam,
1299 990 1407 1035 tum
1445 997 1475 1036 a
1515 995 1668 1052 parte
1709 982 1802 1036 Dei
1833 983 2067 1053 largien-

495 1071 565 1122 tis
598 1070 677 1123 eis
706 1069 798 1140 qui
829 1085 894 1124 ex
929 1079 1040 1126 tota
1072 1073 1248 1124 anima
1286 1082 1339 1126 et
1365 1083 1470 1126 tota
1503 1081 1686 1129 mente
1728 1075 1880 1128 illum
1908 1076 2074 1130 obse-

493 1167 736 1225 crantur,
767 1177 870 1216 non
896 1172 1072 1216 autem
1102 1163 1166 1216 iis
1191 1165 1305 1232 qui,
1336 1174 1394 1218 ut
1419 1165 1492 1218 ita
1523 1165 1732 1234 loquar,
1768 1181 1873 1219 non
1906 1175 2072 1221 totam

495 1256 735 1325 linguam
775 1256 839 1310 ad
872 1255 1173 1310 orationem
1221 1267 1568 1312 convertunt.
1605 1257 1722 1312 Non
1752 1275 1848 1329 per
1892 1260 2069 1330 ignem

495 1364 644 1403 nunc
671 1362 699 1400 a
728 1348 904 1413 nobis,
933 1348 1151 1416 fratres,
1187 1349 1324 1403 sicut
1357 1365 1385 1403 a
1419 1349 1622 1421 Moyse,
1658 1351 1724 1405 ad
1765 1350 1928 1405 Deum
1977 1365 2068 1404 sa-

495 1437 781 1504 criﬁcium,
806 1437 897 1492 sed
923 1453 1018 1507 per
1039 1438 1264 1492 verbum
1289 1438 1533 1494 oll‘ertur.
1558 1437 1710 1493 Tunc
1737 1440 1902 1494 etiam
1927 1438 2070 1493 Deus

495 1527 713 1596 quidem
738 1528 1065 1582 sacriﬁcium
1090 1530 1208 1599 igne
1225 1528 1463 1582 oblatum
1487 1529 1718 1598 accepit,
1739 1529 1914 1598 ignem
1945 1544 2072 1582 vero

496 1622 815 1667 extraneum
851 1615 1156 1678 aﬂ'ereutes,
1191 1615 1282 1685 qui
1311 1632 1432 1670 cum
1461 1619 1601 1672 Core
1630 1617 1894 1674 adversus
1926 1617 2074 1690 Moy-

495 1717 592 1757 sen
619 1703 1052 1772 insurrexerunt,
1081 1706 1203 1774 igne
1230 1721 1387 1763 sacro
1413 1719 1604 1778 sponte
1624 1709 1676 1762 iu
1704 1709 1849 1778 ipsos
1881 1724 2068 1765 erum-

495 1803 678 1863 pente,
710 1797 1014 1866 consumpti
1049 1807 1195 1852 sunt.

2173 531 2310 584 ἀλλὰ
2343 531 2412 583 δι’
2443 530 2690 599 ἀλλήλων
2730 530 3161 599 συμφοείροντες
3195 530 3428 598 ἄλληλα,
3464 531 3664 599 μᾶλλον
3699 533 3763 586 δὲ

2170 621 2322 674 αὐτοὶ
2345 621 2414 674 δι’
2441 622 2687 691 ἀλλήλων
2718 622 3066 690 φ’)ειρόμενοι
3090 638 3103 686 ;
3141 621 3286 684 Ἕως
3315 623 3445 674 πότε
3477 625 3768 678 κάνταῦθα

2170 713 2280 765 τῶν
2324 713 2587 783 ῥημάτων
2614 712 2714 777 τῆς
2751 714 3111 782 ματαιότητος
3161 713 3260 766 οὐκ
3300 713 3592 780 ἀφέξεσθε,
3623 716 3766 770 ἀλλὰ

2168 802 2260 854 τὸν
2292 800 2446 856 οἷκον
2476 805 2575 872 τῆς
2607 807 2922 875 προσευχῆς
2962 799 3110 857 οἷκον
3163 805 3488 874 ὲμπορείας,
3517 805 3549 876 ἢ
3579 808 3765 876 ἐμπα-

2171 893 2323 956 θείας
2349 895 2509 963 λόγον
2538 897 2799 964 ποιήσετε
2823 912 2838 962 ;
2870 890 3022 949 οἷκον
3048 897 3105 948 ὲν
3128 888 3172 963 ᾧ
3205 898 3423 966 ῥήματα
3458 895 3606 964 ζωῆς
3631 897 3769 950 αἰω-

2170 985 2285 1038 νίου
2319 986 2416 1039 καὶ
2442 987 2664 1054 λέγεται
2715 987 2811 1040 καὶ
2838 987 3098 1042 ἀκούεται
3124 1005 3139 1019 ·
3170 990 3239 1040 τὰ
3284 988 3384 1058 μὲν
3415 988 3544 1058 παρ’
3575 989 3767 1059 ήμῶν,

2175 1077 2476 1131 αἰτούντων
2507 1078 2660 1148 παρὰ
2708 1077 2844 1132 Θεοῦ
2903 1080 3021 1149 μετ’
3053 1079 3270 1142 ἐλπίδος
3319 1079 3766 1148 ἀκαταισχύντου

2173 1169 2273 1236 τὴν
2308 1167 2454 1240 ζωὴν
2486 1170 2586 1236 τὴν
2619 1171 2865 1234 αἰώνιον,
2892 1171 2962 1223 τὰ
2991 1170 3047 1224 δὲ
3089 1169 3244 1240 παρὰ
3283 1168 3378 1222 τοῦ
3410 1169 3568 1234 Θεοῦ,
3591 1169 3772 1223 διδόν-

2174 1276 2264 1323 τος
2292 1261 2406 1324 τοῖς
2436 1261 2496 1327 ἐξ
2537 1262 2665 1332 ὅλης
2714 1263 2814 1328 τῆς
2860 1261 3040 1332 ψυχῆς
3090 1263 3185 1316 καὶ
3218 1261 3462 1323 διανοίας
3512 1261 3768 1314 αἰτοῦσιν

2175 1351 2369 1422 αὐτὴν,
2405 1351 2524 1404 ἁλλ’
2555 1353 2678 1422 οὐχὶ
2726 1355 2840 1416 τοῖς
2877 1352 3011 1424 μηδὲ
3062 1353 3161 1424 τὴν
3193 1352 3446 1421 γλῶσσαν
3477 1351 3550 1414 ὡς
3584 1353 3767 1405 εἰπεῖν

2172 1442 2301 1512 ὃλην
2344 1444 2481 1516 πρὸς
2512 1444 2612 1514 τὴν
2662 1447 2882 1513 αἴτησιν
2938 1449 3286 1516 στρέφουσιν.
3339 1447 3412 1500 Οὐ
3459 1445 3547 1498 διὰ
3587 1446 3767 1514 πυρὶες

2175 1534 2270 1588 νῦν
2304 1537 2334 1604 ή
2346 1538 2436 1604 μίν
2472 1539 2506 1605 ἡ
2539 1537 2703 1592 θυσία
2733 1540 2872 1608 πρὸς
2904 1538 2996 1591 τὸν
3027 1539 3181 1602 θεὸν,
3226 1538 3471 1607 ἀδελφοὶ,
3505 1538 3767 1606 καθάπερ

2173 1626 2264 1678 ἐπὶ
2291 1627 2562 1695 Μωσέως,
2595 1628 2735 1683 ἀλλὰ
2785 1629 2875 1683 διὰ
2907 1628 3066 1697 λόγου
3104 1629 3362 1684 τελεῖται.
3407 1628 3544 1681 Τότε
3574 1629 3765 1682 τοίνυν

2177 1713 2340 1783 ἡνίκα
2375 1718 2510 1786 πυρί
2552 1719 2652 1787 τὴν
2701 1718 2894 1772 θυσίαν
2943 1719 3365 1789 ἀναφερομένην
3405 1721 3433 1773 ὁ
3462 1719 3594 1782 Θεὸς
3645 1719 3767 1773 ἑδέ-

2099 1799 2142 1852 Β
2171 1821 2316 1873 χετο,
2346 1806 2457 1875 πῦρ
2492 1810 2958 1878 προσενεγκόντες
2989 1812 3272 1881 ἀλλότριον
3301 1812 3504 1879 ἔξωθεν
3539 1795 3766 1881 οἰμετὰ

495 1887 642 1958 Κορὲ
694 1889 835 1944 κατὰ
877 1889 1122 1955 Μωσέως
1169 1891 1571 1957 ἐπαναστάντες
1637 1893 1744 1947 ὑπὸ
1793 1893 1888 1949 τοῦ
1921 1892 2066 1964 ἰεροῦ
2107 1897 2280 1962 πυοδς
2339 1901 2661 1973 αὐτομάτως
2746 1905 3160 1978 ἐφορμήσαντος
3223 1906 3412 1970 αὐτοῖς
3495 1904 3770 1975 κατεφηλέσ

495 1985 726 2055 χθησαν.

570 2080 886 2138 Timeamus
921 2091 976 2138 et
1023 2098 1123 2139 nos
1159 2098 1228 2138 ne
1267 2083 1474 2140 alienos
1502 2098 1784 2141 sermones
1819 2084 1870 2138 in
1925 2082 2074 2138 istud

497 2178 780 2248 spirituale
811 2177 903 2232 Dei
941 2179 1294 2245 thuribulum,
1325 2178 1624 2235 Ecclesiam
1660 2180 1803 2246 dico,
1837 2179 2073 2234 inferen-

495 2279 600 2331 tes,
632 2268 700 2324 ab
736 2271 865 2338 ipsis
913 2269 1004 2325 Dei
1054 2272 1401 2328 sermonibus
1440 2272 1787 2338 damnemur,
1831 2280 2072 2328 nosmet-

499 2361 648 2428 ipsos
709 2361 999 2419 horrcndae
1067 2367 1350 2421 sententiae
1407 2367 1883 2436 damnationisque
1951 2381 2073 2422 reos

497 2453 816 2509 elllcieutcs.
842 2455 1037 2519 Amen,
1075 2459 1326 2524 obsecro,
1352 2459 1659 2521 timeamus,
1690 2469 1744 2513 et
1771 2458 2072 2527 usquedum

502 2543 613 2598 Deo
651 2561 772 2598 cum
824 2554 968 2600 metu
1032 2547 1378 2611 assistamus,
1433 2549 1710 2602 orationes
1760 2547 2072 2604 oneramus.

503 2633 640 2689 lliuc
663 2647 842 2691 autem
877 2642 1082 2706 egressi
1132 2639 1488 2695 ostendamus
1517 2651 1757 2695 nostram
1796 2643 1847 2695 iu
1881 2641 2075 2697 melius

503 2741 714 2782 morum
772 2731 1229 2794 conversionem,
1292 2731 1478 2798 lucris,
1544 2733 1782 2787 maxime
1832 2733 2074 2801 injustis,

502 2834 839 2889 nequaquam
869 2821 1106 2891 devicti;
1138 2823 1469 2893 juramenta,
1500 2825 1803 2895 prmsertim
1832 2824 1898 2879 de
1927 2840 2078 2878 men-

501 2914 680 2981 dacio,
725 2918 1033 2985 fugientes;
1088 2934 1117 2972 a
1170 2917 1419 2986 turpibus
1471 2917 1651 2973 verbis
1708 2918 2073 2980 abstinentes,

503 3015 707 3080 quanto
744 3009 914 3079 magis
943 3026 972 3063 a
999 3009 1278 3079 probrosis
1299 3011 1577 3079 operibus,
1602 3024 1630 3063 a
1657 3008 2063 3074 maledictione,

502 3119 532 3155 a
569 3102 716 3165 dolo,
749 3117 777 3153 a
806 3103 1062 3170 superbia
1092 3118 1106 3166 ;
1149 3117 1309 3157 omne
1344 3102 1673 3167 membrum,
1699 3116 1920 3157 sensum
1952 3117 2073 3155 out-

2251 2084 2586 2155 Φοϐηθῶμεν
2641 2087 2706 2159 δὴ
2739 2087 2834 2142 καὶ
2865 2089 3050 2159 ἡμεῖς,
3103 2089 3177 2160 μὴ
3206 2089 3399 2158 λόγους
3429 2089 3629 2157 ἔξωθεν
3662 2092 3765 2146 ἀλ-

2181 2174 2426 2245 λοτρίους
2457 2178 2535 2248 τῷ
2584 2178 2789 2251 λογικῷ
2842 2180 3021 2252 τούτῳ
3051 2181 3146 2234 τοῦ
3178 2183 3311 2236 Θεοῦ
3357 2183 3761 2256 θυσιαστηρίῳ,

2181 2271 2245 2335 τῇ
2291 2269 2594 2341 Ἐκκλησία
2621 2271 2788 2338 λέγω,
2826 2273 3200 2342 προσάγοντες
3233 2273 3338 2327 ὑπὸ
3374 2275 3484 2328 τῶν
3527 2277 3586 2329 ἐν
3617 2280 3762 2349 αὐτῇ

2181 2359 2342 2413 θείων
2375 2361 2552 2430 λόγων
2583 2364 2663 2426 εἰς
2717 2363 2871 2428 τέλος
2923 2365 3372 2435 κατακριθῶμεν,
3428 2367 3532 2435 τῆς
3587 2370 3767 2421 ἀπευ-

2185 2453 2378 2515 κταίας
2409 2455 2596 2521 φωνῆς
2623 2455 2720 2506 καὶ
2752 2455 3050 2524 καταδίκης
3096 2456 3322 2517 ἑαυτοὺς
3353 2456 3540 2521 ἀξίους
3571 2459 3766 2511 ἐντεῦ-

2179 2544 2268 2596 θεν
2298 2546 2758 2614 ἀπεργασάμενοι.
2786 2546 2894 2599 Ναὶ
2925 2547 3278 2616 φοϐηθῶμεν,
3311 2549 3636 2619 παρακαλῶ,
3661 2554 3766 2606 καὶ

2183 2634 2378 2706 μέχρις
2414 2637 2480 2690 ἂν
2511 2629 2659 2705 ὦμεν
2686 2636 2919 2690 ἐνταῦθα
2954 2640 3094 2707 μετὰ
3119 2639 3286 2708 φόϐου
3323 2640 3403 2710 τῷ
3443 2640 3564 2711 Θεῷ
3595 2659 3769 2713 παρι-

2185 2727 2446 2796 στάμενοι
2480 2726 2580 2798 τὴν
2637 2727 2847 2781 ἱκεσίαν
2897 2728 3267 2800 προσάγωμεν
3293 2745 3308 2762 ο
3347 2728 3656 2794 ἐξελθόντες
3704 2731 3768 2782 δὲ

2183 2817 2293 2871 τῶν
2333 2811 2456 2883 ὧδε,
2489 2818 2588 2888 τὴν
2624 2819 2872 2872 ἐντεῦθεν
2903 2821 2996 2872 ἐπὶ
3029 2820 3089 2872 τὸ
3123 2823 3367 2890 κρεῖττον
3397 2819 3508 2872 τῶν
3540 2820 3769 2890 τρόπων

2188 2910 2490 2980 μεταϐολὴν
2514 2911 2900 2980 ἐνδειξώμεθα,
2934 2913 3142 2984 κερδῶν
3165 2913 3262 2982 οὔχ
3296 2913 3622 2983 ἡττώμενοι,
3663 2914 3766 2965 καὶ

2190 2999 2428 3067 μάλιστα
2453 3001 2562 3054 τῶν
2593 3001 2795 3054 ἀδίκων
2815 3018 2830 3033 ·
2883 3003 3080 3072 ὅρκους
3108 3003 3424 3070 φεύγοντες,
3473 3004 3564 3056 καὶ
3599 3004 3766 3071 μάλιο

2189 3107 2289 3144 στα
2320 3092 2445 3154 τοὺς
2473 3093 2564 3143 ἐπὶ
2585 3091 2771 3160 ψεύδει
2792 3109 2807 3124 ο
2839 3091 3084 3162 αἰσχρῶν
3110 3094 3442 3164 ἀπεχόμενοι
3471 3094 3765 3163 ῥημάτων,

504 3209 626 3249 uem
663 3194 959 3248 secundum
987 3193 1223 3248 divinam
1258 3195 1674 3262 temperantiam
1704 3193 2072 3258 moderantes,

2188 3182 2338 3250 πόσῳ
2367 3181 2429 3251 δὴ
2462 3183 2662 3252 μᾶλλον
2690 3183 2799 3236 τῶν
2830 3184 2975 3238 κατὰ
3019 3183 3192 3238 ταῦτα
3244 3185 3609 3254 πραγμάτων,
3662 3203 3768 3239 κα-

505 3301 719 3342 uecnon
760 3287 926 3341 verbo
965 3297 1221 3355 metuque
1251 3287 1436 3341 divino
1466 3301 1665 3356 corpus
1696 3285 1934 3342 ferentes
1982 3301 2076 3341 seu

504 3377 681 3447 magis
709 3378 1040 3441 attollentes,
1075 3378 1297 3433 minime
1325 3394 1452 3434 vero
1471 3377 1717 3446 corporis
1751 3377 2079 3432 titillationi-

506 3471 610 3525 bus
670 3469 736 3524 ad
782 3485 980 3539 pravas
1027 3479 1320 3541 turpesque
1366 3469 1839 3539 concupiscentias
1879 3468 2079 3539 abjecti

505 3573 560 3617 et
593 3561 884 3626 humiliati,
917 3577 945 3614 a
971 3560 1136 3616 Paulo
1162 3561 1439 3616 discentes
1459 3570 1514 3615 et
1531 3569 1925 3630 cognoscentes
1943 3574 2083 3630 quo-

509 3657 679 3721 niam,
703 3655 746 3708 si
767 3657 1062 3709 secundum
1094 3669 1318 3709 carnem
1352 3655 1631 3717 vivamus,
1668 3653 1993 3716 moriemur,
2033 3653 2080 3708 si

504 3763 638 3803 vero
678 3747 874 3816 spiritu
903 3760 1069 3816 opera
1099 3746 1286 3800 carnis
1318 3744 1856 3811 mortiﬁcaverimus,
1889 3745 1942 3798 in
1965 3759 2073 3799 sae-

501 3839 630 3894 cula
663 3839 932 3892 vivemus.
961 3837 1090 3891 lude
1129 3836 1196 3892 ad
1226 3837 1454 3906 gloriam
1495 3835 1589 3890 Dei
1613 3850 1800 3890 omnes
1848 3836 1938 3904 qui
1968 3851 2075 3890 non

500 3930 868 3998 Conspicicnt,
901 3929 1263 3994 adducemus,
1295 3930 1385 3997 qui
1416 3937 1644 3984 noscent
1672 3931 1891 3982 domum
1924 3929 2082 3983 iSIant

509 4022 788 4076 Christum
820 4021 871 4074 in
899 4021 1012 4076 suis
1039 4022 1213 4092 adytis
1240 4019 1405 4084 ferre,
1437 4036 1466 4076 a
1513 4035 1619 4089 quo
1645 4020 1950 4087 spiritualis
1986 4035 2082 4074 ex-

512 4112 809 4182 stinguitur
839 4113 1266 4182 debilitatio,qui
1294 4114 1450 4182 jubet
1474 4127 1666 4168 sensus
1688 4113 2089 4182 perceptiones-

517 4219 624 4274 que
659 4204 902 4272 corporis
930 4205 996 4258 ad
1033 4205 1209 4273 ipsum
1247 4204 1476 4269 Spiritali
1522 4203 1716 4273 piaque
1751 4203 2084 4258 discretione

515 4297 663 4350 ferre
694 4306 749 4350 et
770 4296 1052 4363 attollere,
1085 4311 1190 4350 non
1225 4304 1405 4349 autem
1439 4295 1510 4349 ab
1542 4295 1621 4350 eis
1656 4294 1826 4349 stulte
1875 4294 2003 4350 ferri
2035 4304 2091 4349 et

515 4388 732 4452 dimitti,
768 4404 874 4458 qua
899 4392 982 4442 via
1012 4388 1372 4443 ascendamus
1393 4387 1459 4442 ad
1492 4401 1675 4441 veram
1731 4386 1951 4442 domum
1995 4403 2088 4440 no.

517 4489 709 4547 stram,
735 4481 1013 4534 cmlestem
1049 4479 1168 4533 dico
1186 4489 1239 4533 et
1264 4493 1552 4548 supernam
1585 4477 1860 4547 regionem
1890 4478 1977 4532 ubi
2001 4494 2089 4533 τοο

517 4582 647 4638 gnat
685 4572 938 4626 Christus
975 4571 1149 4625 haeres
1175 4572 1237 4624 'et
1270 4579 1496 4623 testator
1527 4578 1730 4634 noster,
1765 4569 1852 4624 cui
1884 4570 2079 4638 gloria,

521 4665 718 4730 virtus,
753 4665 930 4719 honor
983 4672 1040 4717 et
1071 4661 1318 4715 adoratio
1357 4676 1481 4716 cum
1520 4671 1724 4715 aeterno
1759 4661 1875 4730 ejus
1931 4661 2090 4716 Patre

520 4771 731 4810 necnon
760 4755 1108 4811 sanctissimo
1133 4751 1383 4821 bonoque
1410 4761 1464 4807 et
1505 4753 1815 4809 viviﬁcante
1855 4753 2086 4820 Spiritu,

521 4862 666 4900 nunc
701 4857 752 4903 et
780 4862 997 4916 semper
1017 4854 1070 4900 et
1111 4847 1163 4899 in
1197 4845 1397 4899 saacula
1429 4845 1781 4900 smculorum.
1815 4847 2013 4900 Amen.

2182 3266 2463 3336 ταλαλιᾶς,
2501 3274 2678 3339 δόλου,
2734 3275 3138 3345 μεγαλαυχίαςο
3198 3277 3305 3329 πᾶν
3344 3276 3524 3346 μέλος,
3579 3279 3766 3331 πᾶσαν

2183 3366 2436 3437 αἴσθησιν
2461 3361 2535 3435 νῷ
2565 3367 3042 3436 παιδαγωγοῦντες
3075 3367 3350 3440 θεόφρονι,
3381 3370 3474 3421 καὶ
3499 3369 3764 3436 φέροντες

2185 3464 2282 3513 σὺν
2314 3459 2461 3529 λόγῳ
2494 3461 2588 3512 καὶ
2615 3460 2765 3530 φόϐῳ
2803 3461 2932 3531 θείῳ
2967 3460 3026 3513 τὸ
3058 3461 3218 3530 σῶμα
3247 3461 3344 3513 καὶ
3371 3460 3764 3528 ἀναφέροντες,

2184 3550 2300 3604 ἀλλ’
2329 3552 2428 3621 οὐχ
2460 3552 2563 3604 ὑπὸ
2595 3550 2690 3605 τοῦ
2728 3550 2984 3623 σώματος
3039 3552 3178 3622 πρὸς
3208 3553 3308 3615 τὰς
3343 3552 3509 3606 αὐτοῦ
3555 3569 3771 3622 χαμερ-

2186 3645 2309 3707 πείς
2363 3643 2460 3698 καὶ
2495 3643 2761 3715 βδελυρὰς
2817 3645 3028 3716 ὀρέξεις
3083 3644 3521 3714 καταφερόμενοί
3577 3661 3636 3696 τε
3669 3644 3770 3697 καί

2185 3735 2564 3806 κατεχόμενοι,
2619 3736 2770 3805 παρὰ
2820 3735 2914 3788 τοῦ
2970 3735 3184 3789 Παύλου
3247 3735 3508 3806 μαθόντες
3565 3752 3620 3788 τε
3672 3737 3770 3788 καὶ

2186 3825 2570 3894 γινώσκοντες,
2604 3826 2680 3887 ὼς
2716 3828 2765 3878 εί
2803 3825 2902 3894 μὲν
2937 3825 3080 3878 κατὰ
3131 3827 3309 3895 σάρκα
3334 3827 3536 3896 ζῶμεν,
3572 3827 3771 3896 μέλλο-

2189 3917 2290 3987 μεν
2317 3916 2715 3986 ἀποθνήσκειν”
2753 3917 2802 3968 εἰ
2837 3915 2894 3968 δὲ
2946 3915 3220 3985 πνεύματι
3257 3919 3357 3980 τὰς
3398 3916 3628 3988 πράξεις
3671 3917 3770 3970 τοῦ

2188 4007 2442 4078 σώματος
2477 4006 2580 4076 53
2634 4007 2994 4077 θανατοῦμεν,
3050 4009 3131 4070 εἰς
3187 4009 3394 4071 αἰῶνας
3440 4007 3773 4080 ζησώμεθα.

2191 4102 2302 4154 Καὶ
2327 4100 2420 4152 νῦν
2467 4101 2604 4167 πρδς
2633 4100 2792 4166 δόξαν
2823 4099 2960 4153 Θεοῦ
3016 4101 3333 4171 κινήσωμεν
3391 4101 3600 4162 πάντας
3646 4102 3779 4163 τοὺς

2188 4191 2431 4262 ὁρῶντας
2459 4195 2628 4263 ἡμᾶς,
2658 4194 2975 4258 ὲπιγνόντας
2997 4193 3070 4257 ὡς
3099 4197 3126 4247 ό
3153 4190 3297 4256 οἶκος
3329 4190 3480 4254 οὗτος
3511 4194 3602 4246 τὸν
3634 4194 3778 4263 Χρι-

2192 4284 2316 4336 στὸν
2347 4288 2404 4337 ὲν
2434 4286 2611 4355 ἐαυτῷ
2659 4287 2835 4356 φέρει,
2886 4288 3011 4350 τοὺς
3041 4286 3182 4340 κατὰ
3211 4286 3390 4357 ψυχὴν
3421 4287 3780 4357 παραλύτους

2193 4376 2491 4446 σφίγγοντα
2541 4378 2635 4431 καὶ
2670 4378 2958 4431 κελεύοντα
2997 4377 3095 4442 τὰς
3133 4377 3450 4448 σωματικὰς
3486 4378 3778 4444 αἰσθήσεις

2196 4468 2293 4522 καὶΙ
2350 4467 2665 4540 ἀντιλήψεις
2723 4469 3070 4538 πνευματικῇ
3123 4468 3219 4522 καλ¹
3275 4468 3514 4534 θεοφιλεῖ
3568 4467 3783 4538 διανοίᾳ

2197 4562 2334 4634 πρὸς
2366 4561 2526 4613 αὑτὸν
2571 4560 2749 4632 αἴρειν
2781 4578 2838 4612 τε
2870 4561 2963 4612 καὶ
2997 4562 3245 4627 ἀνάγειν,
3282 4559 3399 4612 ἀλλ’
3429 4561 3528 4629 οὐχ
3561 4559 3650 4611 ὑπ’
3683 4562 3785 4612 αὐ-

2198 4655 2305 4709 τῶν
2336 4654 2610 4716 ἀσυνέτως
2653 4653 2913 4724 φέρεσθαί
2947 4670 3004 4704 τε
3055 4655 3150 4707 καὶ
3195 4653 3636 4724 καταφέρεσθαι⁶
3685 4654 3784 4707 καὶ

2197 4747 2370 4809 οὕτως
2416 4745 2649 4814 ὑπάγειν
2699 4749 2777 4809 εἰς
2828 4748 2914 4801 τὸν
2957 4747 3128 4810 ὅντως
3163 4747 3431 4817 ἡμέτερον
3463 4743 3638 4810 οἷκον,
3686 4746 3783 4798 τὸν

2200 4843 2428 4913 οὐρανὸν
2463 4843 2606 4910 λέγω
2636 4843 2729 4895 καὶ
2752 4841 2841 4895 τὸν
2875 4841 3268 4912 ὑπερουρὰνιον
3295 4840 3490 4910 χῶρον,
3517 4839 3646 4892 ἔνθα
3681 4838 3779 4890 νῦν

520 4944 757 5014 Χριστὸς
810 4945 838 4996 ὁ
893 4942 1230 5011 κληρονόμος
1293 4943 1387 4994 καὶ
1445 4941 1775 5012 κληροδότης
1822 4942 2012 5012 ἡμῶνο
2049 4935 2091 5010 ᾧ
2127 4941 2332 5010 πρέπει
2366 4939 2516 5004 δόξα,
2549 4939 2950 5008 κράτος,τιμὴ,
2983 4939 3077 4990 καὶ
3111 4935 3485 5008 προσκύνησις
3548 4936 3645 4987 σὺν
3701 4931 3782 5000 τῷ

525 5039 747 5108 ἀνάρχῳ
797 5034 961 5088 αὐτοῦ
1009 5035 1184 5104 Ilath
1232 5034 1325 5089 καὶ
1359 5033 1435 5106 τῷ
1471 5036 1718 5104 παναγίῳ
1767 5035 1861 5090 καὶ
1893 5034 2083 5108 ἀγαθῷ
2121 5035 2218 5090 καὶ
2249 5034 2502 5104 ζωοποιῷ
2550 5030 2855 5102 Πνεύματι,
2905 5030 3000 5088 νῦν
3047 5030 3144 5084 καὶ
3194 5028 3301 5092 ἀεὶ,
3355 5028 3448 5079 καὶ
3507 5025 3586 5088 εἰς
3656 5025 3786 5088 τοὺς

526 5131 728 5192 αἰῶνας
761 5127 870 5182 τῶν
891 5127 1122 5181 αἰώνων.
1173 5125 1367 5198 Ἀμήν.

1109 5244 1390 5300 IIOMILIA
1421 5245 1517 5302 XI.

527 5339 593 5393 In
624 5338 914 5409 gloriosam
940 5351 1003 5389 ac
1026 5335 1286 5409 vivi/ieeur
1304 5354 1507 5391 crucem
1529 5337 1736 5392 Domini
1763 5335 1945 5392 Nostri
1973 5335 2103 5391 λεια

1198 5406 1418 5465 Christi.

600 5496 743 5553 Crux
785 5495 986 5550 Christi
1017 5495 1085 5549 ab
1113 5496 1350 5566 antiquis
1387 5499 1836 5569 generationibus
1869 5495 2099 5567 mystice

527 5586 639 5644 luit
664 5587 1040 5655 przenuntiata,
1073 5599 1126 5645 et
1165 5591 1547 5661 praeﬁgurata;
1583 5596 1638 5642 et
1673 5602 1836 5642 nemo
1864 5600 2103 5654 unquam

2751 5237 2995 5292 omam
3027 5234 3108 5288 lA’
3141 5234 3240 5305 (l).

2372 5337 2476 5400 Εἰς
2503 5335 2610 5388 τὸν
2641 5333 2839 5402 τίμιον
2867 5330 2966 5385 καὶ
2997 5330 3288 5390 ζωοποιόν
3314 5328 3604 5396 Σταυρόν.

2297 5493 2357 5547 '0
2414 5493 2509 5545 τοῦ
2564 5490 2801 5561 Χριστοῦ
2847 5489 3079 5561 σταυρὸς
3135 5486 3649 5560 προανεκηρύττετο
3698 5482 3791 5537 καὶ

2220 5582 2594 5654 προετυποῦτο
2632 5584 2910 5653 μυστικῶς
2944 5584 3007 5636 ὲκ
3040 5581 3242 5651 γενεῶν
3270 5580 3537 5651 ἀρχαίων,
3585 5579 3676 5630 καὶ
3703 5577 3794 5629 οὐ-

591 5764 672 5828 11)
709 5765 840 5818 lianc
873 5781 984 5822 cum
1014 5771 1241 5834 sequenti
1271 5770 1458 5834 primus
1493 5768 1644 5816 edidit
1679 5765 1786 5816 Chr.
1820 5766 1949 5817 Frid.
1978 5763 2281 5821 Mattbaeium
2309 5776 2356 5824 p.
2392 5762 2448 5811 εει
2475 5770 2524 5812 ct
2553 5762 2630 5810 60.
