4090 6454
584 327 688 394 12⁵1

583 539 732 587 ἐστιν
759 533 786 582 6
817 529 1071 599 σταυρός.

657 620 738 672 Ad
768 620 1056 683 Abraham,
1085 627 1262 672 autem
1289 621 1602 688 priusquam
1627 619 1914 688 impiorum
1939 623 2169 676 societa-
2201 627 2243 682 Α

584 723 690 768 tem
713 711 932 781 fugisset
952 728 964 764 :
987 712 1270 781 Egredere,
1287 710 1361 763 ait
1377 711 1537 775 Deus,
1553 711 1620 764 de
1638 720 1800 775 terra,
1821 721 1871 764 et
1891 712 1956 766 de
1972 729 1992 768 (
2006 728 2170 782 ogua-

585 803 729 855 tione
747 809 914 863 tua,et
935 801 1066 852 vade
1085 801 1136 851 in
1154 809 1352 854 terram
1371 815 1480 853 non
1499 801 1715 868 quidem
1734 801 1992 856 interram
2009 820 2170 872 quant

586 895 679 946 tibi
702 892 918 956 dedero,
941 893 1030 946 sed
1050 907 1204 960 quam
1223 893 1314 946 tibi
1336 895 1822 960 monstraveroﬁd
1843 896 2056 964 Moysen
2079 911 2175 950 au-

584 994 709 1044 tem,
728 992 1008 1052 postquam
1034 981 1138 1049 fugi
1154 990 1256 1034 εδει
1275 996 1337 1034 ex
1361 980 1593 1052 (Egypto
1615 992 1960 1052 montemque
1981 999 2171 1039 ascen-

583 1074 770 1139 disset,
789 1073 917 1141 quid
941 1073 1072 1127 dixit
1095 1073 1268 1142 primo
1297 1071 1434 1127 facta
1454 1074 1518 1126 ad
1534 1089 1653 1128 eum
1681 1089 1780 1128 vox
1799 1075 1936 1130 Dei?
1956 1094 1972 1125 ‹
2007 1074 2170 1129 Solve

582 1165 950 1218 calceamenta
979 1164 1174 1232 pedum
1208 1175 1446 1217 tuorum.
1485 1181 1502 1213 ι
1545 1164 1704 1218 Aliud
1753 1165 1851 1220 hoc
1886 1178 1966 1220 est
1991 1167 2169 1220 crucis

585 1256 907 1324 mysterium
942 1256 1092 1325 prius
1125 1258 1426 1313 arctissime
1473 1260 1834 1327 subsequens.
1870 1259 2163 1325 Quamvis,

587 1347 684 1412 ait,
720 1361 782 1401 ex
821 1345 1056 1418 Egypto
1089 1349 1325 1416 exivisti,
1352 1349 1652 1405 Pharaonis
1676 1351 1937 1418 obsequio
1968 1365 2169 1405 renun-

589 1439 754 1501 tiasti,
790 1437 1096 1494 Pharaonis
1124 1440 1244 1494 ﬁliae
1277 1441 1415 1496 illius
1445 1443 1626 1496 vocari
1655 1443 1803 1511 parvi
1865 1442 2066 1506 fecisti,
2115 1451 2169 1498 et

590 1537 849 1595 quantum
910 1528 960 1581 in
1016 1539 1066 1583 te
1101 1540 1240 1594 erat,
1280 1531 1512 1585 mundus
1569 1531 1810 1600 perversi
1881 1531 2169 1586 famulatus

589 1616 798 1670 sotntus
833 1617 932 1669 fuit
967 1628 1019 1670 et
1051 1629 1370 1685 evacuatus,
1403 1621 1499 1675 sed
1531 1621 1709 1676 adhuc
1744 1631 1959 1692 Oportet
1983 1634 2038 1676 te
2098 1624 2165 1677 ad

590 1709 705 1761 haec
751 1708 967 1773 addere,
997 1709 1121 1777 quid
1149 1712 1321 1778 ergo?
1364 1711 1523 1767 Solve
1549 1711 1919 1768 calceamenta
1973 1716 2169 1784 pedum

599 1807 811 1853 tuorum
852 1817 867 1863 ;
909 1800 1147 1870 relinque
1174 1803 1398 1870 pellicea
1434 1803 1630 1872 quibus
1667 1803 1888 1860 indutus
1915 1819 1974 1860 es
2002 1805 2170 1861 vesti-

589 1898 793 1954 menta,
862 1907 980 1960 qua:
1028 1904 1321 1961 operantur
1374 1905 1652 1964 peccatum
1716 1905 1770 1951 ct
1828 1907 1879 1952 te
1929 1911 1960 1951 a
2008 1906 2168 1952 terra:

599 1992 784 2054 sancta
805 1993 1014 2038 arcent.
1048 1986 1208 2041 Solve
1234 2002 1365 2058 ergo
1390 1987 1489 2042 ista
1536 1988 1734 2058 pedum
1795 1997 2009 2044 tuorum
2063 1990 2172 2045 cal-

593 2086 897 2141 ceamenta,
919 2076 1022 2130 hoc
1051 2089 1127 2131 est
1163 2099 1176 2132 :
1211 2079 1317 2132 noli
1345 2079 1575 2147 amplius
1617 2081 1915 2136 secundum
1945 2096 2166 2136 carnem

591 2164 644 2216 in
674 2179 894 2234 peccato
944 2169 1168 2233 vivere;
1217 2171 1528 2225 destruatur
1567 2180 1623 2225 et
1654 2167 2014 2226 interimatur
2064 2173 2176 2228 vita

589 2258 701 2311 Deo
739 2261 989 2324 adversa,
1037 2276 1244 2316 necnon
1294 2261 1654 2330 COgitationes
1695 2267 1901 2327 carnis,
1965 2273 2020 2318 et
2082 2264 2172 2319 lex

590 2348 643 2402 in
669 2352 926 2405 membris
944 2353 1171 2421 poll.:ns,
1192 2369 1312 2422 qum
1345 2355 1721 2424 rcpugnatlegi
1745 2356 1943 2410 mentis
1972 2366 2026 2411 et
2048 2370 2180 2426 cap-

592 2439 725 2493 tivat
793 2457 895 2495 nos
945 2443 996 2496 in
1061 2445 1178 2514 lege
1237 2446 1463 2513 precati,
1524 2446 1632 2514 jam
1687 2461 1790 2499 non
1828 2446 2025 2514 vigeat,
2074 2460 2173 2500 nec

592 2542 870 2598 Operctur,
903 2536 1101 2587 virtute
1136 2535 1225 2587 Dei
1259 2535 1481 2589 visionis
1508 2535 1820 2590 interfecta.
1847 2534 2039 2589 Nonne
2068 2538 2170 2589 hoc

593 2635 809 2694 crucem
847 2623 1083 2679 dixeris?
1106 2627 1247 2679 Crux
1279 2638 1360 2680 est
1388 2628 1552 2693 enim,
1584 2639 1642 2679 ut
1663 2625 1961 2680 sctundum
1984 2626 2167 2680 divum

593 2709 822 2765 Pau‘utn
864 2713 1052 2783 loquar
1084 2716 1227 2782 "~‘°,
1257 2717 1579 2787 crucifigere
1604 2730 1822 2772 carnem
1855 2730 2006 2770 suam
2052 2729 2174 2770 cum

594 2802 741 2858 vitiis
767 2815 817 2858 et
859 2808 1337 2875 concupiscentiis.

1847 329 1891 388 Ο
1904 326 2157 390 REGOR
2171 331 2222 390 ΙΙ
2265 331 2350 390 ΡΑ
2363 333 2449 390 LA
2460 334 2506 390 Μ
2521 332 2582 389 ,νῐΞ

579 439 613 508 ἢ
654 437 745 488 τὸν
789 435 992 504 κόσμον
1027 434 1462 505 ἀμεταστρεπτὶ,
1501 435 1535 505 ἡ
1584 435 1721 488 κατὰ
1749 435 1927 507 σάρκα
1956 440 2156 506 πιτρὶς
2198 438 2289 490 καὶ
2319 442 2346 492 6
2379 441 2584 509 κόσμος
2618 436 2895 507 ὲνεκρώθη
2941 436 3040 491 καὶ
3069 437 3447 508 κατήργηταιο

3743 329 3844 390 ῙΞΪΒ

3529 441 3622 491 καὶ
3686 430 3850 492 τοῦτὸ

2358 619 2518 672 ’Λλλὰ
2582 618 2718 687 πρὸς
2773 619 2870 686 μὲν
2928 619 3019 672 τδν
3089 619 3336 688 Ἀϐραὰμ
3389 621 3554 689 μήπω
3603 623 3847 687 φυγόντα

2281 709 2379 778 τὴν
2411 709 2545 778 μετὰ
2581 707 2691 760 τῶν
2729 708 2905 762 ἀθέων
2935 709 3248 771 συναυλίαν,
3285 709 3528 775 Ἔξελθε,
3561 711 3745 780 φησὶν,
3785 713 3849 764 ὲκ

2273 803 2371 870 τῆς
2407 804 2508 868 γῆς
2539 818 2653 863 σου,
2689 802 2784 854 καὶ
2821 801 2982 870 δεῦρο
3016 805 3096 862 εἰς
3136 803 3259 870 γῆν,
3309 803 3404 871 οὐχ
3434 804 3498 871 ἢν
3528 802 3593 854 ἄν
3635 820 3716 854 σοι
3747 803 3852 854 δώ-

2275 911 2372 956 σω,
2405 892 2520 943 am
2552 892 2618 961 ἢν
2641 891 2707 943 ἄν
2742 907 2820 944 σοι
2857 891 3036 955 δείξω,
3074 891 3148 952 ὡς
3195 893 3262 944 δι’
3306 891 3522 958 ἐκείνης
3557 892 3724 959 ἄλλης
3747 892 3851 960 γῆς

2274 983 2654 1051 πνευματικῆς
2700 982 3082 1051 δεικνυμένης.
3139 983 3282 1051 Πρὸς
3329 982 3384 1034 δὲ
3443 982 3534 1034 τὸν
3587 983 3850 1044 Μωῦσέα,

2275 1078 2413 1146 μετὰ
2443 1078 2503 1129 τὸ
2540 1079 2731 1145 φυγεῖν
2763 1076 2862 1147 τὴν
2911 1076 3208 1143 Αἴγυπτον,
3245 1076 3339 1128 καὶ
3388 1075 3448 1126 τὸ
3488 1075 3614 1143 ὅρος
3649 1075 3856 1143 ἀναδῆ-

2271 1186 2382 1232 ναι,
2410 1168 2466 1220 τί
2489 1185 2657 1236 φησιν
2696 1169 2728 1236 ἡ
2767 1167 2904 1236 πρὸς
2941 1166 3105 1219 αὑτὸν
3138 1164 3330 1235 πρώτη
3363 1164 3454 1216 τοῦ
3489 1164 3625 1216 Θεοῦ
3655 1165 3810 1231 φωνή
3837 1181 3852 1228 ;

2278 1279 2296 1311 ι
2355 1259 2530 1313 Λῦσαι
2583 1261 2643 1311 τὸ
2677 1259 2928 1328 ὑπόδημα
2955 1259 3020 1310 ὲκ
3060 1257 3174 1309 τῶν
3208 1256 3386 1308 ποδῶν
3414 1273 3531 1308 σου.
3595 1273 3614 1306 ι
3684 1255 3853 1307 Ἀλλο

2270 1349 2428 1402 τοῦτο
2459 1349 2554 1402 τοῦ
2591 1349 2825 1419 σταυροῦ
2883 1348 3208 1416 μυστήριον,
3250 1345 3327 1414 τῷ
3389 1345 3640 1414 προτέρῳ
3670 1361 3851 1414 προσ-

2271 1442 2419 1508 φυῶς
2463 1441 2751 1509 ἑπόμενον.
2802 1438 2864 1492 Εἰ
2899 1439 3007 1506 γὰρ
3055 1439 3151 1490 καὶ
3191 1437 3290 1504 τῆς
3311 1437 3615 1504 Αἰγύπτου,
3657 1437 3852 1506 φησὶν,

2272 1533 2518 1602 ἐξῆλθες,
2550 1533 2644 1586 καὶ
2675 1533 2773 1602 τὴν
2810 1530 3010 1599 Φαραὼ
3052 1529 3349 1601 θεραπείαν
3384 1529 3627 1596 ἀφῆκας,
3668 1531 3770 1583 καὶ
3793 1529 3853 1581 τὸ

2271 1624 2553 1677 καλεῖσθαι
2580 1623 2694 1685 υίὸς
2735 1624 2834 1692 τῆς
2877 1622 3148 1690 θυγατρὸς
3192 1620 3396 1689 Φαραὼ
3445 1619 3725 1688 παρεῖδες,
3763 1619 3856 1673 καὶ

2271 1717 2396 1770 ὅσον
2425 1715 2484 1768 τὸ
2525 1717 2608 1776 είς
2639 1715 2697 1767 σὲ
2727 1710 2862 1784 ἧκον
2899 1715 2928 1766 6
2977 1713 3180 1781 κόσμος
3219 1713 3430 1774 ἐκεῖνος
3467 1713 3568 1781 τῆς
3605 1712 3856 1780 πονηρᾶς

2273 1805 2575 1877 θεραπείας
2599 1803 2764 1868 ἐλύθη
2817 1801 2910 1856 καὶ
2968 1801 3341 1870 κατήργηται,
3375 1800 3524 1852 ἀλλὰ·
3552 1800 3636 1852 δεῖ
3668 1817 3733 1851 σε
3763 1799 3856 1853 καὶ

2272 1897 2611 1968 προσθεῖναι,
2645 1895 2696 1947 τί
2725 1893 2914 1958 τοῦτο;
2964 1891 3142 1945 Δῦσαι
3197 1893 3259 1944 τδ
3319 1891 3574 1961 ὑπόδημα
3632 1893 3700 1943 ὲκ
3746 1890 3856 1945 τῶν

2275 1989 2451 2042 ποδῶν
2479 2005 2611 2041 σου·
2665 1986 2970 2040 ἀποθέσθαι
3022 1985 3150 2047 τοὺς
3205 1984 3567 2055 δερματίνους
3619 1983 3856 2053 χιτῶνας

2273 2080 2368 2142 οὓς
2403 2080 2640 2143 ἐνέδυσε,
2673 2079 2770 2132 καὶ
2799 2080 2857 2130 ὲν
2890 2072 2972 2139 οἷς
3007 2078 3224 2146 ἐνεργεῖ
3254 2077 3285 2145 ἡ
3325 2075 3591 2144 ἁμαρτία,
3623 2076 3722 2128 καὶ
3759 2075 3858 2144 τῆς

2277 2172 2442 2242 ἁγίας
2495 2170 2913 2227 ἁποδιαστέλλει
2960 2170 3083 2239 γῆς.
3116 2169 3294 2223 Λῦσαι
3323 2165 3418 2222 οῦν
3454 2167 3613 2221 τοῦτο
3642 2168 3705 2220 τὸ
3733 2170 3861 2221 ὑπό-

2279 2263 2426 2334 δημα
2466 2264 2531 2316 ὲκ
2575 2261 2686 2315 τῶν
2719 2260 2898 2314 ποδῶν
2933 2276 3048 2324 σου,
3085 2259 3282 2312 ταυτὸν
3329 2259 3384 2310 δὲ
3423 2260 3618 2321 εἰπεῖν,
3663 2256 3857 2327 μηκέτι

2283 2354 2428 2408 κατὰ
2463 2353 2644 2425 σάρκα
2681 2353 2777 2406 καὶ
2825 2355 2891 2422 τῇ
2943 2351 3188 2422 ἁμαρτία
3216 2350 3363 2418 ζῆθι,
3394 2349 3533 2403 ἀλλὰ
3578 2365 3860 2418 καταργη-

2279 2445 2426 2513 θήτω
2450 2446 2546 2498 καὶ
2574 2443 2904 2513 νεκρωθήτω
2932 2444 2964 2512 ἡ
2993 2441 3348 2510 ἀντικειμένη
3375 2440 3454 2510 τῷ
3481 2439 3602 2508 Θεῷ
3626 2441 3744 2508 ζωὴ
3770 2438 3858 2491 καὶ

2277 2536 2338 2588 τὸ
2383 2534 2636 2604 φρόνημα
2674 2535 2772 2602 τῆς
2807 2535 3032 2603 σαρκὸς,
3063 2534 3155 2586 καὶ
3179 2534 3206 2585 6
3236 2535 3291 2586 ὲν
3314 2534 3426 2594 τοῖς
3456 2531 3645 2600 μέλεσι
3673 2530 3856 2599 νόμος,

2277 2628 2307 2680 6
2341 2628 2900 2696 ἀντιστρατευόμενος
2927 2625 3006 2695 τῷ
3044 2626 3194 2695 νόμῳ
3239 2623 3334 2676 τοῦ
3364 2623 3503 2688 νοὸς,
3535 2623 3627 2676 καὶ
3652 2625 3858 2692 αἰχμα-

2279 2716 2526 2781 λωτίζων
2571 2717 2648 2786 τῷ
2693 2717 2846 2786 νόμῳ
2900 2716 2997 2784 τῆς
3041 2715 3339 2784 ἁμαρτίας,
3377 2713 3576 2782 μηκέτι
3624 2714 3858 2782 ἐπικρα-

2279 2807 2458 2875 τείτω,
2510 2808 2644 2879 μηδὶ
2701 2807 3022 2878 ὲνεργείτω,
3073 2808 3142 2875 τῇ
3187 2799 3416 2874 δυνάμει
3465 2806 3564 2874 τῆς
3605 2802 3860 2864 θεοπτίας

596 2900 983 2970 νεκρσὺμενσς.
1045 2899 1173 2973 Ἆρ’
1237 2905 1297 2957 οὑ
1359 2903 1520 2957 τοῦτό
1577 2905 1726 2958 ἐστιν
1776 2905 1803 2956 6
1855 2902 2126 2971 σταυρόςς
2171 2903 2411 2973 Σταυρδς
2463 2905 2572 2974 γάρ
2607 2907 2727 2957 ἐστι
2777 2903 2942 2956 πάλιν
2969 2901 3107 2955 κατα
3151 2901 3240 2952 τὸν
3311 2899 3454 2952 θεῖον
3526 2896 3750 2951 Παῦλον
3788 2906 3857 2958 εξ-

603 2993 747 3055 πεῖ-κ,
797 2993 857 3044 τὸ
889 2996 1201 3064 σταυρῶσαι
1232 2997 1331 3066 τὴν
1365 2996 1544 3066 σάρκα
1588 2996 1686 3047 σὺν
1722 2996 1834 3058 τοῖς
1883 2994 2170 3062 παθήμασι
2213 2997 2309 3048 καὶ
2348 2997 2472 3056 ταῖς
2497 2995 2844 3065 ἐπιθυμίαις.

675 3085 818 3139 Dixit
873 3101 1002 3154 ergo
1051 3087 1232 3154 Deus,
1277 3107 1294 3139 ι
1351 3088 1512 3144 Solve
1565 3087 1932 3142 calceamenla
1989 3089 2182 3156 pedum

601 3188 820 3231 tuorum
845 3195 859 3234 ;
888 3195 1009 3232 nam
1035 3188 1178 3234 terra
1205 3181 1256 3234 in
1281 3196 1384 3250 qua
1411 3189 1546 3246 stas,
1575 3189 1716 3234 terra
1750 3189 1937 3234 sancta
1959 3179 2131 3234 est“.
2160 3198 2180 3230 ι

603 3269 883 3324 Pattdebal
912 3269 1080 3340 Moysi
1108 3271 1210 3327 iste
1237 3287 1414 3327 sermo
1448 3286 1547 3342 per
1575 3283 1790 3326 crurem
1815 3271 1868 3326 in
1894 3280 2034 3327 terra
2060 3287 2187 3327 san-

2357 3088 2533 3140 Λῦσαι
2564 3083 2677 3152 οῦν,
2705 3086 2861 3155 φησὶ,
2887 3085 2949 3138 τὸ
2978 3083 3233 3152 ὑπόδημα
3282 3083 3344 3134 ὲκ
3374 3083 3480 3134 τῶν
3514 3079 3696 3133 ποδῶν
3731 3092 3855 3131 σου’

2290 3181 2322 3250 ἡ
2359 3180 2467 3250 γὰρ
2501 3179 2573 3249 γῆ
2600 3180 2686 3250 ἐφ’
2722 3180 2788 3250 ἢν
2821 3179 2884 3231 σὺ
2917 3177 3162 3243 ἕστηκας
3197 3174 3269 3243 γῆ
3303 3173 3433 3241 ἁγία
3455 3171 3601 3225 ἐστίν
3624 3187 3637 3199 ο
3676 3169 3855 3239 ἐδήλου

2287 3271 2346 3325 δὲ
2373 3271 2520 3340 αὑτῷ
2547 3271 2574 3324 6
2603 3271 2760 3338 λόγος
2785 3270 2874 3322 τὸν
2904 3268 3045 3338 μετὰ
3071 3268 3170 3336 τὴν
3198 3266 3522 3333 ἐπιφάνειαν
3541 3262 3634 3314 τοῦ
3658 3259 3856 3330 Κυρίου

601 3361 984 3417 ctiﬁcationem
1013 3372 1135 3431 post
1159 3363 1656 3418 manifestationem
1681 3362 1896 3418 Domini
1931 3373 1980 3418 et
2009 3363 2101 3418 Dei
2131 3372 2181 3418 et

2289 3363 2383 3416 καὶ
2402 3361 2537 3416 Θεοῦ
2578 3363 2669 3416 καὶ
2717 3361 2970 3431 Σωτῆρος
3010 3359 3166 3429 ἡμῶν
3227 3355 3405 3427 Ἰησοῦ
3445 3352 3692 3423 Χριστοῦ
3740 3350 3861 3422 μέλα

606 3451 904 3506 Salvatoris
928 3454 1098 3507 nostri
1134 3453 1259 3509 Jesu
1289 3453 1493 3509 Christi
1525 3451 1792 3508 f'turam.
1852 3453 2006 3508 Tunc
2036 3454 2180 3508 enim

606 3543 820 3614 Moyses
844 3545 1076 3599 futuram
1106 3545 1312 3600 Christi
1343 3545 1685 3615 praesentiam
1713 3546 1981 3615 praevidit,
2013 3561 2184 3616 quan—

609 3639 678 3691 do
701 3639 982 3706 conspexit
1015 3637 1144 3692 illud
1171 3638 1288 3692 rubi
1321 3639 1374 3691 in
1413 3637 1538 3706 igne
1576 3639 1910 3694 rorescentis
1947 3638 2185 3692 admira-

608 3727 717 3783 bile
750 3731 1137 3798 spectaculum.
1192 3729 1368 3783 Nihilo
1401 3730 1579 3784 minus
1642 3745 1821 3784 rerum
1877 3730 2184 3783 divinarum

610 3821 1001 3889 contemplatio
1031 3821 1211 3877 crucis
1259 3821 1421 3875 etiam
1471 3831 1556 3876 est
1619 3823 1968 3892 mysterium,
2016 3821 2185 3890 primi

611 3912 704 3966 illo
730 3913 985 3982 mysterio
1026 3913 1224 3982 majus.
1257 3913 1428 3966 Ambo
1459 3914 1602 3966 enim
1635 3914 1648 3966 i
1687 3921 1735 3966 ta
1793 3910 2048 3979 mysteria
2090 3911 2187 3965 de-

613 4005 843 4066 clarant,
880 4015 934 4060 et
958 4020 1183 4076 magnus
1215 4005 1436 4072 Paulus,
1481 4016 1536 4060 et
1577 4007 1686 4060 divi
1721 3989 1912 4060 Patres
1964 4006 2134 4060 nostri
2171 4022 2185 4059 :

612 4096 704 4151 ille
730 4096 944 4163 quidem
983 4111 1086 4148 non
1118 4096 1300 4149 dicens
1334 4105 1537 4150 tantum
1574 4115 1587 4150 :
1618 4094 1847 4148 Mundus
1897 4095 2029 4148 mihi
2063 4110 2186 4149 cru-

598 4188 809 4243 -citixus
837 4198 940 4254 est,
971 4189 1137 4242 sedet
1167 4188 1430 4257 adjiciens
1457 4205 1471 4240 :
1505 4187 1579 4241 Et
1608 4202 1708 4254 ego
1743 4189 1977 4253 mundo;
2013 4188 2063 4241 hi
2095 4203 2185 4242 ve-

604 4293 678 4332 ro
711 4279 834 4332 dum
863 4293 957 4332 nos
994 4285 1215 4330 inonent
1247 4293 1317 4332 ne
1347 4279 1398 4331 in
1427 4292 1648 4330 crucem
1672 4291 1770 4345 pro
1805 4292 1967 4332 cruce
1998 4293 2190 4333 ascen-

615 4371 743 4425 dere
782 4370 1128 4435 festinemus;
1162 4384 1284 4438 quae
1329 4369 1490 4422 ambo
1532 4378 1659 4422 sunt
1720 4376 1948 4438 utraque
2007 4372 2190 4428 crucis

617 4477 897 4518 sermones
920 4469 973 4515 et
993 4461 1269 4526 mysteria.
1306 4458 1640 4529 lgiturjuxta
1668 4459 1820 4526 prius
1863 4460 2040 4516 crucis
2075 4479 2189 4534 my-

618 4555 872 4618 sterium,
918 4553 1061 4622 quod
1095 4551 1226 4605 nihil
1261 4561 1340 4606 est
1371 4551 1516 4606 aliud
1539 4567 1601 4606 ac
1629 4550 1754 4622 fuga
1791 4552 1998 4617 mundi,
2029 4567 2060 4606 a
2091 4567 2190 4620 pa-

618 4645 866 4701 rentibus
887 4642 1200 4699 carnalibus
1261 4643 1549 4711 separatio,
1604 4642 1872 4712 siquidem
1927 4643 2190 4712 pietatem

2288 3455 2448 3508 ).οντα
2479 3455 2570 3508 ἐπὶ
2616 3454 2716 3524 τῆς
2744 3454 2848 3523 γῆς
2884 3452 2974 3505 διὰ
3023 3449 3115 3505 τοῦ
3167 3448 3404 3518 σταυροῦ
3454 3445 3676 3499 ἔσεσθαι
3711 3445 3859 3510 ἁγια-

2289 3548 2426 3619 σμόν
2449 3565 2464 3580 ο
2505 3548 2626 3601 τότε
2650 3547 2804 3616 γὰρὸ
2830 3546 3066 3614 Μωὺσῆς
3092 3542 3190 3614 τὴν
3230 3541 3351 3594 τότε
3383 3538 3690 3608 μέλλουσαν
3733 3553 3860 3604 παρ-

2288 3642 2474 3694 ουσίαν
2503 3638 2598 3693 τοῦ
2634 3637 2874 3709 Χριστοῦ
2911 3634 3192 3707 προεώρα,
3241 3631 3378 3706 πρὸς
3411 3630 3471 3685 τὸ
3504 3630 3646 3702 μέγα
3685 3629 3860 3694 θέαμα

2289 3732 2466 3787 ἐκεῖνο
2514 3730 2746 3802 βλέπων,
2779 3729 2879 3800 τὴν
2938 3731 2998 3782 ὲν
3032 3729 3168 3798 πυρὶ
3222 3725 3615 3796 δροσιζομένην
3669 3723 3858 3792 βάτον⁸

2288 3825 2429 3878 ὥστε
2466 3823 2562 3877 καὶ¹
2597 3825 2630 3892 ἡ
2674 3823 2732 3876 ὲν
2761 3821 2879 3890 Θεῷ
2919 3820 3122 3890 θεωρία
3155 3821 3250 3872 τοῦ
3282 3816 3518 3888 σταυροῦ
3558 3813 3859 3885 μυστήριόν

2289 3918 2430 3981 ἐστι,
2464 3913 2558 3968 τοῦ
2609 3912 2881 3983 προτέρου
2915 3911 3126 3964 ἐκείνου
3165 3907 3467 3977 μυστηρίου
3503 3902 3721 3972 μεῖζον.
3763 3899 3859 3953 Δύο

2289 4008 2398 4078 γὰρ
2437 4003 2576 4059 εῖναι
2613 4004 2786 4057 ταῦτα
2819 4003 2912 4057 καὶ
2965 4004 2993 4054 6
3035 4001 3210 4070 μέγας
3258 3997 3472 4060 Παῦλος
3495 3995 3589 4048 καὶ
3628 3995 3681 4047 οί
3733 3993 3856 4046 θεῖοι

2293 4099 2397 4170 55
2428 4099 2677 4169 ιΠατέρες
2727 4095 2886 4167 ἡμῶν
2923 4093 3286 4146 αἱνίττονται’
3351 4090 3378 4140 ὁ
3435 4086 3534 4156 μὲν
3589 4084 3668 4154 μὴ
3711 4082 3859 4153 μόνον

2289 4192 2483 4258 λέγων,
2520 4191 2601 4243 ὅτι
2643 4189 2704 4242 '0
2727 4188 2930 4257 κόσμος
2960 4184 3083 4250 ἐμοὶ
3115 4179 3477 4248 ἐσταύρωται,
3510 4175 3650 4229 ἀλλὰ
3694 4189 3858 4243 προσ-

2290 4282 2480 4346 τιθεὶς,
2531 4282 2612 4333 ὃτι
2641 4277 2813 4346 Κάγὼ
2854 4275 2931 4346 τῷ
2997 4274 3211 4341 κόσμῳ·
3255 4271 3303 4322 οί
3335 4269 3413 4333 δὲ,
3459 4263 3862 4335 παραγγέλλονσ·

2291 4392 2381 4438 τες
2412 4375 2545 4445 ἡμῖν
2596 4371 2672 4442 μὴ
2721 4369 2975 4423 σπεύδειν
3018 4365 3334 4420 ἀναϐαίνειν
3365 4361 3457 4413 ἐπὶ
3503 4359 3595 4412 τὸν
3638 4353 3862 4424 σταυρὸν

2293 4466 2402 4537 πρὸ
2430 4463 2523 4518 τοῦ
2557 4460 2815 4531 σταυροῦ,
2847 4460 2922 4522 ὡς
2953 4457 3045 4511 δύο
3078 4458 3294 4515 πάντως
3338 4454 3510 4507 ὄντων
3542 4451 3650 4504 τῶν
3697 4449 3862 4514 λόγων

2294 4559 2387 4612 καὶ
2407 4556 2519 4609 τῶν
2557 4552 2876 4624 μυστηρίων
2901 4549 2996 4603 τοῦ
3046 4545 3304 4618 σταυροῦ.
3351 4543 3510 4598 Κατᾶ
3555 4541 3657 4612 μὲν
3687 4540 3775 4594 οῦν
3807 4533 3863 4624 το

2297 4649 2513 4716 πρῶτον
2543 4623 2638 4698 τοῦ
2671 4642 2907 4713 σταυροῦ
2939 4641 3263 4712 μυστήριον,
3304 4635 3441 4705 ὅπερ
3481 4633 3631 4686 ἐστὶν
3662 4636 3693 4700 ἡ
3725 4623 3863 4698 φυγὴ

622 4747 678 4790 et
703 4735 1014 4805 religiosam
1050 4734 1352 4802 impediunt
1379 4737 1859 4790 conversationem
1892 4746 1946 4790 ct
1993 4751 2181 4805 corpo-

2295 4736 2385 4790 τοῦ
2420 4737 2625 4806 κόσμου
2649 4736 2798 4803 καὶὴ
2829 4733 2936 4785 τῶν
2963 4731 3107 4786 κατά
3137 4729 3317 4799 σάρκα
3349 4724 3629 4794 συγγενῶν
3660 4721 3863 4784 διάζευ-

623 4829 700 4881 ris
722 4825 1062 4891 exercitatio,
1088 4839 1227 4894 quae,
1261 4832 1318 4877 ut
1357 4824 1432 4878 ait
1468 4824 1685 4892 Paulus,
1721 4840 1909 4892 parum
1951 4827 2189 4896 prodest,

623 4937 717 4991 per
748 4921 883 4981 haec.
910 4919 1153 4988 inquam,
1185 4919 1416 4972 mundus
1442 4917 1594 4972 nobis
1613 4918 1905 4973 cruciﬁxus
1934 4927 2015 4972 est
2049 4919 2193 4972 sicut

621 5023 678 5068 et
705 5021 1009 5081 peccatum,
1043 5024 1168 5064 cum
1201 5010 1305 5065 ista
1344 5009 1423 5080 sic
1485 5010 1828 5080 etl'ugiamus.
1881 5007 2190 5063 Secundum

623 5103 897 5174 posterius
956 5101 1135 5157 crucis
1188 5100 1510 5171 mysterium
1557 5099 1880 5169 nosmetipsi
1943 5100 2192 5154 crucifixi

624 5211 811 5250 sumus
839 5194 1042 5249 mundo
1081 5202 1138 5249 et
1176 5195 1293 5265 ejus
1325 5192 1728 5260 cupiditatibus,
1790 5205 1910 5244 cum
1945 5192 2045 5246 ista
2094 5208 2193 5248 nos

611 5288 906 5354 .cﬂ‘ugiant.
936 5285 1052 5342 Non
1077 5295 1301 5356 possunt
1335 5285 1427 5338 illa
1463 5285 1688 5339 omnino
1734 5298 1832 5336 nos
1864 5282 2048 5350 fugere
2097 5298 2199 5338 nec

627 5383 681 5430 in
711 5379 866 5434 nobis
897 5378 1232 5434 rationaliter
1267 5377 1506 5446 Operari,
1565 5375 1670 5428 nisi
1729 5374 1894 5427 Deum
1955 5382 2199 5430 contem—

615 5471 862 5539 plemur.
893 5467 1026 5524 Nam
1058 5468 1277 5540 quando
1323 5466 1542 5521 virtutis
1605 5465 1862 5519 exercitio
1910 5465 1975 5520 ad
2039 5466 2196 5521 istam

595 5543 1149 5630 “contemplationem
1199 5559 1545 5623 accedimus,
1617 5557 1836 5626 quando
1884 5558 2196 5618 interiorem

701 5743 836 5778 nuto
875 5744 1049 5801 Gala,”
1078 5761 1130 5812 νν
1155 5744 1246 5797 9,.1..
1322 5742 1361 5775 ’δι
1417 5741 1589 5798 Exod.
1624 5755 1705 5803 Ill.
1741 5745 1788 5800 5.

2299 4830 2398 4894 ξις,
2435 4826 2595 4896 είπερ
2629 4827 2764 4896 πρὸς
2803 4823 3086 4877 εὐσέϐειαν
3134 4821 3229 4874 καὶ
3260 4819 3350 4872 τὸν
3393 4815 3516 4870 κατ’
3563 4815 3736 4885 αὑτὴν
3767 4813 3862 4879 ὲμ-

2296 4919 2575 4984 ποδίζουσι
2626 4917 2760 4988 βίον,
2813 4915 2910 4968 καὶ
2950 4915 2980 4982 ἡ
3019 4910 3311 4982 σωματικὴ
3361 4906 3620 4978 ἐργασία,
3678 4907 3743 4975 ἦν
3772 4899 3863 4954 καὶ

2295 5013 2429 5080 πρὶς
2467 5011 2647 5078 ὀλίγον
2687 5009 2962 5077 ὠφέλιμον
2996 4999 3136 5057 εἷναί
3175 5019 3341 5071 φησιν
3371 5000 3398 5052 6
3431 4997 3662 5060 Παῦλος.
3713 4988 3863 5047 Κατὰ

2296 5101 2474 5157 ταῦτα
2497 5100 2628 5170 γοῦν
2660 5100 2688 5151 ὸ
2721 5100 2926 5167 κόσμος
2969 5097 3100 5165 ἡμῖν
3135 5089 3465 5162 σταυροῦται
3499 5089 3596 5142 καὶ
3625 5088 3659 5157 ἡ
3691 5086 3863 5154 άμαρο

2295 5198 2412 5260 τία,
2446 5195 2730 5263 φυγόντων
2762 5189 2920 5261 ἡμῶν
2950 5191 3014 5241 ὲκ
3047 5185 3277 5239 τούτων.
3316 5181 3472 5236 Κατὰ
3501 5181 3556 5234 δὲ
3597 5180 3657 5233 τὸ
3687 5175 3863 5231 δεῦτε.⁴

2299 5306 2391 5361 ρον
2413 5261 2504 5340 τοῦ
2538 5261 2777 5355 σταυροῦ
2818 5281 3139 5354 μυστήριον,
3173 5277 3338 5345 ἡμεῖς
3383 5270 3764 5343 σταυροὺμεθα

2297 5349 2490 5446 κόσμῳ
2553 5377 2646 5430 καὶ
2686 5349 2830 5437 λινοῖς*
2872 5349 3102 5424 πάθεσιν
3134 5405 3151 5432 ,
3209 5364 3388 5420 αὑτῶν
3443 5363 3750 5432 φευγόντων
3803 5349 3860 5414 ἐξ

2296 5445 2478 5540 ἡμῶν,
2511 5469 2623 5520 Οὑκ
2658 5465 2736 5518 ἔνι
2789 5464 2844 5517 δὲ
2897 5461 3114 5523 τελείως
3164 5458 3222 5524 ἐξ
3259 5455 3417 5526 ἡμῶν
3470 5453 3611 5507 αὐτὰ
3654 5445 3857 5540 φυγεῖῇ

2441 5564 2495 5617 ἐν
2577 5561 2708 5631 ἡμῖν
2777 5558 3020 5626 ἐνεργεῖν
3099 5548 3469 5622 λογιστικῶς,
3547 5544 3612 5600 ἂν
3667 5541 3739 5614 μὴ
3807 5536 3859 5587 ὲν
