4090 6438
548 376 655 444 131
1416 370 1434 381 ’
1817 373 2163 432 GREGUH]

2239 372 2567 438 PALAMIE
3725 377 3770 435 1'
3795 377 3828 435 2

551 487 679 556 ipsa:
708 495 818 539 tres
869 497 1009 538 unus
1032 481 1311 548 Dominus,
1357 495 1482 536 nam
1511 479 1776 551 scriptum
1806 489 1886 536 est
1930 498 1945 534 :
1979 498 1998 533 ι
2042 479 2144 534 Dl-

2209 514 2220 542 ι
2261 479 2392 532 Ἰδοὺ
2423 484 2450 534 ὁ
2479 476 2557 543 εἷς
2582 480 2713 543 Θεὸς
2745 482 2894 552 τρεῖς
2925 481 3269 546 ὑποστάσεις,
3296 483 3385 536 καὶ
3413 482 3470 536 αἱ
3493 485 3639 554 τρεῖς
3669 479 3824 540 αὗται

549 581 632 634 xit
667 580 931 633 Dominus
964 578 1029 632 ".
1073 595 1091 628 ι

2241 567 2322 636 εἷς
2353 573 2558 644 Κύριος
2581 587 2593 600 '
2636 570 2769 626 Εἷπε
2800 573 2928 644 γὰρ,
2966 575 3123 642 φησι,
3153 574 3377 645 Κύριος.

623 672 688 725 Ει
711 673 790 726 sic
805 670 1075 724 Abraham
1104 668 1287 724 crucis
1312 666 1570 739 mysterio
1595 665 1701 719 fuit
1732 664 2140 735 initiatus.lpse

2323 665 2413 717 ‘Ev
2480 665 2578 736 μὲν
2640 661 2732 719 οὖν
2795 667 2872 738 τῷ
2921 666 3174 737 ’Δϐραάμ
3210 666 3354 720 οὓτω
3415 669 3476 722 τὸ
3523 671 3829 742 μυστήριον

551 780 682 818 vero
714 762 862 818 lsaac
889 763 1007 832 ejus
1039 764 1198 830 cujus
1227 777 1415 816 necem
1472 759 1820 828 significabat
1856 769 1972 814 crat
2009 759 2141 828 ligu-

2242 758 2530 830 ἐνηργεῖτο
2579 759 2673 812 τοῦ
2707 760 2968 832 σταυροῦ.
3010 759 3067 813 Ὀ
3099 760 3154 812 δὲ
3198 761 3384 813 Ἰσαὰκ
3415 762 3579 824 αὐτὸς
3609 758 3697 834 ἦν
3733 763 3831 817 τοῦ

551 871 634 916 ra,
665 869 835 924 usque
857 855 920 908 ad
943 866 1172 908 mortem
1201 854 1342 908 sicut
1363 863 1416 908 et
1441 850 1692 906 Christus
1721 851 1860 920 patri
1881 851 2142 905 obediens

2242 847 2301 902 ἐν
2354 843 2505 920 αὑτῷ
2552 853 3002 920 προσηλωθέντος
3064 853 3252 915 τύπος,
3289 853 3530 923 ὑπήκοος
3582 855 3656 917 ὡς
3686 856 3833 908 καὶὸ

551 947 766 1010 factus;
801 942 1170 1013 suli‘ectusque
1203 945 1254 995 in
1291 941 1413 1011 ejus
1449 941 1624 994 locum
1663 941 1809 994 aries
1838 941 2014 1009 ipsum
2047 939 2140 994 Dei

2243 938 2485 1010 Χριστὸς
2511 943 2675 1013 μέχρι
2699 932 2940 997 θανάτου
2973 943 3050 1012 τῷ
3095 945 3265 1012 πατρὶ
3299 945 3597 1013 γενόμενος
3621 961 3636 975 ο
3677 946 3777 997 καὶ
3809 947 3835 998 6

545 1052 751 1107 agnum
785 1052 883 1104 pro
914 1035 1076 1090 nobis
1102 1035 1155 1088 in
1189 1035 1518 1088 occisionem
1556 1032 1811 1086 traditum
1842 1046 2143 1100 repraesen-

2240 1031 2540 1097 ἀντιδοθεὶς
2573 1035 2723 1104 αὐτῷ
2750 1035 2904 1105 κριὸς
2934 1035 3097 1088 αὑτὸν
3124 1035 3216 1088 τὸν
3255 1036 3347 1087 τεῦ
3371 1035 3508 1088 Θεοῦ
3540 1037 3711 1104 ἀμνὸν
3743 1037 3833 1089 τὸν

548 1129 727 1190 tabat,
761 1138 814 1181 et
836 1143 1027 1194 vepres
1074 1129 1213 1180 inter
1243 1142 1381 1195 quas
1409 1126 1671 1180 cornibus
1707 1124 1943 1180 merebat
1974 1126 2140 1190 aries,

2244 1125 2386 1194 ὑπὲρ
2418 1127 2576 1195 ἡμῶν
2624 1127 2703 1190 εἰς
2737 1128 2956 1196 σφαγὴν
2992 1127 3217 1181 δοθέντα
3250 1129 3550 1199 προεδήλου
3579 1147 3595 1160 ο
3651 1130 3747 1182 καὶ
3777 1129 3835 1181 τὸ

553 1227 714 1288 typus
751 1230 910 1272 erant
938 1220 1117 1272 cruris
1157 1219 1424 1290 mysterii.
1459 1217 1825 1283 Quamobrem
1861 1217 2140 1270 arbustum

2245 1218 2433 1286 φυτὸν,
2489 1220 2544 1268 ἐν
2572 1211 2614 1286 ᾧ
2643 1222 2669 1270 ὁ
2705 1219 2860 1287 κριὸς
2900 1219 3126 1279 ἐδέδετο,
3159 1218 3221 1271 τὸ
3269 1221 3569 1289 μυστήριον
3595 1215 3707 1288 εἶχε
3739 1218 3833 1272 τοῦ

548 1293 680 1362 illud
709 1309 943 1372 Sabech,
970 1309 1071 1361 hoc
1115 1319 1196 1364 est
1235 1309 1394 1362 arbor
1444 1308 1778 1362 remissionis
1824 1309 2143 1374 vocabatur,

2243 1309 2417 1361 τύπου
2445 1309 2540 1361 τοῦ
2602 1311 2861 1380 σταυροῦ,
2910 1310 2990 1363 διὸ
3029 1312 3122 1363 καὶ
3155 1310 3318 1380 φυτὸν
3346 1311 3548 1374 Σαϐὲκ,
3579 1311 3836 1364 τουτέστι

551 1404 696 1455 sicut
742 1417 874 1456 crux
939 1403 1144 1473 lignum
1194 1401 1602 1470 redemptionis.
1645 1398 1701 1453 In
1751 1397 1920 1454 Jacob
1974 1401 2142 1454 etiam

2246 1402 2412 1468 φυτόν
2449 1402 2702 1470 ἀφέσεως
2755 1401 3109 1471 ὠνομάζετο,
3159 1402 3230 1464 ὡς
3267 1402 3359 1454 καὶ
3394 1403 3626 1471 σταυρὸς
3678 1402 3838 1466 ξύλον

550 1493 720 1548 lsaaci
757 1495 866 1548 lilio
896 1495 1098 1549 relucet
1135 1495 1316 1549 crucis
1349 1494 1716 1564 mysterium;
1755 1508 1878 1546 nam
1915 1492 2060 1563 ligno
2089 1499 2144 1548 et

2246 1491 2544 1562 σωτηρίου.
2592 1493 2699 1546 Καὶ
2730 1493 2789 1545 ἐν
2826 1491 3020 1546 Ἰακὼϐ
3070 1492 3128 1546 δὲ
3168 1491 3244 1564 τῷ
3282 1493 3376 1546 τοῦ
3418 1493 3605 1546 Ἰσαὰκ
3640 1494 3745 1563 υἱῷ
3779 1494 3839 1546 τὸ

551 1601 692 1654 aqua
711 1601 898 1656 greges
915 1601 1042 1641 suos
1061 1586 1459 1656 multiplicavit.
1496 1584 1723 1654 Lignum
1744 1584 1907 1654 igitur
1923 1599 2140 1638 crucem

2248 1586 2550 1655 μυστήριον
2579 1586 2674 1638 καὶ
2708 1585 2735 1636 6
2770 1586 2940 1645 τύπος
2973 1585 3197 1655 ἐνήργει
3247 1583 3343 1638 τοῦ
3379 1585 3654 1655 σταυροῦ’
3690 1585 3838 1659 ξύλῳ

550 1678 960 1746 ριέοῐὶευτοὺοι,
997 1694 1136 1748 aqua
1172 1686 1352 1732 autem
1390 1677 1633 1731 divinum
1670 1675 1964 1746 baptisma,
2000 1676 2144 1744 quod

2245 1676 2353 1747 γὰρ
2386 1679 2480 1730 καὶ
2511 1672 2663 1730 ὑδατι
2695 1675 2764 1730 τὰ
2809 1676 3040 1746 ποίμνια
3068 1675 3248 1747 ἐαυτῷ
3276 1677 3570 1748 ἐπλήθυνε.
3624 1678 3700 1730 Τὸ
3741 1680 3839 1746 μὲν

550 1769 606 1821 in
641 1785 700 1823 se
732 1771 974 1824 continet
1008 1771 1188 1825 crucis
1222 1771 1566 1841 mysterium.
1599 1769 1816 1824 dicente
1846 1768 2136 1837 Apostolo:

2246 1765 2339 1821 οὖν
2360 1767 2520 1833 ξύλον
2545 1769 2604 1820 τὸ
2635 1768 2928 1839 σταυρικὸν
2951 1767 3260 1838 προετύπου
3287 1768 3444 1834 ξύλον
3469 1787 3484 1802 ο
3509 1768 3569 1823 τὸ
3598 1769 3656 1822 δὲ
3688 1768 3837 1840 ὓδωρ

556 1877 575 1910 ι
613 1857 669 1912 In
719 1871 894 1915 morte
949 1861 1154 1917 Christi
1216 1837 1476 1932 ba'ptizati
1535 1859 1806 1916 sumus“.
1842 1859 2141 1915 tChristus

2248 1861 2308 1914 τὸ
2333 1863 2474 1913 θεῖον
2503 1837 2810 1930 βάπτισμα,
2843 1860 2872 1913 ὃ
2922 1862 2979 1913 ἐν
3006 1859 3187 1931 ἐαυτῷ
3215 1862 3326 1932 ἔχει
3357 1861 3418 1914 τὸ
3465 1861 3563 1914 τοῦ
3594 1837 3837 1932 σταυροῦ

550 1967 769 2021 quoque
815 1953 960 2023 ligno
990 1963 1046 2009 et
1090 1969 1247 2023 aqua,
1267 1953 1320 2007 id
1380 1962 1465 2007 est
1503 1967 1666 2008 cruce
1704 1960 1756 2007 et
1782 1951 2132 2020 baptismate,

2249 1953 2571 2024 μυστήριον.
2605 1971 2629 2004 ι
2666 1953 2756 2015 Εἰς
2791 1953 2897 2023 γὰρ
2920 1953 3011 2006 τὸν
3037 1953 3266 2007 θάνατον
3299 1953 3394 2007 τοῦ
3433 1954 3672 2024 Χριστοῦ
3703 1955 3837 2010 ἐϐα-

550 2057 740 2112 grcges
771 2044 1083 2112 spirituales
1106 2045 1156 2098 in
1185 2055 1332 2098 terra
1358 2043 1459 2099 sibi
1485 2043 1887 2114 multiplicat/it.
1914 2042 2137 2112 Insuper

2243 2043 2573 2112 πτίσθημεν,
2609 2060 2627 2094 ι
2677 2041 2843 2112 φησιν
2872 2045 2900 2094 6
2947 2040 3293 2104 ’Δπόστολος.
3327 2040 3437 2094 Kal
3463 2043 3492 2093 6
3519 2041 3758 2110 Χριστὸς
3781 2039 3836 2094 δὲ

546 2132 716 2189 Jacob
750 2145 858 2190 tum
885 2137 1104 2206 quando
1132 2136 1381 2190 adoravit
1405 2137 1774 2190 summitatem
1810 2134 1998 2204 virgae,
2021 2146 2132 2188 tum

2247 2133 2389 2204 ξύλῳ
2417 2134 2510 2186 καὶ
2545 2131 2721 2200 ὕδατι,
2788 2131 2864 2202 τῷ
2911 2132 3132 2204 σταυρῷ
3187 2133 3285 2187 καὶ
3339 2133 3418 2202 τῷ
3467 2131 3835 2204 βαπτίσματι,

549 2227 765 2295 quando
791 2228 1077 2296 nepotibus
1101 2229 1217 2282 suis
1247 2227 1547 2291 benedixit,
1581 2225 1831 2281 manibus
1862 2234 2137 2280 transmu-

2243 2225 2312 2278 τὰ
2355 2223 2553 2290 λογικά
2599 2225 2825 2294 ποίμνια
2859 2225 2951 2277 ἐπὶ
2978 2225 3078 2294 τῆς
3131 2225 3235 2294 γῆς
3285 2224 3468 2294 ἐαυτῷ
3500 2226 3833 2295 ἐπλήθυνεν.

550 2332 663 2377 tato
687 2323 880 2377 ordine
905 2323 1196 2393 impositis,
1229 2323 1409 2378 crucis
1444 2322 1621 2375 adlmc
1658 2319 1887 2388 figuram
1919 2317 2141 2374 eviden-

2255 2316 2314 2370 Ὀ
2344 2316 2402 2368 δὲ
2435 2315 2610 2372 Ιακὼϐ
2635 2316 2729 2371 καὶ
2755 2318 2842 2369 ὅτε
2860 2317 2997 2388 πρὸς
3025 2315 3085 2370 τὸ
3114 2318 3280 2388 ἄκρον
3307 2317 3406 2388 τῆς
3435 2317 3632 2387 ῥάϐδου
3657 2333 3836 2387 προσ-

551 2414 741 2464 liorem
769 2414 1026 2466 ostendit.
1061 2413 1332 2469 Praeterea
1365 2413 1677 2483 parentibus
1715 2427 1742 2466 a
1770 2410 2042 2481 principio
2073 2411 2141 2465 ad

2265 2407 2472 2476 εκύνει,
2530 2409 2626 2462 καὶ¹
2691 2408 2781 2462 ὅτε
2829 2409 2954 2472 τοὺς
2993 2408 3252 2477 ἐγγόνους
3299 2408 3550 2476 εὐλόγει,
3600 2408 3839 2482 ἐναλλὰξ

543 2503 710 2557 tinem
736 2505 997 2560 obediens
1016 2504 1208 2569 lactus,
1235 2517 1288 2560 et
1312 2506 1432 2560 ideo
1459 2505 1688 2561 dilectus
1717 2513 1771 2560 et
1800 2503 2142 2570 benedictus,

2248 2501 2348 2564 τὰς
2383 2503 2574 2571 χεῖρας
2609 2497 2744 2564 θεὶς,
2780 2499 2872 2552 τὸν
2906 2498 3144 2569 σταυροῦ
3178 2499 3349 2553 τύπον
3391 2501 3471 2552 ἐτι
3499 2499 3838 2571 σαφέστερον

547 2596 644 2650 sed
683 2605 738 2651 et
772 2607 999 2667 propter
1047 2598 1148 2652 ista
1188 2596 1336 2653 Esau
1364 2597 1595 2662 invisus,
1638 2597 1784 2652 omni
1840 2596 2145 2650 tentatione

2245 2593 2548 2663 ὑπέφηνεν.
2585 2592 2750 2646 Ἀλλά
2777 2593 2874 2646 κα)⁸
2903 2593 3016 2657 τοῖς
3059 2593 3334 2664 πατράσιν
3365 2593 3424 2660 ἐξ
3456 2593 3632 2664 ἀρχῆς
3668 2594 3839 2663 μέχρι

549 2687 760 2742 fortiter
792 2689 1040 2755 tolerata,
1074 2705 1171 2760 per
1194 2699 1371 2745 totam
1407 2691 1575 2746 vitam
1612 2689 1793 2745 crucis
1825 2690 2142 2759 mysterium

2244 2683 2435 2747 τέλους
2463 2684 2705 2754 ὑπήκοος
2727 2683 2824 2750 ὢν,
2851 2687 2947 2737 καὶ
2983 2685 3270 2752 ἀγαπητὸς
3298 2684 3390 2736 καὶ
3426 2683 3729 2752 εὐλογητὸς
3755 2681 3843 2734 διὰ

549 2789 803 2847 operatus
835 2791 941 2837 est.
977 2780 1326 2854 Quapropter
1359 2783 1497 2839 dixit
1530 2781 1711 2839 Deus:
1749 2799 1769 2834 ι
1809 2779 1980 2836 Jacob
2011 2779 2144 2836 dile-

2241 2777 2424 2845 τοῦτο,
2461 2776 2599 2832 ἀλλὰ
2628 2781 2722 2833 καὶ
2757 2778 2988 2848 μισητὸς
3037 2777 3115 2847 τῷ
3161 2774 3337 2830 Ἠσαῦ
3365 2776 3454 2829 διὰ
3483 2775 3690 2828 ταῦτα’
3748 2775 3842 2828 καὶ

548 2873 624 2936 xi,
649 2873 790 2927 Esau
819 2883 999 2930 autem
1025 2876 1152 2930 odio
1177 2875 1339 2930 habui
1357 2875 1427 2930 ιτ.
1450 2893 1470 2927 ι

2242 2868 2386 2923 οὕτω
2447 2869 2626 2924 πάντα
2677 2869 2989 2940 πειρασμὸν
3044 2868 3310 2937 γενναίως
3371 2866 3688 2936 ὑποφέρων.
3756 2867 3841 2920 διά

548 2967 753 3030 παντὸς
797 2966 893 3020 τοῦ
953 2967 1070 3038 βίου
1116 2967 1177 3022 τὸ
1233 2968 1534 3040 μυστήριον
1585 2963 1706 3039 εἶχε
1761 2965 1859 3020 τοῦ
1914 2961 2154 3036 σταυροῦ
2190 2961 2612 3034 ἐνεργούμενον.
2666 2960 2758 3014 Διὸ
2789 2961 2884 3015 καὶ⁵
2926 2961 2954 3013 6
2983 2959 3117 3024 Θεὸς
3181 2960 3370 3030 ἔλεγε·
3446 2979 3465 3012 ι
3496 2955 3602 3014 Τὸν
3637 2958 3839 3014 Ἰακὼϐ

547 3067 836 3142 ἠγάπησα,
863 3069 956 3122 τὸν
979 3069 1036 3121 δὲ
1070 3067 1244 3121 Ἠσαῦ
1277 3068 1537 3139 ἐμίσησα.
1577 3085 1596 3120 ι

624 3156 794 3223 Talia,
821 3158 1038 3224 fratres,
1072 3159 1232 3214 etiam
1255 3137 1398 3229 apud
1425 3137 1528 3215 nos
1551 3159 1896 3228 contingunt.
1920 3156 2134 3213 Etenim
2163 3165 2207 3224 α

2311 3147 2566 3205 Τοιοῦτόν
2589 3164 2641 3200 τι
2662 3144 2874 3215 γίνεται
2909 3143 3003 3196 καὶ
3033 3137 3120 3211 ἐφ’
3155 3137 3340 3210 ἡμῶν,
3371 3137 3616 3208 ἀδελφοί.
3648 3138 3713 3191 Ὀ
3743 3139 3838 3208 μὲν

549 3251 639 3320 qui
671 3258 883 3320 patrum
909 3250 1210 3306 secundum
1232 3251 1484 3322 spiritum
1496 3262 1558 3308 et
1589 3252 1892 3307 secundum
1915 3263 2138 3306 carnem

2241 3246 2350 3315 γὰρ
2381 3240 2826 3309 ὑποτασσόμενος
2883 3237 2996 3298 τοῖς
3045 3252 3104 3286 τε
3153 3233 3294 3286 κατά
3343 3230 3563 3301 πνεῦμα
3594 3233 3836 3302 πατράσι

549 3343 712 3396 dictis
750 3343 1109 3412 obtemperat.
1139 3344 1298 3413 juxta
1327 3343 1644 3397 mandatum
1682 3342 1923 3413 Apostoli
1957 3342 2142 3397 dicen-

2242 3337 2385 3392 κατά
2421 3336 2524 3406 τὴν
2567 3331 2938 3400 ἁποστολικὴν
2973 3327 3198 3398 ἐντολὴν
3232 3326 3330 3396 τὴν
3360 3325 3628 3395 λέγουσαν
3655 3342 3673 3358 ·
3708 3343 3729 3376 ι
3759 3325 3837 3378 Tal

551 3435 646 3489 tis:
675 3451 695 3486 ι
726 3431 870 3498 Filii,
889 3435 1105 3490 obeditc
1127 3435 1447 3505 parentibus
1471 3434 1666 3490 vestris
1687 3433 1757 3499 ⁸⁸,
1793 3451 1813 3487 ι
1841 3435 1928 3489 hic
1949 3449 1980 3489 a
2008 3435 2139 3499 Deo,

2241 3431 2412 3484 τέκνα
2453 3425 2762 3480 ὑπακούετε
2808 3425 2924 3487 τοῖς
2972 3419 3224 3491 γονεῦσιν
3259 3438 3278 3471 ι
3307 3435 3323 3451 ο
3380 3421 3408 3472 6
3453 3415 3728 3484 τοιοῦτος,
3765 3417 3839 3480 ὡς

548 3538 821 3596 quatenus
851 3527 1218 3598 configuratus
1255 3528 1310 3582 in
1342 3527 1462 3583 istis
1481 3527 1676 3584 dilecto
1708 3525 1804 3582 Dei
1831 3525 1986 3592 Filio,
2023 3526 2145 3581 dili-

2244 3515 2678 3588 ἀφωμοιωμένος
2703 3514 2848 3566 κατά
2905 3512 3064 3564 τοῦτο
3135 3509 3212 3579 τῷ
3261 3507 3530 3577 ἀγαπητῷ
3594 3506 3712 3576 Υἱῷ
3744 3507 3835 3559 τοῦ

550 3619 729 3686 gitur;
757 3621 850 3689 qui
884 3597 1064 3675 autem
1096 3634 1288 3689 parere
1322 3621 1521 3686 renuit,
1547 3629 1806 3690 tanquam
1837 3622 2050 3676 alienus
2074 3619 2143 3673 ab

2246 3610 2406 3676 Θεοῦ,
2436 3608 2533 3661 καὶ
2559 3606 2710 3677 παρά
2726 3602 2820 3657 τοῦ
2845 3601 2981 3656 Θεοῦ
3001 3603 3287 3670 ἀγαπᾶται
3311 3615 3328 3630 “
3351 3601 3378 3652 6
3400 3598 3456 3650 δὲ
3475 3597 3837 3667 παρακούων,

553 3709 647 3763 illa
686 3687 808 3764 cum
868 3709 1066 3764 dilecto
1093 3687 1234 3764 Filio
1285 3687 1673 3776 sit-numam,
1696 3711 1750 3764 in
1797 3710 1982 3766 odium
2048 3707 2142 3762 Dei

2243 3700 2319 3764 ὡς
2351 3700 2632 3768 ἀλλότριος
2667 3699 2782 3758 τοῖς
2833 3694 2970 3766 πρὸς
3013 3693 3106 3745 τὸν
3157 3691 3444 3760 ἀγαπητὸν
3493 3687 3836 3759 ὁμοιώσεως,

550 3801 724 3857 venit.
752 3801 883 3868 Quae
912 3801 1133 3871 sapiens
1164 3800 1425 3870 expandit
1448 3801 1706 3858 Salomon
1729 3801 1918 3856 dicens
1947 3813 2056 3854 non
2079 3799 2146 3852 de

2246 3793 2339 3842 καὶ
2369 3789 2522 3858 παρὰ
2557 3787 2653 3840 τοῦ
2705 3781 2842 3839 Θεοῦ
2887 3785 3159 3853 μισεῖται.
3213 3781 3321 3834 Kal
3350 3779 3510 3833 τοῦτο
3565 3779 3785 3842 δεικνὺς
3813 3780 3839 3831 6

549 3892 720 3949 Jacob
751 3903 804 3948 et
845 3869 992 3947 Esau
1026 3869 1260 3958 tantum,
1299 3891 1394 3946 sed
1433 3893 1657 3948 omnino
1686 3901 1743 3947 et
1777 3893 1828 3947 in
1855 3891 2144 3946 omnibus:

2249 3880 2411 3949 σοφὴ
2444 3879 2721 3948 Σολομῶν,
2762 3878 2839 3940 ὼς
2873 3877 2974 3929 οὑκ
3023 3876 3116 3928 ἐπὶ
3154 3873 3248 3926 τοῦ
3293 3871 3496 3926 Ἰακὼϐ
3545 3871 3712 3941 μόνον
3749 3869 3841 3924 καὶ

555 4004 578 4037 1
607 3983 775 4038 Filius
822 3985 1088 4039 obediens
1125 3984 1232 4038 erit
1261 3984 1315 4039 in
1375 3984 1569 4049 vitam,
1605 3992 1785 4039 autem
1825 3983 2146 4039 iuobediens

2260 3974 2460 4038 Ἠσαῦ,
2491 3973 2629 4026 ἁ).λά
2657 3973 2753 4024 καὶ
2782 3971 2868 4023 διὰ
2903 3967 3099 4030 παντὸς
3126 3968 3220 4019 καὶ⁵
3239 3967 3331 4019 ἐπὶ
3362 3965 3578 4018 πάντων
3603 3964 3837 4031 γίνεταιο

546 4079 610 4134 in
669 4079 1028 4149 perditionem
1047 4077 1116 4132 δ’.
1150 4096 1170 4130 ι
1197 4075 1390 4131 Nonne
1456 4076 1626 4132 Jacob
1667 4076 1778 4130 lilio
1827 4075 2149 4131 obedientiae

2257 4085 2277 4119 ι
2311 4067 2463 4132 Υἱὸς,
2507 4064 2694 4134 φησιν,
2727 4065 2970 4133 ὑπήκοος
2991 4061 3150 4113 ἔσται
3185 4061 3264 4124 εἰς
3311 4057 3456 4128 ζωήν
3478 4073 3493 4088 ⁶
3525 4059 3553 4109 6
3584 4056 3642 4109 δὲ
3697 4074 3839 4129 παρ-

559 4170 737 4242 majus
767 4169 946 4224 adhuc
980 4168 1168 4223 crucis
1193 4166 1512 4240 mysterium
1537 4165 1784 4233 contigit,
1817 4164 2152 4234 contempla-

1292 4166 1512 4222 stcrium
1537 4165 1784 4233 contigit,
1817 4164 2152 4234 contempla-
2251 4161 2414 4232 ήκοος
2440 4161 2519 4222 εἰς
2543 4157 2844 4211 ἀπώλειαν.
2889 4174 2907 4206 ι

547 4237 663 4330 tio,
677 4264 923 4333 inquam,
945 4275 1041 4331 per
1059 4275 1221 4330 quam
1243 4237 1456 4330 plenius
1482 4259 1644 4315 homo
1669 4257 2012 4328 crucifigitur
2036 4270 2152 4310 mo-

2334 4252 2476 4306 ’Λλλ⁹
2509 4255 2537 4306 6
2562 4250 2666 4320 τῆς
2695 4249 2944 4318 ὑπακοῆς
2977 4245 3094 4310 υἱὸς
3135 4241 3334 4300 Ἰακὼϐ
3369 4238 3462 4314 ἆρ’
3485 4241 3607 4312 οὐχ).
3630 4238 3729 4294 καὶ
3749 4237 3840 4292 τοῦ

546 4357 804 4424 riturque
830 4360 1055 4422 peccato
1092 4361 1150 4406 et
1169 4351 1358 4404 virtuti
1399 4350 1568 4408 vivit?
1591 4347 1719 4416 Ipse
1756 4349 1826 4405 de
1853 4363 1952 4404 sua
1983 4347 2152 4403 visio-

2258 4347 2506 4418 μείζονος
2561 4345 2722 4414 ἔτυχε
2777 4339 3084 4413 μυστηρίου
3145 4337 3241 4391 τοῦ
3280 4335 3539 4406 σταυροῦ,
3580 4335 3681 4403 τῆς
3718 4335 3841 4387 θεο-

549 4463 628 4502 ne
663 4458 718 4502 et
763 4446 937 4502 salute
959 4443 1141 4498 reddit
1183 4440 1708 4510 testimonium;ait
1755 4441 1933 4498 enim:
1976 4457 1996 4491 ι
2029 4437 2149 4495 Vidi

2255 4439 2421 4502 πτίας
2475 4437 2642 4504 λέγω,
2703 4434 2827 4489 καθ’
2859 4436 2926 4505 ἠν
2977 4431 3307 4501 τελεώτερον
3363 4424 3697 4498 σταυροῦται
3748 4428 3843 4480 καὶ

552 4540 847 4595 Dominum
879 4535 1017 4592 facie
1043 4535 1110 4590 ad
1143 4534 1359 4602 faciem,
1380 4543 1446 4591 et
1475 4507 1622 4590 salva
1661 4533 1807 4591 facta
1844 4543 1930 4589 est
1965 4532 2146 4588 anima

2254 4533 2593 4602 ἀποθνήσκει
2623 4531 2652 4583 6
2687 4530 2980 4598 ἄνθρωπος
3007 4529 3075 4599 τῇ
3119 4522 3387 4596 ἁμαρτία,
3419 4523 3515 4576 καὶ
3543 4519 3609 4591 ζῇ
3630 4521 3696 4591 τῇ
3719 4520 3845 4590 ἀρε-

559 4648 678 4688 mea
695 4631 762 4684 '°.
805 4648 825 4682 ι
2253 4627 2359 4696 τῇς
2397 4625 2511 4677 Kal
2549 4622 2656 4694 μὴν
2699 4621 2864 4684 αὑτὸς
2904 4618 3088 4688 ἐαυτῷ
3118 4614 3390 4687 μαρτυρεῖ
3424 4613 3519 4666 καὶ
3569 4611 3668 4682 τὴν
3699 4610 3842 4665 θεω-

552 4733 688 4803 ιρίαν
741 4729 841 4783 καὶ
875 4727 973 4800 τὴν
1020 4724 1337 4797 σωτηρίαν·
1393 4740 1416 4777 ι
1457 4721 1612 4779 Εἶδον
1656 4722 1788 4794 γὰρ,
1843 4722 2003 4794 φησι,
2049 4721 2144 4776 τδν
2184 4720 2325 4776 Θεὸν
2359 4719 2654 4792 πρόσωπον
2707 4717 2842 4789 πρὸς
2877 4715 3194 4788 πρόσωπον,
3228 4713 3327 4768 καὶ
3368 4710 3550 4780 ἐσώθη
3631 4725 3739 4781 μου
3809 4708 3841 4777 ή

714 4863 728 4878 ι
768 4842 788 4876 ι

550 4825 734 4980 ψυόἶὶ
764 4929 891 4978 sunt
919 4918 1016 4990 qui
1072 4917 1270 4990 plausu
1303 4915 1664 4986 comprobant
1697 4924 1882 4985 turpes
1915 4915 2154 4986 ineptias

2332 4907 2443 4962 Ποῦ
2470 4907 2611 4960 εἰσιν
2646 4904 2697 4958 οἱ
2728 4901 3072 4971 στοιχοῦντες
3127 4900 3208 4952 ἐτι
3238 4899 3358 4961 ταῖς
3410 4895 3520 4948 τῶν
3569 4897 3656 4963 ἐφ’
3687 4895 3845 4966 ήμῶν

553 4988 1016 5074 itetcrodoxorum
1076 4988 1221 5084 apud
1281 5026 1382 5066 nos
1441 5009 1832 5066 versantiumi
1871 5009 2151 5062 Audiant:

2259 5001 2648 5071 ἀναφανέντων
2701 4995 3014 5060 κακοδόξων
3078 4993 3366 5064 βδελυραίς
3419 4988 3843 5084 λογολεσχίαιςς

555 5111 702 5165 Ecce
727 5107 896 5163 Jacob
958 5105 1092 5161 vidit
1113 5075 1330 5160 'faciem
1381 5103 1494 5170 Dei,
1519 5112 1575 5159 et
1629 5113 1812 5158 tamen
1877 5116 1989 5156 non
2042 5101 2155 5154 vita

2269 5095 2674 5158 Ἀκουέτωσαν,
2708 5092 2790 5146 ὅτι
2837 5092 2865 5143 ὁ
2919 5087 3113 5142 Ἰακὼϐ
3157 5087 3216 5139 τὸ
3250 5085 3542 5156 πρόσωπον
3596 5075 3703 5134 εἶδε
3749 5079 3846 5134 τοῦ

554 5210 778 5256 «tantum
804 5214 908 5254 non
933 5197 1178 5270 privatus
1200 5206 1308 5262 est,
1331 5197 1426 5252 sed
1457 5196 1649 5262 etiam,
1679 5195 1798 5265 ipso
1822 5201 1982 5258 teste,
2007 5191 2156 5247 salus

2265 5188 2402 5244 Θεοῦ
2423 5204 2438 5220 ο
2473 5187 2570 5242 καὶ
2619 5186 2680 5238 οὑ
2710 5185 2874 5256 μόνον
2907 5184 3008 5236 οὑκ
3037 5178 3321 5250 ἀφῄρηται
3362 5177 3424 5230 τδ
3458 5175 3579 5246 ζῇν,
3626 5175 3741 5227 ἀλλ’
3770 5174 3847 5236 ὡς

551 5296 833 5356 «lataest;
861 5266 1108 5360 quamvis
1165 5289 1309 5343 Deus
1339 5287 1454 5358 ipse
1483 5287 1629 5341 dicat
1655 5275 1674 5339 :6
1704 5302 1724 5337 ι
1763 5282 1932 5338 Nemo
1960 5281 2154 5337 faciem

2266 5281 2428 5344 αὑτός
2460 5294 2618 5350 φησι,
2667 5278 2763 5330 καὶ
2798 5279 3070 5329 σέσωσται
3090 5313 3104 5338 ,
3142 5270 3324 5323 καίτοι
3355 5267 3450 5321 τοῦ
3477 5266 3617 5319 Θεοῦ
3657 5267 3848 5333 λέγον-

556 5400 743 5439 amcam
773 5359 1003 5447 videbit,
1037 5392 1090 5439 et
1119 5381 1378 5437 vivet".r
1413 5378 1684 5448 Numquid
1727 5377 1864 5431 forte
1898 5384 2028 5430 sunt
2050 5377 2158 5430 duo

2263 5391 2379 5440 τος,
2415 5390 2434 5424 ι
2469 5371 2660 5434 Οὐδεὶς
2687 5369 2880 5439 ὄψεται
2899 5366 2962 5419 τὸ
2985 5363 3279 5434 πρόσωπόν
3311 5377 3412 5431 μου
3440 5359 3535 5410 καὶ⁸
3557 5359 3839 5426 (ﬁcetum

557 5477 674 5546 Oti,
697 5491 1098 5548 quorum-unus
1117 5475 1312 5530 faciem
1331 5473 1496 5528 liabet
1521 5472 1622 5527 sub
1638 5479 1917 5542 aspectum
1939 5477 2158 5523 sancto-

2267 5462 2392 5535 Ἆρ’
2421 5463 2516 5518 οῦν
2553 5463 2646 5516 δύο
2684 5463 2832 5526 Geel,
2887 5461 2916 5512 6
2948 5459 3048 5530 μὲν
3103 5453 3183 5519 εἷς
3230 5453 3372 5524 ἔχων
3430 5451 3726 5521 πρόσωπον
3777 5451 3844 5518 τῇ

560 5586 687 5624 μι-ιιιιι
722 5572 1022 5636 cadentem,
1060 5569 1197 5624 alter
1220 5582 1360 5625 vero
1388 5565 1593 5620 nullius
1615 5562 1793 5619 oculis
1821 5561 2159 5634 conspicien-

2267 5560 2458 5630 ὁράσει
2483 5555 2592 5609 τῶν
2622 5555 2794 5623 ἁγίων
2820 5552 3151 5613 ὑποπίπτον,
3183 5551 3212 5601 6
3254 5547 3312 5599 δὲ
3338 5545 3522 5614 ἕτερος
3554 5545 3848 5612 πρόσωπον

573 5663 732 5717 dam?
761 5667 942 5734 Apage
1003 5633 1207 5716 tantam
1261 5656 1632 5727 impietatem!
1673 5653 1782 5709 Sed
1839 5633 1969 5709 Dei,
2001 5653 2168 5708 facies

2275 5653 2413 5719 ἔχων
2441 5647 2580 5718 ὑπὲρ
2611 5647 2794 5699 πᾶσαν
2824 5645 3052 5715 ὄρασιν;
3118 5641 3336 5708 ’Λπαγε
3369 5639 3468 5706 τῆς
3495 5633 3846 5693 δυσσεϐείαςῑ

635 5784 681 5814 ⁴⁵
713 5783 848 5837 Gen.
880 5798 1033 5848 xvnt,
1063 5781 1083 5834 l
1119 5793 1274 5848 seqq.
1353 5777 1398 5809 ’⁵⁸
1422 5774 1584 5829 Rom.
1618 5791 1696 5842 vr,
1729 5775 1784 5830 3.
1861 5775 1906 5807 "
1949 5773 2184 5831 Malacb.
2220 5788 2250 5839 t1

2231 5790 2261 5840 ι,
2289 5772 2346 5825 ’5.
2424 5770 2468 5801 ⁵⁸⁸
2491 5769 2695 5840 Eplies.
2730 5785 2802 5833 τι,
2836 5769 2884 5820 l.
2965 5768 3008 5799 ⁵³
3038 5764 3198 5818 l‘rov.
3245 5776 3394 5827 xxix,
3419 5759 3512 5814 ετ.
3625 5758 3672 5790 ⁸ο
3711 5755 3846 5811 Gen.

572 5869 754 5916 :sxxn,
791 5855 880 5908 50.
962 5855 1004 5884 ⁸⁸
1042 5851 1212 5908 Exod.
1243 5863 1436 5907 χχχιιι.
1463 5848 1557 5899 ‘20.
