4090 6456
286 412 386 472 133

1695 402 2027 463 HOMILIA
2066 403 2175 462 XI.

3455 401 3557 461 134

281 519 416 573 ἀλλᾶ
441 515 733 587 πρόσωπον
775 514 875 586 μὲν
902 514 994 567 τοῦ
1026 511 1163 568 Θεοῦ
1195 511 1475 586 ὁρώμενόν
1510 511 1614 583 57
1650 514 1800 566 ἐστιν
1825 514 1858 582 ἡ

1972 509 2202 578 conspici
2237 513 2449 577 potest,
2488 521 2608 576 qua:
2640 505 2874 562 nihilost
2905 505 3052 562 aliud
3087 521 3150 562 ac
3185 506 3362 562 divina
3392 511 3561 578 gratia

279 609 422 661 κατὰ
450 605 549 677 τὴν
576 607 671 659 ἐπὶ
719 607 846 667 τοὺς
877 603 1063 669 ἀξίους
1105 604 1434 673 ἐπιφάνειαν
1481 603 1737 670 ἐνέργεια
1766 604 1862 656 καὶ

280 701 438 770 χάρις
489 698 586 751 τοῦ
617 697 777 751 Θεοῦ.
816 697 924 750 Τοῦ
953 697 1121 751 αὐτοῦ
1149 697 1206 748 δὲ
1249 696 1545 763 πρόσωπον
1591 693 1863 764 μηδέποτε

279 789 574 861 δρώμενον,
603 791 636 859 ἡ
667 789 806 858 ὑπὲρ
857 790 1038 842 πᾶσαν
1069 788 1335 855 ἓκφανσιν
1363 786 1458 838 καὶ
1487 785 1680 853 ὅρασιν
1740 783 1862 836 ἔσθ’

280 879 366 931 ὅτε
394 879 610 946 λέγεται
634 881 798 948 φύσις
824 878 919 930 τοῦ
947 877 1079 930 Θεοῦ
1104 895 1116 907 ·
1142 878 1317 938 οὐδεὶς
1340 876 1459 946 γάρ·
1483 878 1631 928 ἐστιν
1657 877 1716 928 ὲν
1734 876 1867 928 ὑπο-

283 970 518 1038 στήματι
537 970 630 1022 καὶ
658 968 817 1038 οὐσίᾳ
848 970 1055 1037 Κυρίου
1082 968 1224 1020 κατὰ
1248 967 1307 1018 τὸ
1329 966 1741 1036 γεγραμμένον,
1773 967 1866 1018 καὶ

280 1061 415 1114 Θεοῦ
451 1061 612 1130 φύσιν
644 1057 867 1130 ἢέίδεν,
906 1060 938 1130 ἢ
974 1059 1359 1128 ὲξηγόρευσεν.
1392 1055 1578 1119 Οῦτως
1603 1059 1635 1128 ή
1663 1057 1722 1109 ἐν
1747 1055 1866 1126 Θεῷ

283 1154 488 1222 Θεωρία
525 1155 618 1207 καὶ
643 1156 703 1206 τὸ
737 1155 880 1206 θεῖον
930 1151 1026 1205 τοῦ
1059 1149 1297 1221 σταυροῦ
1340 1151 1639 1220 μυστήριον
1687 1150 1747 1204 οὐ
1794 1151 1867 1204 τὰ

285 1245 497 1316 πονηρὲ
529 1246 679 1315 πάθη
733 1245 892 1315 μόνον
929 1243 1026 1297 καὶ
1073 1243 1200 1305 τοὺς
1258 1241 1628 1312 δημιουργοὺς
1659 1243 1866 1294 τούτων

282 1338 547 1405 δαίμονας
579 1335 874 1390 ἀπελαύνει
905 1337 1003 1406 τῆς
1033 1334 1240 1404 ψυχῆς,
1273 1322 1413 1387 ἀλλὰ
1447 1334 1542 1385 καὶ
1569 1332 1668 1395 τὰς
1696 1349 1867 1385 κακοά

282 1429 468 1495 δόξους
496 1430 651 1494 δόξας
682 1429 775 1482 καὶ
811 1429 938 1490 τοὺς
972 1429 1201 1490 ταύταις
1229 1427 1565 1497 συνηγόρους
1594 1425 1867 1496 ἐξελέγχει

285 1523 381 1574 καὶ
411 1523 713 1577 ἀπωθεῖται
743 1523 848 1575 τῶν
882 1521 1192 1591 περιϐόλων
1214 1521 1312 1591 τῆς
1344 1521 1494 1591 ίερᾶς
1517 1518 1609 1572 τοῦ
1627 1518 1865 1588 Χριστοῦ

298 1615 644 1686 Ἐκκλησίας,
710 1615 834 1668 καθ’
887 1615 953 1686 ἣν
987 1616 1121 1685 ἡμῖν
1153 1614 1418 1684 ἐχαρίσθη
1455 1611 1552 1665 νῦν
1584 1610 1868 1681 ἑορτάζειν

285 1709 380 1761 καὶ
415 1707 732 1778 διατρανοῦν
790 1708 890 1777 τὴν
921 1706 1016 1760 τοῦ
1061 1707 1304 1777 σταυροῦ
1342 1707 1450 1776 πρὸ
1493 1705 1587 1760 τοῦ
1621 1705 1865 1775 σταυροῦ

287 1799 437 1852 θείαν
464 1801 521 1851 ὲν
548 1801 659 1862 τοῖς
690 1801 942 1869 Πατράσι
976 1799 1134 1870 χάριν
1161 1801 1254 1853 καὶ
1278 1799 1582 1869 ἐνέργειαν.

1966 611 2018 656 et
2039 600 2280 671 operatio
2309 601 2360 654 in
2388 600 2596 654 sanctis
2625 600 2966 654 manifestata
2990 617 3004 665 ;
3032 610 3085 654 et
3114 599 3280 654 simul
3319 603 3560 669 conspici

1969 692 2176 760 nequit,
2218 692 2429 746 scilicet
2459 691 2641 744 divina
2682 700 2871 744 natura
2913 707 3076 759 supra
3115 707 3329 744 omnem
3387 693 3565 744 ιιι-ςιιὶ-

1967 783 2338 848 l’estationeni,
2359 796 2524 850 supra
2553 797 2764 836 omnem
2795 783 3141 836 intuitiOnem
3171 783 3364 852 posita.
3393 780 3564 836 Nemo

1966 878 2115 930 stetit
2151 877 2201 929 iu
2229 890 2459 942 persona
2485 884 2540 928 et
2568 875 2807 928 essentia
2842 876 3077 940 Domini,
3101 875 3181 930 sic
3213 883 3270 928 ut
3299 877 3565 944 scriptum-

1967 979 2072 1030 est,
2107 969 2345 1021 divinam
2374 975 2628 1020 naturam
2668 981 2825 1020 nemo
2855 968 2988 1022 vidit
3017 983 3254 1037 unquam
3284 983 3383 1022 nec
3408 981 3569 1021 enar-

1969 1060 2129 1112 ravit.
2161 1059 2252 1113 Sic
2286 1059 2378 1114 Dei
2420 1059 2803 1128 contemplatio
2834 1067 2888 1114 et
2931 1060 3176 1114 divinum
3208 1062 3389 1115 crucis
3451 1075 3569 1129 my-

1967 1152 2196 1206 sterium
2248 1165 2353 1204 non
2402 1151 2562 1205 modo
2589 1165 2786 1221 pravas
2837 1152 3164 1221 cupiditates
3209 1162 3264 1207 et
3315 1164 3568 1206 auctores

1969 1259 2155 1299 earnm
2192 1245 2466 1299 dmmones
2517 1256 2662 1300 arcet
2716 1247 2781 1299 ab
2815 1246 3020 1309 anima,
3054 1247 3148 1299 sed
3205 1245 3367 1300 etiam
3404 1245 3569 1301 falsas

1969 1338 2258 1406 Opiniones
2287 1353 2410 1391 cum
2440 1354 2627 1393 earum
2666 1339 2911 1406 patronis
2971 1341 3153 1406 arguit
3185 1327 3241 1390 et
3282 1337 3503 1406 expellit
3534 1353 3563 1390 a

1969 1429 2092 1485 sinu
2130 1441 2332 1484 sanctae
2358 1429 2559 1484 Christi
2590 1429 2866 1494 Ecclesiae,
2891 1429 3042 1498 juxta
3077 1445 3236 1497 quam
3267 1431 3429 1486 hodie
3465 1448 3566 1486 nos

1965 1520 2120 1590 juvat
2149 1522 2457 1580 celebrare
2494 1531 2549 1575 et
2597 1521 2868 1576 illustrare
2924 1522 3167 1592 patribus
3224 1523 3353 1576 olim
3397 1539 3426 1577 a
3456 1523 3568 1578 Deo

1968 1616 2169 1669 iactam
2195 1615 2372 1670 crucis
2395 1614 2592 1682 procul
2625 1625 2756 1670 ante
2779 1630 2996 1670 erucem
3035 1617 3263 1686 gratiam
3295 1625 3350 1671 et
3369 1630 3567 1686 Opera~

1971 1709 2194 1764 tionem.

360 1891 571 1961 Ὥσπερ
606 1891 697 1944 οὖν
751 1893 810 1944 ὲν
867 1891 966 1961 μὲν
1021 1891 1097 1959 τῷ
1140 1891 1396 1961 ’Λϐραὰμ
1448 1892 1508 1945 τὸ
1568 1893 1866 1965 μυστήριον

2044 1887 2198 1941 Sicut
2230 1886 2391 1958 igitur
2427 1889 2480 1944 in
2521 1887 2793 1944 Abraham
2861 1890 3196 1959 operabatur
3224 1891 3404 1946 crucis
3451 1897 3571 1960 my‘

288 1983 511 2052 ὲνήργει
544 1982 634 2035 τοῦ
671 1982 932 2051 σταυροῦ,
968 1984 996 2035 6
1037 1982 1093 2035 δὲ
1125 1981 1291 2038 αὐτοῦ
1323 1982 1439 2044 υίὸς
1464 1977 1533 2052 ἦν
1567 1982 1737 2046 τύπος
1773 1983 1867 2036 τοῦ

293 2071 696 2142 σταυρωθέντος
727 2071 978 2142 ὕστερον,
1031 2071 1178 2126 οὕτω
1233 2072 1397 2126 πάλιν
1424 2074 1482 2126 ἒν
1530 2073 1628 2142 μὲν
1657 2073 1734 2144 τῷ
1771 2073 1872 2144 βίῳ

291 2165 455 2218 παντὶ
479 2165 573 2218 τοῦ
613 2164 808 2219 Ἰακὼϐ
833 2166 892 2218 τὸ
915 2166 1214 2237 μυστήριον
1237 2167 1461 2235 ἐνήργει
1488 2167 1581 2220 τοῦ
1609 2167 1870 2238 σταυροῦ,

301 2254 496 2326 Ἰωσὴφ
528 2257 585 2308 δὲ
634 2257 662 2309 6
703 2257 821 2320 υἱὸς
846 2256 942 2310 τοῦ
994 2256 1186 2310 Ἰακὼϐ
1221 2257 1382 2319 αὐτὸς
1433 2252 1501 2328 ἦν
1553 2257 1726 2320 τύπος
1774 2257 1872 2312 καὶ

293 2347 598 2417 μυστήριον
642 2348 738 2401 τοῦ
775 2349 1303 2419 σταυρωθησομένου
1343 2349 1482 2419 μετὰ
1509 2348 1686 2402 ταῦτα
1715 2350 1871 2404 θεαν-

290 2438 513 2508 θρώπου
544 2439 751 2506 Λόγουο
806 2440 986 2510 φθόνῳ
1039 2441 1148 2511 γὰρ
1201 2441 1294 2493 καὶ
1351 2439 1515 2503 αὐτὸς
1547 2441 1690 2513 ἤχθη
1731 2442 1870 2513 πρὸς

289 2531 528 2601 σφαγὴν,
559 2535 653 2585 καὶ
700 2532 805 2585 ὑπὸ
838 2534 946 2586 τῶν
988 2535 1129 2587 κατὰ
1175 2534 1355 2604 σάρκα
1387 2535 1690 2604 συγγενῶν,
1724 2537 1870 2605 ὑπὲρ

286 2617 364 2679 ὧν
397 2625 532 2694 πρὸς
556 2624 750 2688 αὐτοὺς
778 2625 932 2696 παρὰ
971 2625 1065 2679 τοῦ
1101 2628 1310 2695 πατρὸς
1338 2626 1620 2696 ἐπέμφθη,
1672 2627 1748 2692 ὡς
1774 2629 1872 2683 καὶ

289 2717 318 2768 6
342 2717 574 2785 Χριστὸς
604 2716 849 2787 ὕστερον.
882 2719 943 2771 Εί
985 2719 1039 2771 δὲ
1073 2719 1172 2771 οὐκ
1209 2719 1446 2789 ἐσφάγη,
1479 2719 1620 2772 ἀλλὰ
1649 2720 1866 2791 πέπραο

287 2823 379 2860 ται
420 2809 449 2860 ὁ
488 2810 705 2880 Ἰωσὴφ,
761 2811 1076 2878 Θαυμαστὸν
1105 2812 1299 2866 οὐδέν’
1347 2812 1469 2866 οὐδὲ
1521 2812 1630 2881 γάρ
1680 2812 1870 2866 Ἰσαὰκ

285 2903 503 2973 ἐσφάγη
527 2922 540 2934 ’
571 2906 666 2958 καὶ
700 2905 809 2976 γὰρ
851 2905 953 2958 οὐκ
1001 2906 1155 2959 αὐτοὶ
1185 2900 1328 2976 ἦσαν
1355 2907 1388 2975 ἡ
1424 2906 1678 2974 ἀλήθεια,
1730 2907 1868 2962 ἀλλὰ

283 2995 459 3059 τύπος
485 2998 582 3067 τῆς
620 2997 922 3069 μελλούσης
971 2998 1253 3069 ἀληθείας.
1317 2997 1378 3052 Ei
1412 2999 1469 3054 δὲ
1493 3000 1575 3052 δεῖ
1610 3000 1712 3053 κάν
1742 2999 1868 3055 τού·

284 3103 400 3147 τοις
427 3087 487 3140 τὸ
530 3087 751 3142 διπλοῦν
807 3089 1040 3142 συνιδεῖν
1076 3091 1381 3161 μυστήριον
1420 3081 1515 3144 τοῦ
1542 3090 1867 3162 διπλοῦτὴν

286 3175 455 3244 φύσιν
497 3179 693 3250 Ἰησοῦ,
726 3179 788 3233 τὸ
818 3181 914 3252 μὲν
948 3180 1184 3252 ἀχθῆναι
1227 3180 1366 3253 πρὸς
1395 3183 1612 3255 σφαγὴν
1639 3183 1703 3236 τὸ
1725 3183 1868 3236 κατὰ
1896 3219 1941 3278 C

289 3270 474 3340 σάρκα
505 3272 675 3335 πάθος
733 3271 827 3325 τοῦ
867 3272 1225 3344 θεανθρώπου
1269 3275 1646 3344 προῦπέφηνε,
1702 3275 1764 3326 τὸ
1812 3273 1870 3328 δὲ

291 3363 458 3431 μηδὲν
493 3362 704 3430 παθεῖν,
755 3364 854 3434 τῆς
887 3363 1146 3435 θεότητος
1174 3363 1235 3417 τὺ
1285 3364 1519 3428 ἀπαθές.
1551 3364 1709 3419 Τοῦτ’
1742 3365 1878 3420 αὐτὸ

290 3453 358 3507 ἂν
385 3455 568 3524 εὕροις
593 3457 686 3510 καὶ
715 3457 808 3510 ἐπὶ
851 3456 1049 3511 Ἰακὼϐ
1096 3457 1194 3511 καὶ
1229 3455 1483 3528 Ἀϐραάμ
1505 3474 1520 3488 θ
1559 3460 1608 3512 εἰ
1638 3459 1745 3528 γὰρ
1777 3460 1872 3512 καὶ

294 3547 726 3618 ἐπειράσθησαν,
779 3549 895 3603 ἀλλ’
921 3549 1201 3621 ἐνίκησαν,
1223 3549 1252 3603 6
1278 3550 1469 3619 σαφῶς
1497 3550 1593 3604 καὶ
1645 3551 1739 3604 ἐπὶ
1775 3550 1869 3606 τοῦ

295 3638 531 3707 Χριστοῦ
559 3640 890 3708 γέγραπται.
948 3642 1244 3712 Τεσσάρων
1272 3641 1368 3696 οὖν
1422 3643 1596 3696 ὄντων
1643 3642 1754 3696 τῶν
1782 3642 1873 3696 ἐπ’

289 3737 459 3805 ἀρετῇ
494 3735 586 3788 καὶ
615 3735 868 3806 εὐσεϐείᾳ
895 3728 1376 3806 περιϐεϐοημὲνων
1407 3735 1516 3806 πρὸ
1558 3735 1654 3789 τοῦ
1678 3736 1868 3804 νόμου,

287 3827 336 3878 σί
384 3826 486 3896 μὲν
533 3826 628 3880 δύο
683 3823 932 3898 Ἀϐραὰμ
983 3829 1080 3882 καὶ
1121 3827 1316 3883 Ἰακὼϐ
1350 3829 1407 3880 ὲν
1452 3830 1568 3892 τοῖς
1620 3828 1753 3897 περὶ
1781 3830 1874 3883 τὸν

292 3919 407 3988 βίον
433 3919 490 3971 τὸ
522 3920 819 3990 μυστήριον
844 3917 989 3990 εἶχον
1037 3920 1133 3974 τοῦ
1171 3920 1408 3990 σταυροῦ
1439 3921 1870 3990 ὲνεργούμενον·

289 4013 338 4064 oi
375 4011 432 4063 δὲ
474 4011 568 4064 δύο
609 4013 796 4066 Ἰσαὰκ
822 4013 916 4065 xai
957 4012 1183 4082 Ἰωσὴφ,
1210 4012 1366 4067 αὐτοὶ
1416 4013 1480 4066 τὸ
1508 4012 1604 4066 τοῦ
1637 4012 1872 4083 σταυροῦ

295 4102 598 4172 μυστήριον
629 4103 946 4174 θαυμασίως
981 4105 1472 4177 προανεφὼνησαν.
1507 4106 1575 4160 Τί
1600 4107 1658 4160 δὲ
1708 4108 1874 4161 πάλιν

294 4195 322 4246 ὁ
343 4194 556 4266 πρῶτος
593 4196 747 4264 παρὰ
772 4195 865 4249 τοῦ
917 4197 1054 4251 Θεοῦ
1086 4199 1179 4252 τὸν
1214 4199 1380 4270 νόμον
1419 4200 1744 4271 δεδεγμένος
1779 4202 1874 4255 καὶ

299 4287 559 4356 μεταδοὺς
612 4291 723 4351 τοῖς
786 4288 972 4354 ἄλλοις
1024 4291 1291 4361 Μωῦσῆς,
1330 4293 1392 4346 ού
1440 4291 1583 4362 ξύλῳ
1627 4292 1727 4363 μὲν
1777 4293 1876 4348 καὶ

297 4378 449 4432 ὕδατι
481 4380 586 4448 πρὸ
612 4380 706 4433 τοῦ
734 4382 898 4451 νόμου
929 4382 1196 4438 σέσωσται
1227 4384 1412 4449 αὐτὸς,
1446 4385 1610 4458 ἡνίκα
1646 4385 1874 4458 ἐξετέθη

294 4474 409 4535 τοῖς
435 4471 529 4524 τοῦ
557 4472 753 4526 Νείλου
806 4474 1075 4544 ῥεύμασιν
1103 4477 1162 4529 ὲν
1199 4475 1338 4547 θήϐῃ
1366 4476 1616 4545 ἀφεθεὶς,
1645 4477 1787 4548 ξύλῳ
1815 4477 1872 4531 δὲ

1971 1981 2221 2044 stcrinm,
2246 1980 2362 2048 eius
2389 1995 2569 2038 autem
2597 1983 2740 2037 ﬁlius
2765 1981 2912 2036 Isaac
2935 1990 3051 2037 erat
3075 1982 3368 2052 aliquando
3395 1983 3572 2038 cruci-

1971 2070 2170 2142 ﬁgemli
2228 2074 2423 2141 ﬁgura,
2452 2075 2524 2128 ita
2561 2090 2754 2128 rursus
2794 2084 2905 2129 tota
2940 2075 3042 2130 vita
3083 2075 3253 2130 Jacob
3284 2088 3568 2144 Operatum

1970 2171 2054 2216 est
2093 2164 2410 2232 mysterium
2442 2165 2654 2229 crucis;
2689 2162 2892 2233 Joseph
2927 2180 3058 2219 vero
3095 2166 3234 2221 ﬁlius
3259 2165 3428 2222 Jaeob
3455 2168 3570 2236 ipse

1970 2262 2088 2305 erat
2115 2261 2274 2323 typus
2301 2261 2354 2308 et
2387 2258 2703 2323 mysterium
2731 2254 2894 2310 Verbi
2923 2254 3190 2309 incarnati
3233 2266 3415 2326 postca
3445 2274 3571 2311 cru-

1971 2343 2246 2414 ciﬁgendi.
2275 2343 2410 2399 Nam
2453 2347 2568 2414 ipse
2618 2360 2836 2416 quoque
2892 2347 3095 2402 invidia
3121 2349 3188 2401 ad
3236 2351 3568 2404 occisionem

1973 2439 2170 2491 ductus
2196 2446 2300 2503 est,
2325 2439 2520 2492 ductus
2542 2449 2720 2492 autem
2750 2438 2819 2493 ab
2843 2439 2962 2507 ejus
2995 2439 3250 2494 fratribus
3273 2443 3567 2494 secundum

1973 2544 2220 2593 carnem,
2256 2544 2355 2600 pro
2395 2529 2596 2598 quibus
2657 2540 2712 2584 et
2769 2532 2835 2584 ad
2888 2546 3025 2599 quos
3079 2546 3108 2584 a
3151 2539 3305 2599 patre
3367 2534 3570 2588 missus

1969 2622 2383 2685 £uerat,sicutet
2401 2621 2652 2677 Christus
2675 2633 2882 2693 postea.
2905 2625 3062 2690 Quod
3075 2623 3120 2678 si
3137 2624 3334 2694 Ioseph
3356 2627 3572 2682 occisus

1971 2729 2078 2769 non
2113 2714 2231 2777 fuit,
2263 2714 2355 2768 sed
2384 2716 2661 2782 venditus,
2690 2717 2820 2772 nihil
2847 2718 2900 2771 in
2933 2720 3035 2772 hoc
3063 2718 3284 2786 mirum,
3312 2733 3407 2774 nec
3423 2719 3571 2774 enim

1970 2805 2120 2861 Isaac
2149 2808 2365 2861 occisus
2387 2807 2512 2861 fuit.
2543 2807 2606 2860 Et
2634 2822 2768 2863 vero
2799 2809 2898 2879 ipsi
2925 2823 3031 2864 non
3058 2818 3216 2864 erant
3247 2810 3450 2866 veritas
3473 2811 3573 2866 sed

1969 2907 2213 2953 ventura:
2245 2898 2416 2969 ﬁgura
2455 2900 2728 2954 veritatis.
2765 2901 2820 2955 Si
2859 2913 3042 2956 autem
3082 2901 3136 2956 in
3181 2902 3300 2957 istis
3351 2919 3569 2972 quoque

1969 2993 2288 3062 conspicere
2358 2994 2620 3049 debemus
2699 2996 3014 3067 mysterium
3079 2997 3276 3067 duplex
3339 2999 3573 3068 duplicis

1971 3084 2026 3138 in
2051 3085 2270 3138 Christo
2302 3094 2540 3151 natura;
2569 3103 2664 3158 per
2690 3088 2794 3143 hoc
2821 3088 3037 3158 quidem
3069 3091 3212 3158 quod
3245 3089 3312 3144 ad
3343 3091 3574 3146 occisio-

1975 3192 2097 3232 nem
2134 3178 2279 3233 ducti
2325 3189 2475 3243 sunt,
2504 3181 2815 3249 passionem
2862 3182 3164 3236 secundum
3203 3197 3426 3238 carnem
3477 3185 3572 3240 Dei

1977 3269 2220 3326 hominis
2245 3273 2768 3343 prmﬁguraverunt;
2795 3289 2892 3345 per
2917 3275 3020 3330 hoc
3043 3285 3224 3330 autem
3255 3277 3401 3347 quod
3424 3277 3571 3346 passi

1977 3379 2084 3418 non
2147 3375 2297 3430 sunt,
2339 3367 2647 3422 divinitatis
2698 3368 3214 3437 impassibilitatem,
3249 3370 3356 3424 hoc
3407 3371 3571 3425 etiam

1978 3455 2220 3524 reperire
2242 3465 2324 3510 est
2355 3456 2409 3510 in
2439 3458 2714 3513 Abraham
2744 3469 2800 3512 et
2827 3457 3039 3514 Jacob:
3072 3461 3426 3514 tentationcm
3448 3478 3573 3519 sus-

1978 3545 2240 3612 tulerunt,
2262 3549 2356 3603 sed
2388 3549 2673 3604 victoriam
2699 3558 3142 3619 reportaverunt,
3167 3553 3308 3607 sicut
3335 3555 3482 3610 clare
3505 3557 3574 3611 de

1975 3637 2198 3694 Christo
2221 3639 2320 3696 iuit
2343 3644 2633 3711 scriptum.
2654 3644 2822 3713 igitur
2842 3660 2907 3700 ex
2936 3655 3172 3714 quatuor
3194 3647 3300 3703 illis
3321 3649 3416 3718 qui
3444 3659 3574 3705 ante

1977 3732 2150 3803 legem
2205 3733 2407 3787 virtute
2443 3742 2499 3788 et
2537 3734 2745 3803 pietate
2798 3734 3118 3793 claruerunt
3170 3740 3568 3808 antesignanis,

1975 3823 2085 3878 duo
2117 3825 2356 3891 quidem,
2387 3823 2662 3880 Abraham
2695 3834 2750 3880 et
2772 3825 2962 3891 Iacob,
2990 3828 3040 3880 in
3082 3829 3191 3882 vita
3225 3845 3322 3882 sua
3355 3833 3570 3901 experti

1974 3924 2102 3978 sunt
2139 3916 2322 3972 crucis
2356 3917 2712 3988 mysterium;
2750 3919 2857 3974 duo
2891 3935 3040 3987 vero,
3077 3918 3227 3977 Isaac
3256 3933 3309 3977 et
3339 3922 3568 3994 Joseph,

1975 4009 2158 4064 crucis
2178 4013 2495 4079 mysterium
2521 4010 2839 4066 mirabiliter
2857 4014 3362 4084 prmﬁguraverunt.
3379 4017 3572 4074 NOtllle

1977 4116 2166 4155 rursus
2199 4100 2433 4172 Moyses,
2471 4101 2561 4172 qui
2601 4103 2812 4171 primus
2845 4118 2877 4157 a
2919 4103 3030 4159 Deo
3081 4107 3296 4176 accepit
3345 4115 3400 4162 et
3448 4109 3570 4166 aliis

1976 4192 2148 4264 legem
2183 4194 2424 4258 tradidit,
2462 4209 2566 4248 non
2617 4195 2764 4265 ligno
2799 4202 2854 4251 et
2883 4210 3023 4265 aqua
3058 4207 3189 4253 ante
3235 4198 3408 4269 legem
3449 4202 3572 4270 ipse

1975 4283 2204 4339 Salutem
2262 4293 2605 4349 consecutus,
2651 4285 2868 4356 quando
2897 4287 2947 4341 in
3004 4287 3112 4342 Nili
3155 4287 3324 4346 alveis
3353 4291 3408 4344 in
3434 4293 3576 4348 cista

1974 4373 2079 4429 fuit
2101 4373 2386 4444 expositus
2411 4386 2467 4430 et
2487 4384 2673 4446 postea
2703 4375 2851 4446 ligno
2873 4385 2928 4430 et
2945 4391 3084 4446 aqua
3108 4378 3365 4448 populum
3393 4379 3574 4438 Israe-

1975 4467 2187 4523 liticum
2229 4467 2487 4534 salvavit,
2528 4468 2676 4538 ligno
2716 4468 2939 4538 quidem
2972 4483 3215 4537 crucem,
3253 4487 3398 4542 aqua
3439 4490 3570 4532 vero

295 4567 392 4618 καὶ
423 4564 572 4618 ὕδατι
602 4567 693 4621 τὸν
731 4566 1122 4638 Ἰσραηλιτικὸν
1152 4567 1324 4622 ἔσωσε
1354 4567 1502 4636 λαὸν,
1539 4568 1618 4639 τῷ
1642 4570 1741 4640 μὲν
1774 4569 1865 4635 ξύ.

1979 4557 2222 4613 divinum
2278 4558 2551 4628 baptisma
2596 4571 3053 4628 prtemonstrans.
3105 4561 3397 4631 Propterea
3433 4564 3577 4623 Pau-

295 4656 371 4727 λῳ
413 4657 504 4712 τὸν
538 4657 768 4730 σταυρὸν
808 4661 1150 4731 προφαίνων,
1205 4660 1284 4732 τῷ
1315 4659 1373 4714 δὲ
1427 4660 1578 4716 ὕδατι
1612 4663 1671 4716 τὸ
1728 4662 1870 4716 θεῖον

299 4747 607 4820 βάπτισμα;
652 4751 905 4821 καθάπερ
961 4755 1056 4806 καὶ
1102 4752 1312 4818 Παῦλος
1337 4754 1502 4810 ὁτῶν
1549 4756 1870 4826 μυστηρίων

297 4839 537 4908 ἐπόπτης
568 4841 816 4916 φανερῷς
839 4859 1028 4912 φησιν,
1065 4843 1184 4896 ὄτιο
1229 4861 1250 4895 ι
1287 4843 1498 4906 Πάντες
1546 4846 1630 4908 είς
1656 4845 1868 4914 Μωσῆν

294 4927 700 5000 ἐϐαπτίσθησαν
733 4931 793 4985 ἐν
842 4935 909 5003 τῇ
940 4931 1140 5004 νεφέλῃ
1168 4947 1183 4963 °
1221 4951 1247 4986 ›
1284 4933 1342 4998 ὃς
1370 4935 1467 4989 καὶ
1503 4933 1611 5005 πρὸ
1644 4938 1744 5005 τῆς
1769 4935 1867 4988 θα-

296 5020 502 5092 λάσσης
534 5024 626 5076 καὶ
665 5027 764 5095 τῆς
819 5025 1012 5096 ῥάϐδου
1044 5026 1250 5098 ταύτης
1283 5030 1558 5100 μαρτυρεῖ
1583 5028 1758 5100 αὐτῷ,
1789 5029 1868 5093 ὡς

293 5116 384 5169 τὸν
409 5115 643 5187 Χριστοῦ
675 5117 903 5188 σταυρὸν
927 5119 1189 5183 ἑκουσίως
1214 5119 1610 5191 ὑπομείναντα.
1645 5121 1873 5192 ι’Κρείτη

290 5226 368 5262 τω
397 5209 526 5281 γάρ,
589 5212 779 5281 φησὶν,
814 5211 1059 5282 ἡγήσατο
1083 5212 1194 5266 τῶν
1249 5215 1308 5266 ἐν
1355 5213 1621 5284 Αἰγύπτῳ
1661 5214 1874 5286 θησαυ-

293 5301 405 5370 ρῶν
457 5302 550 5353 τὶν
577 5301 881 5372 ὀνειδισμὸν
920 5302 1014 5356 τοῦ
1053 5303 1319 5374 Χριστοῦ.
1362 5322 1380 5356 ι
1434 5304 1770 5376 Ὀνειδισμὸς
1813 5306 1873 5358 δὲ

287 5393 380 5446 τοῦ
405 5393 643 5462 Χριστοῦ
677 5397 831 5464 παρὰ
877 5397 986 5450 τῶν
1022 5397 1275 5467 ἀφρόνων
1308 5397 1336 5450 6
1369 5398 1636 5467 σταυρόςο
1687 5397 1874 5463 καθὼς

287 5482 452 5535 πάλιν
483 5483 648 5548 αὐτὸς
678 5485 705 5536 6
735 5484 948 5547 Παῦλος
998 5485 1249 5558 περὶτοῦ
1290 5487 1527 5557 Χριστοῦ
1565 5504 1752 5557 φησιν,
1787 5489 1872 5542 ὅτι

287 5576 549 5646 ὑπέμεινε
577 5577 838 5646 σταυρὸν,
876 5577 1138 5647 αἰσχύνης
1171 5579 1623 5648 καταφρονήσας.
1661 5580 1874 5648 Προϊὼν

283 5667 338 5722 δὲ
361 5671 389 5722 6
424 5669 666 5741 Μωῦσῆς
689 5671 787 5722 καὶ
816 5669 909 5723 τὸν
935 5670 1106 5724 τύπον
1135 5670 1302 5726 αὐτοῦ
1337 5673 1432 5724 καὶ
1463 5671 1525 5724 τὸ
1558 5671 1750 5740 σχῆμα
1776 5673 1869 5727 τοῦ

349 5847 398 5881 ³³
426 5848 595 5908 lCor.
631 5866 690 5918 ιι,
711 5849 771 5904 2.
852 5849 899 5881 ⁵³
930 5847 1094 5906 llebr.
1121 5868 1175 5919 ς,
1202 5854 1292 5910 26.
1373 5853 1418 5887 ⁵³
1453 5852 1618 5908 Hebr.
1661 5870 1760 5919 xu,
1794 5856 1830 5909 ‘2

1976 4654 2062 4710 lus
2126 4655 2412 4725 mysteriis
2470 4655 2713 4710 initiatus
2747 4655 3054 4710 luculenter
3109 4657 3278 4712 dixit:
3317 4677 3336 4710 ι
3367 4660 3576 4718 Omnes

1973 4745 2029 4800 in
2082 4745 2302 4818 Moyses
2359 4747 2616 4818 baptizati
2661 4758 2787 4804 sunt
2817 4749 2870 4804 in
2899 4751 3130 4805 nube".
3167 4770 3188 4804 ι
3224 4750 3371 4807 Idem
3410 4757 3574 4810 etiam

1971 4840 2251 4908 apostolus
2319 4843 2388 4895 de
2446 4841 2590 4896 mari
2629 4850 2686 4895 et
2736 4842 2802 4896 de
2856 4843 3007 4913 virga
3045 4843 3414 4900 testimonium
3454 4862 3580 4917 per-

1972 4930 2123 4986 hibet
2159 4929 2332 5000 Moysi
2387 4939 2646 5000 tanquam
2689 4929 2895 4986 Christi
2937 4945 3156 4986 crucem
3213 4935 3579 5002 exspectantiv

1975 5024 2162 5080 dicens
2184 5040 2198 5077 :
2229 5041 2247 5074 ι
2273 5023 2512 5093 tiiajores
2537 5022 2759 5078 divitias
2778 5024 3070 5078 aestimavit
3095 5023 3355 5080 thesauro
3369 5024 3576 5096 Egyp-

1977 5118 2176 5173 tiorum
2207 5116 2599 5186 improperium
2651 5116 2853 5172 Christi
2878 5117 2947 5172 ⁸³.
2992 5135 3016 5170 ›
3050 5116 3218 5173 Porro
3253 5118 3437 5172 stultis
3468 5119 3572 5178 im-

1977 5212 2294 5283 properinm
2321 5209 2528 5266 Christi
2549 5225 2682 5265 crux
2705 5219 2808 5278 est,
2837 5221 2997 5280 prout
3021 5226 3210 5266 rursus
3232 5212 3346 5281 ipse
3377 5210 3582 5266 Paulus

1980 5307 2047 5361 de
2076 5305 2296 5362 Christo
2327 5305 2497 5360 dixit:
2534 5322 2558 5355 ι-
2589 5301 2856 5370 Quoniam
2891 5305 3154 5359 sustinuit
3182 5319 3402 5360 crucem
3438 5317 3580 5358 eon-

1974 5396 2187 5453 fusione
2239 5396 2637 5465 contempla”.
2687 5415 2705 5448 ι
2739 5395 3053 5451 Pra-cursor
3115 5396 3295 5451 adhuc
3356 5395 3582 5465 Moyses

1977 5498 2163 5560 typum
2200 5495 2256 5542 et
2281 5489 2454 5557 ipsam
2483 5490 2664 5543 erucis
2699 5487 2933 5544 formam
2969 5488 3316 5556 salutemque
3351 5486 3418 5540 ab
3455 5487 3582 5554 ipso-

1975 5591 2104 5653 typo
2137 5589 2311 5636 ortam
2342 5581 2688 5650 apertissime
2720 5581 3185 5652 praemonsuavit.
3217 5577 3353 5634 Nam
3382 5587 3578 5639 erecta

1973 5675 2147 5746 virga,
2170 5688 2366 5729 manus
2399 5673 2514 5744 ipse
2546 5675 2598 5730 in
2621 5689 2740 5731 eam
2761 5675 3027 5742 extendit,
3059 5674 3247 5743 sicque
3268 5673 3322 5728 in
3349 5674 3582 5731 modum:
