4090 6450
535 361 640 429 ιεδ
1640 416 1648 425 ,
1780 354 2161 433 GREGORll
2202 354 2533 417 PALML-E
3676 356 3774 425 1:5

517 480 700 537 erucis
724 476 777 533 in
809 476 957 545 virga
997 473 1234 543 seipsum
1273 484 1623 541 componens,
1654 484 1840 542 rcgcm
1874 470 2094 528 Amalec

2199 473 2431 542 σταυροῦ
2461 473 2553 526 καὶ
2584 473 2680 544 τὴν
2700 471 2769 526 δι’
2800 472 2965 529 αὐτοῦ
2988 474 3083 529 τοῦ
3103 475 3274 529 τύπου
3305 476 3578 547 σωτηρίαν
3606 497 3776 549 προα-

515 574 734 641 penitus
796 566 1119 635 ptulligavil.
1174 563 1443 618 Praeterea
1508 570 1761 630 serpente
1829 576 1980 617 teneo
2034 563 2098 617 in.

2199 566 2397 630 νέδειξε
2428 568 2742 635 σαφέστατα
2765 583 2780 597 ο
2812 567 2910 637 τὴν
2935 568 3045 637 γὰρ
3084 568 3279 639 ῥάϐδον
3322 569 3512 641 ὀρθίαν
3546 573 3771 641 στήσας,

520 662 755 716 formam
786 660 921 727 signi
961 656 1252 711 transversi
1286 658 1491 724 posito,
1523 664 1576 709 et
1610 655 1683 708 ita
1722 654 1775 709 in
1816 655 1996 709 crucis
2023 654 2090 707 ﬁ-

2199 656 2300 719 τάς
2326 658 2515 726 χεῖρας
2535 656 2702 710 αὑτοῦ
2722 658 2810 710 ἐπ’
2834 659 3001 730 αὐτὴν
3033 661 3286 725 ἐξέτεινε,
3322 661 3415 715 καὶ
3440 660 3582 715 οὕτω
3607 680 3772 717 σταυ·

521 767 711 824 guram
746 760 946 813 erecto,
981 749 1155 819 palam
1198 747 1363 815 jussit
1413 746 1759 816 serpentibus
1808 760 2097 814 percussos

2201 747 2369 818 ρικῶς
2401 748 2495 802 ἐπὶ
2526 750 2624 819 τῆς
2659 751 2856 820 ῥάϐδου
2884 754 3226 822 σχηματίσας
3258 754 3470 819 ἑαυτὸν,
3518 755 3768 825 Ἀμαλὴκ

522 860 587 898 ex
614 844 832 909 Iudaeis,
860 842 912 895 in
944 842 1118 910 ipsum
1172 850 1424 908 tanquam
1465 839 1517 892 in
1577 835 1909 893 Salvatorem
1956 851 2095 893 con-

2199 838 2369 909 ἄρδην
2402 840 2806 911 κατετροποῦτο
2855 843 3098 906 τοιοῦτος
3144 844 3444 915 ὁρώμενος.
3486 846 3648 899 Ἀλλὰ
3677 850 3782 900 καὶ

515 940 751 1009 spicere,
782 952 888 1006 quo
918 936 1062 991 facto
1086 941 1395 1005 serpentum
1425 948 1633 989 morsus
1680 934 1909 988 sanavit.

2199 932 2281 986 τὸν
2323 934 2558 1004 χαλκοῦν
2583 935 2707 1006 ὅφιν
2739 937 2850 1002 θεὶς
2875 918 2977 993 ἐπὶ
2999 941 3226 1009 σημείου
3256 940 3504 1012 πλάγιον,
3528 941 3624 997 καὶ
3641 942 3784 997 οὕτω

519 1035 609 1087 τὶν
676 1031 911 1104 σταυροῦ
964 1026 1558 1096 τύπονῖἀναστηλώσας
1607 1028 1894 1100 παρρησίᾳ.
1921 1067 1937 1089 .
1970 1027 2096 1093 τοὺς
2132 1028 2483 1100 ὀφιοδήκτους
2529 1030 2636 1085 τῶν
2671 1033 2943 1089 Ἰουδαίων
3012 1036 3231 1106 βλέπειν
3274 1038 3413 1109 πρὸς
3473 1039 3635 1095 αὐτὸν
3704 1039 3783 1104 ὡς

518 1133 650 1186 ὄντα
688 1129 956 1198 σωτήριον
1006 1124 1292 1188 ἐπέταττε,
1321 1123 1414 1177 καὶ
1446 1121 1589 1177 οὕτω
1612 1126 1681 1177 τά
1716 1123 1825 1177 τῶν
1848 1124 2025 1193 ὄφεων
2052 1125 2305 1197 δήγματα
2338 1127 2475 1182 lito.

592 1224 854 1279 Delieerct
885 1237 971 1277 me
996 1230 1209 1291 tempus
1243 1221 1289 1275 si
1338 1235 1564 1275 narrare
1596 1221 1788 1274 vellem
1820 1222 1884 1274 de
1905 1218 2092 1285 .Iosue,

522 1329 577 1370 et
614 1326 733 1384 post
761 1314 937 1383 ipsum
987 1314 1053 1368 de
1078 1313 1369 1383 iudicibus,
1394 1321 1450 1365 ct
1473 1312 1773 1381 prephetis,
1827 1313 1894 1366 de
1928 1312 2093 1367 David

528 1406 762 1475 ejusque
790 1404 1020 1473 posteris
1061 1400 1152 1473 qui
1183 1403 1359 1457 crucis
1392 1404 1651 1473 mysterio
1684 1415 1970 1472 operantes
1999 1403 2098 1457 llu-

536 1494 656 1547 vios
684 1503 1087 1557 coercuerunt,
1112 1492 1279 1546 solem
1313 1501 1459 1546 stare
1507 1490 1776 1558 fecerunt,
1807 1493 2094 1562 impiorum

527 1570 779 1639 civitates
809 1591 1137 1647 everterunt,
1171 1581 1339 1638 fortes
1383 1581 1506 1637 facti
1534 1592 1659 1636 sunt
1690 1583 1743 1636 in
1782 1585 1944 1648 bello,
2007 1599 2099 1638 ca-

529 1684 641 1729 etra
674 1681 933 1743 ceperunt
984 1681 1314 1736 exterarum,
1369 1670 1497 1726 ferri
1549 1671 1720 1725 aciem
1770 1670 2093 1741 eﬁ‘ugetunt,

533 1766 674 1835 ignis
704 1767 813 1820 vim
865 1765 1137 1831 delerunt,
1182 1765 1400 1819 leonum
1435 1777 1530 1818 ora
1566 1763 1907 1829 obturaruut,
1941 1778 2097 1830 reges

531 1865 851 1927 arguerunt,
885 1855 1276 1926 quinquaginta
1298 1856 1460 1909 duces
1490 1854 1932 1918 eomhusserunt,
1955 1869 2098 1908 mor-
2126 1847 2171 1906 Β

526 1958 656 2004 tuos
691 1948 1175 2010 resuscitaverunt,
1212 1945 1408 2001 coelum
1441 1945 1606 1999 verbo
1650 1946 1890 1999 clausum
1928 1945 2093 2000 verbo

528 2049 878 2110 aperuerunt,
905 2038 1119 2094 steriles
1159 2047 1214 2093 et
1242 2051 1430 2091 rursus
1474 2036 1735 2090 fecundas
1762 2037 1934 2090 nubes
1961 2035 2098 2092 elle-

520 2143 742 2190 cerunt.
772 2133 887 2187 Etsi
920 2132 1062 2185 enim
1086 2130 1288 2185 Paulus
1309 2129 1440 2184 dicit
1467 2129 1623 2184 [idem
1650 2138 1791 2183 tanta
1820 2137 2096 2197 operatam

527 2239 666 2288 esse,
693 2225 786 2279 sed
805 2224 936 2277 ﬁdes
958 2231 1147 2289 potens
1168 2230 1254 2275 est
1281 2220 1347 2273 ad
1364 2219 1617 2283 salutem,
1643 2232 1808 2285 quare
1827 2214 2103 2270 credenti-

524 2316 633 2370 bus
656 2324 850 2369 cuncta
876 2321 1003 2367 sunt
1026 2311 1322 2382 possibilia.
1352 2310 1430 2365 ιω
1454 2324 1678 2380 prorsus
1707 2324 1841 2363 crux
1863 2310 2095 2364 Christi:

528 2407 753 2462 verbum
783 2407 926 2460 enim
967 2405 1173 2469 crucis,
1203 2413 1263 2457 ut
1291 2403 1484 2458 iterum
1529 2402 1826 2456 secundum
1871 2399 2094 2454 Paulum

527 2499 716 2568 luquar
731 2497 798 2561 ⁸⁸,
815 2495 1162 2566 pereuntibus
1180 2494 1508 2550 stultitiaest
1525 2511 1538 2559 ;
1558 2494 1711 2548 nobis
1727 2493 1893 2548 salvis
1913 2503 2094 2547 autem

526 2593 703 2645 virtus
725 2590 840 2645 Dei.
878 2588 987 2644 Sed
1011 2599 1070 2641 ut
1099 2596 1416 2657 praeteream
1439 2600 1628 2640 omnes
1656 2588 1745 2654 qui
1774 2595 1898 2640 ante
1922 2585 2093 2655 legem

529 2694 585 2738 et
619 2684 719 2738 sub
773 2682 892 2751 lege
936 2679 1280 2743 exstiterunt,
1308 2690 1487 2734 nortnc
1541 2675 1802 2733 Dominus
1855 2679 1971 2746 ipse
1999 2694 2097 2748 per

532 2791 692 2848 quem
729 2775 907 2831 omnia
932 2782 988 2829 et
1017 2774 1070 2827 in
1098 2785 1207 2841 quo
1225 2771 1427 2838 omnia,
1472 2772 1783 2842 priuSquam
1820 2782 2096 2843 pateretur

526 2870 608 2923 ait
640 2886 655 2923 :
694 2885 713 2919 ι
741 2868 839 2935 Qui
863 2882 968 2922 non
1026 2865 1232 2937 bajulat
1291 2880 1505 2921 crucem
1565 2878 1722 2920 suam
1756 2875 1811 2919 et
1851 2866 2097 2935 sequitur

528 2979 640 3029 me,
669 2977 776 3016 non
806 2971 892 3017 est
918 2976 1002 3016 me
1024 2960 1302 3030 dignus“.
1344 2977 1363 3009 ι
1397 2957 1672 3015 Videtisne
1707 2960 1975 3029 quomodo
1999 2975 2097 3014 au-

524 3066 745 3123 tequam
769 3067 901 3107 crux
935 3052 1396 3122 compingeretur,
1441 3052 1494 3104 in
1527 3064 1689 3105 cruce
1704 3051 1886 3107 stabat
1912 3048 2094 3105 salus!

2286 1223 2587 1295 Ἐπιλείψει
2609 1226 2666 1280 δέ
2691 1243 2759 1295 με
2792 1227 2826 1280 6
2873 1228 3066 1298 χρύνος
3109 1229 3465 1300 διηγούμενον
3509 1234 3637 1301 περὶ
3669 1233 3781 1304 58

2214 1315 2389 1386 Ἰησοῦ
2448 1319 2543 1370 καὶ
2590 1318 2699 1372 τῶν
2750 1319 2869 1389 μετ’
2901 1322 3086 1388 αὐτὸν,
3138 1322 3187 1376 οἳ
3242 1323 3322 1391 τῷ
3363 1325 3651 1396 μυστηρίῳ
3684 1323 3780 1381 τοῦ

2204 1409 2439 1478 σταυροῦ
2489 1411 2911 1481 ἐνεργούμενοι,
2950 1419 3234 1483 ποταμοὺς
3286 1416 3581 1487 ἀνέκοψαν,
3624 1418 3782 1489 ἥλιον

2200 1500 2457 1570 ἔστησαν,
2504 1502 2721 1557 ἀσεϐῶν
2757 1504 2941 1568 πόλεις
2984 1506 3384 1577 κατηδάφισαν,
3432 1510 3781 1580 ἐγενήθησαν

2208 1593 2422 1662 ἰσχυροὶ
2468 1595 2525 1647 ἐν
2560 1593 2799 1666 πολέμῳ,
2832 1598 3187 1667 παρεμδολάς
3213 1598 3429 1653 ἔκλιναν
3454 1600 3777 1671 ἀλλοτρίων,

2201 1682 2399 1751 ἔφυγον
2432 1684 2678 1754 στόματα
2712 1687 2989 1757 μαχαίρας
3008 1729 3022 1753 ,
3054 1689 3284 1742 ἔσϐεσαν
3316 1691 3548 1761 δύναμιν
3578 1693 3780 1759 πυρὸς,

2202 1776 2443 1847 ἔφραξαν
2480 1779 2724 1848 στόματα
2771 1780 3022 1847 λεόντων,
3061 1781 3304 1852 βασιλεῖς
3345 1784 3601 1855 ἡλεγξαν,
3640 1796 3779 1837 ’πεν-

2197 1869 2603 1940 τηκοντάρχους
2625 1870 2967 1939 ἐτέφρωσαν,
2992 1878 3224 1944 νεκροὺς
3252 1876 3507 1946 ἧγειραν,
3539 1876 3777 1948 οὖρανδν

2198 1956 2434 2026 ἔστησαν
2478 1959 2643 2030 λόγῳ,
2680 1963 2776 2015 καὶ
2826 1965 2988 2017 πάλιν
3039 1964 3258 2031 ἔλυσαν,
3308 1967 3535 2034 ἀγόνους
3580 1986 3641 2021 τε
3676 1970 3778 2022 καὶ

2197 2048 2359 2103 πάλιν
2388 2050 2651 2120 γονίμους
2697 2054 2792 2115 τάς
2834 2056 2893 2107 ἐν
2919 2055 3069 2125 αὐτῷ
3108 2056 3336 2126 νεφέλας
3375 2059 3779 2130 ἀπεργασάμε-

2197 2160 2277 2196 νοι
2297 2162 2312 2177 ο
2346 2146 2396 2197 εἰ
2420 2145 2528 2215 γὰρ
2558 2146 2653 2197 καὶ
2682 2145 2782 2213 τὴν
2809 2147 2995 2199 πίστιν
3015 2149 3384 2219 ἐνηργηκέναι
3405 2150 3582 2206 ταῦτά
3607 2169 3779 2222 φησιν

2195 2235 2224 2287 δ
2246 2235 2476 2299 Παῦλος,
2503 2235 2620 2289 ἀλλ’
2657 2237 2689 2306 ή
2731 2237 2913 2299 πίστίς
2935 2237 3164 2307 δύναμίς
3189 2241 3338 2293 ἐστιν
3365 2241 3443 2302 είς
3473 2242 3777 2310 σωτηρίανο

2193 2327 2275 2382 διὸ
2328 2329 2424 2382 καὶ
2475 2329 2655 2383 πάντα
2682 2330 2885 2384 δυνατά
2914 2329 2995 2401 τῷ
3039 2329 3379 2407 πιστεύοντι.
3430 2330 3684 2386 Τοιοῦτον
3717 2332 3781 2386 δέ

2197 2419 2415 2484 πάντως
2442 2423 2537 2475 καὶ
2565 2422 2594 2475 6
2638 2422 2736 2475 τοῦ
2781 2422 3025 2492 Χριστοῦ
3059 2423 3293 2495 σταυρὸς
3322 2427 3438 2486 τοῖς
3475 2425 3781 2480 πιστεύου-

2198 2526 2313 2565 σιν⁹
2354 2531 2373 2565 ι
2411 2511 2471 2566 '0
2500 2513 2609 2584 γὰρ
2639 2514 2796 2584 λόγος
2818 2516 2846 2568 δ
2870 2514 2962 2568 τοῦ
2991 2518 3252 2582 σταυροῦ,
3276 2516 3439 2569 πάλιν
3466 2519 3610 2571 κατά
3631 2519 3771 2572 Παῦο

2195 2602 2288 2656 λον
2312 2606 2506 2672 εἰπεῖν,
2541 2608 2656 2665 τοῖς
2692 2607 2791 2675 μὲν
2825 2606 3227 2676 ἀπολλυμένοις
3272 2608 3455 2678 μωρία
3481 2608 3622 2672 ἐστὶ,
3657 2612 3784 2673 τοῖς

2195 2693 2254 2747 δὲ
2279 2695 2609 2765 σωζομένοις
2634 2698 2767 2767 ἡμῖν
2798 2697 3032 2767 δύναμις
3074 2699 3209 2752 Θεοῦ
3234 2702 3403 2754 ἐστιν.
3438 2718 3456 2751 ι
3509 2699 3652 2753 Ἀλλ’
3685 2701 3782 2754 ἴνα

2197 2788 2448 2852 καὶτοὺς
2480 2789 2588 2858 πρὸ
2623 2792 2791 2859 νόμου
2846 2794 2942 2845 καὶ
2986 2792 3115 2855 τοὺς
3169 2792 3274 2846 ὑπὸ
3328 2792 3494 2861 νόμον
3544 2792 3783 2862 ἀφῶμεν

2197 2879 2429 2943 πάντας,
2464 2880 2684 2965 αὐτὺςῤ
2713 2881 2914 2950 Κύριος
2937 2882 3005 2934 δι’
3022 2882 3082 2936 δν
3110 2883 3177 2935 τά
3208 2883 3385 2937 πάντα
3413 2884 3505 2937 καὶ
3530 2883 3598 2937 δι’
3622 2879 3683 2938 οὗ
3705 2884 3784 2939 τά

2197 2967 2398 3032 πάντα,
2442 2969 2505 3020 οὐ
2560 2968 2668 3038 πρὸ
2719 2968 2814 3022 τοῦ
2869 2969 3106 3039 σταυροῦ
3157 2969 3363 3039 ἔλεγεν,
3405 2989 3424 3021 ι
3457 2972 3647 3033 Ὅστις
3674 2972 3783 3025 οὐκ

2198 3058 2341 3133 αἴρει
2371 3060 2462 3114 τὸν
2509 3060 2748 3130 σταυρὸν
2780 3062 2948 3114 αὐτοῦ
2971 3063 3089 3116 Γκαὶ
3117 3062 3404 3117 ἀκολουθεῖ
3434 3064 3610 3117 ὀπίσω
3643 3082 3777 3133 μου,

530 3151 640 3205 Sed
673 3158 726 3204 et
753 3147 965 3215 quando
993 3144 1278 3214 dlSClpullS
1319 3144 1518 3199 diserte
1547 3142 1822 3214 prepriam
1882 3143 2092 3213 passio-

2199 3152 2294 3204 οὐκ
2324 3152 2441 3204 ἐστι
2472 3168 2571 3222 μου
2603 3152 2753 3218 ἄξιος
2782 3171 2801 3205 ι
2831 3167 2846 3217 ;
2911 3152 3108 3223 Ὁρᾶτε
3142 3155 3259 3215 πῶς
3289 3155 3384 3208 καὶ
3414 3156 3520 3226 πρὸ
3542 3155 3636 3209 τοῦ
3682 3158 3781 3211 τὸν

531 3251 724 3298 nemel
788 3238 1089 3295 mortemin
1145 3252 1311 3294 cruce
1380 3237 1717 3293 tolerandam
1773 3236 2092 3306 praediceret

2199 3244 2425 3315 σταυρὸν
2464 3245 2705 3313 παγῆναι
2740 3246 2973 3315 σταυρὸς
3017 3243 3087 3318 ἦν
3133 3248 3162 3299 ὁ
3209 3246 3442 3315 σώζωνς
3488 3248 3651 3302 Ἀλλὰ
3677 3251 3781 3304 καὶ

528 3334 813 3396 Dominus,
853 3330 1043 3384 Petrus
1070 3342 1198 3384 vero
1224 3328 1352 3382 talia
1382 3328 1574 3382 audire
1603 3341 1747 3397 aegre
1772 3327 1960 3392 ferret,
1994 3325 2091 3383 sed

2199 3334 2351 3404 ἡνίκα
2382 3335 2494 3397 τοῖς
2534 3333 2805 3405 μαθηταῖς
2854 3338 3144 3408 παρρησίᾳ
3171 3338 3436 3409 προέλεγε
3471 3340 3531 3394 τὸ
3573 3340 3779 3396 ἑαυτοῦ

497 3421 712 3483 ‘seiens
742 3441 863 3481 eum
892 3426 1089 3480 habere
1125 3433 1444 3493 potestatem
1460 3425 1842 3491 deprecaretur
1856 3421 2046 3478 dicens
2072 3439 2086 3476 :

530 3538 556 3569 ι
587 3518 740 3573 Absit
776 3526 897 3583 ate,
932 3516 1172 3582 Domine,
1203 3530 1309 3569 non
1343 3517 1447 3569 erit
1479 3513 1575 3569 tibi
1632 3513 1738 3569 hoc
1768 3512 1854 3580 '7;
1889 3532 1908 3564 ι
1945 3513 2091 3568 illum

532 3610 832 3680 increpavit
863 3608 1020 3664 Jesus
1074 3618 1325 3678 tanquam
1356 3607 1595 3661 humana
1626 3620 1736 3660 non
1762 3605 1942 3661 divina
2001 3620 2094 3661 co-

528 3708 789 3775 gitantem
818 3721 832 3771 ;
863 3714 916 3759 ct
944 3712 1242 3759 convocata
1281 3705 1436 3756 turha
1467 3716 1590 3756 eum
1634 3701 1921 3771 discipulis
1978 3701 2091 3756 suis

528 3799 765 3852 dixiteis
800 3815 813 3851 :
853 3815 872 3849 ι
902 3795 957 3850 Si
991 3795 1113 3864 quis
1145 3796 1259 3849 vult
1315 3795 1501 3849 venire
1536 3801 1661 3862 post
1702 3806 1810 3860 me,
1855 3795 2089 3865 abneget

531 3890 883 3959 semetipsum
902 3897 957 3943 et
995 3888 1146 3942 tollat
1177 3901 1392 3942 crucem
1424 3895 1673 3949 sustinet
1698 3894 1953 3956 sequatur
1984 3899 2088 3942 me.

526 3983 635 4050 Qui
697 3982 840 4036 enim
887 3978 1117 4035 voluerit
1173 3980 1407 4033 animam
1451 3994 1604 4033 suam
1639 3979 1843 4034 salvam
1893 3979 2092 4044 facere,

534 4077 722 4143 perdet
749 4088 907 4139 eam;
943 4072 1037 4142 qui
1094 4081 1272 4126 autem
1326 4069 1619 4141 perdiderit
1659 4070 1894 4123 animam
1934 4083 2092 4124 suam

532 4177 752 4237 propter
781 4179 865 4221 me
894 4179 948 4221 et
969 4164 1336 4233 Evattgclium,
1357 4160 1560 4217 salvam
1593 4159 1756 4215 faciet
1793 4159 1938 4214 illam
1968 4160 2036 4213 ⁵⁸.
2070 4177 2090 4211 ι

530 4261 701 4330 igitur
727 4266 991 4314 convocat
1042 4257 1255 4311 turbam
1318 4271 1439 4310 cum
1490 4252 1791 4322 discipulis,
1851 4261 1908 4306 et
1966 4260 2097 4306 tunc

528 4355 855 4409 testiﬁcatur
877 4357 930 4406 et
961 4348 1246 4420 proﬁtetur
1287 4347 1407 4400 illas
1446 4358 1673 4414 magnas
1714 4353 1769 4399 et
1820 4341 2097 4398 mirabiles

530 4461 640 4501 non
669 4445 947 4500 hominum
977 4441 1221 4511 quidem,
1254 4439 1346 4493 sed
1371 4437 1461 4491 Dei
1491 4435 1815 4501 sententias,
1855 4444 1915 4488 ut
1938 4447 2095 4488 mon-

2192 3424 2384 3489 πάθος,
2422 3424 2520 3478 καὶ
2562 3425 2654 3478 τὸν
2683 3426 2770 3480 διά
2803 3426 2900 3480 τοῦ
2937 3428 3176 3499 σταυροῦ
3216 3429 3446 3483 θάνατον
3473 3431 3502 3481 ὁ
3542 3430 3781 3501 Κύριος,

2192 3517 2221 3569 ὁ
2246 3517 2302 3569 δέ
2329 3517 2534 3587 Πέτρος
2565 3517 2782 3571 ἀκούων
2810 3519 2912 3572 οὐκ
2941 3520 3224 3589 ἠνέσχετο,
3268 3521 3383 3574 ἀλλ’
3408 3502 3563 3586 εἰδὼς
3606 3524 3781 3578 αὑτὸν

2192 3605 2383 3676 ἔχοντα
2434 3609 2534 3674 τὴν
2585 3608 2836 3672 ἐξουσίαν
2882 3608 3055 3662 ἐδεῖτο
3111 3609 3322 3678 λέγων·
3370 3630 3390 3663 ι
3422 3611 3612 3676 Ἵλεώς
3664 3630 3779 3681 σοι,

2192 3698 2386 3771 Κύριε,
2417 3698 2478 3753 οὐ
2513 3699 2588 3770 μὴ
2610 3699 2763 3754 ἔσται
2793 3716 2876 3754 σοι
2903 3700 3087 3765 τοῦτο,
3128 3720 3146 3754 ι
3188 3702 3337 3773 αὐτῷ
3370 3703 3470 3774 μὲν
3501 3705 3778 3775 ἐπετίμηο

2195 3808 2289 3845 σεν
2320 3791 2399 3855 ὡς
2421 3791 2800 3863 ἀνθρωπίνως,
2840 3791 2956 3846 ἀλλ’
3003 3793 3065 3844 οὐ
3119 3792 3283 3858 θείως
3312 3794 3594 3866 φρονοῦντι
3631 3799 3783 3852 κειτά

2193 3879 2351 3935 τοῦτο
2368 3896 2383 3912 ·
2409 3880 2927 3953 προσκαλεσάμενος
2955 3881 3012 3936 δὲ
3033 3884 3124 3938 τὸν
3142 3884 3301 3955 ὄχλον
3332 3885 3432 3937 σὺν
3454 3888 3566 3948 τοῖς
3593 3888 3782 3958 μαθη-

2193 3974 2315 4035 ταῖς
2336 3973 2502 4025 αὐτοῦ
2549 3968 2704 4026 εἴπεν
2743 3975 2929 4037 αὐτοῖς
2949 3990 2964 4004 ·
2999 3992 3019 4026 ι
3051 3975 3240 4038 Ὅστις
3287 3976 3430 4030 θέλει
3459 3978 3635 4031 ὀπίσω
3668 3996 3782 4049 μου

2197 4063 2391 4129 ἐλθεῖν,
2417 4066 2831 4134 ἀπαρνησάσθω
2852 4067 3066 4133 ἑαυτὸν,
3092 4071 3187 4122 καὶ
3210 4069 3395 4139 ἀράτω
3421 4071 3512 4124 τὸν
3537 4074 3784 4142 σταυρὸν

2198 4153 2361 4208 αὐτοῦ
2395 4155 2491 4207 καὶ
2520 4156 2871 4228 ἀκολουθήτω
2901 4176 2991 4229 μοι
3017 4176 3032 4192 ο
3064 4160 3126 4218 δε
3154 4162 3262 4231 γὰρ
3284 4162 3351 4215 ἂν
3388 4163 3517 4236 θέλῃ
3541 4164 3640 4234 τὴν
3667 4166 3783 4234 4r.)-

2196 4242 2300 4313 χὴν
2322 4243 2487 4298 αὐτοῦ
2518 4245 2713 4314 σῶσαι,
2745 4248 3002 4301 ἀπολέσει
3037 4250 3232 4321 αὐτὴν,
3253 4250 3311 4315 ὃς
3351 4252 3399 4305 δ’
3437 4253 3505 4306 ἂν
3531 4255 3780 4329 ἀπολέσῃ

2196 4332 2299 4402 τὴν
2340 4332 2519 4405 ψυχὴν
2547 4335 2716 4389 αὐτοῦ
2741 4337 2932 4391 ἐνεκεν
2975 4338 3112 4407 ἐμοῦ
3141 4340 3235 4393 καὶ
3257 4341 3360 4394 ’τοῦ
3413 4343 3780 4413 Εὑαγγελίου,

2198 4415 2352 4489 οὗτος
2394 4426 2558 4478 σώσει
2581 4427 2773 4497 αὑτήν.
2805 4444 2825 4478 ι
2867 4429 3270 4500 Προσκαλεῖται
3297 4434 3398 4503 μὲν
3423 4428 3639 4488 οὖνκαὶ
3680 4439 3781 4493 τὸν

540 4548 818 4594 straretse
846 4549 954 4590 non
984 4550 1012 4588 a
1049 4531 1330 4599 discipulis
1372 4539 1579 4584 tantum
1607 4543 1639 4582 a
1683 4542 1743 4583 se
1780 4527 1964 4582 electis
1985 4536 2098 4581 tan-

2205 4518 2360 4589 ὄχλον
2385 4520 2481 4572 σὺν
2505 4521 2619 4583 τοῖς
2644 4520 2935 4591 μαθηταῖς,
2963 4523 3055 4576 καί⁵
3075 4524 3195 4577 τότε
3217 4525 3646 4599 διαμαρτύρεται
3678 4534 3804 4586 καῖ’

530 4642 588 4684 ta
614 4630 855 4699 exigere,
889 4626 980 4681 sed
1011 4639 1039 4678 a
1073 4622 1294 4693 singulis
1320 4621 1372 4674 in
1400 4635 1523 4675 eum
1555 4617 2098 4674 credentibus.Chri-

2200 4610 2571 4681 παραγγέλλει
2604 4611 2777 4665 ταῦτα
2807 4613 2872 4665 τὰ
2902 4614 3118 4682 μεγάλα
3141 4618 3237 4669 xei.
3284 4618 3538 4689 ὑπερφυῆ
3567 4621 3662 4673 καὶ
3682 4621 3781 4674 δν-

542 4734 685 4777 stum
705 4722 924 4789 quidem
949 4716 1101 4786 sequi
1136 4715 1276 4770 dicit
1312 4712 1443 4767 nihil
1478 4711 1622 4766 aliud
1649 4725 1769 4767 esse
1795 4725 1862 4766 ac
1904 4725 2098 4765 secun-

2199 4718 2306 4764 τως
2334 4703 2435 4754 οὐκ
2458 4702 2784 4773 ἀνθρώπων,
2814 4703 2951 4757 ἀλλὰ
2971 4705 3109 4759 Θεοῦ
3143 4710 3489 4778 φρονήματα,
3508 4711 3596 4764 ἴνα
3626 4713 3780 4785 δείξῃ

442 4853 451 4863 .
524 4818 662 4869 «lum
694 4814 867 4883 ipsius
902 4807 1252 4878 Evangelium
1275 4804 1478 4868 vivere,
1500 4817 1714 4857 omnem
1761 4802 2014 4857 virtutem
2049 4808 2098 4856 et

2203 4794 2279 4864 μὴ
2322 4794 2472 4865 παρά
2501 4796 2609 4847 τῶν
2650 4796 2924 4864 ὲγκρίτων
2977 4798 3145 4851 αὐτοῦ
3197 4800 3358 4870 μόνον
3392 4802 3651 4873 μαθητῶν
3707 4809 3784 4861 τὰ

529 4908 793 4976 pietatem
853 4900 1120 4973 proferre,
1185 4907 1507 4954 sectatorem
1578 4908 1709 4948 vero
1748 4892 2098 4962 semetipsum

2200 4886 2426 4939 τοιαῦτα
2446 4886 2715 4951 ἀπαιτῶν,
2746 4887 2884 4941 ἀλλὰ
2912 4889 3005 4942 καὶ
3028 4890 3186 4959 παρά
3220 4893 3426 4956 παντὸς
3456 4895 3548 4947 τοῦ
3577 4898 3657 4960 είς
3687 4900 3786 4950 αῦ-

2199 4976 2294 5031 τὺν
2326 4979 2698 5047 πιστεύοντος.
2731 4979 2803 5033 Τὸ
2830 4980 2887 5034 δὲ
2929 4980 3244 5035 ἀκολουθεῖν
3288 4985 3512 5056 Χριστῷ
3543 4987 3693 5055 δηλοῖ
3718 4992 3784 5044 τὸ

2202 5068 2302 5139 ζῇν
2345 5071 2484 5124 κατά
2510 5070 2570 5123 τὸ
2602 5070 2944 5139 Εὐαγγέλιον
2993 5072 3182 5141 αὐτοῦ,
3218 5076 3401 5128 πᾶσαν
3439 5079 3640 5151 ἀρετὴν
3684 5084 3784 5135 καὶ

2202 5162 2485 5216 εὐσέϐειαν
2513 5163 2956 5232 ἐνδεικνυμένους
2976 5180 2990 5196 ο
3022 5165 3083 5217 τὸ
3103 5165 3161 5218 δὲ
3186 5167 3274 5218 τὸν
3300 5167 3520 5222 θέλοντα
3545 5171 3779 5225 ἀκολου-

2204 5253 2318 5307 θεῖν
2365 5254 2786 5325 ἀπαρνήσασθαι
2835 5256 3047 5322 ἐαυτὸν,
3092 5259 3185 5310 καὶ
3215 5259 3392 5328 αἴρειν
3422 5262 3514 5313 τὸν
3544 5266 3782 5333 σταυρὸν

2205 5344 2392 5408 αὐτοῦ,
2416 5345 2477 5396 τὸ
2499 5345 2698 5415 μηκέτι
2726 5345 2920 5413 καιροῦ
2947 5346 3233 5409 καλοῦντος
3253 5348 3446 5402 ἑαυτοῦ
3470 5349 3777 5419 φείδεσθαι,

2210 5432 2327 5492 ἀλλ’
2361 5437 2576 5506 ἕτοιμον
2611 5434 2750 5490 εἶναι
2784 5439 2920 5507 πρὸς
2975 5440 3065 5492 τὸν
3098 5440 3235 5511 ὑπὲρ
3291 5444 3494 5511 ἀρετῆς
3541 5444 3637 5495 καὶ
3676 5445 3781 5513 τῆς

2212 5529 2470 5598 ἀληθείας
2523 5532 2631 5584 τῶν
2660 5531 2821 5584 θείων
2873 5532 3154 5601 δογμάτων
3206 5537 3263 5586 ἐν
3297 5535 3492 5605 ἀτιμίᾳ
3522 5534 3776 5590 θάνατον.

2212 5623 2382 5679 Τοῦτο
2410 5624 2467 5678 δὲ
2494 5625 2540 5676 εί
2571 5627 2666 5678 καὶ
2692 5626 2836 5694 μέγα
2864 5625 2984 5679 ἐστὶ
3028 5625 3121 5679 καὶ
3164 5627 3463 5697 ὑπερφυες,
3513 5627 3573 5682 τὸ
3603 5629 3780 5699 ἀρνή-

530 5002 807 5065 denegare
871 5006 926 5049 et
992 5006 1208 5047 crucem
1283 4990 1471 5044 tollere
1521 4988 1622 5043 nisi
1677 5025 1693 5051 ,
1773 4986 2106 5042 necessitate

541 5098 792 5154 vocante,
835 5099 939 5139 nec
978 5084 1079 5137 sibi
1122 5096 1365 5152 parcere,
1400 5081 1509 5134 imo
1552 5089 1798 5148 paratum
1871 5091 1993 5132 esse
2037 5078 2106 5131 ad

536 5178 919 5249 perferendam
954 5188 1051 5243 pro
1096 5175 1293 5229 virtute
1322 5184 1373 5227 et
1410 5188 1507 5242 pro
1551 5171 1777 5227 veritate
1796 5170 2106 5224 divinorum

539 5275 854 5340 dugtnatum
873 5278 1101 5321 mortem
1134 5265 1528 5333 turpissimam.
1562 5262 1813 5333 Magnum
1854 5278 1986 5317 sane
2053 5270 2111 5316 ct

541 5362 795 5417 mirabile
822 5370 910 5413 est
947 5360 1297 5427 semetipsum
1328 5357 1613 5426 denegare,
1642 5363 1699 5409 et
1751 5355 1805 5408 in
1854 5354 2107 5408 ultimum

541 5455 785 5509 dedecus
822 5460 1155 5520 mortemque
1170 5450 1407 5511 tradere,
1448 5464 1547 5502 nec
1580 5457 1757 5500 tamen
1818 5445 2106 5500 absonum.

542 5547 681 5600 Nam
712 5559 866 5615 reges
917 5554 1074 5597 terra:
1131 5554 1347 5612 quoque
1380 5555 1483 5594 non
1523 5540 1831 5610 dignantur,
1879 5537 2108 5591 comites

542 5639 794 5708 recipere
811 5637 1027 5707 quando
1058 5636 1253 5692 bellum
1278 5634 1511 5701 faciunt,
1548 5633 1651 5686 nisi
1689 5645 1823 5699 quos
1870 5630 2107 5685 viderint

614 5826 664 5859 ⁸⁵
735 5825 897 5898 lCor.
926 5841 965 5895 ι,
988 5823 1075 5879 l8.
1153 5823 1198 5857 ⁸⁸
1222 5822 1353 5879 Luc.
1384 5837 1498 5892 xw,
1526 5819 1618 5876 27.
1694 5817 1738 5849 ⁸⁷
1758 5813 1948 5871 Matth.
1982 5832 2092 5884 va,

2199 5817 2226 5870 ι.
2302 5810 2543 5869 "Marc.
2580 5824 2700 5877 vm,
2727 5809 2816 5864 54.
