4090 6460
338 360 443 434 137

1726 350 2061 418 llthlLlA
2105 350 2208 418 XI.

3505 318 3609 412 133‘

332 480 525 541 σασθαί
572 491 696 535 τινα
742 478 971 546 ἑαυτὸν,
1005 478 1098 533 καὶ
1128 478 1209 541 είς
1264 476 1500 546 ἐσχάτην
1559 475 1787 542 ἀτιμίαν
1820 472 1919 525 καὶ

2028 480 2250 539 paratos
2272 467 2337 524 ad
2367 470 2598 524 mortem
2623 479 2720 538 pro
2750 479 2809 522 se
2833 460 3198 531 tolerandam,
3225 461 3357 537 quid
3387 464 3608 528 mirum,

332 575 559 630 θάνατον
588 570 901 642 προδοῦναι,
937 568 1051 621 ἀλλ’
1094 569 1194 621 οὐκ
1226 566 1455 629 ἀπεικός
1480 583 1492 595 ·
1527 566 1575 618 οἱ
1616 564 1726 635 γὰρ
1757 565 1910 634 βασις

331 668 441 730 λεῖς
465 650 562 734 τῆς
600 664 703 733 γῆς
738 663 838 715 οὐκ
880 662 946 716 ἄν
994 678 1125 714 ποτε
1161 658 1482 713 ἀκολουθεῖν
1508 656 1683 712 ὀπίσω
1724 655 1911 710 αὐτῶν

332 756 593 822 δέξαιντο,
638 755 733 807 καὶ
766 752 942 807 ταῦτα
991 753 1131 822 πρὸς
1164 751 1403 820 πόλεμον
1442 748 1633 812 ίόντες.
1670 750 1799 812 τοὺς
1836 750 1912 818 μὴ

334 847 582 915 ἑτοίμους
620 845 780 906 ὄντας
822 842 1118 897 ἀποθανεῖν
1149 842 1291 912 ὑπὲρ
1323 838 1530 894 αὐτῶν.
1563 840 1630 892 Τί
1661 834 1755 892 οὖν
1787 838 1918 893 θαυ-

336 938 561 1006 μαστὸν,
604 938 653 989 εί
686 935 782 989 καὶ
822 937 850 988 ὁ
902 933 1156 1004 βασιλεὺς
1207 933 1315 987 τῶν
1352 931 1598 1001 οὐρανῶν
1631 932 1697 1000 τῇ
1751 932 1820 1000 γῇ
1851 929 1919 982 δι’

332 1028 664 1096 ἐπαγγελίας
721 1026 1109 1095 ὲπιδημήτας,
1163 1022 1299 1095 πρὸς
1335 1020 1771 1090 ἀντιπαράταξιν
1824 1017 1920 1071 τοῦ

331 1121 513 1176 κοινοῦ
565 1118 657 1174 τοῦ
713 1121 903 1186 γένους
955 1117 1215 1185 πολεμίου
1276 1114 1553 1176 τοιούτους
1606 1111 1762 1181 ζητεῖ
1795 1113 1923 1176 τοὺς

330 1215 509 1267 ὀπίσω
550 1213 720 1265 αὐτοῦ
753 1207 1220 1274 ἀκολουθοῦνταςς
1270 1206 1414 1259 Ἀλλ’
1444 1208 1493 1258 oi
1524 1205 1626 1275 μὲν
1679 1202 1923 1275 βασιλεῖς

331 1308 430 1377 τῆς
453 1309 557 1376 γῆς
577 1306 677 1358 οὐκ
699 1303 915 1374 ἔχουσιν
935 1300 1215 1366 ἀναζωοῦν
1232 1299 1359 1361 τοὺς
1380 1298 1456 1369 τῷ
1484 1298 1708 1368 πολέμῳ
1734 1296 1924 1367 τεθνη-

334 1396 521 1462 κότας,
572 1395 693 1486 .066‘
722 1390 1117 1448 ἀνταποδοῦναί
1162 1407 1215 1443 τι
1258 1389 1445 1459 σχεδὸν
1488 1389 1600 1452 τοῖς
1627 1385 1924 1458 προκινδυ·

2015 563 2159 631 quod
2185 561 2300 616 Rex
2328 561 2596 617 cmlorum
2625 577 2721 631 per
2755 560 3192 635 incarnationem
3222 560 3275 613 in
3303 560 3463 615 terris
3494 574 3613 613 mo-

2015 671 2165 718 rans,
2219 655 2286 709 ad
2316 654 2683 709 dimicandum
2712 654 2976 707 adversus
3024 663 3368 707 communem
3418 651 3612 706 buma-

2015 749 2079 803 ni‘
2149 747 2369 818 generis
2418 747 2634 801 hostem
2676 745 2813 801 tales
2844 746 3090 801 asseclas
3122 743 3408 815 requirat?
3462 744 3532 797 At
3560 750 3618 798 at

2018 850 2177 905 reges
2207 842 2369 888 terra:
2392 849 2501 888 non
2533 845 2765 902 possunt
2798 833 2864 889 ad
2898 834 3064 888 vitam
3091 848 3354 890 revocare
3382 834 3435 888 in
3472 834 3615 888 bello

2020 927 2402 995 interemptos,
2430 925 2513 979 vel
2542 926 2880 981 remunerari
2911 941 3006 981 eos
3043 927 3135 997 qui
3160 927 3283 996 vita:
3321 928 3618 982 discrimen

2023 1033 2121 1088 pro
2143 1016 2275 1086 ipsis
2315 1016 2626 1072 adiverunt.
2664 1017 2806 1082 Quid
2862 1018 3005 1073 enim
3054 1018 3102 1073 is
3154 1019 3248 1090 qui
3298 1034 3417 1073 esse
3448 1019 3618 1074 desiit

2022 1122 2207 1180 posset
2230 1108 2299 1164 ab
2321 1110 2451 1178 ipsis
2480 1108 2773 1177 accipere?
2816 1104 2924 1163 Sed
2956 1110 3121 1164 etiam
3169 1112 3286 1165 istis
3319 1111 3408 1165 ubi
3458 1109 3612 1180 justa

2022 1200 2089 1256 de
2110 1215 2275 1255 causa
2301 1202 2633 1265 moriuntur,
2658 1215 2787 1269 spes
2816 1201 2866 1256 in
2906 1198 3136 1256 Domino
3171 1212 3381 1259 manet.
3425 1202 3620 1257 Domi-

2022 1306 2127 1346 nus
2150 1300 2333 1347 autem
2366 1292 2531 1347 vitam
2595 1293 2847 1349 retribuit
2902 1302 3164 1349 aeternam
3217 1294 3298 1349 eis
3357 1296 3448 1365 qui
3492 1312 3616 1350 cum

2024 1384 2305 1455 sequendo
2328 1385 2566 1452 pericula
2586 1382 2899 1465 subierunt.

329 1468 831 1543 νεύσασινάύτῶνο
859 1486 917 1539 τί
949 1487 1055 1557 γὰρ
1092 1484 1158 1537 ἂν
1182 1486 1208 1537 6
1243 1481 1436 1554 μηκέτ’
1466 1481 1543 1536 ὣν
1575 1482 1732 1537 λάϐοι
1760 1479 1892 1550 παρ’
1932 1477 2152 1545 αὐτῶν;
2201 1472 2366 1532 Ἀλλά
2417 1477 2513 1533 καὶ
2579 1479 2813 1545 τούτοις,
2895 1480 3057 1553 εἰπερ
3099 1481 3242 1552 ὑπὲρ
3287 1480 3529 1535 εὐσεϐῶν
3573 1468 3621 1531 ’ό

334 1584 582 1650 Θάνατος,
619 1586 673 1637 ἐν
700 1583 780 1653 τῷ
806 1582 994 1653 Κυρίῳ
1019 1581 1174 1645 ἐλπίς
1214 1582 1359 1633 ἐστιν
1382 1595 1395 1611 ·
1440 1577 1615 1642 οὕτως
1652 1578 1708 1631 δὲ
1742 1580 1769 1631 6
1797 1575 2006 1648 Κύριος
2038 1574 2185 1647 ζωὴν
2202 1576 2548 1630 ἀντιδίδωσιν
2582 1576 2803 1631 αἰώνιον
2838 1581 2976 1643 -τοῖς
3033 1579 3093 1633 ὲν
3163 1580 3242 1650 τῷ
3303 1580 3621 1643 ἀκολουθεῖν

332 1677 480 1746 αύτῷ
508 1676 1023 1746 προκινδυνεύσασι.

405 1771 515 1822 Καὶ
539 1769 588 1822 οί
616 1768 715 1837 μὲν
741 1765 981 1835 βασιλεῖς
1003 1767 1102 1837 τῆς
1133 1767 1234 1837 γῆς
1267 1767 1407 1837 ὑπὲρ
1449 1764 1629 1819 αὐτῶν
1660 1764 1914 1832 ἑτοίμους

2091 1764 2159 1819 Ει
2190 1778 2345 1834 reges
2366 1774 2524 1819 terrae
2548 1764 2790 1821 asseclas
2819 1780 2923 1818 non
2961 1778 3211 1836 quaarunt
3238 1766 3344 1822 nisi
3376 1784 3513 1838 quos
3550 1748 3619 1823 ad

329 1857 473 1915 εἶναι
493 1860 719 1930 ζητοῦσι
754 1859 887 1926 πρὸς
910 1858 1140 1912 θάνατον
1182 1859 1309 1919 τοὺς
1344 1858 1527 1918 αὐτοῖς
1552 1856 1910 1910 ἀκολουθοῦν-

329 1972 451 2017 τας,
633 1955 659 2006 ὁ
684 1952 740 2005 δὲ
774 1952 979 2020 Κύριος
1010 1952 1174 2013 αὐτὸς
1205 1950 1304 2019 μὲν
1326 1951 1521 2003 ἑαυτὸν
1557 1951 1639 2012 είς
1683 1949 1912 2013 θάνττον

331 2045 533 2099 ἔδωκεν
576 2044 715 2112 ὑπὲρ
762 2041 941 2113 ἡμῶν,
973 2044 1122 2113 ἡμᾶς
1170 2041 1226 2094 δὲ
1257 2042 1357 2112 οὐχ
1390 2041 1533 2109 ὑπὲρ
1566 2039 1755 2105 αὑτοῦ,
1792 2040 1912 2093 ἀλλ’

331 2137 471 2208 ὑπὲρ
494 2136 651 2207 ἡμῶν
680 2136 862 2190 αὐτῶν
896 2136 1146 2205 ἑτοίμους
1178 2129 1318 2187 εἶναι
1373 2133 1744 2205 παραγγέλλει
1778 2132 1914 2204 πρὸς

331 2230 559 2283 θάνατον
582 2246 597 2261 ·
625 2226 897 2281 καὶτοῦτο
931 2225 1146 2289 δεικνὺς
1178 2224 1251 2287 ὡς
1278 2224 1418 2295 ὑπὲρ
1452 2223 1608 2295 ἡμῶν
1637 2224 1783 2277 ἐστιν
1817 2222 1915 2275 αύ-

240 2362 247 2365 »
330 2323 439 2375 τῶν
466 2321 660 2388 ἐπάγει
679 2336 693 2349 ·
730 2339 749 2373 ι
784 2319 881 2383 ’ος
903 2319 1011 2390 γὰρ
1036 2318 1103 2373 ἂν
1135 2318 1264 2391 θέλῃ
1286 2316 1383 2388 τὴν
1411 2317 1591 2387 ψυχὴν
1620 2315 1784 2370 αύτοῦ
1816 2316 1919 2368 σὼ·

335 2430 449 2479 σαι,
486 2413 743 2466 ἀπολέσει
775 2411 965 2482 αὐτὴν,
995 2408 1051 2475 ὃς
1076 2411 1124 2464 δ’
1152 2410 1219 2465 ἀν
1245 2411 1489 2484 ἀπολέσῃ
1519 2410 1691 2481 αὐτὴν
1723 2409 1915 2461 ἕνεκεν

331 2506 467 2576 ἐμοῦ
495 2506 587 2558 καὶ
614 2505 709 2559 τοῦ
756 2503 1121 2572 Εὑαγγελίου,
1152 2497 1311 2566 οὗτος
1352 2502 1517 2557 σώσει
1556 2502 1753 2572 αὑτήν.
1783 2521 1800 2552 ι
1850 2501 1918 2556 Τί

333 2602 447 2653 ἐστι
476 2597 655 2660 τοῦτο,
688 2598 785 2661 ⁸ος
813 2597 878 2651 ἂν
910 2596 1039 2664 θέλῃ
1066 2598 1263 2663 σῶσαι,
1313 2594 1596 2660 ἀπολέσει,
1645 2597 1741 2647 καὶ
1763 2594 1821 2657 ὃς
1852 2594 1919 2650 ἂν

332 2689 597 2759 ἀπολέσῃ,
627 2687 790 2741 σώσει
813 2705 827 2755 ;
853 2686 1082 2751 Διπλοῢς
1107 2689 1255 2741 ἐστιν
1281 2688 1309 2740 6
1342 2686 1653 2757 ἄνθρωπος,
1681 2689 1708 2739 6
1738 2687 1916 2754 ἐκτὸς,

330 2781 393 2835 τὸ
414 2781 577 2851 σῶμα
609 2780 775 2850 λέγω,
803 2781 901 2835 καὶ
929 2784 955 2833 6
983 2781 1135 2844 ἐντὸς
1161 2779 1320 2850 ἡμῶν
1350 2779 1445 2834 ἀνθ
1457 2797 1659 2850 ρωπος,
1699 2780 1732 2850 ἠ
1770 2780 1920 2851 ψυχὴ

332 2871 594 2940 δηλονότι.
623 2872 790 2925 Ὅταν
818 2872 910 2926 οὖν
943 2874 969 2926 6
1018 2872 1175 2936 ἐκτὸς
1210 2872 1369 2942 ἡμῶν
1418 2871 1705 2941 ἅνθρωπος
1738 2873 1921 2944 προδῷ

335 2965 532 3018 ἑαυτὸν
555 2965 637 3028 εἰς
658 2966 910 3034 θάνατον,
942 2966 1208 3019 ἀπόλλυσι
1247 2965 1349 3035 τὴν
1385 2964 1583 3018 ἑαυτοῦ
1614 2965 1793 3037 ψυχὴν
1818 2986 1924 3038 χω-

340 3055 636 3126 ριζομένην
665 3056 830 3110 αὐτοῦ
851 3074 864 3087 ·
896 3059 924 3111 6
946 3056 1077 3127 γοῦν
1113 3058 1254 3128 ὑπὲρ
1283 3056 1380 3111 τοῦ
1416 3055 1658 3129 Χριστοῦ
1701 3062 1795 3111 καί
1828 3057 1922 3112 τοῦ

336 3145 671 3214 Εὑαγγελίου
703 3147 873 3211 οὕτως
907 3148 1182 3212 ἀπολέσας
1227 3149 1401 3220 αὐτὴν
1436 3149 1609 3215 ὅντως
1642 3151 1807 3204 σώσει
1828 3152 1922 3205 καὶ

336 3237 589 3305 κερδήσει
618 3236 846 3309 ταύτην,
884 3237 1030 3309 ζωὴν
1058 3239 1311 3308 οὐράνιον
1347 3238 1445 3293 καὶ
1491 3240 1710 3293 αἰώνιον
1745 3237 1922 3312 ταύτῃ

337 3330 698 3398 προξενήσας,
722 3333 817 3385 καὶ
848 3332 906 3385 ὲν
934 3334 1001 3403 τῇ
1057 3332 1353 3387 ἀναστάσει
1384 3331 1643 3403 τοιαύτην
1685 3335 1921 3403 κομισά-

339 3436 520 3488 μενος,
562 3421 659 3474 καὶ
680 3421 747 3475 δι’
775 3422 941 3491 αὐτῆς
984 3422 1079 3477 καὶ
1132 3423 1297 3488 αὐτὸς
1342 3426 1607 3488 τοιοῦτος,
1654 3426 1748 3478 καὶ
1779 3428 1922 3481 κατὰ,

341 3510 497 3581 σῶμα
550 3511 716 3580 λέγω,
770 3514 1009 3582 γεγονὼς
1047 3514 1298 3585 οὐράνιος
1328 3516 1423 3569 καὶ
1470 3516 1711 3581 αίὼνιος.
1754 3514 1818 3571 Ὀ
1865 3516 1923 3571 δὲ

342 3601 653 3674 φιλόψυχος,
678 3605 775 3659 καὶ
810 3605 885 3677 μὴ
914 3606 1059 3661 οὕτω
1089 3606 1299 3678 ταύτην
1328 3608 1564 3678 ἑτοίμως
1613 3608 1753 3678 ἔχων
1789 3610 1923 3662 ἀπο-

337 3694 510 3757 λέσαι,
547 3696 635 3749 διά
666 3696 725 3749 τδ
749 3696 975 3769 ἀγαπᾷν
1004 3699 1095 3751 τὸν
1129 3699 1469 3768 πρόσκαιρον
1493 3699 1667 3763 αἰῶνα
1701 3699 1917 3764 τοῦτον,

241 3802 244 3806 '
334 3789 427 3839 καὶ
460 3788 564 3842 ὅσα
581 3786 675 3842 τοῦ
695 3790 890 3853 αἰῶνος
921 3789 1137 3858 τούτου,
1169 3790 1440 3861 ζημιώσει
1470 3792 1574 3862 τὴν
1606 3792 1789 3863 ψυχὴν
1822 3793 1922 3845 αὑ-

332 3876 427 3929 τοῦ
461 3879 557 3948 τῆς
587 3877 754 3942 ὅντως
787 3880 932 3951 ζωῆς
956 3882 1361 3953 ἀποστερήσας,
1385 3884 1483 3936 καὶ
1508 3882 1921 3954 ζημιωθήσεται

333 3970 498 4033 αὐτὸς
520 3970 713 4042 αὐτὴν,
739 3972 838 4025 σὺν
867 3974 1049 4044 ἑαυτῷ
1082 3974 1286 4046 ταύτην
1318 3973 1453 4044 (paul
1485 3978 1552 4047 τῇ
1599 3974 1807 4046 αἰωνίῳ
1832 3992 1923 4028 κο-

336 4062 490 4117 λάσει
527 4065 833 4134 παραδούςλ·
878 4067 937 4119 ὅν
988 4069 1080 4122 καὶ
1105 4070 1133 4121 6
1187 4068 1602 4140 πανοικτίρμων
1640 4068 1923 4139 Δεσπότης

335 4151 447 4209 οἷον
473 4156 976 4230 ἀπολοφυρόμενυξ,
1003 4162 1099 4213 καὶ
1129 4160 1222 4213 τοῦ
1255 4160 1430 4216 δεινοῦ
1462 4161 1523 4214 τὸ
1547 4161 1777 4230 μέγεθος
1799 4164 1922 4215 ἐπι-

337 4248 629 4312 δεικνὺς,’“ι
656 4250 720 4302 Τί
750 4252 879 4321 γάρ,
906 4252 1096 4321 φησὶν,
1150 4251 1427 4321 ὠφελήσει
1472 4251 1783 4321 ἄνθρωπος,
1823 4254 1923 4307 ἐὰν

337 4340 430 4392 τὸν
463 4340 662 4410 κόσμον
695 4341 814 4395 ὅλον
846 4343 1106 4415 κερδήσῃ,
1141 4344 1234 4397 καὶ
1273 4343 1370 4414 τὴν
1404 4344 1585 4415 ψυχὴν
1614 4344 1780 4398 αὖτοῧ
1824 4344 1920 4413 ξη-

340 4435 558 4503 uitelli];
595 4434 628 4503 ἢ
660 4435 711 4486 τί
760 4435 921 4487 δώσει
955 4436 1243 4506 ἄνθρωπος
1295 4435 1653 4507 ἀντάλλαγμα
1685 4440 1780 4508 τῆς
1815 4437 1920 4508 ψυ-

338 4521 446 4589 ψῆς
476 4522 669 4588 αὐτοῦς
709 4542 727 4576 ι
766 4524 875 4580 οὐδ’
923 4525 1051 4580 ἄλλο
1101 4543 1153 4580 τι
1207 4526 1315 4580 τῶν
1362 4528 1423 4579 ὲν
1451 4528 1529 4598 τῷ
1558 4528 1718 4583 αίῶνι
1747 4528 1923 4602 τούτῳ

336 4611 640 4666 δοκούντων
690 4615 889 4684 τιμίων
941 4619 1036 4670 καὶ
1088 4616 1365 4687 τερπνῶν,
1423 4617 1460 4672 ἀ
1497 4619 1594 4672 τοῦ
1650 4621 1921 4692 σωτηρίου

341 4706 637 4774 προέκρινε
664 4706 922 4762 θανάτου.
950 4709 1014 4760 Τί
1046 4708 1175 4762 δ’ἃν
1202 4711 1260 4762 ὲν
1292 4710 1506 4774 τούτοις
1538 4712 1789 4783 εὑρεθείη
1828 4717 1925 4768 καὶ

341 4797 441 4863 τῆς
473 4795 694 4867 λογικῆς
715 4796 893 4867 ψυχῆς
923 4798 1304 4870 ἀντάλλαγμα,
1354 4794 1420 4873 ἦς
1451 4803 1478 4856 6
1522 4803 1727 4873 κόσμος
1774 4806 1923 4869 ἅπας

341 4877 493 4947 οὗτος
521 4886 621 4938 οὐκ
641 4887 788 4939 ἔστιν
815 4890 1101 4959 ἁντάξιος;

419 4979 480 5029 Et
501 4973 593 5031 οὖν
620 4981 713 5033 καὶ
740 4981 831 5033 τὸν
871 4983 1075 5052 κόσμον
1105 4982 1229 5037 ὅλον
1259 4979 1342 5048 εἷς
1378 4985 1670 5057 ἅνθρωπος
1701 4987 1925 5042 ἐδύνατο
1978 4962 1981 4963 ν

342 5070 629 5140 κερδῆσαι,
678 5073 922 5143 ἀδελφοὶ,
975 5076 1131 5131 οὐδὲν
1185 5076 1254 5133 ἂν
1297 5073 1364 5150 ἦν
1412 5079 1783 5153 δφελοςλαύτῷ
1824 5083 1925 5155 τὴν

342 5164 550 5217 οἰκείαν
583 5166 761 5237 ψυχὴν
799 5167 1190 5241 ζημιουμένῳο
1249 5171 1416 5225 πόσον
1470 5174 1588 5225 ἐστὶ
1620 5173 1682 5227 τὸ
1724 5174 1922 5239 δεινὸν,

341 5258 811 5332 πολλοστημόριον
842 5262 1130 5334 ἐλάχιστον
1169 5264 1402 5331 ἕκαστος
1435 5267 1542 5320 ἀπὸ
1575 5267 1671 5321 τοῦ
1716 5269 1923 5340 κόσμου

342 5348 535 5401 τούτου
576 5351 888 5421 κτήσασθαι
924 5354 1250 5425 δυνάμενος,
1283 5359 1333 5410 εὶ
1364 5360 1432 5429 τῇ
1480 5358 1617 5429 πρὸς
1649 5364 1710 5413 τὸ
1740 5362 1924 5432 ἐλάχι-

344 5457 470 5493 στον
519 5441 677 5495 τοῦτο
716 5446 1063 5517 προσπαθείῖ.
1113 5448 1215 5520 τὴν
1253 5450 1462 5505 οἰκείαν
1502 5452 1919 5524 ζημιωθήσεται

342 5535 542 5607 ψυχὴν,
591 5537 666 5607 μὴ
708 5540 1151 5611 προαιρούμενος
1195 5546 1374 5617 αἴρειν
1405 5546 1500 5599 τοῦ
1547 5549 1784 5619 σταυροῦ
1824 5552 1920 5603 καὶ

341 5627 435 5681 τὸν
475 5630 644 5682 τύπον
679 5631 772 5683 καὶ
805 5631 896 5685 τὸν
928 5633 1107 5702 λόγον,
1148 5639 1240 5691 καὶ
1279 5638 1595 5693 ἀκολουθεῖν
1632 5638 1708 5712 τῷ
1733 5641 1921 5712 δοτῆρι

412 5808 473 5873 ⁸ο,
498 5809 691 5866 Matth.
730 5827 841 5875 ut,
870 5810 961 5866 25.
1002 5813 1071 5845 “'
1113 5815 1242 5869 ibitl.
1286 5817 1376 5874 26.

664 5909 934 5973 ΡΑτιιυι..
982 5914 1098 5975 Gtt.
1148 5913 1267 5974 CLI

2018 1867 2247 1910 mortem
2279 1867 2502 1927 propter
2520 1869 2579 1911 se
2605 1860 2967 1927 oppetendam
3003 1868 3225 1927 paratos
3275 1859 3614 1923 invenerint;

2018 1947 2282 2004 Dominus
2301 1965 2427 2005 vero
2454 1964 2512 2004 se
2529 1950 2706 2019 ipsum
2732 1950 3039 2016 iujmortem
3065 1953 3289 2007 tradidit
3310 1968 3409 2022 pro
3435 1954 3616 2019 nobis,

2019 2055 2122 2097 nos
2154 2051 2340 2096 autem
2374 2057 2479 2095 non
2515 2052 2743 2112 propter
2778 2059 2858 2107 se,
2891 2044 2987 2098 sed
3006 2053 3228 2111 propter
3255 2045 3621 2114 nosmetipsos

2020 2133 2088 2186 ad
2139 2140 2368 2187 mortem
2420 2134 2734 2203 procinctus
2768 2148 2891 2189 esse
2924 2135 3196 2188 hortatur.
3223 2133 3376 2200 Quod
3436 2136 3619 2190 decla-

2022 2238 2147 2278 rare
2192 2223 2382 2279 volens
2418 2225 2644 2295 adjicit:
2688 2242 2708 2277 ι
2737 2224 2837 2292 Qui
2875 2226 3103 2280 voluerit
3156 2227 3398 2281 animam
3460 2244 3617 2282 suam

2022 2313 2228 2369 salvam
2258 2314 2460 2380 facere,
2511 2316 2700 2383 perdet
2731 2331 2850 2371 eam
2873 2311 2952 2384 l’;
2985 2318 3076 2385 qui
3106 2330 3289 2373 autem
3321 2319 3621 2387 perdiderit

2023 2406 2264 2461 animam
2290 2422 2447 2462 suam
2478 2420 2701 2479 propter
2747 2426 2835 2464 me
2868 2420 2923 2466 et
2974 2422 3201 2481 propter
3232 2410 3616 2482 Evangelium,

2023 2500 2227 2557 salvam
2269 2502 2489 2556 habebit
2521 2517 2665 2556 eam.
2704 2522 2723 2556 ι
2763 2501 2907 2569 Quid
2948 2503 3094 2558 istud
3136 2521 3153 2556 ι
3180 2503 3271 2573 qui
3293 2503 3500 2559 salvum
3534 2504 3618 2560 fa-

2024 2606 2149 2648 cere
2165 2592 2423 2656 voluerit,
2445 2594 2657 2662 perdet,
2692 2605 2747 2651 et
2800 2595 2892 2665 qui
2928 2596 3249 2665 perdiderit.
3283 2596 3490 2651 salvam
3538 2596 3621 2653 [a-

2026 2686 2138 2741 ciet
2168 2701 2291 2741 eam
2317 2686 2343 2740 ?
2371 2685 2577 2754 Duplex
2607 2697 2691 2742 est
2712 2688 2876 2743 homo
2906 2703 2922 2754 ;
2947 2704 3086 2745 unus
3138 2691 3402 2757 exterior,
3431 2691 3482 2746 id
3533 2700 3620 2746 est

2025 2793 2247 2848 corpus,
2273 2778 2412 2833 alter
2445 2778 2701 2846 interior,
2719 2781 2929 2836 scilicet
2953 2783 3160 2837 anima.
3198 2781 3356 2851 Quod
3415 2785 3461 2839 si
3516 2785 3619 2840 ho-

2027 2884 2117 2925 mo
2137 2870 2368 2926 interior
2390 2872 2631 2940 seipsum
2663 2874 2716 2928 in
2749 2882 2981 2930 mortem
3003 2877 3191 2943 tradit,
3247 2877 3429 2947 perdit
3458 2891 3616 2933 suam

2027 2964 2269 3019 animam
2304 2979 2371 3021 eo
2404 2967 2679 3022 orbatam.
2706 2965 2864 3024 Unde
2890 2969 2982 3039 qui
3008 2983 3129 3024 eam
3168 2981 3393 3041 propter
3430 2973 3617 3027 Domi-

2027 3071 2157 3110 num
2186 3066 2240 3111 et
2266 3056 2619 3129 Evangelium
2656 3061 2972 3130 perdiderit,
2990 3077 3245 3118 vereeam
3276 3064 3616 3133 lucrifaciat,

2028 3149 2196 3204 vitam
2226 3150 2508 3208 caelestem
2534 3160 2905 3225 aeternamque
2938 3155 3037 3224 ipsi
3078 3155 3340 3228 largiens,
3386 3173 3619 3229 eamque

2026 3243 2080 3298 in
2101 3246 2560 3303 resurrectionem
2609 3250 2962 3318 adducturus,
2988 3260 3044 3307 et
3073 3252 3187 3322 ipse
3209 3270 3306 3326 per
3334 3257 3620 3323 eam,dico

2024 3337 2187 3392 etiam
2220 3338 2518 3395 secundum
2547 3354 2766 3412 corpus,
2792 3344 2964 3400 factus
2993 3348 3235 3404 caelestis
3267 3359 3323 3403 et
3352 3357 3618 3406 azteruus.

2025 3432 2128 3498 Qui
2151 3441 2334 3488 autem
2359 3434 2600 3489 animam
2635 3451 2789 3492 suam
2846 3438 3040 3509 diligit,
3101 3450 3163 3494 ut
3212 3456 3331 3496 eam
3382 3444 3617 3512 perdere

2028 3523 2184 3588 nolit,
2216 3532 2503 3592 prepterea
2551 3529 2695 3596 quod
2724 3527 2889 3584 nimis
2914 3539 3065 3587 amat
3096 3548 3337 3600 praesens
3356 3534 3620 3589 swculum

2025 3623 2185 3668 etres
2217 3615 2376 3685 hujus
2395 3619 2603 3683 saeculi,
2645 3620 2931 3675 damnabit
2961 3625 3199 3678 animam
3240 3639 3418 3689 suam,
3453 3641 3619 3695 quam

2027 3721 2152 3761 vrra
2185 3707 2292 3762 vita
2318 3709 2607 3779 spoliabit;
2635 3726 2755 3766 eam
2780 3713 2898 3783 ipse
2913 3725 2966 3769 et
2997 3731 3117 3769 cum
3148 3717 3235 3771 illa
3255 3720 3617 3793 semetipsum

2027 3802 2311 3872 suppliciis
2339 3804 2579 3870 addicet,
2615 3805 2785 3871 illam,
2825 3818 2928 3862 Leu
2955 3809 2968 3862 l
2999 3811 3351 3877 sempiterna:
3384 3811 3619 3866 damna-

2030 3896 2163 3951 tioni
2217 3900 2479 3964 tradens;
2516 3913 2680 3968 quem
2717 3913 2774 3956 et
2821 3901 3367 3959 llllaOl‘iCOl‘tliSSlmUS
3429 3904 3617 3960 Domi-

2028 4007 2131 4046 nus
2165 3991 2319 4061 quasi
2348 3990 2540 4061 lugens
2563 3993 2629 4048 de
2654 3994 2884 4063 periculi
2938 3996 3286 4052 immanitate
3319 4011 3625 4055 monuerat

2027 4086 2215 4142 dicens
2253 4102 2268 4139 :
2306 4103 2324 4137 ι
2364 4085 2502 4152 Quid
2530 4088 2755 4157 prodest
2794 4088 2998 4145 hdmini
3018 4089 3063 4145 si
3088 4093 3350 4148 undum
3390 4096 3615 4149 univer-

2025 4193 2145 4232 sum
2169 4179 2430 4247 lucretur,
2446 4180 2641 4234 animm
2659 4194 2786 4235 vero
2801 4197 2915 4237 sua:
2928 4182 3316 4238 detrimentum
3336 4186 3617 4254 patiatur?

2025 4270 2110 4324 Vel
2154 4285 2316 4337 quam
2379 4272 2528 4325 dabit
2572 4272 2735 4327 homo
2782 4275 3284 4341 compensationem
3316 4293 3416 4346 pro
3434 4280 3618 4333 anima

2025 4377 2122 4415 sua
2138 4362 2245 4415 5"?
2264 4380 2282 4414 ›
2313 4361 2429 4417 Non
2457 4363 2601 4417 enim
2624 4364 2919 4420 descendet
2936 4383 3058 4420 cum
3082 4383 3147 4422 eo
3169 4369 3340 4436 gloria
3357 4370 3493 4438 ejus,
3516 4387 3618 4428 nec

1949 4497 2004 4557 Β
2031 4457 2174 4511 aliud
2206 4458 2501 4526 quidquam
2524 4473 2590 4512 ex
2638 4459 2938 4516 honoribus
2966 4474 3021 4516 et
3077 4464 3448 4534 voluptatibus
3486 4482 3612 4536 qua:

2032 4550 2136 4604 hoc
2183 4549 2384 4604 saeculo
2420 4551 2555 4605 tanti
2609 4553 2939 4619 aestimatur,
2986 4570 3105 4622 quin
3157 4557 3385 4610 salutari
3453 4560 3617 4614 morti

2028 4642 2311 4711 proposuit
2339 4680 2354 4697 .
2381 4642 2613 4710 Qualem
2646 4646 2698 4703 in
2738 4645 2857 4700 istis
2888 4648 3133 4701 invenire
3178 4657 3333 4717 putas
3362 4667 3617 4705 commu-

2028 4734 2289 4788 tationem
2321 4750 2420 4803 pro
2464 4737 2731 4806 spirituali
2781 4739 2963 4795 anima
3020 4742 3086 4794 ad
3125 4757 3292 4812 quam
3338 4752 3485 4800 totus
3528 4746 3619 4801 hic

2027 4826 2265 4881 mundus
2294 4826 2452 4884 ﬂocci
2494 4829 2781 4895 habendus
2807 4842 2893 4887 est
2921 4831 2944 4886 Υ

2104 5008 2161 5062 Si
2202 5022 2333 5078 ergo
2368 5025 2511 5065 unus
2541 5009 2705 5066 homo
2729 5021 3106 5082 possettotum
3131 5016 3393 5070 mundum
3431 5017 3615 5073 lucra-

2030 5096 2099 5161 ri,
2140 5097 2241 5151 boc
2273 5098 2405 5155 nihil
2436 5100 2483 5152 ei
2512 5100 2795 5169 prodesset
2830 5105 3027 5159 anima:
3074 5107 3461 5162 detrimentum
3496 5126 3619 5178 pcr-

2030 5204 2227 5258 pesso;
2259 5201 2467 5259 quanto
2497 5192 2653 5261 pejus
2682 5205 2786 5257 est,
2816 5197 2904 5249 ubi
2941 5212 3026 5250 vix
3056 5200 3286 5267 quisque
3324 5203 3612 5268 potest'rel

2030 5280 2313 5335 minimam
2341 5292 2395 5337 et
2420 5287 2872 5354 anguStissimam
2908 5300 3064 5345 terra:
3096 5303 3303 5358 partem
3327 5308 3616 5362 compara-

2035 5388 2113 5437 re,
2142 5374 2185 5425 si
2224 5390 2319 5443 per
2353 5376 2578 5429 nimium
2610 5392 2852 5434 antorem
2882 5397 3011 5449 erga
3038 5381 3169 5436 illud
3198 5385 3452 5452 exiguum
3497 5385 3617 5437 ani-
3666 5398 3687 5409 “

2036 5485 2135 5519 tua:
2179 5483 2291 5523 Suae
2331 5470 2720 5526 detrimentum
2761 5474 3035 5542 patiatur,
3071 5476 3198 5545 quia
3230 5492 3337 5530 non
3379 5479 3617 5545 praetulit

2037 5570 2222 5629 typum
2248 5574 2302 5615 et.
2333 5564 2600 5618 rationem
2628 5566 2830 5631 crucis,
2861 5570 3090 5638 vitaeque
3119 5570 3273 5638 sequi
3305 5582 3618 5625 auctorem.

2032 5653 2175 5706 Crux
2198 5652 2343 5708 enim
2380 5667 2462 5712 est
2502 5666 2660 5728 typus
2702 5659 2997 5716 adorabilis
3022 5671 3075 5715 et
3108 5661 3263 5717 istius
3290 5664 3399 5733 typi
3442 5661 3610 5719 ratio—

3286 5912 3319 5972 5
