4090 6444
421 361 519 428 Ml

1824 328 2161 426 nom-Lis
2203 367 2305 428 Kl.

3591 364 3703 428 ~11;).

420 477 556 550 μηδέ
583 477 758 547 τούτῳ
781 475 901 532 λίαν
923 477 1340 548 προσκείμενος,
1371 479 1552 543 καλῶς
1571 477 1720 550 αύτῴ
1753 479 1997 548 χρήσθω,

2123 482 2356 552 “asilas,
2389 496 2455 535 ne
2516 482 2646 550 ipsis
2699 480 2926 534 nimium
2981 479 3387 542 iuscl‘t'in.,sed
3440 480 3574 533 bene
3624 501 3704 533 cis

417 568 710 632 κοινωνοὺς
752 567 838 636 ἐφ’
873 571 998 623 ὅσον
1029 570 1148 624 ἐστὶ
1188 571 1316 634 τοὺς
1351 571 1552 634 ἐνδεεῖς
1581 573 2002 642 προσλαμϐανό-

424 675 605 727 μενος.
649 661 865 732 Ὠσπερ
892 666 1002 734 γὰρ
1050 663 1335 734 ἀρνεῖσθαι
1371 662 1432 716 τὸ
1463 664 1622 734 σῶμα
1681 665 1775 718 καὶ
1829 667 2006 736 αἴρειν

420 755 513 810 τὸν
544 756 778 826 σταυρὸν
807 758 998 821 αὑτοῦ,
1024 759 1123 828 τῆς
1153 757 1372 827 ἐντολῆς
1405 756 1760 827 κελευούσης,
1785 759 2005 828 ἔχουσιν

422 848 569 917 ὅμως
600 848 760 902 τοῦτο
790 850 843 901 oi
877 848 972 903 τοῦ
995 848 1136 903 Θεοῦ
1179 851 1277 903 καὶ
1318 849 1458 903 κατὰ
1486 851 1620 949 ἐξὸν
1653 850 1855 914 ζῶντες
1881 869 1896 884 ο
1931 855 2006 922 μὴ

424 939 544 994 λίαν
571 939 628 995 δέ
657 940 812 1010 αὐτῷ
842 940 1256 1012 προσκείμενοι,
1287 939 1541 1012 χρῶνταῖ
1567 944 1666 1012 μὲν
1698 945 1848 1014 αύτῷ
1867 949 2005 1015 πρὸς

423 1033 486 1087 τὸ
522 1034 639 1088 δέον
693 1034 967 1105 συνεργῷ,
1008 1036 1075 1088 ἂν
1124 1034 1170 1089 δ’
1209 1036 1237 1089 6
1273 1036 1462 1107 καιρὸς
1502 1036 1663 1108 καλῇ,
1700 1042 1795 1092 καὶ
1848 1040 2008 1092 τοῦτο

423 1126 771 1198 προσδιδόναι
798 1126 1009 1196 ἕτοιμοι
1037 1143 1051 1157 ο
1083 1127 1228 1181 οὕτω
1258 1131 1354 1182 καὶ
1399 1130 1494 1182 ἐπὶ
1535 1131 1644 1183 τῶν
1678 1136 2008 1201 σωματικῶν

424 1219 720 1289 κτημάτων
747 1219 844 1273 καὶ
872 1218 1074 1290 χρειῶν
1101 1220 1274 1275 ποιῶν
1300 1239 1410 1288 τις,
1437 1222 1568 1277 ὅταν
1599 1223 1674 1294 μὴ
1705 1224 1930 1295 δύνηταί
1954 1245 2005 1280 τι

426 1310 634 1380 μεῖζον,
665 1309 725 1363 εὖ
756 1310 826 1364 ἂν
864 1312 957 1365 καὶ
989 1311 1298 1384 Θεαρέστως
1325 1315 1464 1385 ἔχοι.

503 1400 672 1462 Πάλιν
698 1402 885 1472 βλέπει
917 1421 998 1466 τις
1027 1405 1086 1457 ἐν
1120 1405 1300 1476 ἐαυτῴ
1331 1407 1640 1478 βιαιότερον
1685 1407 2006 1476 κινούμενον

425 1494 516 1544 τὸν
536 1494 636 1564 τῆς
659 1495 916 1564 πορνείας
934 1498 1214 1566 λογισμὸν,
1236 1501 1431 1567 γνώτω
1450 1501 1532 1554 ὅτι
1551 1499 1706 1553 οὔπω
1725 1501 2008 1572 ἐσταύρω-

429 1604 521 1640 σεν
544 1588 754 1642 ἑαυτόν.
777 1587 902 1652 Πῶς
917 1585 1012 1642 οὖν
1031 1592 1371 1660 σταυρώσει;
1396 1593 1647 1661 φευγέτω
1667 1595 1765 1657 τὰς
1786 1595 2009 1665 περιέρ-

428 1697 560 1748 γους
591 1679 716 1742 θέας
741 1681 850 1734 τῶν
881 1682 1185 1750 γυναικῶν,
1205 1685 1301 1737 καὶ
1318 1688 1413 1748 τὰς
1440 1686 1514 1756 μὴ
1539 1686 1852 1756 ἀνηκούσας
1873 1688 2008 1756 πρὸς

433 1772 602 1834 αὐτὰς
633 1773 924 1842 συνηθείας
954 1791 1014 1828 τε
1041 1778 1136 1830 καὶ
1159 1777 1426 1848 ἀκαίρους,
1450 1778 1750 1858 ῥια-λέξεις,
1788 1779 2009 1850 μειοῦτο

431 1866 531 1929 τὰς
562 1869 872 1937 τρεφούσας
901 1870 962 1922 τὸ
1001 1869 1176 1934 πάθος
1209 1869 1364 1933 ὕλας,
1415 1871 1745 1942 ἀποσχέσθω
1775 1873 2012 1926 πολυπο-

435 1957 577 2024 σίας,
593 1960 960 2029 οὶνοφλυγίας,
979 1962 1340 2032 ἀδδηφαγίας,
1362 1963 1698 2027 πολυυπνίας
1715 1980 1730 1994 ⁸
1767 1965 2012 2033 μιγνύτω

437 2054 506 2122 τῇ
529 2055 706 2123 ἀποχῇ
735 2053 910 2126 ταύτῃ
936 2055 1043 2108 τῶν
1067 2057 1254 2110 κακῶν
1275 2057 1376 2127 τὴν
1400 2060 1933 2129 ταπεινοφροσύνην,
1955 2061 2012 2112 ἐν

435 2147 696 2217 συντριϐῇ
725 2148 952 2217 καρδίας
984 2150 1074 2201 τὸν
1106 2149 1241 2202 Θεὸν
1272 2151 1418 2203 κατὰ
1441 2149 1540 2203 τοῦ
1571 2152 1782 2212 πάθους
1813 2153 2012 2205 ἐπικα·

435 2236 717 2308 λούμενος,
752 2240 848 2292 καὶ
879 2238 999 2293 τότε
1028 2243 1124 2295 καὶ
1158 2242 1324 2305 αὐτὸς
1353 2243 1506 2312 ἐρεῖ·
1541 2237 1699 2296 Εἶδον
1722 2243 1812 2296 τὸν
1835 2243 2010 2313 ἀσεϐῆ

436 2330 885 2401 ὕπερυψούμενον
965 2333 1058 2386 καὶ
1142 2335 1517 2405 ἐπαιρόμενον
1593 2337 1670 2398 ὼς
1741 2337 1841 2399 τὰς
1925 2337 2018 2390 κέ-

433 2422 602 2495 δρους
684 2425 780 2478 τοῦ
865 2425 1130 2492 Λιϐάνου,
1203 2427 1298 2480 καὶ
1365 2426 1669 2498 παρῆλθον,
1746 2430 1843 2482 καὶ
1904 2430 2014 2483 ἰδοὺ

437 2515 539 2569 οὐκ
593 2510 696 2588 ἧν,
775 2518 870 2571 καὶ
941 2519 1182 2589 ἐζήτησα
1244 2519 1331 2572 διὰ
1411 2520 1511 2588 τῆς
1582 2521 1642 2572 ἐν
1683 2521 2014 2574 ταπεινώσει

441 2608 773 2679 προσευχῆς,
816 2611 912 2665 καὶ
945 2613 1043 2682 οὐχ
1086 2612 1284 2684 εὑρέθη
1315 2614 1372 2664 ὲν
1404 2613 1532 2681 ἐμοὶ
1569 2613 1595 2666 6
1630 2612 1795 2675 τόπος
1829 2613 2017 2669 αὑτοῦ.

449 2700 619 2756 Πάλιν
659 2703 873 2773 ἐνοχλεῖ
915 2705 942 2756 6
999 2705 1100 2772 τῆς
1133 2704 1444 2772 φιλοδοξίας
1507 2705 1807 2774 λογισμός;
1847 2705 1912 2757 σὺ
1962 2708 2020 2759 ἐν

444 2791 746 2862 συγκλήσει
769 2794 864 2845 καὶ
897 2793 1274 2864 συγκαοεδρίᾳ
1305 2793 1618 2865 μνημόνευε
1651 2796 1752 2865 τῆς
1783 2794 1880 2847 τοῦ
1913 2796 2020 2848 Κυ-

445 2883 566 2955 ρίου
601 2886 657 2936 ἐν
719 2884 1078 2953 Εὑαγγελίοις
1123 2887 1254 2953 περὶ
1306 2885 1500 2937 τούτου
1551 2885 1871 2956 συμϐουλῆς
1901 2902 1915 2916 ο
1965 2886 2022 2939 ἐν

443 2974 686 3045 ὁμιλίαις
741 2977 816 3047 μὴ
850 2978 1004 3046 ζήτει
1030 2976 1141 3031 τῶν
1166 2976 1344 3032 ἄλλων
1393 2977 1681 3048 ὑπερέχων
1707 2977 2021 3046 φαίνεσθαι,

456 3067 556 3130 τάς
591 3067 792 3138 ἀρετὰς
837 3067 924 3137 ἐφ’
953 3069 1078 3122 ὅσον
1111 3069 1256 3138 ἔχεις
1295 3070 1351 3121 ἐν
1400 3069 1632 3140 κρυπτῷ
1688 3069 1854 3131 ποίει,
1887 3069 2025 3141 πρὸς

2113 584 2299 626 utatur
2319 573 2385 626 ad
2413 574 2604 642 inopes
2628 586 2724 641 pro
2755 570 2962 625 viribus
2983 570 3347 640 adjuvandos.
3381 570 3534 623 Sicut
3559 573 3704 625 enim

2099 666 2331 720 divinus
2415 665 2694 734 Iegislator
2748 663 2903 732 jubet
2966 662 3182 730 corpori
3254 663 3568 716 renuntiare
3652 667 3706 715 et

2113 775 2334 813 crucem
2362 757 2665 826 suscipere,
2699 757 2827 810 illud
2859 765 3035 809 tamen
3069 755 3364 809 observant
3388 756 3478 823 qui
3513 755 3620 807 Deo
3655 767 3709 809 ιι

2116 851 2416 907 secondmn
2441 848 2606 904 Deum
2628 851 2817 902 vivunt
2838 862 2852 900 :
2873 848 2970 916 ipsi
3003 862 3108 900 non
3136 846 3298 900 nimis
3325 847 3706 901 illSi’TVleitlt'S.

2109 960 2176 999 eo
2206 954 2426 997 Utuntur
2464 952 2721 1010 tanquam
2777 939 3073 1007 adjutorio,
3105 937 3278 1004 parati
3341 938 3526 1001 etiam,
3559 937 3602 989 si
3654 937 3708 990 itl

2109 1036 2294 1104 exigat
2324 1043 2558 1102 tempus,
2593 1033 2638 1086 ci
2676 1032 3027 1095 renuntiare;
3063 1031 3136 1083 ita
3194 1029 3283 1098 qui
3343 1031 3482 1082 bene
3539 1030 3614 1081 uti
3645 1046 3708 1081 ur

2110 1129 2315 1184 divitiis
2341 1137 2397 1182 et
2425 1127 2592 1181 lucris
2619 1126 2994 1190 terrestribus,
3023 1124 3068 1180 si
3099 1127 3218 1193 plus
3244 1123 3420 1179 facere
3451 1142 3496 1176 Iit
3521 1133 3707 1192 queat,

2113 1222 2248 1277 bene
2279 1233 2330 1276 et
2354 1223 2440 1291 pie
2478 1221 2656 1275 vivere
2683 1220 2916 1273 videtur.
3704 1204 3708 1208 ’

2185 1400 2426 1455 Rursum
2456 1399 2548 1470 qui
2578 1399 2724 1453 videt
2757 1398 2806 1451 in
2841 1397 3023 1466 seipse
3069 1397 3262 1464 agitari
3317 1397 3538 1449 luxuria:
3587 1398 3710 1449 ani-

2112 1509 2282 1558 mum,
2319 1494 2456 1547 sciat
2505 1494 2646 1562 quod
2700 1506 2758 1546 se
2816 1492 3049 1545 nondum
3083 1490 3377 1543 crucifixit.
3423 1490 3709 1554 Quomodo

2082 1601 2242 1657 .ergo
2301 1601 2360 1642 se
2413 1585 2740 1654 cruciligct?
2803 1583 2994 1653 Fugiet
3047 1585 3340 1638 damnosos
3405 1585 3697 1638 mulierum

2113 1690 2386 1749 aspecms,
2417 1691 2716 1747 earumque
2774 1676 2948 1730 iutilia
2981 1676 3270 1744 colloquia,
3294 1685 3349 1729 et
3375 1691 3540 1730 vanas
3568 1692 3705 1730 con-

2115 1773 2496 1830 fabulationes.
2557 1769 2846 1826 horninuat
2899 1769 3158 1824 materias
3213 1769 3410 1838 quibus
3461 1772 3704 1838 pascitur

2114 1869 2297 1922 carnis
2325 1866 2800 1935 concupiscentia;
2835 1864 3158 1932 comprimat
3185 1864 3515 1930 potatiouo~,
3554 1863 3710 1916 vii-o-

2119 1957 2361 2021 leutiam,
2392 1955 2724 2026 ingluviem,
2757 1953 3201 2018 somnolentiam,
3247 1967 3344 2004 nec
3387 1961 3600 2006 tantum
3634 1954 3712 2005 sic

2119 2066 2146 2104 a
2191 2049 2347 2103 malis
2375 2049 2686 2113 abstineat,
2721 2049 2815 2102 sed
2849 2048 3012 2100 addat
3043 2045 3301 2100 humilem
3333 2044 3621 2114 spiritum;
3656 2046 3710 2098 in

2119 2143 2452 2198 contritione
2483 2142 2686 2206 cordis,
2739 2139 2832 2194 Dei
2879 2145 3078 2193 contra
3130 2140 3415 2208 passiones
3451 2138 3712 2190 auxilium

2123 2235 2396 2304 imploret,
2427 2245 2480 2289 et
2512 2244 2640 2289 tunc
2678 2233 2796 2302 ipse
2831 2247 3046 2301 quoque
3095 2231 3234 2286 dicet
3272 2245 3286 2282 :
3325 2229 3444 2283 Vidi
3486 2231 3714 2300 impium

2121 2329 2583 2395 Superexaltatum
2618 2335 2670 2380 et
2701 2327 2971 2379 clevatum
2999 2323 3140 2378 sicut
3179 2324 3370 2377 cedrus
3414 2323 3625 2382 Libani.
3661 2331 3716 2375 et

2124 2417 2350 2472 transivi
2397 2416 2732 2486 aliquantum
2770 2423 2914 2485 post,
2945 2423 2998 2470 et
3047 2429 3174 2469 ceco
3203 2429 3307 2468 non
3337 2423 3475 2474 erat,
3527 2423 3579 2466 et
3621 2423 3716 2481 per

2122 2513 2423 2566 orationem
2455 2511 2716 2566 humilem
2754 2511 2998 2578 quaesivi,
3025 2519 3077 2563 et
3121 2526 3224 2562 non
3255 2515 3342 2563 est
3371 2509 3626 2562 inventus
3661 2507 3714 2560 iu

2115 2619 2213 2660 'me
2243 2605 2396 2659 locus
2420 2605 2564 2673 ejus.
2595 2601 2814 2657 Rursus
2842 2602 3092 2656 molesta:
3125 2601 3303 2655 inanis
3333 2600 3516 2670 gloria:
3547 2600 3717 2653 ambi.

2125 2697 2232 2765 tio;
2267 2705 2326 2751 tu
2357 2711 2487 2752 vero
2517 2697 2700 2751 animo
2729 2697 2993 2757 intentus,
3023 2705 3282 2763 stansque
3313 2707 3437 2748 ante
3475 2694 3713 2746 triliuual

2127 2801 2234 2846 tuae
2257 2789 2628 2856 conscientite,
2654 2791 2707 2844 in
2741 2790 2972 2843 utentem
3007 2788 3316 2856 evangelica
3350 2801 3541 2840 revera
3583 2800 3715 2839 con-

2128 2881 2249 2937 silia
2271 2897 2297 2934 a
2324 2881 2552 2935 Domino
2570 2881 2690 2933 data
2717 2881 2803 2937 :in
2831 2879 3247 2935 conversatione
3269 2877 3432 2931 nolite
3455 2876 3572 2929 aliis
3601 2891 3719 2929 ma-

2127 2975 2277 3046 iores
2298 2975 2470 3030 videri
2497 2990 2512 3038 ;
2542 2973 3102 3042 virttticm,quantltm
3138 2979 3308 3041 potes,
3326 2971 3378 3022 in
3401 2969 3719 3022 abscondito

2130 3078 2345 3130 exerce,
2394 3065 2460 3117 ad
2509 3061 2676 3116 Deum
2722 3063 2895 3116 solum
2944 3063 3338 3121 intendens,ct
3380 3076 3408 3113 a
3450 3058 3558 3114 Deo
3603 3060 3718 3114 solo

443 3157 576 3213 Θεὸν
608 3161 768 3232 μόνον
805 3161 968 3232 ὁρῶν,
1006 3162 1100 3214 καὶ
1131 3161 1266 3231 παρ’
1298 3161 1465 3215 αὑτοῦ
1525 3162 1689 3232 μόνου
1720 3161 2017 3234 ὁρώμενος,

2139 3164 2485 3225 conspectus,
2511 3165 2563 3210 et
2591 3154 2752 3209 Pater
2787 3164 2934 3218 tuus,
2970 3155 3059 3222 qui
3095 3155 3238 3208 videt
3277 3153 3329 3207 in
3369 3153 3714 3218 abscomlito,

444 3254 540 3308 καὶ
563 3253 591 3306 6
623 3254 811 3325 Πατήρ
836 3267 931 3307 σού
959 3254 987 3307 6
1014 3253 1230 3324 βλέπων
1261 3255 1318 3307 ἐν
1357 3254 1436 3324 τῷ
1477 3255 1710 3324 κρυπτῷ
1745 3255 2021 3309 ἀποδώσει

447 3363 538 3400 σοι.
560 3351 619 3398 ἐν
640 3345 718 3416 τῷ
758 3348 1000 3417 φανερῷ.
1043 3346 1105 3398 Εἰ
1139 3345 1198 3398 δὲ
1237 3346 1334 3398 καὶ
1383 3345 1522 3415 μετά
1563 3347 1623 3398 τὸ
1652 3347 1816 3416 κόψαι
1845 3363 1903 3399 σε
1954 3349 2021 3402 τὰ

444 3439 593 3492 αἴτια
622 3439 854 3493 ἑκάστου
877 3440 986 3492 τῶν
1004 3438 1217 3505 παθῶν,
1253 3440 1416 3494 πάλιν
1449 3441 1780 3512 ἐνοχλεῖδι
1807 3442 2020 3496 ἔνδοθεν

443 3533 774 3601 ὀλογισμδς,
809 3531 882 3603 μὴ
916 3532 1158 3602 φοϐηθῇς
1187 3548 1200 3562 ·
1237 3534 1524 3602 στεφάνων
1553 3535 1662 3604 γὰρ
1693 3535 1905 3602 γίνεταὶ
1938 3555 2021 3589 σοι

447 3623 726 3700 πρόξενος,
793 3624 916 3676 ἐπεὶ
950 3623 1184 3693 ἐνοχλῶν
1243 3624 1305 3676 οὐ
1362 3624 1569 3691 πείθει,
1614 3625 1736 3678 οὐδὲ
1788 3627 2021 3696 ἐνεργεῖ,

446 3714 586 3769 ἀλλὰ
640 3715 853 3785 κίνημά
914 3717 1031 3769 ἐστι
1085 3716 1533 3786 νεναρκωμένον,
1601 3717 1676 3780 ὼς
1719 3718 2024 3789 νικώμενον

446 3807 550 3862 ὑπὸ
579 3809 674 3862 τοῦ
712 3809 806 3862 σοῦ
845 3808 985 3863 κατὰ
1021 3808 1154 3862 Θεὸν
1196 3809 1431 3877 ἀγῶνος.
1482 3808 1738 3872 Τοιοῦτός
1809 3813 1956 3863 ἐστιν
1995 3812 2022 3863 ὁ

445 3899 541 3954 τοῦ
571 3900 806 3973 σταυροῦ
829 3901 987 3971 λόγος
1011 3918 1026 3934 ο
1053 3899 1298 3964 τοιοῦτος
1331 3900 1388 3954 δὲ
1414 3899 1512 3967 ὢν,
1545 3902 1606 3954 οὐ
1634 3903 1798 3972 μόνον
1821 3905 1879 3956 ἐν
1909 3907 2022 3966 τοῖς

451 3992 764 4063 προφήταις
794 3993 902 4062 πρὸ
933 3991 1026 4045 τοῦ
1063 3992 1408 4064 τελεσθῆναι,
1443 3993 1584 4047 ἀλλὰ
1623 3995 1719 4046 καὶ
1751 3994 1850 4047 νῦν
1886 3997 2026 4065 μετὰ

449 4084 512 4138 τὸ
569 4085 893 4154 τελεσθῆναι
954 4085 1258 4156 μυστήριόν
1327 4087 1445 4137 ἐστι
1503 4087 1650 4156 μέγα
1710 4086 1807 4140 καὶ
1852 4087 2025 4151 ὅντως

449 4175 612 4230 θεῖον.
645 4175 766 4239 Πῶς
796 4192 811 4242 ;
839 4177 921 4228 ὅτι
953 4176 1097 4229 κατὰ
1131 4177 1230 4247 μὲν
1259 4176 1322 4228 τὸ
1359 4177 1694 4247 φαινόμενον
1720 4177 1872 4230 δοκεῖ
1892 4195 2027 4248 προ-

451 4265 622 4331 ξενεῖν
647 4269 876 4338 ἀτιμίαν
915 4268 1097 4340 ἐαυτῷ
1125 4271 1153 4321 6
1212 4269 1506 4333 εὐτελίζων
1545 4269 1762 4335 ἑαυτδν,
1800 4271 1896 4323 καὶ
1931 4288 2028 4322 ται-

447 4360 653 4415 πεινῶν
691 4363 751 4415 ἐν
787 4363 945 4427 πᾶσι,
979 4362 1072 4416 καὶ
1113 4362 1279 4415 πόνον
1304 4364 1400 4416 καὶ
1451 4361 1646 4428 ὀδύνην
1693 4364 1722 4415 6
1774 4363 1874 4425 τὰς
1922 4365 2024 4417 σωὲ

453 4453 686 4523 ματικάς
741 4454 960 4522 φεύγων
1021 4453 1239 4524 ἡδονὰς,
1301 4455 1396 4508 καὶ
1451 4455 1480 4506 6
1541 4453 1718 4516 διδοὺς
1775 4460 1844 4506 ex
1897 4455 2026 4508 δντα

2133 3249 2323 3304 reddet
2353 3249 2446 3303 tibi
2477 3249 2531 3303 in
2574 3258 2786 3318 aperto.
2815 3247 3041 3312 Deinde,
3077 3246 3122 3301 si
3156 3246 3357 3301 avulsis
3381 3246 3716 3317 singularum

2131 3344 2484 3414 cupiditatum
2543 3343 2953 3406 incitamentis,
3006 3357 3194 3396 rursus
3243 3356 3430 3394 earum
3481 3340 3716 3395 interius

2131 3438 2421 3490 molestam
2451 3435 2749 3501 illecebrae,
2785 3434 2892 3488 noli
2921 3434 3144 3498 timere;
3184 3446 3445 3487 coronam
3475 3432 3572 3486 tibi
3614 3432 3718 3486 im-

2131 3528 2344 3596 peritet,
2371 3527 2498 3595 quia
2531 3526 2870 3581 molestando
2911 3541 3013 3579 non
3050 3526 3281 3580 suadent
3313 3541 3410 3580 nec
3440 3536 3720 3592 crescunt,

2131 3622 2224 3676 sed
2253 3622 2432 3690 potius
2467 3626 2784 3688 torpescunt
2831 3627 2924 3672 tuo
2971 3619 3194 3672 brachio
3226 3619 3520 3672 secundum
3553 3622 3720 3674 Deum

2133 3715 2427 3769 dimicante
2455 3722 2730 3782 superata.
2761 3711 2908 3766 Talis
2945 3713 3065 3779 ejus
3093 3719 3176 3764 est
3205 3711 3389 3765 crucis
3431 3715 3639 3777 s‘ermo,
3669 3725 3724 3767 et.

2131 3821 2188 3864 ut
2225 3811 2374 3872 talis,
2413 3824 2518 3862 nou
2552 3815 2761 3861 tantum
2799 3807 3082 3874 prophetis
3124 3806 3442 3876 priusquam
3489 3808 3723 3876 perlice-

2131 3911 2303 3966 retnr,
2338 3902 2430 3956 sed
2465 3902 2626 3955 etiam
2656 3899 3128 3970 post'perl‘ectnm,
3185 3915 3444 3968 magnum
3492 3910 3576 3955 cst
3609 3916 3722 3972 my-

2133 3993 2356 4046 sterium
2388 4005 2623 4060 vereque
2651 3991 2917 4047 divinum.
2956 3991 3177 4056 Quare?
3205 3992 3332 4061 quia
3366 3992 3407 4044 si
3440 4006 3503 4045 cx
3538 3992 3722 4061 specie

2128 4083 2384 4155 jndicas,
2417 4085 2630 4138 videtur
2663 4084 2885 4154 quidem
2945 4083 3269 4150 sibimetipsi
3331 4085 3565 4138 dedecus
3626 4100 3724 4152 pa-

2142 4193 2268 4232 rare
2299 4178 2389 4247 qui
2428 4189 2489 4232 se
2529 4177 2781 4244 reprimit
2808 4186 2860 4230 et
2896 4175 2947 4230 in
2981 4177 3234 4231 omnibus
3264 4176 3532 4244 liumiliat,
3569 4176 3720 4232 labo-

2134 4286 2248 4326 rem
2279 4279 2334 4326 et
2357 4271 2620 4338 dolorem,
2643 4272 2732 4340 qui
2759 4285 3013 4326 sensuum
3041 4271 3177 4341 fugit
3199 4273 3523 4340 voluptates,
3550 4283 3602 4328 et
3628 4273 3723 4343 qui

2135 4377 2233 4420 sua
2268 4364 2412 4418 bona
2446 4365 2662 4430 abnuit,
2703 4371 3086 4434 paupertatem
3131 4373 3572 4434 comparaturus.
3630 4365 3722 4419 Dei

2135 4470 2315 4513 autem
2348 4459 2549 4514 virtute
2596 4459 2712 4527 ipsa
2762 4468 3053 4528 paupertas
3096 4467 3150 4512 et
3193 4457 3346 4514 dolor
3392 4469 3445 4512 ct
3482 4455 3726 4514 dedecus

449 4547 720 4616 Ιπτωχείας
779 4546 960 4617 ἐαυτῷ
1007 4547 1179 4609 αἴτιος
1241 4547 1628 4613 καθίστασθαι,
1691 4548 1782 4600 διὰ
1822 4548 1879 4600 δὲ
1926 4549 2017 4616 τῆς

2133 4553 2360 4621 gloriam
2411 4562 2672 4606 mternam
2723 4561 2777 4606 et
2821 4552 3150 4622 voluptatem
3206 4537 3628 4606 incnarrabilmn
3671 4567 3726 4606 et

447 4640 545 4694 τοῦ
574 4641 712 4695 Θεοῦ
766 4642 1050 4712 δυνάμεως
1097 4643 1131 4712 ἡ
1180 4643 1426 4710 πτωχεία
1471 4641 1612 4712 αὕτη
1653 4643 1814 4712 καὶὴ
1864 4643 2024 4711 ὀδύνη

449 4734 602 4804 καὶὴ
639 4735 832 4802 ἀτιμία
877 4734 1039 4798 δόξαν
1079 4735 1302 4788 αἰώνιον
1343 4737 1440 4788 καὶ
1498 4736 1695 4805 ἡδονὴν
1749 4735 2029 4805 ἀνέκφρα-

455 4843 579 4880 στον
611 4828 709 4880 καὶ
738 4828 967 4880 πλοῦτον
1015 4828 1361 4897 ἀδαπάνητον
1403 4829 1567 4899 γεννᾷ
1596 4829 1694 4880 καὶ
1743 4832 1884 4882 κατὰ
1935 4832 2028 4880 τὸν

453 4919 701 4987 παρόντα
748 4921 842 4973 καὶ
881 4922 1024 4973 κατὰ
1057 4923 1152 4972 τὸν
1210 4920 1477 4990 μέλλοντα
1539 4922 1746 4973 ἐκεῖνον
1796 4921 2024 4989 κόσμον.

455 5010 565 5062 Καὶ
598 5010 726 5072 τοὺς
759 5010 833 5079 μὴ
866 5009 1026 5063 τοῦτο
1060 5010 1442 5074 πιστεύοντας,
1472 5011 1570 5062 καὶ
1617 5013 1716 5080 τὴν
1762 5010 1948 5062 πίστιν
1981 5007 2026 5061 6'

450 5102 626 5170 ἔργων
672 5105 1150 5174 ἐπιδεικνυμένους
1209 5107 1321 5168 τοῖς
1357 5105 1757 5174 ἀπολλυμένοις
1798 5107 2029 5156 συντάτ-

449 5209 553 5255 τει,
586 5193 677 5245 καὶ
713 5194 900 5258 αὐτοῖς
931 5197 1042 5256 τοῖς
1074 5194 1358 5267 Ἕλλησιν,
1389 5196 1415 5247 6
1445 5197 1658 5253 Παῦλολ
1691 5213 1702 5225 ’
1745 5213 1762 5246 ι
1806 5196 2028 5266 Κγορύσ·

451 5298 618 5349 σομεν
647 5285 776 5351 γὰρ,
803 5286 962 5354 φησι,
992 5285 1226 5354 Χριστὸν
1254 5287 1696 5356 ἐσταυρωμένον,
1745 5283 2027 5348 Ἰουδαίοις

453 5377 556 5444 μὲν
586 5379 880 5432 σκάνδαλον
931 5381 1018 5434 διὰ
1050 5383 1146 5452 τὴν
1205 5382 1340 5452 πρὸς
1391 5382 1449 5433 τί)
1510 5383 1781 5451 σωτήριον
1852 5381 2023 5444 πάθος

450 5471 733 5535 ἀπιστίαν,
770 5471 995 5542 Ἕλλησι
1021 5474 1078 5526 δὲ
1118 5477 1351 5546 μωρίαν,
1383 5475 1458 5539 ὡς
1505 5475 1670 5545 μηδὲν
1703 5473 1810 5526 τῶν
1853 5489 2021 5542 προσ-

2134 4645 2355 4699 divitias
2396 4644 2751 4698 inexhaustas
2784 4655 3086 4715 generant,
3123 4652 3178 4698 et
3215 4660 3310 4715 pro
3359 4654 3624 4715 prtrseute
3671 4652 3726 4700 ct

2135 4749 2231 4801 pro
2275 4731 2459 4786 futuro
2493 4732 2715 4788 sacculo.
2769 4733 2893 4787 Haec
2936 4751 3039 4787 non
3092 4740 3398 4802 credentes,
3430 4753 3525 4791 nec
3562 4737 3720 4791 [idem

2137 4839 2232 4892 per
2259 4839 2425 4893 opera
2464 4823 2882 4879 manifestanlcs
2913 4826 3241 4882 damnandis
3286 4839 3338 4880 et
3385 4830 3516 4897 ipsis
3548 4835 3722 4900 genti-

2137 4919 2280 4971 libus
2307 4920 2631 4971 adnumerat
2659 4918 2859 4973 Paulus
2880 4921 3098 4974 dicens:
3129 4920 3526 4978 :Praedicamus
3559 4925 3722 4978 Citri-

2135 5018 2275 5063 stum
2312 5009 2660 5074 crucifixum,
2700 5008 2904 5065 Judaeis
2946 5012 3164 5079 quidem
3214 5014 3549 5079 scandalum,
3597 5016 3725 5084 quia

2130 5115 2235 5155 nou
2288 5102 2595 5153 crcduntin
2645 5101 2952 5169 passionem
3005 5104 3379 5169 salutiferam;
3432 5108 3725 5175 gentilibus

2131 5205 2258 5245 vero
2300 5191 2609 5251 stultitiam,
2647 5193 2770 5260 quia
2818 5192 2950 5245 nihil
3004 5193 3166 5246 rebus
3205 5197 3553 5250 terrestribus
3589 5215 3722 5265 prm-

2130 5294 2359 5353 ponunt,
2397 5298 2496 5337 nec
2529 5283 2637 5337 ullo
2680 5283 2838 5338 modo
2873 5288 3098 5338 credunt
3141 5287 3190 5339 in
3255 5288 3435 5342 divina
3479 5285 3722 5358 Evange—

2130 5378 2237 5441 lia;
2294 5377 2452 5431 nobis
2499 5386 2678 5430 autem
2710 5376 2902 5431 electis
2931 5377 3215 5432 Christum
3251 5379 3341 5434 Dei
3377 5383 3633 5434 virtutem
3664 5392 3721 5435 et

2133 5471 2225 5524 Dei
2261 5469 2587 5539 sapientiam
2621 5471 2685 5522 “‘.
2729 5489 2747 5521 ο

453 5565 658 5634 χαίρων
732 5567 1060 5636 προτιμῶσι,
1131 5567 1218 5622 διὰ
1289 5572 1388 5639 τὴν
1470 5571 1604 5639 προς
1660 5570 1756 5631 τὰς
1830 5569 1980 5630 Οείας
2022 5565 2356 5633 ἐπαγγελίας
2426 5565 2646 5627 πάντως
2718 5565 3179 5636 ἀπιστίανοὴμΐν
3214 5565 3269 5618 δὲ
3326 5567 3439 5630 τοῖς
3499 5566 3722 5640 κλητοῖς

451 5660 686 5731 Χριστὸν
711 5662 847 5716 θεοῦ
871 5662 1099 5734 δύναμιν
1136 5668 1228 5719 καὶ
1262 5666 1396 5720 Θεοῦ
1433 5669 1649 5736 σοφίαν.
1692 5685 1709 5717 ι

508 5841 566 5913 ’θ’
601 5839 768 5896 lCor.
794 5853 833 5907 ι,
857 5840 950 5894 ‘23.
