4046 6442
390 261 498 332 H3

1623 266 2010 332 GREGORII
2051 266 2375 328 PALAME

3538 257 3633 322 lii

461 377 572 432 lioc
618 381 702 429 cst
753 387 883 442 ergo
941 372 1032 428 Dei
1093 374 1354 455 sapientia
1417 386 1468 432 et
1510 378 1703 444 virtus,
1736 378 1967 448 seipsum

2149 376 2320 429 Τοῦτο
2340 375 2431 429 οὖν
2463 376 2494 446 ἡ
2529 373 2621 429 τιῦ
2649 373 2784 428 Θεοῦ
2818 372 2979 442 σοφία
3028 371 3123 426 καὶ
3153 371 3408 440 δύναμις,
3465 371 3523 424 τὸ
3568 373 3635 427 δι’

389 484 488 540 per
545 466 914 522 inﬁrmitatem
977 467 1216 532 vincere,
1267 483 1362 537 per
1411 471 1768 524 humilitatem
1825 469 1972 524 exal-

391 563 516 623 tari,
547 574 643 629 per
683 565 1054 628 paupertatem
1089 559 1268 614 ditari.
1327 559 1433 614 Sed
1477 576 1584 614 non
1632 575 1812 616 sermo
1851 568 1973 615 tau-

389 661 505 708 tum
555 660 606 707 et
653 652 972 722 mysterium
1021 649 1221 714 erucis,
1257 651 1348 705 sed
1399 660 1454 705 et
1503 653 1617 722 ipse
1677 662 1837 722 typus
1891 651 1974 706 di-

389 747 551 798 vinus
600 751 650 796 et
715 742 1030 796 adoratione
1092 743 1305 811 dignus,
1357 742 1571 812 signum
1625 753 1711 797 est
1757 757 1970 797 sacrum

391 843 445 889 et
483 835 720 888 salutare
775 841 828 885 et
883 833 1275 894 venerandum,
1337 847 1432 901 per
1479 834 1623 900 quod
1691 834 1968 888 innumera

389 935 445 980 et
494 921 786 977 ineffabilia
820 921 1096 975 hominum
1125 935 1188 973 ex
1220 920 1326 974 Deo
1358 932 1611 974 natorum
1662 922 1798 974 bona
1841 937 1972 976 sau-

389 1017 698 1072 etillcantnr
763 1022 817 1068 et
889 1011 1281 1083 perﬁciuntur,
1340 1011 1649 1067 maledictio
1701 1023 1755 1066 et
1819 1012 1972 1067 dam-

386 1107 536 1161 natio
569 1105 850 1167 tolluntur,
881 1111 1057 1158 metus
1088 1113 1141 1158 et
1189 1119 1335 1158 mors
1383 1105 1701 1158 auferuntur
1723 1148 1736 1170 ,
1767 1115 1970 1158 aeterna

386 1201 496 1252 vita
523 1206 576 1251 et
610 1197 912 1251 benedictio
941 1196 1274 1259 tribuuntur,
1323 1196 1515 1252 salutis
1545 1196 1776 1263 lignum,
1816 1210 1972 1264 scep-

389 1301 534 1346 trum
597 1290 757 1358 regite
797 1290 1122 1357 potestatis,
1176 1287 1374 1342 divina:
1419 1298 1676 1356 iI'OptEU'Ii
1735 1289 1973 1342 victoriae

390 1391 442 1439 iu
483 1387 669 1438 hostes
710 1395 822 1434 tum
862 1379 1122 1444 visibiles,
1162 1389 1272 1433 tum
1331 1380 1659 1438 invisibiles.
1713 1381 1971 1450 quidquid

387 1477 718 1532 insanientes
757 1472 1123 1541 h!asphemenl
1159 1470 1252 1524 tilii
1294 1471 1647 1526 inﬁdelitatis.
1681 1469 1797 1524 Non
1826 1472 1970 1524 enim

385 1568 520 1636 ipsis
549 1564 782 1630 contigit
809 1563 1053 1632 Apostoli
1087 1574 1266 1616 votum
1293 1563 1360 1625 “,
1391 1572 1445 1614 ut
1476 1571 1698 1630 poscent
1731 1577 1984 1632 compre:

387 1659 626 1715 hendere
658 1671 779 1711 eum
814 1655 1064 1710 omnibus
1097 1655 1301 1710 sanctis
1344 1669 1465 1724 qua:
1521 1655 1591 1707 sit
1641 1653 1871 1708 latitudo
1917 1654 1972 1710 οι

386 1749 686 1819 longitudo,
709 1759 763 1801 et
793 1745 1102 1802 sublimitas
1131 1755 1184 1799 et
1213 1744 1560 1810 profundum,
1586 1745 1842 1813 quoniam
1875 1760 1971 1814 per

395 1854 616 1894 crucem
639 1838 852 1893 Domini
887 1845 995 1891 tota
1028 1836 1172 1891 illius
1200 1851 1292 1906 per
1321 1852 1539 1891 carnem
1566 1835 1826 1890 adu-ntus
1857 1853 1971 1890 ma-

389 1931 677 1987 nifestatur
711 1929 1069 1997 dispensatio,
1102 1937 1155 1984 et
1199 1929 1319 2000 ejus
1350 1943 1577 1999 prorsus
1608 1931 1971 1997 comprehen-

389 2024 534 2078 ditur
570 2021 1013 2095 mysterium;ad
1067 2035 1260 2074 omnes
1295 2021 1441 2075 enim
1488 2019 1692 2075 limites
1721 2021 1969 2074 extendi-

391 2127 501 2178 tur,
535 2113 717 2170 omnia
746 2111 1150 2181 complectitur,
1177 2121 1230 2166 et
1261 2128 1383 2181 qua:
1411 2127 1573 2180 supra
1606 2121 1736 2168 sunt
1764 2121 1819 2166 et
1851 2127 1969 2180 qua:

389 2207 619 2272 inlra,et
647 2221 768 2276 quae
797 2207 1000 2260 circum
1031 2212 1197 2270 stant,
1217 2214 1269 2258 et
1287 2219 1410 2274 qua:
1438 2205 1722 2260 intersunt.
1737 2205 1967 2259 Causam

387 2313 520 2354 vero
563 2299 954 2353 interserentes
1006 2305 1232 2366 propter
1277 2311 1440 2364 quam
1495 2301 1781 2365 oportebat
1824 2297 1968 2365 ipsos

388 2402 624 2459 qoque,
649 2386 694 2440 si
713 2383 1123 2456 intelligentiam
1150 2383 1407 2437 haberent
1427 2399 1668 2450 crucem,
1691 2384 1966 2439 nobiscqu

389 2478 638 2537 adorare,
669 2482 992 2528 aversantur
1025 2472 1184 2543 Regis
1233 2470 1420 2542 gloria:
1466 2473 1796 2540 symbolum,
1822 2473 1967 2540 quod

391 2570 506 2640 ipse
553 2567 715 2622 etiam
767 2565 1028 2619 Dominus
1075 2562 1298 2633 jamjam
1352 2564 1403 2615 in
1455 2563 1582 2617 illud
1639 2577 1966 2618 ascensurus

390 2671 578 2731 aperte
605 2660 687 2714 sui
717 2658 888 2727 ipsius
921 2657 1193 2727 propriam
1225 2653 1458 2724 appellat
1489 2655 1721 2725 gloriam
1745 2662 1799 2708 et
1820 2654 1968 2708 exal-

390 2753 676 2808 tationem.
715 2749 769 2803 In
807 2748 990 2803 futuro
1020 2747 1168 2802 enim
1199 2745 1318 2816 ejus
1339 2747 1572 2800 adventu
1607 2746 1966 2800 manifestan-

389 2843 517 2910 dus,
552 2851 834 2895 venturqu
876 2835 1201 2907 praenuntiat
1235 2835 1450 2900 signum
1482 2832 1608 2888 illud
1638 2832 1758 2888 Filii
1791 2831 1967 2887 homi-

391 2939 476 2992 nis
506 2951 626 2992 cum
660 2939 929 3005 potestate
963 2941 1016 2985 et
1044 2927 1576 2998 majestate‘magna.
1615 2922 1720 2978 Sed
1747 2963 1764 2987 ,
1791 2923 1961 2986 aiunt,

2076 466 2364 531 ἀσθενείας
2393 466 2635 534 νικῆσαι,
2668 467 2731 518 τὸ
2757 467 2846 519 διά
2889 462 3278 525 ταπεινώσεως
3333 461 3633 532 ὑψωθῆναι,

2070 561 2133 615 τὸ
2166 559 2255 614 διὰ
2288 559 2559 629 πτωχείας
2589 558 2916 628 πλουτῆσαι.
2972 558 3047 611 Οὐ
3091 555 3254 624 μόνον
3309 556 3367 608 δι
3425 557 3455 607 6
3487 555 3639 621 λόγος

2071 650 2168 703 τοῦ
2203 649 2440 718 σταυροῦ
2469 651 2655 702 καὶτὸ
2687 650 3010 719 μυστήριον,
3044 646 3179 700 ἀλλά
3232 647 3327 699 καὶ
3385 647 3413 699 6
3471 645 3640 708 τύπος

2073 740 2216 802 θεῐος
2257 741 2352 793 καὶ
2384 739 2787 809 προσκυνητδς,
2815 739 3053 808 σφραγὶς
3077 735 3154 789 ὢν
3207 735 3328 806 ἱερὰ
3373 735 3467 788 καὶ
3497 735 3638 788 αίδέ·

2074 847 2256 899 σιμος,
2290 831 2590 901 ἁγιαστική
2625 847 2682 883 τε
2737 833 2828 882 καὶ
2887 829 3174 898 τελεστικὴ
3228 827 3338 880 τῶν
3383 829 3446 880 ἐκ
3505 827 3639 878 Θεοῦ

2073 921 2149 991 τῷ
2193 921 2335 987 γένει
2391 915 2847 989 τῶνάνθρώπων
2903 920 3279 989 ὑπηργμένων
3346 916 3639 985 ὑπερφυῶν

2074 1015 2170 1064 καὶ
2201 1011 2534 1081 ἀπορρήτων
2573 1009 2814 1078 ἀγαθῶν,
2853 1011 2994 1078 ἀρᾶς
3023 1008 3117 1061 καὶ
3145 1009 3446 1076 καταδίκης
3490 1009 3641 1059 ἀναι-

2077 1103 2291 1174 ρετικὴ,
2339 1103 2547 1172 φθορᾶς
2611 1104 2710 1154 καὶ
2779 1102 3014 1155 Θανάτου
3065 1099 3448 1170 καθαιρετικὴ,
3496 1099 3640 1169 ζωῆς

2074 1192 2246 1244 ἀϊδίου
2281 1193 2374 1244 καὶ
2421 1191 2672 1257 εὐλογίας
2730 1190 3066 1261 παρεκτικὴ,
3133 1186 3290 1252 ξύλον
3349 1187 3640 1256 σωτήριον,

2077 1283 2360 1352 σκῆπτρον
2400 1281 2692 1351 βασίλειον,
2728 1279 2874 1333 θεῖον
2909 1280 3030 1332 κατ’
3059 1279 3271 1349 ἐχθρῶν
3313 1277 3525 1346 θρατῶν
3550 1276 3641 1334 κα)⁵

2073 1369 2326 1438 ἀοράτων
2356 1368 2644 1438 τρόπαιον.
2703 1368 2806 1420 κᾶν
2861 1369 3156 1436 σίρετικιῖιν
3201 1369 3390 1428 παῖδες
3435 1365 3642 1434 ἀπαρέ-

2077 1477 2316 1513 σκωνται
2361 1458 2750 1529 φρενοϐλαϐῶς
2777 1472 2790 1488 ·
2824 1458 2886 1510 ού
2917 1458 3027 1526 γὰρ
3056 1458 3322 1526 ἐπέτυχον
3378 1457 3478 1523 τῆς
3505 1457 3642 1508 auo-

2077 1551 2329 1617 στολικῆς
2367 1549 2555 1619 εὐχῆς,
2609 1550 2694 1602 ἵνα
2741 1548 3068 1619 ἐξισχύσωσι
3107 1548 3512 1601 καταλαϐέσθαι
3544 1547 3640 1598 σὺν

2078 1644 2212 1698 πᾶσι
2249 1644 2363 1706 τοῖς
2401 1643 2600 1712 ἁγίοις,
2646 1643 2701 1696 τί
2725 1645 2786 1696 τὸ
2806 1642 3009 1704 πλάτος
3035 1647 3132 1696 καὶ
3165 1643 3340 1712 μῆκος
3380 1644 3474 1694 καὶ
3503 1641 3640 1708 ὕψος

2074 1737 2170 1789 atat
2199 1735 2362 1805 βάθος
2390 1751 2404 1766 ο
2437 1736 2514 1788 ὅτι
2545 1737 2572 1788 6
2607 1734 2700 1788 τοῦ
2747 1735 2957 1804 Κυρίου
3011 1737 3247 1803 σταυρός
3301 1734 3418 1785 ἐστι
3457 1734 3638 1785 πᾶσαν

2073 1827 2351 1896 ὲμφαίιων
2388 1824 2487 1895 τῆς
2535 1827 2594 1880 ὲν
2629 1826 2794 1897 σαρκὶ
2835 1824 3029 1877 τούτου
3086 1824 3396 1889 παρουσίας
3427 1823 3530 1892 τὴν
3562 1823 3642 1874 oi-

2074 1917 2361 1988 κονομίαν,
2397 1918 2493 1970 καὶ
2541 1918 2602 1970 τὸ
2663 1916 2790 1971 κατ’
2846 1916 3020 1987 αὐτὴν
3086 1915 3233 1969 ἅπαν
3289 1916 3643 1984 έμπεριέχων

2073 2010 2399 2080 μυστήριον,
2439 2009 2535 2061 καὶ
2594 2009 2731 2078 πρὸς
2783 2009 2962 2061 πάντα
3025 2008 3217 2061 τείνων
3268 2009 3336 2061 τὰ
3400 2011 3644 2079 πέρατα,

2071 2101 2168 2155 καὶ
2226 2102 2403 2154 πάντα
2445 2100 2898 2171 περιλαμϐάνων,
2953 2101 3021 2154 τὰ
3063 2101 3196 2164 ἀνω,
3240 2101 3310 2154 τὰ
3364 2100 3540 2167 κάτω,
3574 2103 3644 2154 τὰ

2071 2191 2254 2262 πέριξ,
2293 2192 2360 2245 τὰ
2391 2192 2620 2261 μεταξύ.
2671 2191 3111 2262 Προδαλλόμενοι
3141 2192 3198 2246 δέ
3256 2209 3382 2246 τινα
3427 2195 3643 2264 πρόφα-

2071 2301 2179 2350 σιν,
2204 2286 2274 2340 δι’
2307 2287 2374 2358 ἢν
2405 2289 2500 2340 καὶ
2544 2287 2743 2350 αὐτοὺς
2782 2287 2894 2340 ἔδει
2930 2286 3053 2357 μεθ’
3086 2285 3270 2356 ἡμῶν,
3321 2287 3484 2356 είπερ
3519 2286 3646 2354 νοῦν

2068 2375 2237 2449 εἶχον,
2271 2380 2602 2447 προσκυνεῖν
2644 2379 2829 2444 αὑτὸν,
2882 2379 3383 2448 ἀποτροπιάζονται
3430 2380 3528 2432 τοῦ
3554 2381 3648 2450 βαο

2073 2469 2266 2532 σιλέως
2287 2470 2386 2538 τῆς
2419 2469 2580 2537 δόξης
2606 2470 2665 2522 τὸ
2698 2470 2762 2522 σύ
2771 2469 2990 2539 μ6ολον,
3034 2471 3062 2523 6
3088 2471 3184 2523 καὶ
3207 2473 3366 2534 αὐτὸς
3391 2473 3647 2544 φανερῶς

2069 2562 2098 2614 6
2136 2560 2338 2630 Κύριος
2370 2558 2508 2629 ὕψος
2543 2559 2643 2628 μὲν
2681 2561 2779 2614 καὶ
2801 2560 2960 2625 δόξαν
2987 2560 3184 2615 ἑαυτοῦ
3209 2562 3388 2626 καλεῖ,
3425 2564 3648 2630 μέλλων

2069 2653 2383 2709 ἀναϐαίνειν
2435 2651 2524 2706 ἐπ’
2553 2653 2690 2706 αὑτό
2717 2669 2732 2684 ·
2789 2656 2935 2708 κατά
2970 2655 3026 2708 δὲ
3070 2655 3171 2727 τὴν
3199 2657 3513 2727 μέλλουσαν
3547 2659 3647 2712 αὓ-

2068 2743 2163 2798 τοῦ
2199 2745 2512 2816 παρουσίαν
2545 2748 2640 2799 καὶ
2677 2748 3009 2816 ἐπιφάνειαν
3055 2749 3375 2804 ἐλεύσεσθαι
3426 2769 3650 2821 προκα-

2067 2837 2360 2906 ταγγέλλει
2389 2838 2450 2890 τὸ
2472 2839 2703 2910 σημεῖον
2737 2837 2900 2892 τοῦτο
2932 2841 3026 2892 τοῦ
3058 2840 3187 2894 Υίοῦ
3227 2839 3324 2893 τοῦ
3351 2842 3651 2913 ἀνθρώπου

2072 2928 2216 2999 μετά
2243 2927 2526 2996 δυνάμεως
2569 2930 2659 2980 καὶ
2710 2929 2868 3000 δόξης
2916 2930 3151 3000 πολλῆς·
3210 2932 3325 2985 ἀλλ’
3372 2935 3429 2986 ὲν
3465 2935 3650 3006 αὐτῷ,

389 3029 642 3084 Christus
675 3027 728 3081 in
753 3040 820 3080 eo
853 3022 1096 3078 contlxus
1125 3018 1400 3083 occubuit,
1432 3028 1717 3088 propterea
1750 3031 1850 3071 nec
1881 3017 1960 3070 vi-

2070 3021 2255 3090 φησὶν,
2286 3023 2313 3074 6
2344 3021 2583 3091 Χριστὸς
2635 3022 3022 3090 προσηλωθεὶς
3075 3023 3341 3089 ἀπέθανε,
3399 3029 3492 3079 καὶ
3567 3030 3655 3083 διὰ

389 3122 518 3177 dere
549 3118 786 3188 patimur
815 3118 1232 3169 instrumentum
1291 3120 1344 3166 et
1407 3111 1628 3178 lignum,
1661 3125 1825 3180 super
1858 3126 1964 3180 quo

390 3217 606 3270 occisus
642 3223 746 3268 est.
807 3207 1246 3282 Chirographum
1278 3216 1457 3259 autem
1488 3207 1644 3261 nobis
1676 3207 1962 3260 adversum

390 3307 532 3373 quod
560 3304 718 3358 nobis
743 3300 1064 3368 conscripsit
1094 3313 1190 3366 per
1227 3297 1342 3368 ejus
1381 3298 1433 3352 in
1473 3297 1619 3366 ligno
1648 3297 1967 3351 inobedien-

393 3395 523 3452 tiam
592 3409 782 3449 manus
853 3389 1008 3470 primi
1045 3391 1304 3460 parentis,
1338 3389 1390 3442 in
1437 3405 1544 3457 quo
1597 3388 1788 3442 aﬂixus
1823 3385 1966 3441 fuit?

391 3489 666 3559 quomodo
693 3502 722 3540 e
745 3485 920 3540 medio
947 3484 1160 3538 ablatus
1186 3492 1290 3548 est,
1322 3483 1392 3535 ita
1424 3492 1478 3551 ut
1515 3496 1702 3536 rursus
1725 3480 1780 3534 in
1804 3480 1966 3534 bene-

391 3581 682 3638 dictiOuem
718 3577 856 3646 apud
888 3575 1059 3629 Deum
1094 3575 1451 3629 redierimus?
1481 3574 1536 3629 In
1562 3589 1670 3644 quo
1700 3573 1967 3643 principa-

392 3682 482 3726 tus
513 3679 569 3725 et
614 3677 907 3740 potestates
955 3669 1245 3738 spirituum
1303 3667 1518 3722 malitia:
1560 3669 1656 3738 qui
1706 3666 1966 3720 adversus

392 3776 632 3818 nostram
679 3774 928 3818 naturam
965 3778 1028 3816 ex
1065 3761 1205 3829 ligno
1251 3761 1630 3817 inobedientiae
1662 3771 1964 3828 occupave-

392 3867 519 3912 runt
553 3856 750 3922 locum,
793 3854 954 3924 ejecit
991 3853 1244 3908 Christus
1293 3862 1348 3908 et
1397 3853 1610 3922 penitus
1642 3853 1868 3915 amovit,
1914 3858 1968 3906 et

392 3951 731 4018 triumphans
759 3945 1028 4010 confudit,
1067 3946 1208 4000 unde
1247 3957 1302 4000 et
1334 3960 1438 4000 nos
1476 3944 1781 3998 libertatem
1815 3959 1970 4000 acce-

394 4040 605 4110 pimus?
633 4038 690 4092 lu
718 4053 823 4108 quo
855 4035 1116 4090 maceries
1149 4035 1506 4104 separationis
1537 4033 1637 4088 fuit
1668 4034 1963 4099 destructa,

395 4130 683 4185 inimicitia
745 4128 837 4182 Dei
898 4127 1099 4184 abolita
1150 4135 1203 4182 et
1259 4134 1557 4198 perempta,
1612 4126 1664 4179 in
1719 4140 1827 4194 quo
1884 4139 1971 4179 re-

397 4221 671 4278 conciliati
702 4234 893 4274 sutuns
931 4234 1052 4272 cum
1083 4219 1213 4280 Deo,
1248 4225 1302 4272 et
1350 4232 1536 4286 pacem
1569 4232 1690 4271 cum
1724 4218 1841 4286 ipso
1871 4231 1969 4286 per

2069 3113 2228 3167 τοῦτο
2257 3113 2366 3166 οὐδ’
2399 3115 2533 3184 ὁρᾷν
2557 3113 2863 3184 ἀνεχόμεθα
2902 3115 2964 3167 τὸ
3013 3115 3205 3185 σχῆμα
3246 3120 3339 3169 καὶ
3376 3118 3437 3172 τὸ
3485 3119 3651 3183 ξύλον

2069 3209 2125 3260 ἐν
2153 3200 2198 3273 ᾧ
2225 3207 2620 3260 τεθανάτωται.
2653 3206 2728 3260 Τὸ
2769 3207 2825 3260 δὲ
2858 3207 2983 3260 καθ’
3036 3209 3194 3278 ἡμῶν
3249 3211 3646 3280 χειρόγραφον,

2067 3301 2348 3367 δγέγονεν
2405 3300 2538 3367 ἡμῖν
2576 3298 2664 3350 διὰ
2694 3298 2794 3367 τῆς
2855 3300 2947 3350 ὲπὶ
3004 3298 3066 3351 τὸ
3121 3297 3277 3363 ξύλον
3328 3305 3641 3371 παρακοῆς.

2068 3391 2440 3459 ὲκτεταμένης
2494 3388 2596 3456 τῆς
2642 3388 2736 3439 τοῦ
2797 3389 3144 3458 προπάτορος
3191 3390 3392 3460 χειρὺς,
3427 3393 3485 3444 ὲν
3540 3394 3646 3445 τίνι

2070 3481 2400 3554 προσηλώοη
2434 3498 2448 3545 ;
2497 3482 2604 3534 Καὶ
2640 3480 2728 3534 διὰ
2762 3480 2906 3541 τίνος
2938 3483 3001 3533 ἐκ
3067 3482 3238 3549 μέσου
3292 3485 3486 3550 γέγονε
3551 3487 3648 3540 καὶ

2069 3575 2367 3645 ἠφανίσθη,
2405 3575 2498 3626 καὶ
2529 3572 2670 3626 οὕτω
2726 3571 2864 3642 πρὸς
2891 3575 2992 3642 τὴν
3025 3574 3134 3628 ἀπὸ
3182 3575 3277 3628 τοῦ
3319 3575 3454 3630 θεοῦ
3495 3580 3650 3632 εὐλο-

2069 3670 2194 3736 γίαν
2230 3666 2637 3735 ὲπανήλθομεν;
2695 3665 2755 3717 ὲν
2802 3665 2912 3718 τίνι
2949 3664 3007 3718 δὲ
3043 3667 3140 3728 τὰς
3187 3665 3365 3734 ἀρχὰς
3399 3668 3497 3721 καὶ
3547 3672 3646 3733 τὰς

2069 3757 2322 3822 ἐξουσίας
2351 3755 2460 3808 τῶν
2510 3756 2842 3822 πνευμάτων
2889 3754 2992 3823 τῆς
3045 3757 3336 3822 πονηρίας,
3397 3759 3452 3810 αἲ
3502 3761 3648 3813 κατὰ

2069 3851 2165 3918 τῆς
2193 3847 2469 3918 ἡμετέρας
2497 3846 2712 3915 φύσεως
2742 3848 2805 3900 ὲκ
2857 3846 2951 3898 τοῦ
2983 3846 3142 3910 ξύλου
3202 3848 3300 3914 τῆς
3350 3852 3649 3920 παρακοῆς

2068 3941 2254 4012 χώραν
2288 3940 2506 4004 ﬁlatim,
2539 3941 2566 3992 6
2611 3938 2849 4008 Χριστὸς
2883 3938 3278 4004 ἀπεξεδύσατο,
3315 3945 3412 3994 καὶ
3439 3942 3648 4006 τελέως

2067 4033 2351 4092 ἀπώσατο,
2388 4031 2482 4083 καὶ
2524 4028 2904 4100 θριαμϐεύσας
2944 4030 3276 4101 κατῄσχυνε,
3328 4031 3427 4084 καὶ
3468 4032 3650 4096 οὕτως

2069 4126 2233 4196 ἡμεῖς
2308 4125 2409 4192 τὴν
2481 4121 2796 4192 ἐλευθερίαν
2859 4121 3270 4190 ἀντελάσομεν;
3323 4125 3380 4175 ὲν
3427 4123 3539 4176 τίνι
3587 4127 3650 4178 τὸ

2073 4217 2388 4288 μεσότοιχον
2409 4213 2502 4266 τοῦ
2527 4213 2785 4283 φραγμοῦ
2813 4211 3050 4275 λέλυται,
3077 4212 3172 4265 καὶ
3196 4213 3229 4282 ἠ
3262 4214 3396 4284 πρὶς
3420 4214 3532 4284 62
3554 4216 3648 4270 τὸν

390 4311 746 4382 Evangelium
780 4307 1248 4377 recuperavimus?
1272 4305 1458 4360 Nonne
1498 4306 1550 4360 in
1584 4321 1770 4371 cruce,
1795 4316 1844 4361 et
1872 4321 1967 4376 per

2071 4306 2204 4360 Θεὸν
2238 4305 2395 4374 ἡμῶν
2419 4303 2589 4373 ἔχθρα
2621 4306 2966 4372 κατήργηται
2989 4303 3081 4354 καὶ
3106 4303 3484 4358 τεθανάτωται
3511 4323 3527 4372 ;
3552 4309 3648 4360 καὶ

389 4381 647 4460 crucem?
676 4400 910 4454 Andiaut
939 4399 1256 4469 Apostolum
1294 4397 1359 4449 ad
1413 4395 1674 4466 Ephesios
1715 4396 1959 4450 scriben-

2070 4401 2155 4453 διά
2184 4399 2329 4461 τίνος
2359 4394 2895 4465 ἀποκατηλλάγημεν
2954 4394 3093 4463 πρὸς
3163 4395 3256 4448 τὸν
3322 4397 3480 4460 Θεὸν,
3543 4401 3645 4453 καὶ

391 4505 544 4551 tem:
587 4510 608 4545 ι
649 4491 896 4548 Christus
939 4497 1022 4545 est
1052 4505 1153 4559 pax
1203 4499 1406 4551 nostra,
1455 4490 1544 4556 qui
1577 4486 1706 4540 fecit
1739 4498 1968 4554 utraque

390 4603 559 4645 unum
579 4597 632 4642 et
660 4585 895 4640 medium
924 4584 1180 4652 parietem
1205 4579 1452 4633 maceria
1474 4579 1709 4642 solvens,
1736 4579 1936 4632 inimici
1953 4609 1967 4620 -

390 4681 492 4735 tia!
517 4678 568 4733 itt
587 4691 750 4733 carne
773 4681 964 4741 sua,nt
981 4673 1114 4726 duos
1130 4671 1325 4724 condat
1347 4669 1401 4721 in
1420 4667 1706 4736 semetipso
1727 4669 1774 4721 iu
1801 4684 1961 4722 unmu

388 4785 587 4826 novum
621 4769 919 4832 hominem,
956 4765 1157 4818 faciens
1189 4776 1400 4829 pacem,
1430 4770 1481 4815 et
1512 4760 1820 4815 reconciliet
1844 4777 1962 4814 am-

387 4866 488 4921 bos
514 4865 566 4918 in
601 4876 709 4916 uno
733 4873 961 4929 corpore
997 4857 1104 4911 Deo
1131 4871 1226 4926 per
1255 4868 1472 4910 crucem
1499 4854 1826 4908 interﬁciens
1857 4855 1962 4908 ini-

389 4955 629 5010 micitias
661 4953 715 5008 in
757 4951 1049 5019 semetipso
1075 4948 1141 5003 δ’.
1168 4967 1186 4999 ι
1221 4944 1354 5014 Vos,
1378 4961 1500 5001 cum
1534 4951 1752 5010 mortui,
1774 4949 1965 5003 Colos-

390 5046 643 5102 sensibus
703 5042 922 5108 scribit,
969 5040 1166 5094 essetis
1216 5039 1270 5094 in
1329 5039 1542 5094 delictis
1600 5049 1653 5094 et
1698 5043 1966 5109 praaputio

388 5137 570 5192 carnis
597 5143 811 5198 vestrae,
845 5130 1246 5187 couvivilicavit
1272 5145 1393 5184 cum
1431 5131 1541 5197 illo,
1565 5130 1778 5186 donans
1804 5133 1958 5186 nobis

351 5231 357 5240 ’
387 5231 569 5286 omnia
607 5227 831 5288 delicta,
863 5225 1045 5278 delens
1073 5224 1214 5292 quod
1247 5232 1366 5277 erat
1401 5223 1736 5277 contrarium
1781 5225 1960 5286 nobis,

385 5332 439 5378 et
470 5321 640 5390 ipsum
701 5315 821 5370 tulit
870 5316 936 5368 de
991 5315 1187 5378 medio,
1241 5313 1461 5382 aiIigens
1499 5313 1630 5367 illud
1672 5315 1870 5375 erucis,
1911 5324 1965 5368 et

386 5409 698 5478 exspolians
744 5406 1077 5477 principatus
1104 5415 1157 5459 et
1197 5414 1518 5474 potestates,
1553 5403 1792 5456 traduxit
1820 5420 1956 5458 con—

389 5503 636 5565 ﬁdenter,
665 5498 844 5568 palam
877 5498 1214 5570 triumphans
1254 5497 1373 5552 illos
1399 5498 1452 5551 in
1484 5497 1779 5565 semetipso
1821 5496 1886 5549 ⁵⁸.
1928 5515 1948 5547 ι

2064 4491 2163 4562 τὴν
2191 4491 2328 4560 πρὸς
2360 4489 2523 4542 αὐτὸν
2583 4488 2808 4557 εἰρήνην
2841 4488 3317 4558 εύηγγελίσθημεν
3345 4506 3360 4552 ;
3425 4492 3530 4546 οὐκ
3585 4495 3647 4546 ὲν

2065 4583 2144 4652 τῷ
2185 4579 2426 4650 σταυρῷ,
2485 4579 2583 4630 καὶ
2649 4577 2740 4629 διὰ
2771 4576 2866 4630 τοῦ
2930 4578 3205 4648 σταυροῦ;
3263 4580 3648 4635 Ἀκουέτωσαν

2067 4677 2136 4727 τὰ
2165 4673 2260 4725 τοῦ
2297 4670 2620 4724 Ἀποστόλου
2639 4709 2653 4731 ,
2686 4670 2800 4730 τοῖς
2831 4668 2930 4738 μὲν
2968 4669 3237 4738 Ἐφεσίοις
3287 4670 3600 4740 γράφονταἲ
3627 4687 3643 4703 .

2075 4781 2094 4816 ι
2137 4764 2197 4815 '0
2228 4760 2466 4833 Χριστός
2501 4759 2653 4811 ἔστιν
2683 4759 2716 4827 ἡ
2749 4760 2942 4830 εἰρήνη
2972 4758 3153 4829 ἡμῶν,
3187 4761 3216 4812 6
3273 4760 3335 4813 τὸ
3391 4761 3646 4831 μεσότοι-

2068 4871 2163 4924 χον
2195 4851 2287 4904 τοῦ
2319 4849 2579 4921 φραγμοῦ
2637 4847 2831 4912 λύσας,
2885 4849 2973 4902 ῐνα
3022 4849 3153 4913 τοὺς
3208 4849 3303 4904 δύο
3348 4853 3516 4924 κτίσῃ
3582 4853 3645 4906 ἑν

2067 4943 2248 5013 ἑαυτῷ
2303 4946 2384 5005 εὶς
2439 4941 2536 4994 ἕνα
2590 4942 2779 4996 καινὸν
2813 4941 3123 5012 ἄνθρωπον,
3169 4944 3338 4998 ποιῶν
3387 4945 3642 5015 εἰρήνην,

2065 5036 2161 5090 καὶ
2185 5031 2608 5104 ἀποκαταλλάξῃ
2660 5035 2790 5096 τοὺς
2827 5035 3176 5104 ἀμφοτέρους
3205 5037 3264 5088 ὲν
3315 5037 3399 5090 ἑνὶ
3423 5036 3643 5106 σώματι

2063 5127 2142 5198 τῷ
2165 5125 2283 5194 Θεῴ
2315 5124 2403 5177 διὰ
2433 5123 2528 5177 τοῦ
2589 5123 2852 5195 σταυροῦ,
2895 5126 3227 5191 ἀποκτείνας
3291 5129 3394 5199 τὴν
3433 5129 3643 5199 ἔχθραν

2063 5219 2121 5270 ὲν
2151 5215 2300 5285 αὐτῷ
2325 5231 2340 5247 ·
2375 5235 2395 5268 ι
2451 5213 2832 5268 Κολοσσαεῦσι
2868 5215 2944 5282 δὲ,
3003 5234 3020 5266 ι
3056 5216 3306 5286 Νεκροὺς
3337 5220 3496 5282 ὄντας
3520 5223 3639 5283 τοῖς

2062 5307 2482 5379 παραπτώμασι
2535 5308 2631 5360 καὶ
2656 5309 2720 5376 τῇ
2747 5307 3088 5380 ἀκροϐυστίᾳ
3118 5311 3216 5379 τῆς
3248 5310 3450 5379 σαρκὸς
3472 5312 3638 5380 ἡμῶν

2063 5400 2535 5470 συνεζωοποίησεν
2574 5400 2724 5469 ἡμᾶς
2764 5401 2820 5454 ἐν
2867 5400 3038 5470 αὐτῷ,
3074 5405 3443 5472 χαρισάμενος
3498 5403 3640 5472 ἡμῖν

2063 5496 2242 5550 πάντα
2265 5493 2336 5548 τά
2383 5493 2838 5565 παραπτώματα,
2895 5493 3188 5567 ἐξαλείψας
3224 5496 3285 5550 τὸ
3312 5494 3436 5551 καθ’
3469 5494 3637 5567 ἡμῶν

469 5683 944 5755 ⁸⁸Ερ11θε.ηι,18.
1019 5692 1062 5723 ετ
1102 5685 1623 5760 Epites.ll,H.15.
1695 5684 1739 5717 σε
1786 5651 1967 5740 calas:

2071 5728 2087 5751 ,
2129 5686 2216 5754 14,
2247 5687 2333 5745 15.
