4046 6440
448 410 549 477 151

1666 417 2051 481 GREGORII
2095 419 2422 479 PALAM/E

3597 409 3692 471 1ῒὲ

441 528 718 599 gitabant;
751 529 1052 584 animatum
1086 529 1348 600 siquidem
1386 529 1643 588 Dominus
1667 540 1722 588 et
1755 543 2029 602 protector

2138 533 2286 603 παρὰ
2317 532 2426 586 τῶν
2455 532 2555 593 τὰς
2588 531 2762 595 ἰάσεις
2793 529 3222 600 ἐπιζητούντων
3265 527 3356 581 καὶ
3386 527 3494 580 τῶν
3517 525 3699 595 ψυχῶν

444 619 669 673 ardebat
698 621 880 675 studio
919 635 1010 677 eas
1046 635 1141 691 per
1199 621 1357 677 fidem
1400 623 1650 678 sanandi.
1686 623 1844 678 Pater
1898 639 2028 677 vero

445 709 621 777 pueri,
657 721 712 765 ut
742 711 1039 767 audivisset
1068 727 1220 767 suam
1256 713 1414 768 ﬁdem
1465 713 1620 784 sequi
1663 714 2025 780 sanationem,

445 814 568 855 cum
616 802 864 871 lacrymis
927 805 1100 860 aiebat
1159 822 1173 858 :
1236 823 1254 857 ι
1305 805 1501 873 Credo,
1559 806 1806 869 Domine,
1841 805 2029 871 adiuva

447 894 880 951 incredulitatem
921 911 1120 951 meam.
1170 915 1190 949 ι
1249 896 1530 952 Videtisne
1583 898 1720 952 hanc
1776 897 2027 952 eximiam

451 1001 660 1040 ntorunt
710 989 1232 1044 commutationem?
1285 987 1401 1043 Non
1455 989 1626 1044 solum
1690 989 1917 1042 credidit
1971 989 2002 1042 li

447 1076 581 1132 lium
635 1077 748 1132 fore
798 1080 1128 1142 sanandum,
1173 1079 1266 1134 sed
1321 1081 1482 1133 etiam
1536 1079 1826 1136 Dominum
1875 1094 2033 1146 posse

448 1169 494 1223 si
535 1169 692 1222 vellet
722 1169 840 1240 ejus
873 1170 1127 1238 subigere
1176 1171 1636 1226 incredulitatem.
1675 1170 1856 1226 Turba
1904 1186 2032 1226 vero

450 1262 516 1314 ad
561 1262 675 1314 lucc
725 1262 886 1318 verba
940 1273 1332 1328 concurrente,
1378 1265 1746 1320 comminatus
1793 1273 1897 1325 est.
1935 1264 2030 1330 ait,

450 1351 714 1429 Dominus
738 1354 950 1422 Spiritui
989 1355 1266 1408 immundo
1297 1355 1484 1410 dicens
1522 1355 1596 1408 illi
1633 1373 1646 1407 :
1705 1373 1721 1405 ι
1761 1356 1935 1410 Surde
1980 1365 2034 1411 et

451 1457 598 1500 mute
631 1446 878 1513 spiritus,
922 1462 1019 1516 ego
1050 1449 1309 1516 prmcipio
1337 1449 1455 1510 tibi,
1485 1449 1569 1504 exi
1615 1449 1681 1503 ab
1723 1448 1938 1504 homine
1980 1458 2036 1503 et

451 1535 682 1604 amplius
725 1553 790 1592 ne
824 1538 1058 1592 introeas
1088 1539 1140 1593 in
1171 1555 1316 1594 eum.
1361 1558 1380 1591 ι

523 1817 652 1874 Mihi
701 1819 920 1874 nonnisi
963 1833 1107 1890 aegre
1154 1818 1481 1890 ejiciendum
1543 1831 1600 1876 et
1659 1823 2032 1892 expellendum

2137 627 2246 696 γὰρ
2296 624 2562 694 ὑπάρχων
2608 623 2878 693 δεσπότης
2932 624 3027 678 καὶ
3084 619 3362 692 κηδεμὼν,
3409 617 3696 680 ἐσπούδαζε

2137 716 2232 769 καὶ
2267 715 2472 778 ταύτας
2525 713 2710 768 ἰᾶσθαι
2747 712 2837 767 διὰ
2881 712 2980 782 τῆς
3030 711 3304 775 πίστεως⁹
3361 708 3476 762 ἀλλ’
3526 710 3554 761 ὁ
3605 707 3697 760 τοῦ

2139 807 2328 870 παιδὸς
2359 805 2541 876 πατὴρ
2571 805 2804 868 ἐκεῖνος,
2838 803 2914 864 ὡς
2939 804 3150 872 Δ’ἢκουσε
3184 805 3251 872 τῇ
3304 799 3470 855 αὐτοῦ
3520 799 3697 852 πίστει

2135 897 2235 968 τὴν
2283 899 2429 951 ἴασιν
2459 895 2797 962 ἀκολουθεῖν,
2849 895 2989 965 μετὰ
3034 893 3287 962 δακρύων
3321 891 3507 960 ἔλεγεο
3557 908 3575 940 ι
3608 889 3699 942 Πι·

2140 992 2336 1052 στεύω,
2387 989 2578 1061 Κύριεο
2617 988 2802 1059 βοήθει
2855 1005 2958 1057 μου
2999 989 3064 1059 τῇ
3115 985 3365 1055 ἀπιστίᾳ.
3407 1005 3426 1037 ι
3470 982 3698 1036 Βλέπετε

2143 1083 2429 1151 προκοπὴν
2468 1081 2616 1152 ἠθῶν
2649 1080 2924 1150 ἀρίστηνς
2969 1080 3030 1132 οὐ
3071 1077 3232 1148 μόνον
3279 1076 3388 1146 γὰρ
3420 1074 3700 1128 ἐπίστευσε

2139 1175 2390 1245 περὶτῆς
2419 1175 2514 1228 τοῦ
2548 1173 2736 1238 παιδὸς
2772 1173 2988 1237 ἰάσεως,
3021 1169 3137 1225 ἀλλ’
3161 1171 3242 1224 ὅτι
3281 1168 3502 1221 δύναται
3533 1167 3562 1218 ὁ
3593 1164 3700 1217 Κύ-

2142 1285 2257 1336 ριος
2289 1266 2580 1336 ἐκνικῆσαι
2608 1266 2702 1320 καὶ
2731 1267 2830 1335 τὴν
2856 1263 3022 1320 αὐτοῦ
3077 1262 3356 1324 ἀπιστίαν,
3397 1261 3554 1328 εῖπερ
3583 1255 3699 1309 ἐθε-

2141 1357 2318 1430 λήσει.
2346 1357 2453 1410 Τοῦ
2485 1356 2543 1411 δὲ
2583 1357 2745 1427 ὄχλου
2781 1357 2872 1409 ἐπὶ
2905 1357 3020 1419 τοῖς
3075 1355 3256 1421 λόγοις
3315 1350 3526 1411 τούτοις
3577 1365 3701 1402 συν-

2141 1451 2447 1520 τρέχοντος,
2481 1450 2806 1520 ἐπετίμησε,
2829 1448 3020 1517 φησὶν,
3049 1447 3077 1500 ὁ
3105 1445 3310 1515 Κύριος
3331 1442 3409 1511 τῷ
3436 1440 3702 1509 πνεύματι

2140 1541 2217 1612 τῷ
2249 1543 2567 1613 ἀκαθάρτῳ,
2593 1543 2770 1610 λέγων
2800 1539 2968 1610 αὐτῷ·
3011 1557 3028 1590 ι
3067 1538 3142 1591 Τὸ
3172 1535 3392 1605 πνεῦμα
3417 1537 3476 1586 τὸ
3516 1532 3705 1588 ἄλαλον

2113 1637 2236 1690 ,καὶ
2277 1634 2480 1702 κωφὸν,
2539 1633 2650 1704 ἐγώ
2690 1650 2772 1687 σοι
2814 1632 3116 1686 ἐπιτάσσω·
3155 1628 3337 1695 ἔξελθε
3392 1626 3449 1693 ἐξ
3499 1622 3660 1677 αὑτοῦ
3687 1661 3703 1686 ,

2146 1727 2242 1780 καὶ
2278 1726 2481 1797 μηκέτι
2510 1726 2762 1800 εἰσέλθῃς
2787 1727 2867 1789 εἰς
2899 1723 3087 1779 αὐτόν.
3121 1741 3140 1775 ι

2216 1819 2577 1892 Παγχάλεπον
2611 1819 2673 1873 τὸ
2700 1819 2979 1890 δαιμόνιον
3007 1817 3166 1871 τοῦτο
3193 1814 3344 1871 δοκεῖ
3375 1813 3470 1866 καὶ
3505 1807 3704 1878 ίταμώι

449 1909 668 1986 videtur
695 1910 797 1966 hoc
825 1911 1150 1967 daemonium
1174 1928 1190 1979 ;
1219 1927 1343 1966 nam
1377 1914 1423 1966 vi
1459 1913 1613 1968 istius
1641 1916 2023 1971 comminatio-

2138 1929 2297 1967 τατον
2346 1909 2512 1966 εἶναι·
2547 1912 2608 1965 τό
2637 1929 2695 1965 τε
2749 1911 2859 1980 γὰρ
2901 1910 3132 1978 σφοδρὸν
3184 1907 3286 1975 τῆς
3315 1905 3703 1974 ἐπιτιμήσεως,

452 2003 541 2057 nis
579 2013 635 2059 et
655 2004 808 2074 jussu
842 2019 948 2059 non
980 2005 1216 2074 amplius
1243 2005 1482 2058 intrandi
1509 2014 1667 2060 tenax
1705 2007 2035 2062 manifesta-

451 2101 542 2146 tur
560 2094 822 2148 dacmouis
844 2093 1448 2150 adhaesio.Crcdiderim
1472 2095 1720 2164 equidem
1749 2098 1894 2166 quod
1919 2098 2039 2152 sine

454 2185 548 2238 tali
581 2184 760 2255 jussu,
791 2186 962 2242 semel
996 2185 1226 2256 ejectus.
1264 2188 1461 2241 iterum
1489 2185 1684 2241 fuisset
1732 2189 2036 2254 ingressus,

450 2275 642 2344 Magna
694 2286 960 2346 potestate
1000 2279 1050 2332 iu
1099 2280 1242 2333 hunc
1284 2279 1563 2333 hominem
1611 2279 2034 2341 dominabatur;

455 2367 735 2424 mordicus
775 2368 1110 2434 adhaerebat,
1143 2379 1350 2423 mutum
1375 2379 1429 2424 et
1459 2369 1688 2425 surdum
1718 2380 1836 2425 erat
1869 2371 1939 2426 ita
1979 2381 2038 2425 ut

455 2469 650 2512 natura
691 2475 796 2514 non
829 2469 1012 2528 posset
1062 2461 1228 2514 nimio
1275 2462 1395 2531 ejus
1425 2461 1598 2517 furori
1649 2463 1960 2518 ministrare
1986 2472 2040 2519 et
2074 2492 2076 2494 τ

453 2548 685 2617 ιηυίιιάο
715 2550 768 2604 in
799 2549 1152 2605 indolentiam
1187 2551 1300 2606 fere
1331 2552 1546 2619 plenam
1585 2553 1789 2608 viribus
1829 2552 2038 2606 exhau-

452 2641 556 2696 stis
587 2642 885 2698 laberetur.
934 2641 1059 2697 ldeo
1112 2642 1425 2698 exclamans
1471 2654 1526 2699 et
1562 2645 1790 2698 multum
1829 2645 2037 2700 discer-

454 2748 585 2797 pcns
635 2747 755 2786 eum
791 2733 928 2788 exiit
967 2735 1035 2788 ab
1065 2750 1166 2800 co;
1220 2743 1274 2790 et
1323 2734 1487 2792 homo
1539 2735 1716 2792 factus
1762 2745 1846 2792 est
1895 2738 2040 2793 sicut

452 2833 721 2887 mortuus,
763 2825 837 2880 ita
880 2834 939 2879 ut
997 2827 1155 2880 multi
1214 2826 1461 2882 dicerent
1513 2828 1688 2898 ipsum
1739 2838 2035 2886 mortuum.

454 2911 670 2967 Clamor
691 2928 796 2968 non
830 2912 1056 2983 impedit
1081 2915 1211 2984 quin
1246 2927 1454 2971 mutum
1489 2917 1651 2973 fuerit
1683 2920 2034 2975 daemonium.

453 2999 588 3061 Nam
627 3017 808 3059 sermo
842 3019 945 3058 vox
979 3015 1060 3060 est
1094 3009 1442 3076 cogitationis
1488 3009 1847 3078 significativa
1870 3052 1886 3078 ,
1922 3012 2037 3066 cla-

443 3110 571 3154 inor
583 3103 761 3150 autem
781 3097 924 3151 nulla
943 3098 988 3150 vi
1013 3097 1353 3168 significandi
1373 3101 1589 3170 gaudet.
1615 3100 1755 3158 Sinit
1781 3103 2036 3159 Dominus

451 3188 779 3243 dil'lllOllillnl
814 3190 995 3245 taliter
1024 3191 1335 3262 discerpere
1371 3193 1645 3249 hominem
1677 3203 1732 3249 ut
1781 3205 2034 3252 mortuus

2141 2005 2237 2058 καὶ
2267 2006 2300 2075 ἡ
2336 2004 2684 2074 παραγγελία
2707 2001 2804 2057 τοῦ
2847 2003 3048 2072 μηκέτι
3081 1998 3349 2053 εἰσελθεῖν
3385 1996 3484 2066 τὴν
3519 1993 3706 2063 ἰταμό-

2140 2116 2280 2169 τητα
2312 2099 2407 2151 τοῦ
2445 2098 2725 2168 δαιμονίου
2762 2097 3097 2172 παρίστησι·
3131 2091 3302 2164 χωρὶς
3345 2093 3455 2160 γὰρ
3486 2089 3707 2158 ταύτης.

2137 2191 2215 2254 ὡς
2247 2191 2416 2256 ἔοικε,
2451 2191 2548 2245 καὶ
2573 2187 2838 2257 ἑκϐληθὲν
2865 2185 3271 2256 ἐπανέστρεψεν
3299 2182 3390 2238 ἄν.
3426 2179 3628 2252 Πολλὴν
3654 2177 3708 2231 δὲ

2141 2284 2234 2337 καὶ
2261 2283 2447 2353 χώραν
2491 2281 2650 2351 ἔσχεν
2680 2281 2738 2334 ἐν
2767 2278 2846 2349 τῷ
2877 2276 3173 2346 ἀνθρώπῳ,
3221 2277 3316 2330 καὶ
3365 2270 3712 2328 δυσαποσπά-

2141 2391 2283 2437 στως
2337 2370 2474 2444 εἶχε,
2517 2376 2614 2428 καὶ
2665 2373 2850 2441 κωφὸν
2899 2371 2996 2425 καὶ
3034 2370 3228 2425 ἄλαλον
3259 2363 3350 2438 ἦν,
3399 2367 3474 2429 ὡς
3508 2365 3580 2436 μὴ
3612 2367 3710 2434 ἀρ-

2141 2466 2344 2534 κούσης
2384 2469 2484 2536 τῆς
2520 2463 2740 2533 φύσεως
2769 2461 3266 2533 ὑπηρετεῖσθαιξτῇ
3303 2457 3581 2529 ὑπερϐολῇ
3611 2456 3706 2523 τῆς

2139 2559 2349 2611 ἐκείνου
2407 2558 2647 2627 μανίας,
2701 2556 2782 2610 διὸ
2837 2557 2928 2609 καὶ
2976 2552 3292 2623 πασχούσης
3351 2549 3705 2619 ἀναισθησίαν

2142 2651 2328 2719 σχεδὸν
2349 2649 2581 2702 τελείανο
2611 2649 2752 2715 ἐπεὶ,
2788 2667 2806 2699 ι
2836 2648 2947 2702 Καὶ
2974 2646 3205 2718 κράξαν,
3231 2644 3391 2714 φησὶ,
3425 2639 3706 2696 καὶπολλὰ

2141 2741 2428 2812 σπαράξαν
2457 2742 2640 2808 αὑτὸν,
2676 2739 2892 2810 δξῆλθεο
2931 2740 3025 2793 ιιαλ⁸
3063 2738 3278 2807 ἐγένετο
3315 2736 3454 2790 ὡσεὶ
3487 2733 3703 2804 νεκρὸς,

2137 2835 2278 2890 ὥστε
2331 2835 2562 2898 πολλοὺς
2606 2836 2788 2902 λέγειν
2813 2835 2896 2887 ὅτι
2926 2831 3220 2886 ἀπέθανεν.
3253 2848 3272 2882 ι
3311 2830 3382 2882 Ἢ
3413 2828 3625 2898 κραυγὴ
3652 2824 3706 2878 δὲ

2137 2927 2238 2980 οὐκ
2267 2926 2573 2980 ἀντίκειται
2612 2925 2750 2996 πρὸς
2781 2925 2838 2978 τὸ
2879 2923 3079 2978 ἄλαλον
3114 2917 3255 2975 εἶναι
3301 2919 3362 2972 τὸ
3415 2919 3706 2989 δαιμόνιονο

2135 3019 2169 3089 ἡ
2213 3018 2312 3089 μὲν
2340 3018 2446 3087 γὰρ
2478 3017 2637 3071 λαλιὰ
2668 3017 2820 3088 φωνή
2882 3017 2998 3068 ἔστι
3055 3011 3376 3084 σημαντικὴ
3443 3007 3708 3082 νοήματος

2136 3127 2302 3175 τινος,
2345 3113 2378 3182 ἡ
2413 3111 2468 3164 δὲ
2501 3111 2721 3182 κραυγὴ
2769 3109 2981 3177 ἄσημος
3016 3108 3133 3160 ἔστι
3179 3106 3368 3176 φωνή·
3407 3105 3626 3174 ἀφίεται
3655 3099 3708 3153 δὲ

2135 3201 2196 3255 τὸ
2223 3203 2498 3272 δαιμόνιον
2526 3203 2618 3256 καὶ
2647 3201 2928 3273 σπαράξαι
2963 3201 3056 3254 ἐπὶ
3085 3198 3343 3253 τοσοῦτον
3371 3199 3469 3251 τὸν
3499 3195 3704 3265 ἄνθρω-

445 3281 633 3350 j.iccre
664 3281 942 3336 videretur
962 3284 1030 3337 ad
1061 3284 1515 3339 manil’estandain
1561 3299 1745 3340 coram
1779 3288 2032 3342 omnibus

2138 3311 2259 3359 πον,
2299 3262 2392 3348 καὶ
2421 3295 2556 3348 ὡσεὶ
2582 3262 2779 3364 νεκρὸν
2809 3262 3098 3360 διαθεῖναι,
3125 3293 3214 3346 ῖνα
3249 3292 3468 3362 φανερὰ
3491 3262 3708 3360 γένηται

452 3381 622 3428 totam
661 3372 803 3428 illius
839 3372 1254 3444 malignitatem.
1300 3374 1456 3432 Jesus
1486 3385 1666 3431 autem
1699 3387 1887 3433 tenens
1923 3395 2038 3433 tua-

451 3483 580 3520 num
633 3467 870 3522 hominis
903 3467 1328 3533 elevavit-eum,
1367 3471 1699 3525 et-surrexit
1733 3485 1794 3525 ea
1824 3473 2033 3526 ratione

350 3561 356 3574 ‘
450 3559 746 3616 ostendens
797 3562 1054 3630 quoniam
1103 3562 1375 3632 duplicem
1429 3563 1592 3618 habet
1642 3575 1966 3634 potesta.em
2015 3581 2029 3618 :

449 3669 615 3708 manu
661 3655 805 3708 enim
857 3669 1138 3711 assumere
1171 3665 1368 3714 creata:
1413 3667 1496 3712 est
1527 3658 1815 3728 potestatis
1869 3667 2032 3728 prout

450 3745 611 3800 nobis
640 3745 783 3802 inest
802 3786 818 3809 .
850 3747 945 3803 sed
973 3748 1181 3819 erigere
1211 3750 1486 3804 hominem
1521 3752 1789 3806 malorum
1839 3768 2032 3808 sensus

450 3849 728 3907 expertem
765 3841 980 3896 nonnisi
1005 3842 1072 3899 ad
1110 3841 1428 3906 increatam.
1467 3843 1533 3899 ad
1564 3844 1823 3913 divinam,
1854 3848 1920 3900 ad
1953 3847 2034 3900 vi-

454 3934 765 3986 ιιιὶιαιιιειιι
827 3933 1062 4001 pertinet
1119 3944 1464 4002 potestatem.
1543 3935 1832 4006 Discipulis
1909 3954 2034 3993 vero

454 4032 640 4092 postea
671 4033 880 4077 secreto
913 4023 1376 4092 iuterrogantitus
1401 4039 1572 4094 quare
1591 4041 1697 4080 non
1731 4025 2036 4093 potuissent

454 4118 586 4170 illud
622 4117 841 4185 ejicere,
903 4118 1178 4186 respondit
1229 4133 1243 4169 :
1296 4117 1411 4172 Hoc
1451 4119 1776 4172 dmmouium
1803 4119 1859 4173 in
1887 4119 2035 4173 nullo

458 4218 633 4277 potest
661 4210 811 4265 exire
848 4210 949 4264 nisi
983 4210 1037 4263 in
1071 4209 1279 4278 jejunio
1310 4218 1366 4262 et
1391 4209 1660 4264 oratione.
1690 4209 1888 4264 Dicunt
1917 4212 2037 4280 qui.-

457 4304 580 4355 datn
609 4302 911 4357 orationem
944 4313 997 4356 et
1024 4301 1293 4371 jejunium
1329 4302 1530 4358 debere
1555 4317 1582 4356 a
1617 4303 1854 4369 patiente
1885 4301 2038 4356 facti-

462 4397 562 4450 ιιιιί
587 4412 602 4460 ;
629 4395 772 4466 quod
799 4411 904 4452 non
937 4397 1039 4462 ita;
1068 4413 1188 4452 nam
1214 4397 1304 4466 qui
1324 4412 1488 4466 pravo
1510 4397 1700 4468 spiritu
1729 4398 2036 4466 possidetur

455 4496 510 4544 et
540 4496 596 4540 ut
636 4489 757 4542 talis
785 4489 906 4556 ejus
940 4488 1366 4544 instrumentum
1411 4499 1468 4544 et
1499 4490 1553 4543 in
1590 4488 1736 4544 illius
1767 4497 2036 4557 potestate

2135 3388 2287 3440 πᾶσα
2323 3389 2349 3455 ἠ
2381 3392 2550 3440 κακία
2583 3388 2777 3440 αὐτοῦ.
2821 3387 2881 3438 '0
2923 3387 3111 3454 μέντοι
3154 3384 3360 3455 Κύριος
3399 3385 3503 3454 τῆς
3535 3381 3709 3452 χειρὸς

2133 3479 2229 3534 τοῦ
2261 3480 2552 3552 ἀνθρώπου
2586 3479 2886 3550 λαϐόμενος
2915 3479 3140 3549 ἧγειρεν
3173 3476 3340 3532 αὑτὸν
3367 3479 3464 3530 καὶ
3493 3477 3708 3539 ἀνέστη,

2134 3572 2352 3636 δεικνὺς
2391 3572 2648 3626 ἐντεῦθεν
2683 3574 2764 3626 ὃτι
2801 3571 3005 3640 πολλὴν
3047 3570 3164 3641 ἔχει
3196 3569 3294 3641 τὴν
3317 3570 3622 3640 ἐνέργειαν·
3653 3564 3712 3620 τὸ

2139 3667 2238 3738 μὲν
2267 3668 2376 3736 γὰρ
2426 3669 2494 3735 τῇ
2536 3667 2679 3738 χειρὶ
2733 3664 2998 3720 λαϐέσθαι
3045 3663 3276 3732 κτιστῆς
3321 3657 3390 3732 ἦν
3438 3658 3710 3732 ἐνεργείας

2133 3760 2231 3830 τῆς
2261 3760 2386 3813 καθ’
2424 3760 2592 3830 ἡμᾶς’
2626 3757 2687 3812 τδ
2731 3756 2790 3812 δὲ
2817 3756 3126 3825 ἀναστῆσαι
3157 3755 3349 3810 τοῦτον
3392 3753 3582 3821 ἀπαθῆ
3615 3767 3710 3803 κα-

2135 3851 2248 3906 κῶν
2282 3853 2378 3919 τῆς
2413 3851 2673 3904 ἀκτίστου
2729 3849 2823 3902 καὶ
2878 3847 3031 3912 θείας
3063 3848 3159 3902 καὶ
3203 3847 3527 3917 ζωαρχικῆς
3568 3847 3710 3914 svsp-

2134 3944 2310 4013 γείας.
2351 3944 2473 3998 Τῶν
2519 3944 2577 3998 δὲ
2610 3942 2878 4013 μαθητῶν
2923 3941 3325 4011 ιρωτησάντων
3363 3940 3564 3994 ἔπειτα
3595 3933 3713 3992 κατ’

2139 4039 2294 4101 ἰδίαν,
2335 4055 2353 4087 ι
2390 4028 2543 4089 Διατί
2568 4035 2671 4088 ούκ
2700 4033 3051 4105 ἠδυνήθημεν
3076 4033 3329 4086 ἐκϐαλεῖν
3358 4033 3552 4097 adeon
3583 4029 3712 4100 πρὸς

2135 4129 2333 4192 αὐτοὺς
2384 4124 2562 4190 εἶπεν,
2590 4127 2674 4180 ὅτι
2717 4126 2876 4179 τοῦτο
2919 4126 2981 4179 τὸ
3024 4125 3306 4194 δαιμόνιον
3341 4144 3360 4176 ι
3403 4123 3512 4179 Ἐν
3538 4122 3707 4177 οὐδενὶ

2135 4221 2359 4274 δύναται
2383 4219 2643 4286 ἐξελθεῖν,
2673 4219 2724 4271 εἰ
2756 4218 2832 4289 μὴ
2864 4221 2924 4272 ὲν
2957 4219 3235 4288 προσευχῇ
3277 4217 3372 4271 καὶ
3403 4216 3653 4289 νηστείᾳ.
3686 4230 3705 4264 ι

2134 4314 2274 4366 Φασὶ
2308 4311 2408 4381 μὲν
2438 4309 2531 4364 οὖν
2557 4328 2702 4374 τινες
2736 4312 2838 4379 τὴν
2874 4310 3188 4381 προσευχὴν
3218 4311 3425 4380 ταύτην
3475 4311 3568 4364 καὶ
3613 4307 3709 4377 τήν

2137 4406 2396 4469 νηστείαν
2434 4403 2587 4471 παρὰ
2633 4402 2729 4456 τοῦ
2778 4403 3080 4472 πάσχοντος
3117 4401 3366 4467 γίνεσθαι
3423 4403 3575 4456 δεῖν’
3619 4400 3714 4452 οὐκ

2139 4496 2251 4567 ἔχει
2301 4495 2359 4549 δὲ
2415 4495 2610 4558 οὕτως·
2653 4497 2680 4548 ὁ
2730 4496 2839 4564 γὰρ
2887 4494 3285 4564 ἔνεργούμενος
3337 4495 3449 4548 ὑπὸ
3484 4491 3714 4563 πονηροῦ

453 4584 686 4650 positus,
723 4583 996 4650 quomodo
1026 4592 1340 4652 precaretur
1386 4591 1441 4636 et
1489 4591 1713 4650 propter
1745 4595 1804 4636 se
1833 4580 2035 4633 utiliter

2144 4587 2473 4656 πνεύματος.
2497 4589 2593 4639 καὶ
2623 4587 2796 4641 ταῦτα
2819 4587 3088 4653 τοιούτου,
3121 4587 3355 4657 ὄργανον
3379 4587 3462 4642 ὣν
3487 4589 3712 4650 ἐκείνου,

449 4675 746 4747 jejunaret?
775 4675 988 4731 Censeo
1022 4673 1458 4743 intemperantiae
1490 4672 1658 4728 fuisse
1682 4672 1813 4726 illud
1842 4680 2034 4725 tetrum

454 4768 784 4820 daemonium
823 4767 966 4834 quod
1004 4765 1056 4819 in
1086 4764 1264 4833 ignem
1295 4764 1625 4833 quandoque
1662 4762 1830 4817 mittit
1859 4777 2042 4816 corre—

455 4871 630 4930 ptum.
677 4858 838 4914 Tales
880 4858 1023 4913 enim
1074 4864 1202 4911 sunt
1249 4856 1410 4909 alieni
1461 4855 1755 4923 vesaniquc
1801 4869 2036 4909 amores.

457 4955 796 5022 Quandoque
837 4953 893 5006 iii
937 4964 1106 5019 aquas
1137 4949 1301 5004 etiam
1344 4963 1466 5002 eum
1522 4947 1698 5016 injicit
1729 4961 1826 5014 per
1855 4945 2036 5014 inglu-

456 5049 620 5112 viem,
655 5062 752 5117 per
781 5045 978 5099 nimios
1013 5049 1193 5112 potus,
1227 5055 1323 5109 per
1359 5039 1556 5094 multas
1583 5038 2035 5106 computationes.

455 5140 515 5197 lu
547 5142 630 5194 his
657 5145 905 5193 versatur
929 5136 1059 5190 illud
1087 5141 1297 5188 mutum
1327 5133 1660 5202 surdumque
1688 5131 2034 5186 daemonium.

461 5228 652 5285 Divina
684 5229 827 5284 enim
855 5243 960 5281 non
993 5225 1148 5280 facile
1171 5228 1380 5294 patitur
1411 5223 1598 5279 audire
1625 5225 1708 5279 vel
1739 5223 1922 5277 dicere
1947 5222 2038 5292 qui

462 5325 584 5379 talis
602 5324 854 5379 daemonii
875 5320 1316 5387 instigationihus
1347 5328 1612 5374 movetur.
1635 5319 1740 5373 Sed
1766 5319 1927 5372 simul
1947 5319 2038 5386 qui

459 5431 689 5488 pravum
732 5412 980 5482 spiritum
1015 5411 1412 5465 inhabitantem
1446 5411 1620 5480 ipsum
1672 5427 1777 5465 non
1835 5412 2035 5478 habet,

459 5511 579 5577 ejus
627 5517 807 5559 autem
862 5504 1204 5558 suasionibus
1230 5503 1527 5567 inducitur,
1561 5504 1606 5557 si
1639 5505 1704 5557 de
1739 5517 2038 5557 conversa-

463 5603 612 5654 tione
643 5598 853 5653 fortitcr
885 5605 1110 5660 statuat,
1147 5596 1323 5651 adhuc
1358 5597 1526 5651 libero
1559 5595 1759 5651 fruitur
1788 5596 2037 5661 arbitrio,

460 5696 554 5746 sed
575 5690 825 5744 Oratione
853 5701 904 5743 et
925 5689 1134 5760 jejunio
1165 5689 1368 5759 indiget
1408 5699 1462 5743 ut
1495 5704 1588 5756 per
1613 5689 1879 5760 jejunium
1913 5705 2040 5743 cor-

467 5797 566 5850 pus
608 5779 877 5841 refrenet.
920 5789 968 5834 et
1024 5779 1142 5847 ejus
1200 5780 1428 5834 rebelles
1481 5781 1716 5849 impetus
1755 5790 2036 5838 coerceat,

469 5889 559 5948 jer
598 5877 901 5934 utat'ouctu
945 5888 1071 5934 vero
1107 5873 1604 5951 ριίιτςυιιριιινιιοιιοε
1652 5883 1704 5935 ct
1755 5873 2040 5931 incitantes

2143 4681 2241 4733 καὶ
2299 4677 2904 4747 καταδυναστευόμενος
2962 4678 3054 4730 ὑπ’
3103 4678 3340 4739 ἐκείνου,
3400 4678 3521 4740 πῶς
3567 4679 3632 4731 ἂν
3679 4673 3710 4743 ἢ

2142 4769 2527 4839 προσεύξαιτο,
2559 4767 2592 4838 ἢ
2626 4765 2914 4836 νηστεύσει
2959 4767 3139 4836 ἑαυτῷ
3171 4767 3512 4832 λυσιτελὼςς
3557 4766 3714 4820 Δοκεῖ

2141 4861 2199 4915 δὲ
2225 4863 2322 4929 τῆς
2350 4860 2646 4921 ἀκολασίας
2671 4856 2892 4911 εἶναιτὸ
2918 4858 3204 4912 πάνδεινον
3230 4859 3514 4928 δαιμόνιον
3531 4857 3705 4922 τοῦτο,

2139 4954 2169 5008 ὅ
2200 4953 2332 5006 ποτὲ
2361 4953 2458 5023 μὲν
2489 4954 2570 5016 είς
2601 4951 2715 5022 πῦρ
2747 4951 2927 5022 ῥίπτει
2954 4951 3047 5004 τὸν
3078 4950 3277 5004 ἁλόντα
3299 4967 3315 4982 ο
3343 4952 3576 5005 τοιοῦτοι
3607 4945 3711 5018 γάρ

2140 5051 2281 5104 εἰσιν
2310 5048 2359 5100 οἱ
2390 5046 2668 5100 ἀλλόκοτοι
2700 5045 2796 5099 καὶ
2825 5046 3128 5114 δυσέρωτες
3156 5044 3378 5116 ἔρωτες
3409 5045 3537 5099 ποτὶ
3555 5045 3610 5098 δὲ
3633 5042 3712 5105 είς

2143 5137 2313 5191 ὕδατα
2344 5134 2768 5198 καταϐαπτίζων
2799 5135 2960 5188 αὐτὸν
2989 5134 3079 5192 διὰ
3099 5134 3198 5204 τῆς
3229 5136 3590 5204 ἀδδηφαγίας,
3615 5132 3710 5187 καὶ

2141 5230 2248 5284 τῶν
2287 5231 2547 5300 ἀμέτρων
2583 5229 2677 5281 καὶ
2732 5227 2943 5281 πολλῶν
3000 5227 3178 5281 πότων
3233 5229 3329 5282 καὶ
3369 5229 3707 5298 συμποσίων.

2147 5324 2302 5375 Ἐστι
2334 5321 2390 5374 δὲ
2437 5322 2531 5374 καὶ
2579 5322 2637 5373 ἐν
2675 5323 2785 5383 τοῖς
2824 5319 3087 5383 τοιούτοις
3139 5322 3324 5389 κωφὶν
3373 5324 3470 5376 καὶ
3513 5319 3707 5374 ἄλαλον

2141 5415 2202 5472 τι
2230 5415 2506 5482 δαιμόνιον
2539 5412 2732 5465 τοῦτο·
2770 5411 2896 5464 οὔτε
2931 5413 3040 5481 γὰρ
3093 5412 3316 5466 ἀκούειν
3364 5413 3488 5466 οὕτε
3533 5410 3712 5465 λαλεῖν

2141 5505 2383 5576 εὐχερῶς
2437 5503 2700 5573 ὑπομένει
2733 5505 2801 5556 τὰ
2856 5503 2977 5558 θεῖα
3029 5505 3058 5556 ὁ
3107 5509 3229 5569 ταῖς
3274 5505 3568 5566 ὐποῆολαῖς
3616 5499 3708 5556 τοῦ

2141 5600 2385 5653 τοιούτου
2413 5599 2692 5668 δαιμονίου
2732 5597 3070 5668 πειθόμενος
3099 5598 3215 5652 ἀλλ’
3246 5601 3395 5669 ὅμως
3419 5599 3495 5670 μὴ
3517 5599 3577 5650 τὸ
3609 5611 3706 5648 πο·-

2141 5692 2308 5764 νηρδν
2335 5693 2448 5762 66
2468 5690 2600 5745 αὐτὸ
2633 5690 2853 5758 πνεῦμα
2885 5692 3254 5761 ἐνῳκισμένον
3288 5711 3372 5756 τις
3396 5691 3560 5760 ἔχων,
3578 5684 3708 5740 ἀλλὰ

2142 5786 2262 5846 ταῖς
2311 5783 2602 5844 ύπιϐολαῖς
2657 5783 2868 5835 ἐκείνου
2919 5783 3243 5852 φερόμενος,
3281 5784 3409 5836 ὅταν
3460 5778 3708 5846 ἀνακύψει

2146 5878 2279 5946 πρὶς
2316 5875 2689 5944 ἐπιστροφήν·
2744 5874 2855 5940 ἔχει
2913 5875 3019 5949 γὰρ
3075 5876 3153 5930 ἔτι
3207 5876 3265 5929 τὸ
3325 5872 3704 5945 αὐτεξούσιον
